2028 2892
600 173 671 207 Die
701 175 754 208 lo.
780 174 888 207 Febr.
936 176 970 208 S.
995 173 1248 207 Scholastica:
1273 173 1377 215 Yirg⁵

129 278 290 307 annum
341 265 488 306 venire
542 264 845 313 consueverat,
900 264 957 307 ad

131 334 263 375 quam
284 321 351 364 vir
374 319 459 362 Dei
486 332 575 362 non
598 318 727 370 longe
753 325 875 362 extra
899 322 955 372 ja-

129 391 260 420 nuam
299 378 343 418 in
381 376 662 430 possessione
702 378 954 419 monasterii

130 433 435 477 descendebat.
463 431 662 483 Quadam
676 445 782 474 vero
798 432 869 475 die
883 447 954 476 ve-

128 492 191 533 nit
210 504 264 533 ex
281 503 415 541 more,
435 495 566 541 atque
586 488 643 531 ad
662 502 759 531 eam
778 503 876 531 cum
896 490 955 532 di-

130 546 307 601 scipulis
329 545 591 590 venerabilis
615 547 705 598 ejus
730 546 958 589 descendit

128 604 278 654 frater,
307 603 381 656 qui
403 608 545 645 totum
570 602 686 644 diem
703 603 747 644 in
765 603 849 644 Dei
867 603 956 645 lau-

130 659 274 711 dibus,
300 662 524 711 sacrisque
549 659 778 712 colloquiis
799 658 956 702 ducen-

128 721 215 767 teS,
242 715 593 758 incumbentibus
620 716 704 768 jam
729 717 872 759 noctis
895 718 956 759 te-

129 773 293 824 nebris,
339 772 466 814 simul
502 774 766 826 acceperunt
802 772 957 815 cibum.

132 830 328 882 Cumque
355 828 498 871 adhuc
526 828 582 870 ad
612 842 807 871 mensam
834 829 955 872 sede-

130 890 241 937 rent,
270 891 313 928 et
339 886 451 927 inter
479 899 602 927 sacra
630 886 847 938 colloquia
870 889 955 928 tar-

131 941 229 984 dior
260 955 307 984 se
339 942 448 984 hora
474 942 769 996 protraheret,
803 941 957 985 eadem

130 998 469 1041 sanctimonialis
510 999 668 1040 femina
703 1012 831 1041 soror
866 1000 956 1051 ejus

131 1069 231 1097 eum
248 1055 434 1107 rogavit,
456 1054 619 1098 dicens:
645 1056 806 1106 Quaeso
825 1061 885 1107 te,
908 1061 957 1099 ut

129 1112 213 1154 ista
235 1117 364 1154 nocte
387 1125 458 1154 me
480 1125 570 1154 non
594 1111 788 1163 deseraS,
815 1118 864 1155 ut
886 1126 955 1154 us-

131 1180 216 1221 que
234 1181 360 1210 mane
380 1168 434 1210 de
455 1168 646 1210 coelestis
665 1168 767 1210 vitae
786 1168 956 1220 gaudiis

128 1225 372 1278 loquamur.
400 1225 481 1267 Cui
493 1225 566 1267 ille
581 1224 824 1278 respondit:
842 1226 957 1276 Quid

131 1286 198 1324 est
222 1280 343 1334 quod
359 1281 569 1334 loqueris,
602 1282 749 1323 soror?
782 1284 957 1324 manere

131 1343 255 1380 extra
290 1337 445 1380 cellam
484 1337 730 1380 nullatenus
764 1351 957 1392 possum.

131 1395 274 1437 Tanta
291 1407 398 1437 vero
423 1399 516 1437 erat
539 1394 641 1436 coeli
659 1396 885 1446 serenitaS,
909 1401 959 1438 ut

130 1450 249 1493 nulla
265 1451 310 1492 in
325 1453 426 1492 aere
439 1450 578 1493 nubes
593 1453 837 1504 appareret.
855 1452 957 1494 San-

132 1507 392 1550 ctimonialis
409 1512 555 1550 autem
567 1507 735 1559 femina,
752 1521 851 1550 cum
865 1521 957 1550 ver-

130 1563 189 1606 ba
215 1564 360 1606 fratris
386 1564 586 1615 negantis
614 1563 869 1616 audivisset,
895 1565 957 1606 in-

132 1622 271 1664 sertas
291 1619 436 1673 digitis
450 1634 603 1662 manus
618 1634 751 1674 super
763 1634 958 1663 mensam

131 1677 294 1730 posuit,
319 1682 362 1719 et
386 1682 518 1731 caput
539 1678 583 1718 in
605 1676 804 1720 manibus
824 1678 957 1720 omni-

132 1734 357 1787 potentem
381 1734 618 1776 Dominum
648 1737 854 1786 rogatura
886 1734 957 1777 de-

133 1790 320 1833 clinavit.
345 1791 541 1843 Cumque
559 1790 725 1832 leveret
740 1790 795 1832 de
809 1804 959 1833 mensa

134 1851 279 1900 caput,
296 1851 419 1890 tanta
437 1847 767 1898 coruscationis,
788 1852 831 1890 et
848 1850 958 1890 toni-

132 1903 219 1945 trui
232 1903 379 1955 virtus,
397 1906 606 1956 tantaque
624 1902 850 1946 inundatio
864 1904 958 1957 plu-

133 1960 217 2001 viae
253 1960 398 2013 erupit
436 1965 486 2002 ut
519 1973 662 2013 neque
697 1960 959 2002 venerabilis

134 2015 410 2068 Benedictus,
429 2029 571 2069 neque
586 2017 752 2067 fratres,
773 2017 960 2068 quicum

135 2084 188 2114 eo
209 2071 405 2123 aderant,
433 2078 557 2115 extra
582 2073 670 2115 loci
695 2072 841 2123 limen,
870 2085 958 2125 quo

135 2128 441 2180 consederant,
476 2129 638 2183 pedem
672 2131 851 2171 movere
881 2143 958 2183 po-

133 2185 305 2228 tuerint.

186 2241 236 2292 R.
270 2242 460 2296 Propter
490 2242 734 2294 veritatem,
766 2248 810 2286 et
842 2257 958 2285 man-

135 2298 424 2350 suetudinem,
453 2303 496 2341 et
519 2299 740 2351 justitiam:
757 2301 779 2324 *
806 2299 863 2342 Et
887 2299 959 2342 de-

136 2353 267 2396 ducet
297 2360 341 2397 te
376 2355 631 2398 mirabiliter
663 2354 844 2398 dextera
874 2361 960 2398 tua.

134 2404 184 2455 V·
209 2411 363 2464 Specie
384 2416 460 2454 tua
483 2417 527 2454 et
544 2411 867 2465 pulchritudine
885 2417 961 2454 tua

135 2466 325 2518 intende,
351 2470 567 2522 prospere
589 2467 797 2522 procede,
826 2473 869 2511 et
895 2481 958 2510 re-

135 2535 230 2573 gna.
256 2523 315 2566 Et
333 2523 532 2567 deducet.

443 2578 594 2619 Lectio
615 2592 651 2617 v.

207 2637 521 2680 anctimonialis
541 2638 705 2691 quippe
721 2636 879 2679 femina
894 2650 959 2679 ca-

214 2698 294 2745 put
311 2693 355 2735 in
372 2694 572 2736 manibus
587 2694 819 2744 declinans,
838 2693 960 2735 lacri-

1773 166 1839 201 379

1010 266 1179 306 marum
1213 264 1394 307 fluvium
1425 265 1469 307 in
1495 279 1692 308 mensam
1719 264 1838 307 fude-

1010 325 1093 371 rat,
1117 333 1199 374 per
1224 334 1332 373 quas
1352 323 1631 365 serenitatem
1650 322 1762 363 aeris
1782 321 1839 363 ad

1009 377 1204 430 pluviam
1221 377 1365 420 traxit.
1395 378 1490 420 Nec
1512 379 1646 432 paulo
1669 378 1838 420 tardius

1010 438 1114 486 post
1147 434 1389 476 orationem
1418 434 1646 477 inundatio
1673 435 1747 476 illa
1775 447 1838 476 se—

1012 493 1114 532 cuta
1133 495 1214 533 est:
1238 490 1317 532 sed
1339 496 1461 533 tanta
1483 492 1563 533 fuit
1583 491 1838 533 convenien-

1009 547 1071 588 tia
1090 547 1313 597 orationis,
1333 552 1377 589 et
1395 548 1701 598 inundationis,
1720 552 1769 589 ut
1784 547 1839 589 de

1010 616 1161 645 mensa
1185 609 1318 656 caput
1340 605 1424 656 jam
1448 617 1547 645 cum
1569 606 1762 646 tonitruo
1780 603 1838 646 le-

1010 661 1148 701 varet:
1196 662 1410 712 quatenus
1446 674 1594 710 unum,
1634 660 1839 712 idemque

1012 721 1129 758 esset
1146 717 1431 767 momentum,
1460 722 1503 759 et
1524 717 1672 759 levare
1698 722 1839 769 caput,

1013 777 1056 814 et
1091 772 1287 825 pluviam
1322 772 1555 826 deponere.
1614 774 1739 814 Tunc
1774 774 1840 815 vir

1011 828 1095 870 Dei
1126 829 1238 871 inter
1271 832 1498 879 coruscos,
1537 834 1580 871 et
1610 832 1840 879 tonitruos,

1012 890 1143 937 atque
1178 885 1363 936 ingentis
1398 885 1561 938 pluviae
1596 884 1839 927 inundatio-

1011 954 1127 992 nem,
1163 941 1317 984 videns
1354 955 1402 984 se
1439 942 1495 984 ad
1526 942 1840 984 monasterium

1011 1010 1099 1039 non
1134 1011 1268 1052 posse
1304 1001 1516 1050 remeare,
1562 999 1697 1052 coepit
1741 1001 1839 1041 con-

1014 1055 1138 1106 queri
1162 1055 1461 1106 contristatuS,
1490 1055 1655 1098 dicens:
1682 1056 1841 1098 Pareat

1010 1111 1091 1153 tibi
1110 1113 1389 1165 omnipotens
1407 1113 1544 1163 Deus,
1570 1125 1710 1154 soror:
1736 1113 1841 1165 quid

1012 1173 1080 1210 est
1108 1168 1228 1220 quod
1255 1167 1420 1210 fecisti?
1455 1169 1536 1210 Cui
1561 1169 1635 1211 illa
1661 1172 1840 1222 respon·
1892 1167 1893 1170 ’

1012 1223 1088 1267 dit:
1119 1225 1236 1267 Ecce
1262 1226 1414 1277 rogavi
1439 1230 1499 1276 te,
1527 1231 1571 1268 et
1595 1225 1746 1268 audire
1770 1239 1841 1268 me

1010 1282 1205 1324 noluisti:
1242 1282 1395 1333 rogavi
1428 1283 1573 1324 Deum
1604 1295 1765 1333 meum,
1797 1287 1841 1324 et

1012 1338 1178 1381 audivit
1201 1351 1286 1380 me:
1318 1338 1452 1381 modo
1482 1352 1604 1390 ergo,
1638 1340 1674 1380 si
1701 1345 1840 1392 poteS‚

1013 1394 1238 1446 egredere,
1264 1400 1308 1437 et
1329 1408 1400 1437 me
1420 1394 1600 1437 dimissa
1619 1395 1675 1438 ad
1693 1409 1839 1437 mona-

1012 1452 1192 1493 sterium
1217 1450 1387 1493 recede.
1423 1452 1527 1505 Ipse
1552 1457 1698 1494 autem
1722 1455 1841 1494 exire

1013 1513 1136 1550 extra
1151 1514 1316 1550 tectum
1330 1522 1420 1550 non
1434 1509 1596 1559 valens,
1616 1510 1690 1561 qui
1704 1523 1839 1551 rema-

1010 1567 1115 1607 nere
1139 1570 1297 1619 sponte
1318 1566 1458 1608 noluit
1475 1566 1520 1607 in
1536 1566 1655 1617 loco,
1682 1567 1841 1609 mansit

1010 1622 1182 1664 invitus.
1222 1622 1381 1676 Sicque
1405 1622 1568 1664 factum
1595 1628 1677 1674 est,
1706 1629 1754 1665 ut
1777 1628 1840 1665 to-

1011 1684 1102 1720 tam
1127 1684 1305 1721 noctem
1331 1679 1587 1732 pervigilem
1615 1679 1840 1730 ducerent,

1012 1740 1144 1788 atque
1162 1749 1243 1790 per
1261 1749 1387 1778 sacra
1404 1736 1612 1790 spiritalis
1630 1737 1733 1778 vitae
1753 1737 1839 1779 col-

1011 1791 1175 1844 loquia,
1209 1804 1307 1834 sese
1338 1793 1502 1834 vicaria
1534 1793 1747 1835 relatione
1775 1807 1839 1835 sa-

1011 1849 1180 1891 tiarent.

1066 1907 1115 1958 R».
1149 1905 1354 1948 Dilexisti
1382 1906 1603 1957 justitiam,
1638 1911 1681 1948 et
1708 1905 1841 1948 odisti

1011 1961 1302 2014 iniquitatem:
1327 1967 1349 1989 *
1376 1962 1619 2015 Propterea
1645 1963 1769 2004 unxit
1796 1968 1840 2004 te

1012 2018 1148 2068 Deus,
1199 2018 1322 2060 Deus
1370 2022 1473 2060 tuus
1519 2018 1618 2060 oleo
1662 2018 1840 2060 laetitiae.

1014 2072 1063 2122 V.
1088 2075 1278 2128 Propter
1297 2074 1543 2125 veritatem,
1573 2079 1616 2116 et
1641 2086 1837 2115 mansue-

1012 2130 1220 2182 tudinem,
1248 2136 1292 2174 et
1309 2131 1527 2183 justitiam.
1554 2131 1804 2183 Propterea.

1317 2189 1468 2230 Lectio
1489 2189 1540 2228 vi.

1086 2256 1248 2296 umque
1273 2243 1344 2286 die
1368 2244 1506 2286 altero
1535 2242 1688 2284 eadem
1712 2254 1838 2284 vene-

1103 2300 1252 2343 rabilis
1284 2301 1444 2342 femina
1475 2297 1532 2340 ad
1559 2298 1713 2340 cellam
1738 2301 1837 2351 pro-

1012 2356 1154 2409 priam
1175 2359 1446 2406 recessisset,
1474 2355 1540 2397 vir
1563 2354 1648 2396 Dei
1671 2353 1727 2396 ad
1749 2367 1837 2396 mo-

1013 2414 1252 2455 nasterium
1279 2412 1418 2454 rediit.
1464 2412 1572 2453 Cum
1606 2423 1708 2452 ecce
1736 2417 1840 2464 post

1012 2469 1204 2511 triduum
1222 2470 1267 2510 in
1286 2468 1395 2511 cella
1414 2469 1673 2518 consistens,
1698 2467 1838 2510 eleva-

1011 2525 1069 2567 tis
1104 2525 1149 2566 in
1185 2528 1286 2567 aera
1317 2524 1470 2574 oculis,
1505 2522 1615 2565 vidit
1644 2523 1837 2575 ejusdem

1006 2582 1179 2624 sororis
1217 2594 1308 2623 suae
1344 2580 1532 2621 animam
1563 2578 1618 2621 de
1653 2582 1839 2633 corpore

1014 2640 1234 2689 egressam
1258 2637 1301 2677 in
1325 2635 1542 2677 columbae
1567 2636 1714 2689 specie
1739 2636 1839 2677 coeli

1013 2696 1182 2736 secreta
1200 2694 1442 2746 penetrare.
1476 2693 1575 2744 Qui,
1594 2697 1727 2735 tantae
1747 2694 1838 2745 ejus
