2028 2892
221 302 450 348 1‹2xst1'ngue
470 297 664 337 flammas
683 293 831 338 litium,

268 355 399 396 Aufer
418 353 606 394 calerem
625 348 813 394 noxium,

266 410 421 451 Confer
441 408 624 449 salutem
644 407 886 457 cerporum,

267 467 512 516 Verzimque
532 475 683 516 pacem
704 458 909 501 cordium.

226 535 393 578 lraesta,
411 530 540 570 Pater
558 526 761 580 piissime,

269 588 469 637 Patrique
489 595 667 635 compar
686 580 831 627 Unice,

268 643 374 683 Cum
393 641 554 693 Spiritu
572 637 787 679 Paraclito

270 699 470 747 Regnans
489 708 567 748 per
586 707 712 734 omne
732 690 947 732 saeculum.

499 752 647 792 Amen.

249 830 285 863 ln
304 827 511 862 Dominicis
527 824 715 864 Quadrng.
739 823 822 855 Ant.
840 820 1006 863 propriu.

245 890 394 939 'Fe-inp.
411 885 621 935 Quadrug.
642 885 679 922 in
703 881 835 922 feriali
853 879 1007 920 Officio

199 947 292 986 Ant.
323 939 679 984 commendemus
706 938 1008 987 nosmetipsos.

246 1010 396 1060 Temp.
422 1009 535 1047 l'ass.
569 1007 663 1045 Ant.
694 1001 853 1054 Populo
876 1012 1008 1041 meus.

251 1076 293 1114 ln
317 1072 551 1113 Dominicis
575 1070 724 1119 Tcmp.
744 1066 939 1107 Pasehali
969 1071 1009 1105 ct

199 1132 236 1170 in
270 1129 399 1170 feriali
430 1128 584 1167 Officio
617 1127 710 1165 Ant.
739 1121 928 1172 Alleluja.

504 1195 708 1235 l'salmus.

234 1263 253 1294 f
328 1252 454 1294 efecit
472 1252 514 1291 in
534 1250 720 1291 salutare
735 1252 855 1289 tuum
870 1247 1010 1287 anima

236 1306 285 1357 ζμ
314 1303 320 1353 l
344 1321 453 1349 mea:
480 1308 502 1332 *
531 1312 573 1348 et
604 1306 647 1346 in
679 1304 859 1346 verbum
890 1308 1011 1344 tuum

237 1382 252 1394 ³
286 1363 314 1388 s
346 1362 659 1416 supersperavi.

251 1420 510 1462 Defecerunt
523 1418 636 1459 oculi
646 1417 730 1458 mei
740 1417 782 1457 in
794 1415 1012 1467 eloquium

199 1483 330 1525 tuum,
349 1477 371 1501 ¹⁸²
392 1475 598 1517 dicentes:
617 1472 798 1524 Quando
819 1471 1012 1513 consola-

200 1533 315 1574 beris
334 1530 428 1573 me?

252 1589 362 1638 Quia
398 1587 535 1628 factus
571 1599 666 1627 sum
702 1585 812 1625 sicut
844 1589 939 1625 uter
971 1584 1013 1623 in

202 1646 368 1697 pruina:
395 1645 417 1668 *¹
445 1642 770 1694 justificationes
800 1646 897 1681 tuas
929 1652 1015 1680 non

203 1713 298 1741 sum
318 1699 488 1741 oblitus.

255 1756 370 1806 Quot
382 1759 480 1796 sunt
491 1753 583 1795 dies
595 1753 710 1795 servi
720 1750 804 1794 tui?
812 1753 835 1777 *
843 1751 1016 1804 quando

206 1812 341 1895 fz'icies³
361 1810 415 1852 de
439 1808 799 1863 persequentibus
823 1821 891 1849 me
915 1806 1017 1859 judi-

207 1881 335 1909 cium.

258 1923 552 1964 Narraverunt
575 1921 677 1962 mihi
701 1920 832 1972 iniqui
861 1919 1020 1961 fabula-

208 1979 362 2020 ti6nes:
380 1980 403 2004 *
424 1978 500 2020 sed
520 1990 605 2019 non
625 1982 671 2018 ut
690 1976 759 2018 lex
778 1981 863 2017 tua.

261 2034 414 2076 Omnia
428 2033 631 2075 mandrita
646 2038 719 2074 tua
730 2032 903 2073 veritas:
914 2032 936 2056 *
949 2031 1021 2072 ini-

210 2103 293 2142 que
311 2089 529 2143 persecuti
549 2094 647 2130 sunt
665 2101 750 2137 me,
772 2087 925 2139 adjuva
943 2100 1022 2128 me.

261 2146 396 2188 Paulo
436 2146 577 2186 minus
617 2145 1023 2186 consummaverunt

211 2215 279 2243 me
304 2203 345 2242 in
369 2207 499 2243 terra:
517 2202 540 2226 *
560 2213 640 2251 ego
669 2206 813 2241 autem
839 2212 924 2240 non
954 2198 1023 2240 de-

213 2258 362 2309 reliqui
382 2256 585 2298 mandata
603 2261 688 2297 tua.

263 2313 506 2355 Secundum
537 2311 880 2354 misericordiam
908 2317 1025 2352 tuam

215 2369 383 2410 vivifica
410 2382 493 2410 me:
519 2370 542 2394 *
571 2374 613 2410 et
641 2367 881 2409 custodiam
909 2368 1026 2409 testi-

215 2425 358 2465 monia
378 2426 465 2465 oris
485 2425 557 2466 tui.

269 2481 316 2521 In
344 2483 551 2521 aeternum
577 2480 779 2528 Domine,
803 2480 825 2504 *
850 2479 1028 2520 verbum

217 2541 339 2577 tuum
357 2538 580 2588 permanet
598 2537 639 2577 in
659 2536 783 2577 coelo.

270 2593 318 2632 In
354 2592 673 2640 generatioiiem
709 2597 752 2633 et
792 2591 1029 2641 generatio-

219 2661 316 2689 nem
331 2648 488 2688 veritas
508 2652 594 2688 tua:
612 2650 634 2672 ¹⁸¹
655 2647 841 2689 fundasti
862 2652 1031 2695 terram,

221 2709 262 2745 et
282 2705 515 2757 permanet.

905 197 963 231 Ad
989 197 1151 229 Sextum.

1103 281 1386 324 Ordinatione
1405 283 1481 319 tua
1496 275 1751 328 perseverat
1766 270 1875 313 dies:

1052 342 1074 366 *
1095 338 1299 391 quoniam
1319 334 1463 377 omnia
1482 331 1675 373 serviunt
1692 327 1784 370 tibi.

1103 395 1197 437 Nisi
1218 392 1337 446 quod
1355 391 1426 432 lex
1444 395 1520 432 tua
1536 385 1763 428 meditatio
1778 396 1877 426 mea

1054 458 1134 495 est:
1157 452 1180 477 *
1204 456 1308 492 tunc
1335 448 1447 489 forte
1474 444 1703 498 periissem
1730 441 1773 482 in
1800 440 1876 482 hu-

1055 509 1235 550 militate
1255 517 1362 546 mea.

1108 566 1155 605 In
1175 564 1385 604 aeternum
1403 571 1491 600 non
1511 556 1744 599 obliviscar
1762 553 1878 605 justi-

1056 620 1281 662 ficatiOnes
1300 623 1412 659 tuas:
1427 616 1449 641 *
1466 614 1566 666 quia
1585 613 1628 653 in
1647 611 1755 664 ipsis
1774 609 1878 650 vivi-

1058 676 1198 718 ficasti
1218 688 1297 716 me.

1108 733 1229 773 Tuus
1258 743 1353 771 sum
1381 740 1474 779 ego,
1503 725 1671 767 salvum
1698 735 1769 765 me
1797 722 1880 764 fac:

1057 791 1079 815 *
1106 788 1309 841 quoniam
1334 783 1662 838 justificationes
1686 785 1785 822 tuas
1810 791 1880 820 ex·

1060 845 1225 898 quisivi.

1110 902 1179 943 Me
1221 899 1585 951 exspectaverunt
1623 894 1882 948 peccatores

1060 963 1107 1000 ut
1132 956 1364 1010 perderent
1388 967 1472 995 me:
1491 954 1514 978 *
1534 949 1784 994 testimonia
1806 953 1882 990 tua

1060 1013 1262 1056 intellexi.

1113 1070 1263 1111 Omnis
1279 1065 1620 1110 consumatioms
1633 1061 1724 1104 vidj
1738 1062 1884 1103 finem:

1061 1128 1084 1153 *
1104 1127 1237 1168 latum
1256 1123 1510 1165 mandatum
1528 1126 1652 1164 tuum
1670 1118 1808 1160 nimis.

1148 1241 1340 1284 uomodo
1392 1239 1523 1282 dilexi
1574 1238 1716 1288 legem
1765 1241 1886 1278 tuam

1166 1295 1375 1340 Demine?
1400 1298 1422 1322 *
1447 1300 1541 1338 tota
1565 1294 1635 1336 die
1659 1291 1886 1335 meditatio

1064 1369 1161 1397 mea
1181 1360 1258 1397 est.

1116 1413 1254 1464 Super
1272 1411 1470 1451 inimicos
1489 1420 1613 1449 meos
1627 1404 1889 1460 prudentem

1065 1482 1134 1510 me
1162 1467 1303 1509 fecisti
1329 1464 1536 1507 mandato
1565 1469 1658 1506 tuo:
1675 1463 1700 1489 ‘⁸‘
1720 1461 1821 1514 quia
1846 1461 1890 1501 in

1067 1527 1276 1566 aeternum
1295 1522 1399 1564 mihi
1418 1526 1496 1563 est.

1117 1582 1256 1634 Super
1275 1591 1426 1621 omnes
1446 1577 1657 1619 docentes
1679 1587 1751 1617 me
1769 1573 1890 1615 intel-

1067 1638 1167 1679 lexi:
1184 1638 1207 1662 *
1229 1637 1330 1688 quia
1347 1633 1598 1677 testimonia
1617 1637 1693 1674 tua
1711 1629 1891 1673 medita-

1068 1694 1129 1735 tio
1149 1706 1245 1734 mea
1265 1697 1341 1734 est.
1459 1729 1465 1733 .

1121 1750 1258 1802 Super
1275 1761 1400 1790 senes
1412 1747 1620 1789 intellexi:
1629 1746 1653 1772 *
1665 1744 1766 1798 quia
1775 1756 1892 1786 man-

1071 1805 1174 1847 data
1192 1811 1266 1847 tua
1289 1804 1480 1858 quaesivi.

1123 1862 1192 1904 Ab
1218 1861 1334 1903 omni
1358 1861 1427 1902 via
1451 1860 1565 1901 mala
1592 1857 1797 1912 prohibui
1822 1869 1895 1909 pe-

1073 1919 1151 1960 des
1161 1931 1296 1960 meos:
1306 1918 1330 1943 *
1341 1923 1388 1959 ut
1403 1916 1651 1958 cust6diam
1660 1913 1796 1957 verba
1809 1918 1896 1955 tua.

1125 1976 1164 2015 A
1192 1974 1358 2026 judiciis
1386 1974 1472 2015 tuis
1501 1985 1589 2014 non
1617 1969 1846 2014 declinavi:
1872 1970 1897 1995 *

1076 2031 1174 2084 quia
1193 2035 1241 2072 tu
1259 2030 1400 2082 legem
1419 2029 1605 2082 posuisti
1622 2027 1737 2068 mihi.

1126 2088 1264 2137 Quam
1290 2085 1434 2127 dulcia
1458 2085 1655 2126 faucibus
1679 2084 1789 2125 meis
1813 2081 1898 2124 elo-

1077 2143 1176 2195 quia
1195 2148 1280 2191 tua,
1298 2144 1321 2168 *
1342 2155 1472 2195 super
1490 2141 1577 2183 mel
1597 2141 1663 2182 ori
1681 2139 1796 2182 meo!

1127 2200 1166 2240 A
1191 2198 1407 2240 mandatis
1427 2198 1513 2239 tuis
1532 2197 1739 2239 intellexi:
1757 2197 1781 2222 *
1799 2207 1898 2248 pro-

1077 2258 1226 2308 pterea
1255 2254 1373 2296 odivi
1405 2267 1578 2296 omnem
1607 2254 1722 2295 viam
1748 2251 1899 2304 iniqui-

1078 2312 1190 2353 tatis.

1129 2368 1326 2409 Lucerna
1358 2366 1543 2419 pedibus
1575 2366 1685 2407 meis
1718 2364 1901 2407 verbum

1079 2430 1211 2473 tuum,
1230 2424 1253 2448 *
1273 2428 1316 2464 et
1335 2423 1478 2464 lumen
1498 2422 1663 2463 semitis
1682 2421 1802 2463 meis.

1131 2480 1154 2520 J
1158 2479 1290 2527 univi,
1309 2484 1353 2520 et
1372 2478 1505 2520 stz'itui
1519 2479 1542 2504 *
1558 2477 1779 2520 custodire
1799 2475 1902 2529 judi-

1082 2536 1147 2576 cia
1166 2535 1338 2586 justitiae
1357 2540 1456 2576 tuae.

1133 2590 1396 2632 Humiliatus
1446 2603 1541 2631 sum
1588 2591 1904 2642 usquequaque

1085 2647 1282 2689 Demine:
1310 2647 1332 2671 *
1362 2646 1533 2687 vivifica
1564 2659 1633 2688 me
1665 2645 1905 2688 secundum

1087 2703 1263 2745 verbum
1283 2708 1415 2744 tuum.
