2066 2956
210 184 281 219 10*

573 190 640 224 Die
670 191 715 223 lii.
745 191 850 224 Febr.
900 191 938 225 B.
966 193 1144 234 Gregorii
1173 193 1218 226 X.
1246 193 1363 236 l'apae
1389 201 1424 229 ct
1450 195 1557 229 Conf.

211 283 265 321 lit
283 293 434 331 regum
455 281 629 322 socians
650 283 823 333 agmina
845 282 926 324 sub
947 295 1038 324 cru-

518 351 581 379 cls

259 392 454 442 Vexillo,
497 394 699 446 Solymas
740 396 926 437 nexibus
968 400 1037 438 ex-

519 450 615 500 ime,

256 505 520 557 Vindexque
534 507 711 548 innocui
727 509 950 557 sanguinis
971 510 1038 550 ho-

519 563 677 604 sticum

260 616 413 658 Robur
432 617 627 660 funditus
647 622 760 662 erue.

207 697 272 735 'l'u
292 701 491 736 nostrum
511 697 727 747 columen,
752 703 799 739 tu
819 698 954 740 decus
976 701 1036 739 in-

517 753 692 805 clytum,

254 808 516 849 Nostrarum
558 809 819 862 obsequium
865 812 1034 863 respice

514 867 741 916 mentium3

256 920 411 961 Romae
440 927 557 986 vota·
572 922 713 964 libens
735 924 905 975 excipe,
935 937 1034 976 quae

254 1032 319 1074 Te
339 1034 426 1075 ritu
446 991 588 1084 cmiii?
597 1041 640 1077 et
659 1036 774 1078 colit.

203 1115 237 1151 Α
259 1110 385 1152 nobis
406 1110 557 1162 abigas
576 1112 745 1155 lubrica
764 1114 926 1164 gaudia

252 1167 336 1216 Tu,
359 1168 433 1218 qui
454 1168 719 1264 Mzgtyribus
740 1170 894 1212 dexter
914 1171 1032 1220 ades,

252 1279 347 1320 Une
369 1285 411 1320 et
428 1237 684 1322 Trineffliiiis
704 1281 761 1324 da
781 1283 953 1324 famulis
972 1285 1030 1335 ju-

251 1392 350 1440 Quo
371 1336 752 1435 clemefikslranimos
773 1395 890 1436 beas.

512 1450 665 1491 Amen.

405 1543 488 1584 Die
508 1545 567 1585 16.
588 1545 824 1587 Februarii.

239 1610 289 1650 B.
311 1611 543 1662 Gregorii
561 1613 619 1654 X.
645 1612 777 1664 Papae
799 1619 842 1654 et
863 1614 983 1654 Conf.

532 1676 695 1719 Duplex.

250 1730 385 1765 Omnia
404 1732 450 1765 de
468 1733 671 1766 Communi
685 1734 859 1768 Confess.
876 1734 1026 1774 Pontis..

200 1784 338 1820 praeter
358 1790 463 1822 sequ.

529 1829 693 1871 Oratio.

281 1895 369 1932 euS,
395 1885 467 1936 qui
487 1886 731 1929 Ecclesiam
750 1894 881 1940 tuam,
905 1890 1023 1934 beati

298 1939 502 1991 Gregorii
555 1942 831 1987 Confessoris
891 1952 1023 1999 atque

194 1996 418 2038 Pontificis
457 1998 678 2049 religionis
714 2002 811 2043 zelo
845 2008 889 2045 et
921 2016 1023 2057 apo-

194 2052 359 2093 stolicis
380 2054 495 2094 curis
515 2056 808 2109 amplificasti:
828 2060 919 2110 ejus
936 2063 1022 2102 me-

193 2108 288 2148 ritis
316 2114 359 2150 et
387 2109 701 2155 intercessione
730 2115 943 2166 concede;
976 2122 1023 2159 ut

193 2163 295 2204 fidei
333 2170 376 2206 et
413 2167 659 2209 sanctitatis
697 2182 812 2211 nova
848 2184 1023 2225 semper

193 2219 458 2262 incrementa
477 2224 697 2276 suscipiat.
725 2226 809 2267 Per
828 2227 956 2269 Dnm.

247 2279 289 2313 131
316 2282 353 2314 tit
379 2291 574 2317 commem.
602 2284 733 2319 Feriae.

248 2335 286 2368 ln
310 2336 335 2370 I.
357 2337 555 2373 Nocturno
579 2340 780 2376 Lectiones
803 2344 1020 2381 Laudemus

194 2383 309 2418 viros.
339 2384 384 2418 de
411 2387 544 2421 eodem
568 2388 769 2424 Communi
793 2392 823 2426 2.
848 2393 943 2427 loco.

417 2451 464 2490 In
492 2453 541 2491 11.
570 2454 793 2496 Nocturno.

495 2516 646 2559 Lectio
667 2520 719 2560 iv.

202 2576 521 2630 regorius
549 2577 760 2629 decimus,
793 2582 1018 2625 Thealdus

225 2626 292 2686 ‘Es
313 2654 317 2657 -
343 2643 418 2671 seu
446 2632 732 2676 Theobaldus
758 2639 887 2679 antea
915 2653 1018 2680 nun-

235 2673 309 2703 ΩΑ
341 2690 537 2738 cupatus‚
558 2690 791 2734 Placentiae
812 2694 868 2736 ad
883 2696 1018 2736 AEmi·

1091 283 1161 324 liae
1195 283 1305 325 fines
1343 285 1480 327 nobili
1512 286 1820 328 vicecomitum
1854 290 1924 338 ge-

1090 353 1194 381 nere
1218 345 1347 382 natus
1374 346 1454 382 est.
1491 341 1768 384 Adolescens
1788 344 1923 386 eccle-

1090 396 1281 438 siasticae
1300 397 1466 439 militiae
1486 397 1755 451 adscriptus,
1781 399 1923 452 singu-

1090 452 1169 493 lari
1193 453 1323 495 nituit
1351 453 1584 496 honestate
1607 467 1781 496 morum
1804 456 1924 498 vitae-

1091 520 1176 559 que
1208 508 1438 559 munditia,
1473 510 1592 551 nulla
1617 523 1844 563 umquam,
1876 517 1925 554 ut

1090 563 1299 615 creditur,
1327 567 1520 607 criminis
1547 567 1810 618 contagione
1830 569 1924 621 pol-

1090 620 1191 662 lata.
1226 621 1277 662 In
1298 621 1488 663 Galliam
1514 635 1614 664 cum
1633 622 1802 665 Jacobo
1822 624 1923 666 Car-

1090 676 1223 717 dinali
1242 677 1479 720 Pecorario
1498 678 1703 729 Gregorii
1721 680 1827 721 noni
1843 680 1922 722 Le-

1090 734 1194 783 gato
1209 733 1446 785 profectus,
1462 734 1800 778 archidiaconus
1814 736 1923 778 Leo-

1091 787 1254 830 diensis
1274 790 1548 832 renuntiatus
1573 796 1651 832 est.
1683 792 1751 833 Eo
1774 792 1819 833 in
1838 793 1923 835 Ita-

1089 845 1191 886 liam
1219 846 1450 897 redeunte,
1476 847 1716 900 theologiae
1745 849 1924 892 Parisiis

1090 904 1271 954 operam
1297 902 1435 954 dedit,
1462 916 1515 945 ac
1541 905 1739 956 magistri
1765 919 1923 948 munus

1087 958 1291 1011 adeptus,
1317 959 1455 1001 verbo
1479 966 1524 1002 et
1543 961 1747 1014 exemplo
1767 961 1922 1004 fideles

1087 1027 1138 1055 ac
1163 1015 1386 1068 principes
1413 1015 1470 1058 ad
1488 1017 1641 1059 Terrae
1667 1023 1833 1060 sanctae
1858 1031 1922 1060 re·

1087 1072 1418 1123 cuperationem
1451 1072 1734 1116 vehementer
1771 1077 1922 1116 accen-

1087 1126 1161 1168 dit.
1203 1128 1254 1168 In
1281 1127 1452 1180 Syriam
1486 1128 1646 1171 deinde
1673 1131 1922 1182 peregrina-

1086 1188 1171 1233 tuS,
1197 1183 1302 1225 dum
1320 1183 1381 1226 ibi
1401 1197 1573 1226 sacram
1593 1185 1923 1239 expeditionem

1086 1241 1279 1290 urgeret,
1312 1253 1337 1281 a
1372 1240 1698 1292 CardinalibuS,
1729 1243 1922 1286 Viterbii

1085 1295 1313 1337 Pontificis
1334 1296 1596 1339 electionem
1618 1298 1664 1338 in
1683 1311 1845 1340 annum
1862 1299 1921 1342 fe·
1951 1332 1953 1334 -

1084 1364 1131 1392 re
1152 1353 1330 1393 tertium
1348 1353 1722 1405 protrahentibus,
1741 1354 1786 1396 in
1803 1355 1921 1398 Petri

1083 1407 1235 1449 sedem
1255 1410 1435 1450 evectus
1455 1414 1534 1459 est,
1554 1423 1668 1452 anno
1687 1410 1920 1454 millesimo

1023 1518 1029 1519 ⁷
1084 1463 1386 1506 ducentesimo
1411 1467 1740 1518 septuagesimo
1763 1467 1919 1520 primo.

1136 1525 1186 1575 R.
1213 1521 1366 1562 Inveni
1389 1522 1536 1564 David
1561 1535 1737 1565 servum
1762 1537 1918 1575 meum,

1083 1576 1182 1617 oleo
1211 1582 1367 1619 sancto
1395 1591 1496 1620 meo
1522 1579 1627 1620 unxi
1653 1592 1767 1621 eum:
1786 1587 1807 1610 *
1829 1580 1918 1622 Ma-

1082 1646 1164 1673 nus
1179 1633 1295 1674 enim
1310 1647 1407 1675 mea
1423 1635 1704 1678 auxiliabitur
1718 1636 1769 1678 ei.
1786 1636 1835 1688 ys,
1851 1637 1919 1678 Ni-

1081 1688 1142 1729 hil
1166 1689 1372 1741 proficiet
1397 1691 1598 1733 inimicus
1627 1692 1671 1733 in
1700 1705 1766 1742 eo,
1797 1699 1842 1734 et
1870 1693 1916 1734 fi-

1080 1743 1164 1785 lius
1181 1745 1426 1797 iniquitatis
1444 1759 1534 1789 non
1551 1748 1731 1790 nocebit
1749 1749 1800 1790 ei.
1827 1749 1916 1791 Ma-

1081 1814 1161 1842 nus
1186 1801 1311 1843 enim.

1392 1858 1544 1899 Lectio
1566 1873 1602 1898 v.

1158 1915 1317 1967 ccepto
1363 1915 1641 1959 Ptolemaide
1687 1918 1914 1961 electionis

1182 1969 1380 2021 decreto,
1408 1973 1452 2013 in
1478 1973 1654 2016 Italiam
1681 1976 1913 2027 navigavit,

1078 2039 1129 2067 ac
1157 2027 1406 2070 Viterbium
1434 2042 1482 2072 se
1511 2031 1713 2081 contulit,
1752 2031 1912 2075 deinde

1079 2082 1282 2134 Romam,
1312 2084 1388 2127 ubi
1415 2098 1531 2128 anno
1559 2087 1820 2140 insequente
1844 2102 1911 2131 so-

1077 2138 1277 2181 lemniter
1299 2141 1585 2192 inauguratus
1609 2149 1686 2186 est.
1720 2144 1792 2186 Ab
1812 2145 1911 2198 ipso

1076 2195 1360 2246 pontificatus
1394 2198 1578 2241 exordio
1608 2199 1666 2242 ad
1692 2201 1910 2252 generalis

1076 2251 1251 2292 concilii
1271 2253 1615 2297 celebrationem
1634 2269 1762 2298 curas
1782 2261 1827 2299 et
1841 2270 1911 2298 eo-

1075 2307 1312 2357 gitationes
1338 2322 1492 2352 omnes
1514 2311 1685 2364 adjecit.
1713 2313 1780 2354 Eo
1798 2313 1910 2365 Lug-

1076 2362 1242 2405 dunum
1266 2365 1509 2407 Galliarum
1533 2367 1720 2419 indicto,
1747 2369 1910 2411 Micha-

1076 2418 1188 2460 elem
1203 2420 1521 2473 Palaeologum‚
1548 2423 1810 2466 Graecorum
1833 2425 1909 2466 im-

1074 2478 1344 2527 peratorem,
1376 2483 1470 2519 tum
1502 2479 1613 2521 alios
1646 2480 1909 2523 christianos

1074 2532 1308 2584 principes
1330 2538 1374 2575 et
1392 2546 1552 2584 graecae
1571 2535 1808 2588 latinaeque
1828 2537 1908 2578 Ec-

1074 2586 1219 2628 clesiae
1239 2588 1458 2631 Praesules
1482 2590 1639 2636 litteris
1664 2594 1907 2635 amantissi-

1074 2643 1156 2682 mis
1183 2643 1402 2695 invitavit,
1430 2647 1656 2690 accersitis
1680 2649 1813 2690 etiam
1837 2662 1907 2690 ex·

1073 2699 1186 2740 imiis
1220 2699 1420 2743 doctrina
1453 2708 1497 2745 et
1531 2704 1765 2747 sanctitate
1793 2706 1907 2756 viris,
