2028 2892
903 163 962 196 Ad
986 164 1148 198 Sextum.

212 249 471 291 Voluntaria
495 251 583 292 oris
605 252 692 293 mei
711 252 984 306 beneplacita

160 305 467 347 faedeinez*
476 312 519 348 et
528 307 686 358 judicia
698 312 772 349 tua
783 308 893 351 doce
903 324 983 351 me.

101 367 104 371 '
211 361 370 403 Anima
383 375 481 404 mea
491 363 535 403 in
545 363 744 405 manibus
755 365 863 406 meis
875 379 982 407 sem-

160 430 252 470 per:
271 418 294 443 *
314 423 357 459 et
379 418 521 470 legem
545 425 664 461 tuam
688 433 775 461 non
795 434 890 462 sum
909 422 982 464 ob-

158 473 270 514 litus.

209 531 454 572 Posuerunt
486 535 742 584 peccateres
779 533 981 586 laqueum

158 586 276 627 mihi:
309 588 332 613 *
365 592 409 629 et
442 588 512 629 de·
529 589 745 631 mandatis
777 591 862 631 tuis
894 604 982 632 non

159 644 310 684 erravi.

209 699 480 742 Haereditaite
500 702 711 753 acquisivi
731 703 981 744 testim6nia

156 760 231 796 tua
255 756 299 796 in
324 758 549 798 aeternum:
573 758 596 783 *
622 758 723 810 quia
748 759 979 800 exsultatio

158 811 303 854 cordis
321 813 407 854 mei
427 819 536 855 sunt.

207 869 417 910 Inclinzivi
437 883 512 911 cor
526 883 671 912 meum
688 871 744 912 ad
758 871 979 913 faciendas

155 925 483 975 justificati6nes
508 931 605 968 tuas
633 927 677 967 in
705 930 931 977 aeternum,
956 930 978 953 *

155 986 338 1034 propter
356 982 698 1024 retributienem.

201 1096 357 1146 niquos
391 1094 494 1136 edio
528 1095 674 1137 habui:
706 1097 728 1121 *
762 1101 806 1138 et
837 1097 977 1148 legem

233 1155 353 1192 tuam
373 1150 514 1193 dilexi.

204 1210 392 1263 Adjiitor
412 1217 455 1254 et
470 1215 701 1266 susceptor
716 1227 837 1255 meus
854 1227 900 1255 es
916 1219 976 1255 tu:

151 1267 175 1292 *
191 1272 235 1309 et
252 1268 295 1308 in
315 1268 497 1310 verbum
517 1274 639 1310 tuum
660 1271 976 1323 supersperavi.

203 1323 431 1366 Declinate
447 1338 473 1366 a
486 1338 556 1367 me
571 1325 760 1376 maligni:
771 1327 794 1351 *
806 1332 849 1368 et
861 1339 975 1367 seru-

151 1379 280 1421 tzibor
298 1381 503 1422 mandata
522 1382 605 1423 Dei
624 1383 719 1423 mei.

202 1436 385 1489 Sliscipe
404 1450 473 1478 me
495 1437 735 1479 secl'mdum
754 1438 975 1490 eldquium

151 1496 289 1542 tuum,
318 1498 362 1534 et
387 1493 544 1534 vivam:
563 1494 587 1519 *
612 1498 656 1535 et
683 1507 769 1535 non
799 1494 973 1535 confim-

152 1546 230 1589 das
249 1561 319 1590 me
338 1548 392 1590 ab
413 1550 741 1602 exspectatione
760 1563 867 1592 mea.

202 1603 374 1656 Adjuva
401 1618 489 1655 me,
519 1610 562 1647 et
591 1606 735 1647 salvus
765 1619 855 1648 ero:
879 1607 902 1632 *
931 1612 974 1648 et

149 1660 396 1703 meditabor
419 1662 463 1702 in
486 1662 863 1713 justificatidnibus
887 1663 973 1704 tuis

151 1729 334 1770 semper.

201 1773 414 1826 Sprevisti
450 1787 601 1816 omnes
637 1774 911 1825 discedentes
948 1788 973 1816 a

149 1828 317 1880 judiciis
340 1830 441 1871 tuis:
459 1831 483 1855 *
504 1831 604 1882 quia
627 1830 784 1882 injiista
811 1831 972 1882 cogita-

148 1885 211 1926 tio
231 1887 393 1927 ebrum.

199 1942 544 1998 Preevarice'mtes
585 1944 785 1996 reputavi
821 1956 972 1985 omnes

148 2000 406 2050 peccatores
429 2004 574 2040 terrae:
592 1999 616 2025 *
635 1999 735 2041 ideo
761 1999 893 2041 dilexi
912 2005 971 2041 te-

151 2054 353 2096 stimdnia
372 2060 457 2096 tua.

201 2111 381 2163 Confige
399 2112 557 2153 timere
576 2117 651 2153 tuo
670 2124 821 2153 carnes
836 2125 971 2153 meas:

149 2167 172 2192 *
192 2179 217 2208 a
236 2166 404 2218 iudiciis
425 2168 539 2209 enim
558 2168 644 2210 tuis
664 2168 798 2209 timui.

199 2223 302 2264 Feci
320 2223 526 2275 judicium
545 2229 589 2266 et
607 2225 826 2275 justitiam:
842 2224 865 2249 *
884 2236 971 2264 non

147 2279 296 2320 tradas
316 2293 385 2321 me
406 2280 769 2321 calumniantibus
789 2292 868 2320 me.

197 2336 379 2388 Sliscipe
399 2349 573 2378 servum
592 2341 714 2377 tuum
732 2337 774 2376 in
794 2335 970 2376 bonum:

146 2391 170 2416 *
189 2404 276 2432 non
295 2391 611 2433 calumnientur
630 2405 699 2433 me
720 2391 906 2444 superbi.

199 2447 325 2488 Oculi
341 2448 427 2489 mei
448 2447 700 2489 defecerunt
719 2448 761 2487 in
781 2447 969 2488 salutare

115 2540 121 2545 .
148 2508 284 2544 tuum:
294 2504 317 2529 *
329 2509 373 2545 et
386 2504 430 2544 in
446 2504 668 2556 elbquium
683 2503 856 2554 justitiae
871 2507 969 2543 tuae.

199 2560 287 2601 Fac
324 2573 423 2601 cum
460 2572 588 2601 servo
621 2564 697 2600 tuo
731 2557 969 2599 seci'mdum

146 2615 490 2657 misericordiam
509 2620 642 2657 tuam:
661 2615 684 2641 *
705 2619 747 2655 et
770 2613 968 2664 justifica-

146 2671 288 2713 tic'mes
308 2676 406 2714 tuas
427 2670 537 2713 doce
555 2684 635 2712 me.

1810 167 1856 201 39

1088 257 1247 298 Servus
1271 263 1371 298 tuus
1396 271 1491 299 sum
1515 272 1609 310 ego:
1629 260 1651 284 *
1672 259 1727 300 da
1750 259 1854 299 mihi

1035 311 1853 363 intellectum,utseiamtestimOniatua.

1088 369 1281 421 Tempus
1306 370 1490 411 faciendi
1509 371 1707 412 DOmine:
1726 371 1749 395 *
1770 369 1853 411 dis-

1036 424 1287 476 sipaverunt
1306 426 1445 477 legem
1464 431 1592 467 tuam.

1087 481 1193 522 Ideo
1214 482 1343 522 dilexi
1363 482 1567 523 mandata
1586 487 1669 532 tua,
1684 484 1706 507 *
1723 496 1853 535 super

1035 549 1186 578 aurum
1207 543 1250 579 et
1269 539 1486 590 topazion.

1086 593 1326 646 Propterea
1340 593 1395 635 ad
1411 594 1553 635 omnia
1564 593 1767 635 mandata
1778 600 1851 635 tua

1035 648 1265 700 dirigebar:
1284 651 1306 675 *
1328 663 1499 691 omnem
1523 651 1637 691 viam
1661 650 1850 702 iniquam

1035 705 1137 747 ‹sdio
1157 706 1298 748 habui.

1083 761 1124 794 In
1144 762 1354 797 Dominicis
1373 766 1560 807 Quadam-5.
1580 767 1663 799 Ant.
1684 768 1846 810 propria.

1082 813 1461 866 Temp.()uad1·21g.
1484 819 1521 857 in
1544 819 1674 858 feriali
1694 820 1846 859 Officio

1032 870 1127 909 Ant.
1162 871 1523 913 Commendemus
1560 875 1850 925 nosmetipsos

1031 926 1074 965 in
1102 927 1235 967 multa
1254 928 1471 979 patientia,
1499 929 1540 968 in
1560 929 1724 980 jeji'miis
1747 930 1849 970 mul-

1030 983 1101 1031 tis,
1129 996 1207 1035 per
1235 997 1354 1024 arma
1382 985 1564 1035 justitiae.

1138 1043 1392 1095 Capitulum.
1552 1047 1599 1085 ls.
1621 1047 1684 1085 δῖ).
1708 1047 1742 1086 b.

1029 1094 1357 1200 Derelinquat
1385 1101 1542 1153 impius
1577 1101 1689 1141 viam
1718 1114 1848 1151 suam⁷

1153 1162 1195 1198 et
1239 1158 1303 1198 vir
1349 1157 1519 1209 iniquus
1566 1158 1848 1207 cogitati<>nes

1030 1226 1143 1262 suas,
1178 1218 1221 1254 et
1248 1215 1490 1254 revertatur
1523 1213 1577 1254 ad
1605 1214 1847 1263 Dominum,

1030 1274 1073 1310 et
1103 1269 1376 1311 miserebitur
1410 1270 1512 1320 ejus,
1547 1275 1589 1310 et
1622 1269 1676 1310 ad
1707 1270 1847 1311 Deum

1028 1331 1239 1374 nostrum,
1273 1326 1476 1378 queniam
1503 1325 1662 1367 multus
1695 1331 1760 1367 est
1792 1326 1847 1366 ad

1027 1381 1350 1432 ignoscendum.

1078 1440 1128 1491 Ιζν.
1165 1438 1226 1478 br.
1269 1438 1466 1490 Scapulis
1506 1438 1593 1478 suis
1625 1443 1645 1464 *
1687 1437 1844 1478 Obum-

1026 1494 1171 1535 brabit
1184 1494 1272 1536 tibi.
1288 1494 1495 1546 Scapulis.
1514 1491 1560 1541 Y.
1579 1494 1634 1534 Et
1650 1493 1727 1534 sub
1744 1507 1843 1545 pen-

1026 1551 1091 1591 nis
1111 1551 1200 1602 ejus
1216 1551 1423 1603 sperabis.
1457 1549 1743 1591 Obumbraibit
1757 1549 1844 1590 tibi.

1026 1607 1180 1648 Gl6ria
1207 1608 1335 1648 Patri.
1371 1606 1579 1659 Scapulis.

1075 1658 1125 1709 V.
1145 1664 1277 1705 Scuto
1302 1662 1586 1704 cirefimdabit
1613 1666 1656 1703 te
1684 1662 1842 1703 veritas

1026 1720 1126 1771 ejus.
1172 1720 1219 1771 Rv.
1260 1720 1359 1761 Non
1403 1718 1574 1760 time'bis
1619 1731 1644 1758 a
1688 1718 1841 1758 tim6re

1024 1778 1249 1817 noetiirno.

1123 1836 1214 1888 yrie
1248 1836 1422 1877 eleison.
1460 1835 1636 1876 Christe
1669 1834 1841 1875 eleison.

1150 1892 1285 1944 Kyrie
1304 1892 1475 1933 eleison.

1074 1948 1203 1990 Pater
1222 1953 1380 1989 noster.
1398 1953 1576 1989 secreto.

1075 1998 1123 2048 V.
1143 2005 1199 2046 Et
1218 2017 1271 2045 ne
1290 2017 1370 2045 nos
1384 2002 1564 2044 indiieas
1580 2002 1623 2042 in
1638 2002 1837 2043 tentatis)-

1024 2073 1133 2102 nem.
1160 2064 1209 2115 R».
1229 2059 1315 2102 Sed
1334 2059 1469 2101 libera
1487 2071 1567 2100 nos
1586 2070 1612 2099 a
1629 2058 1753 2099 malo.

1072 2115 1121 2164 V.
1151 2117 1337 2157 D6mine
1361 2116 1481 2156 Deus
1507 2115 1713 2155 virtiitum
1741 2125 1838 2154 con-

1024 2175 1145 2214 verte
1177 2185 1268 2213 nos.
1301 2175 1349 2226 R.
1380 2172 1436 2212 Et
1469 2169 1648 2211 ostende
1683 2169 1837 2210 faciem

1023 2234 1153 2277 tuam,
1182 2234 1225 2270 et
1253 2228 1360 2269 salvi
1384 2227 1553 2267 erimus.

1070 2283 1121 2333 V.
1148 2285 1344 2335 Exstirge
1363 2283 1547 2330 Christe,
1571 2280 1726 2331 adiuva
1744 2294 1834 2322 nos.

1020 2342 1069 2392 R.
1104 2341 1160 2381 Et
1191 2340 1326 2382 libera
1357 2351 1436 2380 nos
1468 2341 1649 2389 propter
1678 2349 1834 2378 nomen

1022 2402 1154 2438 tuum.

1070 2450 1120 2499 V.
1146 2453 1242 2493 Dfie
1257 2449 1413 2493 exalidi
1428 2449 1667 2490 oratiOnem
1682 2461 1833 2489 meam.

1018 2509 1067 2560 R.
1099 2509 1155 2549 Et
1183 2508 1344 2549 clamor
1372 2518 1494 2546 meus
1519 2504 1574 2546 ad
1601 2509 1644 2546 te
1670 2504 1822 2544 veniat.

1068 2560 1118 2609 V.
1164 2563 1376 2604 Deminus
1414 2560 1650 2602 vobiscum.
1691 2561 1739 2612 R.
1780 2560 1835 2600 Et

996 2621 999 2624 ’
1021 2633 1119 2661 cum
1139 2619 1292 2671 spiritu
1310 2622 1397 2658 tuo.

1070 2677 1238 2711 Oremus.
1281 2675 1411 2709 Oratio
1434 2674 1675 2707 conveniens.
