<?xml version="1.0" encoding="UTF-8"?>
<!DOCTYPE html PUBLIC "-//W3C//DTD XHTML 1.0 Transitional//EN"
    "http://www.w3.org/TR/xhtml1/DTD/xhtml1-transitional.dtd">
<html xmlns="http://www.w3.org/1999/xhtml" xml:lang="en" lang="en">
 <head>
  <title>
</title>
<meta http-equiv="Content-Type" content="text/html;charset=utf-8" />
  <meta name='ocr-system' content='tesseract 3.04.00' />
  <meta name='ocr-capabilities' content='ocr_page ocr_carea ocr_par ocr_line ocrx_word'/>
</head>
<body>
  <div class='ocr_page' id='page_1' title='image "./p2breviariumroma00cathuoft_0170.png"; bbox 0 0 2028 2892; ppageno 0'>
   <div class='ocr_carea' id='block_1_1' title="bbox 196 204 259 239">
    <p class='ocr_par' dir='ltr' id='par_1_1' title="bbox 196 204 259 239">
     <span class='ocr_line' id='line_1_1' title="bbox 196 204 259 239; baseline 0 0"><span class='ocrx_word' id='word_1_1' title='bbox 196 204 259 239; x_wconf 86' lang='lat'>142</span> 
     </span>
    </p>
   </div>
   <div class='ocr_carea' id='block_1_2' title="bbox 634 196 1451 236">
    <p class='ocr_par' dir='ltr' id='par_1_2' title="bbox 634 196 1451 236">
     <span class='ocr_line' id='line_1_2' title="bbox 634 196 1451 236; baseline -0.007 -2"><span class='ocrx_word' id='word_1_2' title='bbox 634 202 731 235; x_wconf 70' lang='lat' dir='ltr'>Intra</span> <span class='ocrx_word' id='word_1_3' title='bbox 761 198 1050 233; x_wconf 66' lang='lat' dir='ltr'>llcbdomndnm</span> <span class='ocrx_word' id='word_1_4' title='bbox 1078 198 1098 230; x_wconf 90' lang='lat' dir='ltr'>i.</span> <span class='ocrx_word' id='word_1_5' title='bbox 1125 196 1451 236; x_wconf 52' lang='lat' dir='ltr'>‹Juadragcsimau</span> 
     </span>
    </p>
   </div>
   <div class='ocr_carea' id='block_1_3' title="bbox 514 252 1899 273">
    <p class='ocr_par' dir='ltr' id='par_1_3' title="bbox 514 252 1899 273">
     <span class='ocr_line' id='line_1_3' title="bbox 514 252 1899 273; baseline 0 2619"><span class='ocrx_word' id='word_1_6' title='bbox 514 252 1899 273; x_wconf 95' lang='lat' dir='ltr'> </span> 
     </span>
    </p>
   </div>
   <div class='ocr_carea' id='block_1_4' title="bbox 193 296 1017 1352">
    <p class='ocr_par' dir='ltr' id='par_1_4' title="bbox 193 296 1017 1352">
     <span class='ocr_line' id='line_1_4' title="bbox 194 296 1016 350; baseline -0.004 -9"><span class='ocrx_word' id='word_1_7' title='bbox 194 300 280 341; x_wconf 90' lang='lat' dir='ltr'>tius</span> <span class='ocrx_word' id='word_1_8' title='bbox 307 297 513 347; x_wconf 90' lang='lat' dir='ltr'>ostendit,</span> <span class='ocrx_word' id='word_1_9' title='bbox 548 296 757 350; x_wconf 88' lang='lat' dir='ltr'>ejiciendo</span> <span class='ocrx_word' id='word_1_10' title='bbox 788 297 1016 350; x_wconf 86' lang='lat' dir='ltr'>improbos</span> 
     </span>
     <span class='ocr_line' id='line_1_5' title="bbox 195 352 1016 408; baseline -0.004 -11"><span class='ocrx_word' id='word_1_11' title='bbox 195 370 218 397; x_wconf 87' lang='lat' dir='ltr'>e</span> <span class='ocrx_word' id='word_1_12' title='bbox 263 354 438 408; x_wconf 89' lang='lat' dir='ltr'>templo.</span> <span class='ocrx_word' id='word_1_13' title='bbox 488 355 647 407; x_wconf 43' lang='lat' dir='ltr'>,Neque</span> <span class='ocrx_word' id='word_1_14' title='bbox 694 354 807 395; x_wconf 88' lang='lat' dir='ltr'>enim</span> <span class='ocrx_word' id='word_1_15' title='bbox 852 352 1016 406; x_wconf 79' lang='lat' dir='ltr'>aliquid</span> 
     </span>
     <span class='ocr_line' id='line_1_6' title="bbox 195 409 1016 464; baseline -0.004 -12"><span class='ocrx_word' id='word_1_16' title='bbox 195 411 393 464; x_wconf 77' lang='lat' dir='ltr'>peccavit</span> <span class='ocrx_word' id='word_1_17' title='bbox 437 410 584 459; x_wconf 87' lang='lat' dir='ltr'>arbor,</span> <span class='ocrx_word' id='word_1_18' title='bbox 636 409 755 463; x_wconf 89' lang='lat' dir='ltr'>quod</span> <span class='ocrx_word' id='word_1_19' title='bbox 800 411 1016 451; x_wconf 89' lang='lat' dir='ltr'>esuriente</span> 
     </span>
     <span class='ocr_line' id='line_1_7' title="bbox 194 466 1015 520; baseline -0.002 -11"><span class='ocrx_word' id='word_1_20' title='bbox 194 468 382 509; x_wconf 75' lang='lat' dir='ltr'>Demino</span> <span class='ocrx_word' id='word_1_21' title='bbox 418 480 550 520; x_wconf 86' lang='lat' dir='ltr'>poma</span> <span class='ocrx_word' id='word_1_22' title='bbox 583 480 670 508; x_wconf 93' lang='lat' dir='ltr'>non</span> <span class='ocrx_word' id='word_1_23' title='bbox 706 466 873 515; x_wconf 79' lang='lat' dir='ltr'>habuit,</span> <span class='ocrx_word' id='word_1_24' title='bbox 912 479 1015 518; x_wconf 89' lang='lat' dir='ltr'>quo-</span> 
     </span>
     <span class='ocr_line' id='line_1_8' title="bbox 195 521 1016 576; baseline -0.002 -12"><span class='ocrx_word' id='word_1_25' title='bbox 195 538 288 565; x_wconf 92' lang='lat' dir='ltr'>rum</span> <span class='ocrx_word' id='word_1_26' title='bbox 331 522 517 564; x_wconf 83' lang='lat' dir='ltr'>necdum</span> <span class='ocrx_word' id='word_1_27' title='bbox 553 530 726 576; x_wconf 90' lang='lat' dir='ltr'>tempus</span> <span class='ocrx_word' id='word_1_28' title='bbox 766 521 1016 564; x_wconf 82' lang='lat' dir='ltr'>advenerat:</span> 
     </span>
     <span class='ocr_line' id='line_1_9' title="bbox 194 578 1015 633; baseline -0.002 -12"><span class='ocrx_word' id='word_1_29' title='bbox 194 579 271 621; x_wconf 91' lang='lat' dir='ltr'>sed</span> <span class='ocrx_word' id='word_1_30' title='bbox 306 582 545 633; x_wconf 81' lang='lat' dir='ltr'>peccavere</span> <span class='ocrx_word' id='word_1_31' title='bbox 580 578 831 621; x_wconf 70' lang='lat' dir='ltr'>sacerdotes</span> <span class='ocrx_word' id='word_1_32' title='bbox 866 579 939 631; x_wconf 92' lang='lat' dir='ltr'>qui</span> <span class='ocrx_word' id='word_1_33' title='bbox 972 579 1015 619; x_wconf 94' lang='lat' dir='ltr'>in</span> 
     </span>
     <span class='ocr_line' id='line_1_10' title="bbox 195 635 1015 687; baseline -0.002 -10"><span class='ocrx_word' id='word_1_34' title='bbox 195 635 327 678; x_wconf 90' lang='lat' dir='ltr'>domo</span> <span class='ocrx_word' id='word_1_35' title='bbox 363 636 539 678; x_wconf 74' lang='lat' dir='ltr'>Demini</span> <span class='ocrx_word' id='word_1_36' title='bbox 579 637 754 687; x_wconf 73' lang='lat' dir='ltr'>negetia</span> <span class='ocrx_word' id='word_1_37' title='bbox 792 635 1015 676; x_wconf 77' lang='lat' dir='ltr'>saecularia</span> 
     </span>
     <span class='ocr_line' id='line_1_11' title="bbox 193 692 1017 745; baseline -0.004 -11"><span class='ocrx_word' id='word_1_38' title='bbox 193 692 412 744; x_wconf 87' lang='lat' dir='ltr'>gerebant,</span> <span class='ocrx_word' id='word_1_39' title='bbox 427 698 471 734; x_wconf 91' lang='lat' dir='ltr'>et</span> <span class='ocrx_word' id='word_1_40' title='bbox 486 693 670 734; x_wconf 91' lang='lat' dir='ltr'>fructum</span> <span class='ocrx_word' id='word_1_41' title='bbox 685 693 871 745; x_wconf 78' lang='lat' dir='ltr'>pietatis,</span> <span class='ocrx_word' id='word_1_42' title='bbox 887 704 1017 744; x_wconf 92' lang='lat' dir='ltr'>quem</span> 
     </span>
     <span class='ocr_line' id='line_1_12' title="bbox 195 747 1015 801; baseline -0.002 -11"><span class='ocrx_word' id='word_1_43' title='bbox 195 747 446 798; x_wconf 84' lang='lat' dir='ltr'>debuerant,</span> <span class='ocrx_word' id='word_1_44' title='bbox 475 762 691 801; x_wconf 77' lang='lat' dir='ltr'>quemque</span> <span class='ocrx_word' id='word_1_45' title='bbox 716 749 758 789; x_wconf 92' lang='lat' dir='ltr'>in</span> <span class='ocrx_word' id='word_1_46' title='bbox 783 749 845 790; x_wconf 89' lang='lat' dir='ltr'>eis</span> <span class='ocrx_word' id='word_1_47' title='bbox 870 748 1015 789; x_wconf 74' lang='lat' dir='ltr'>Demi-</span> 
     </span>
     <span class='ocr_line' id='line_1_13' title="bbox 195 803 1014 858; baseline -0.001 -13"><span class='ocrx_word' id='word_1_48' title='bbox 195 818 275 846; x_wconf 90' lang='lat' dir='ltr'>nus</span> <span class='ocrx_word' id='word_1_49' title='bbox 291 805 519 854; x_wconf 90' lang='lat' dir='ltr'>esuriebat,</span> <span class='ocrx_word' id='word_1_50' title='bbox 538 806 649 846; x_wconf 88' lang='lat' dir='ltr'>ferre</span> <span class='ocrx_word' id='word_1_51' title='bbox 669 803 1014 858; x_wconf 89' lang='lat' dir='ltr'>supersederant.</span> 
     </span>
     <span class='ocr_line' id='line_1_14' title="bbox 194 860 1015 903; baseline -0.001 -1"><span class='ocrx_word' id='word_1_52' title='bbox 194 862 387 903; x_wconf 87' lang='lat' dir='ltr'>Arefecit</span> <span class='ocrx_word' id='word_1_53' title='bbox 416 862 625 903; x_wconf 65' lang='lat' dir='ltr'>Dominus</span> <span class='ocrx_word' id='word_1_54' title='bbox 654 861 854 902; x_wconf 78' lang='lat' dir='ltr'>arborem</span> <span class='ocrx_word' id='word_1_55' title='bbox 886 860 1015 902; x_wconf 89' lang='lat' dir='ltr'>male-</span> 
     </span>
     <span class='ocr_line' id='line_1_15' title="bbox 195 916 1015 966; baseline -0.002 -7"><span class='ocrx_word' id='word_1_56' title='bbox 195 916 329 965; x_wconf 89' lang='lat' dir='ltr'>dicto,</span> <span class='ocrx_word' id='word_1_57' title='bbox 366 923 413 959; x_wconf 92' lang='lat' dir='ltr'>ut</span> <span class='ocrx_word' id='word_1_58' title='bbox 448 918 644 959; x_wconf 75' lang='lat' dir='ltr'>hemines</span> <span class='ocrx_word' id='word_1_59' title='bbox 680 917 775 958; x_wconf 86' lang='lat' dir='ltr'>haec</span> <span class='ocrx_word' id='word_1_60' title='bbox 808 916 1015 966; x_wconf 82' lang='lat' dir='ltr'>videntes,</span> 
     </span>
     <span class='ocr_line' id='line_1_16' title="bbox 195 973 1015 1024; baseline -0.001 -10"><span class='ocrx_word' id='word_1_61' title='bbox 195 974 286 1015; x_wconf 90' lang='lat' dir='ltr'>sive</span> <span class='ocrx_word' id='word_1_62' title='bbox 310 973 545 1023; x_wconf 89' lang='lat' dir='ltr'>audientes,</span> <span class='ocrx_word' id='word_1_63' title='bbox 573 974 708 1015; x_wconf 91' lang='lat' dir='ltr'>multo</span> <span class='ocrx_word' id='word_1_64' title='bbox 733 975 870 1024; x_wconf 83' lang='lat' dir='ltr'>magis</span> <span class='ocrx_word' id='word_1_65' title='bbox 894 973 1015 1014; x_wconf 91' lang='lat' dir='ltr'>intel-</span> 
     </span>
     <span class='ocr_line' id='line_1_17' title="bbox 194 1029 1015 1080; baseline 0 -10"><span class='ocrx_word' id='word_1_66' title='bbox 194 1029 375 1080; x_wconf 87' lang='lat' dir='ltr'>ligerent</span> <span class='ocrx_word' id='word_1_67' title='bbox 390 1044 485 1072; x_wconf 91' lang='lat' dir='ltr'>sese</span> <span class='ocrx_word' id='word_1_68' title='bbox 501 1030 648 1071; x_wconf 83' lang='lat' dir='ltr'>divino</span> <span class='ocrx_word' id='word_1_69' title='bbox 660 1029 1015 1072; x_wconf 80' lang='lat' dir='ltr'>condemnandos</span> 
     </span>
     <span class='ocr_line' id='line_1_18' title="bbox 195 1086 1015 1140; baseline 0 -14"><span class='ocrx_word' id='word_1_70' title='bbox 195 1099 291 1127; x_wconf 89' lang='lat' dir='ltr'>esse</span> <span class='ocrx_word' id='word_1_71' title='bbox 311 1086 480 1138; x_wconf 86' lang='lat' dir='ltr'>judicio,</span> <span class='ocrx_word' id='word_1_72' title='bbox 500 1087 533 1127; x_wconf 93' lang='lat' dir='ltr'>si</span> <span class='ocrx_word' id='word_1_73' title='bbox 555 1087 721 1139; x_wconf 84' lang='lat' dir='ltr'>absque</span> <span class='ocrx_word' id='word_1_74' title='bbox 736 1089 918 1140; x_wconf 77' lang='lat' dir='ltr'>eperum</span> <span class='ocrx_word' id='word_1_75' title='bbox 933 1086 1015 1127; x_wconf 90' lang='lat' dir='ltr'>fru-</span> 
     </span>
     <span class='ocr_line' id='line_1_19' title="bbox 195 1142 1015 1195; baseline 0 -12"><span class='ocrx_word' id='word_1_76' title='bbox 195 1147 278 1190; x_wconf 90' lang='lat' dir='ltr'>ctu,</span> <span class='ocrx_word' id='word_1_77' title='bbox 299 1142 353 1184; x_wconf 90' lang='lat' dir='ltr'>de</span> <span class='ocrx_word' id='word_1_78' title='bbox 373 1143 526 1195; x_wconf 87' lang='lat' dir='ltr'>plausu</span> <span class='ocrx_word' id='word_1_79' title='bbox 546 1148 714 1184; x_wconf 81' lang='lat' dir='ltr'>tantum</span> <span class='ocrx_word' id='word_1_80' title='bbox 730 1143 809 1185; x_wconf 82' lang='lat' dir='ltr'>sibi</span> <span class='ocrx_word' id='word_1_81' title='bbox 826 1143 1015 1194; x_wconf 77' lang='lat' dir='ltr'>religiesi</span> 
     </span>
     <span class='ocr_line' id='line_1_20' title="bbox 196 1199 1016 1250; baseline 0.002 -12"><span class='ocrx_word' id='word_1_82' title='bbox 196 1200 417 1248; x_wconf 77' lang='lat' dir='ltr'>sermenis,</span> <span class='ocrx_word' id='word_1_83' title='bbox 445 1200 564 1241; x_wconf 80' lang='lat' dir='ltr'>velut</span> <span class='ocrx_word' id='word_1_84' title='bbox 589 1199 642 1241; x_wconf 91' lang='lat' dir='ltr'>de</span> <span class='ocrx_word' id='word_1_85' title='bbox 667 1201 810 1241; x_wconf 75' lang='lat' dir='ltr'>senitu</span> <span class='ocrx_word' id='word_1_86' title='bbox 835 1205 877 1241; x_wconf 93' lang='lat' dir='ltr'>et</span> <span class='ocrx_word' id='word_1_87' title='bbox 898 1205 1016 1250; x_wconf 85' lang='lat' dir='ltr'>tegu-</span> 
     </span>
     <span class='ocr_line' id='line_1_21' title="bbox 195 1255 1016 1351; baseline 0.002 -56"><span class='ocrx_word' id='word_1_88' title='bbox 195 1257 341 1351; x_wconf 43' lang='lat' dir='ltr'>{uento</span> <span class='ocrx_word' id='word_1_89' title='bbox 393 1255 690 1298; x_wconf 88' lang='lat' dir='ltr'>blandirentur</span> <span class='ocrx_word' id='word_1_90' title='bbox 740 1255 1016 1297; x_wconf 78' lang='lat' dir='ltr'>viridantium</span> 
     </span>
     <span class='ocr_line' id='line_1_22' title="bbox 212 1323 407 1352; baseline 0.005 -1"><span class='ocrx_word' id='word_1_91' title='bbox 212 1323 238 1351; x_wconf 92' lang='lat' dir='ltr'>o</span> <span class='ocrx_word' id='word_1_92' title='bbox 257 1324 407 1352; x_wconf 81' lang='lat' dir='ltr'>iorum.</span> 
     </span>
    </p>
   </div>
   <div class='ocr_carea' id='block_1_5' title="bbox 196 1376 1023 2691">
    <p class='ocr_par' dir='ltr' id='par_1_5' title="bbox 249 1376 740 1499">
     <span class='ocr_line' id='line_1_23' title="bbox 249 1376 740 1430; baseline 0 -12"><span class='ocrx_word' id='word_1_93' title='bbox 249 1380 297 1430; x_wconf 57' lang='lat' dir='ltr'>Rg.</span> <span class='ocrx_word' id='word_1_94' title='bbox 325 1376 627 1419; x_wconf 88' lang='lat' dir='ltr'>Emendemus.</span> <span class='ocrx_word' id='word_1_95' title='bbox 657 1379 740 1419; x_wconf 87' lang='lat'><strong>132.</strong></span> 
     </span>
     <span class='ocr_line' id='line_1_24' title="bbox 500 1459 715 1499; baseline 0 -1"><span class='ocrx_word' id='word_1_96' title='bbox 500 1460 647 1499; x_wconf 67' lang='lat' dir='ltr'>Locriw</span> <span class='ocrx_word' id='word_1_97' title='bbox 678 1459 715 1498; x_wconf 78' lang='lat' dir='ltr'>ii.</span> 
     </span>
    </p>

    <p class='ocr_par' dir='ltr' id='par_1_6' title="bbox 196 1519 1016 1626">
     <span class='ocr_line' id='line_1_25' title="bbox 196 1519 1016 1626; baseline 0.004 -60"><span class='ocrx_word' id='word_1_98' title='bbox 196 1519 408 1626; x_wconf 89' lang='lat' dir='ltr'>Verum</span> <span class='ocrx_word' id='word_1_99' title='bbox 444 1527 544 1579; x_wconf 91' lang='lat' dir='ltr'>quia</span> <span class='ocrx_word' id='word_1_100' title='bbox 580 1540 666 1568; x_wconf 90' lang='lat' dir='ltr'>non</span> <span class='ocrx_word' id='word_1_101' title='bbox 702 1527 1016 1577; x_wconf 81' lang='lat' dir='ltr'>intellexerunt,</span> 
     </span>
    </p>

    <p class='ocr_par' dir='ltr' id='par_1_7' title="bbox 197 1582 1023 2691">
     <span class='ocr_line' id='line_1_26' title="bbox 316 1582 1016 1635; baseline 0.004 -13"><span class='ocrx_word' id='word_1_102' title='bbox 316 1582 357 1622; x_wconf 92' lang='lat' dir='ltr'>in</span> <span class='ocrx_word' id='word_1_103' title='bbox 386 1583 506 1635; x_wconf 90' lang='lat' dir='ltr'>ipsos</span> <span class='ocrx_word' id='word_1_104' title='bbox 535 1585 853 1635; x_wconf 90' lang='lat' dir='ltr'>consequenter</span> <span class='ocrx_word' id='word_1_105' title='bbox 877 1583 1016 1626; x_wconf 87' lang='lat' dir='ltr'>distri-</span> 
     </span>
     <span class='ocr_line' id='line_1_27' title="bbox 197 1638 1017 1682; baseline 0.005 -4"><span class='ocrx_word' id='word_1_106' title='bbox 197 1638 386 1679; x_wconf 75' lang='lat' dir='ltr'>ctienem</span> <span class='ocrx_word' id='word_1_107' title='bbox 413 1639 579 1680; x_wconf 82' lang='lat' dir='ltr'>meritae</span> <span class='ocrx_word' id='word_1_108' title='bbox 606 1639 782 1681; x_wconf 76' lang='lat' dir='ltr'>ulti6nis</span> <span class='ocrx_word' id='word_1_109' title='bbox 811 1642 1017 1682; x_wconf 83' lang='lat' dir='ltr'>exercuit:</span> 
     </span>
     <span class='ocr_line' id='line_1_28' title="bbox 197 1694 1016 1745; baseline 0.005 -11"><span class='ocrx_word' id='word_1_110' title='bbox 197 1699 241 1735; x_wconf 88' lang='lat' dir='ltr'>et</span> <span class='ocrx_word' id='word_1_111' title='bbox 269 1694 393 1745; x_wconf 85' lang='lat' dir='ltr'>ejecit</span> <span class='ocrx_word' id='word_1_112' title='bbox 420 1697 680 1736; x_wconf 87' lang='lat' dir='ltr'>commercia</span> <span class='ocrx_word' id='word_1_113' title='bbox 703 1709 846 1738; x_wconf 90' lang='lat' dir='ltr'>rerum</span> <span class='ocrx_word' id='word_1_114' title='bbox 870 1697 1016 1738; x_wconf 89' lang='lat' dir='ltr'>huma-</span> 
     </span>
     <span class='ocr_line' id='line_1_29' title="bbox 197 1749 1017 1805; baseline 0.006 -15"><span class='ocrx_word' id='word_1_115' title='bbox 197 1752 347 1790; x_wconf 81' lang='lat' dir='ltr'>narum</span> <span class='ocrx_word' id='word_1_116' title='bbox 364 1749 418 1791; x_wconf 93' lang='lat' dir='ltr'>de</span> <span class='ocrx_word' id='word_1_117' title='bbox 439 1750 569 1792; x_wconf 91' lang='lat' dir='ltr'>domo</span> <span class='ocrx_word' id='word_1_118' title='bbox 589 1752 671 1801; x_wconf 90' lang='lat' dir='ltr'>illa,</span> <span class='ocrx_word' id='word_1_119' title='bbox 690 1753 733 1793; x_wconf 91' lang='lat' dir='ltr'>in</span> <span class='ocrx_word' id='word_1_120' title='bbox 750 1766 835 1805; x_wconf 94' lang='lat' dir='ltr'>qua</span> <span class='ocrx_word' id='word_1_121' title='bbox 850 1752 1017 1795; x_wconf 79' lang='lat' dir='ltr'>divinas</span> 
     </span>
     <span class='ocr_line' id='line_1_30' title="bbox 198 1807 1017 1858; baseline 0.006 -12"><span class='ocrx_word' id='word_1_122' title='bbox 198 1811 365 1847; x_wconf 87' lang='lat' dir='ltr'>tantum</span> <span class='ocrx_word' id='word_1_123' title='bbox 391 1819 461 1847; x_wconf 90' lang='lat' dir='ltr'>res</span> <span class='ocrx_word' id='word_1_124' title='bbox 489 1808 568 1858; x_wconf 87' lang='lat' dir='ltr'>agi,</span> <span class='ocrx_word' id='word_1_125' title='bbox 598 1807 763 1850; x_wconf 78' lang='lat' dir='ltr'>h6stias</span> <span class='ocrx_word' id='word_1_126' title='bbox 791 1815 834 1851; x_wconf 90' lang='lat' dir='ltr'>et</span> <span class='ocrx_word' id='word_1_127' title='bbox 861 1811 1017 1851; x_wconf 69' lang='lat' dir='ltr'>oratio-</span> 
     </span>
     <span class='ocr_line' id='line_1_31' title="bbox 198 1862 1018 1917; baseline 0.006 -15"><span class='ocrx_word' id='word_1_128' title='bbox 198 1875 276 1903; x_wconf 86' lang='lat' dir='ltr'>nes</span> <span class='ocrx_word' id='word_1_129' title='bbox 300 1862 396 1903; x_wconf 90' lang='lat' dir='ltr'>Deo</span> <span class='ocrx_word' id='word_1_130' title='bbox 425 1862 581 1912; x_wconf 85' lang='lat' dir='ltr'>offerri,</span> <span class='ocrx_word' id='word_1_131' title='bbox 609 1864 789 1907; x_wconf 87' lang='lat' dir='ltr'>verbum</span> <span class='ocrx_word' id='word_1_132' title='bbox 814 1866 896 1907; x_wconf 91' lang='lat' dir='ltr'>Dei</span> <span class='ocrx_word' id='word_1_133' title='bbox 923 1867 1018 1917; x_wconf 84' lang='lat' dir='ltr'>legi,</span> 
     </span>
     <span class='ocr_line' id='line_1_32' title="bbox 199 1917 1018 1975; baseline 0.009 -17"><span class='ocrx_word' id='word_1_134' title='bbox 199 1917 354 1967; x_wconf 86' lang='lat' dir='ltr'>audiri,</span> <span class='ocrx_word' id='word_1_135' title='bbox 400 1924 443 1960; x_wconf 92' lang='lat' dir='ltr'>et</span> <span class='ocrx_word' id='word_1_136' title='bbox 488 1918 707 1961; x_wconf 78' lang='lat' dir='ltr'>decantari</span> <span class='ocrx_word' id='word_1_137' title='bbox 749 1924 1018 1975; x_wconf 89' lang='lat' dir='ltr'>praeceptum</span> 
     </span>
     <span class='ocr_line' id='line_1_33' title="bbox 200 1974 1019 2029; baseline 0.009 -15"><span class='ocrx_word' id='word_1_138' title='bbox 200 1979 302 2015; x_wconf 86' lang='lat' dir='ltr'>erat.</span> <span class='ocrx_word' id='word_1_139' title='bbox 357 1975 412 2015; x_wconf 89' lang='lat' dir='ltr'>Et</span> <span class='ocrx_word' id='word_1_140' title='bbox 444 1974 619 2027; x_wconf 88' lang='lat' dir='ltr'>quidem</span> <span class='ocrx_word' id='word_1_141' title='bbox 650 1976 914 2020; x_wconf 87' lang='lat' dir='ltr'>credendum</span> <span class='ocrx_word' id='word_1_142' title='bbox 943 1985 1019 2029; x_wconf 91' lang='lat' dir='ltr'>est,</span> 
     </span>
     <span class='ocr_line' id='line_1_34' title="bbox 201 2030 1018 2082; baseline 0.009 -12"><span class='ocrx_word' id='word_1_143' title='bbox 201 2030 301 2082; x_wconf 90' lang='lat' dir='ltr'>quia</span> <span class='ocrx_word' id='word_1_144' title='bbox 330 2043 381 2072; x_wconf 88' lang='lat' dir='ltr'>ea</span> <span class='ocrx_word' id='word_1_145' title='bbox 408 2036 575 2072; x_wconf 89' lang='lat' dir='ltr'>tantum</span> <span class='ocrx_word' id='word_1_146' title='bbox 603 2033 733 2074; x_wconf 78' lang='lat' dir='ltr'>vendi</span> <span class='ocrx_word' id='word_1_147' title='bbox 757 2034 825 2075; x_wconf 90' lang='lat' dir='ltr'>vel</span> <span class='ocrx_word' id='word_1_148' title='bbox 850 2036 933 2076; x_wconf 88' lang='lat' dir='ltr'>emi</span> <span class='ocrx_word' id='word_1_149' title='bbox 957 2049 1018 2077; x_wconf 90' lang='lat' dir='ltr'>re-</span> 
     </span>
     <span class='ocr_line' id='line_1_35' title="bbox 200 2086 1019 2141; baseline 0.01 -16"><span class='ocrx_word' id='word_1_150' title='bbox 200 2086 361 2138; x_wconf 87' lang='lat' dir='ltr'>pererit</span> <span class='ocrx_word' id='word_1_151' title='bbox 386 2087 430 2127; x_wconf 93' lang='lat' dir='ltr'>in</span> <span class='ocrx_word' id='word_1_152' title='bbox 463 2088 644 2140; x_wconf 88' lang='lat' dir='ltr'>templo,</span> <span class='ocrx_word' id='word_1_153' title='bbox 680 2102 778 2141; x_wconf 86' lang='lat' dir='ltr'>quae</span> <span class='ocrx_word' id='word_1_154' title='bbox 813 2090 868 2132; x_wconf 85' lang='lat' dir='ltr'>ad</span> <span class='ocrx_word' id='word_1_155' title='bbox 900 2093 1019 2133; x_wconf 91' lang='lat' dir='ltr'>mini-</span> 
     </span>
     <span class='ocr_line' id='line_1_36' title="bbox 201 2143 1018 2198; baseline 0.009 -16"><span class='ocrx_word' id='word_1_156' title='bbox 201 2143 377 2183; x_wconf 89' lang='lat' dir='ltr'>sterium</span> <span class='ocrx_word' id='word_1_157' title='bbox 398 2146 641 2185; x_wconf 78' lang='lat' dir='ltr'>necessaria</span> <span class='ocrx_word' id='word_1_158' title='bbox 662 2152 807 2187; x_wconf 84' lang='lat' dir='ltr'>essent</span> <span class='ocrx_word' id='word_1_159' title='bbox 827 2147 1018 2198; x_wconf 81' lang='lat' dir='ltr'>ejusdem</span> 
     </span>
     <span class='ocr_line' id='line_1_37' title="bbox 201 2198 1017 2254; baseline 0.01 -16"><span class='ocrx_word' id='word_1_160' title='bbox 201 2198 367 2251; x_wconf 89' lang='lat' dir='ltr'>templi,</span> <span class='ocrx_word' id='word_1_161' title='bbox 404 2200 521 2251; x_wconf 84' lang='lat' dir='ltr'>juxta</span> <span class='ocrx_word' id='word_1_162' title='bbox 554 2199 637 2242; x_wconf 89' lang='lat' dir='ltr'>hoc</span> <span class='ocrx_word' id='word_1_163' title='bbox 671 2201 790 2254; x_wconf 93' lang='lat' dir='ltr'>quod</span> <span class='ocrx_word' id='word_1_164' title='bbox 824 2203 930 2244; x_wconf 77' lang='lat' dir='ltr'>alias</span> <span class='ocrx_word' id='word_1_165' title='bbox 963 2205 1017 2246; x_wconf 91' lang='lat' dir='ltr'>fa-</span> 
     </span>
     <span class='ocr_line' id='line_1_38' title="bbox 201 2255 1021 2312; baseline 0.01 -18"><span class='ocrx_word' id='word_1_166' title='bbox 201 2259 317 2295; x_wconf 91' lang='lat' dir='ltr'>ctum</span> <span class='ocrx_word' id='word_1_167' title='bbox 342 2255 535 2306; x_wconf 74' lang='lat' dir='ltr'>legimus,</span> <span class='ocrx_word' id='word_1_168' title='bbox 559 2270 657 2298; x_wconf 92' lang='lat' dir='ltr'>cum</span> <span class='ocrx_word' id='word_1_169' title='bbox 676 2257 791 2299; x_wconf 90' lang='lat' dir='ltr'>idem</span> <span class='ocrx_word' id='word_1_170' title='bbox 811 2260 1021 2312; x_wconf 88' lang='lat' dir='ltr'>templum</span> 
     </span>
     <span class='ocr_line' id='line_1_39' title="bbox 202 2310 1021 2361; baseline 0.011 -11"><span class='ocrx_word' id='word_1_171' title='bbox 202 2310 462 2361; x_wconf 84' lang='lat' dir='ltr'>ingrediens,</span> <span class='ocrx_word' id='word_1_172' title='bbox 495 2314 657 2355; x_wconf 87' lang='lat' dir='ltr'>invenit</span> <span class='ocrx_word' id='word_1_173' title='bbox 684 2315 726 2355; x_wconf 93' lang='lat' dir='ltr'>in</span> <span class='ocrx_word' id='word_1_174' title='bbox 756 2328 807 2357; x_wconf 89' lang='lat' dir='ltr'>eo</span> <span class='ocrx_word' id='word_1_175' title='bbox 837 2316 1021 2358; x_wconf 88' lang='lat' dir='ltr'>venden-</span> 
     </span>
     <span class='ocr_line' id='line_1_40' title="bbox 202 2371 1022 2422; baseline 0.01 -15"><span class='ocrx_word' id='word_1_176' title='bbox 202 2371 269 2407; x_wconf 88' lang='lat' dir='ltr'>tes</span> <span class='ocrx_word' id='word_1_177' title='bbox 296 2372 339 2408; x_wconf 89' lang='lat' dir='ltr'>et</span> <span class='ocrx_word' id='word_1_178' title='bbox 366 2371 558 2411; x_wconf 78' lang='lat' dir='ltr'>ementes</span> <span class='ocrx_word' id='word_1_179' title='bbox 586 2383 702 2419; x_wconf 89' lang='lat' dir='ltr'>oves,</span> <span class='ocrx_word' id='word_1_180' title='bbox 731 2377 773 2412; x_wconf 91' lang='lat' dir='ltr'>et</span> <span class='ocrx_word' id='word_1_181' title='bbox 800 2371 948 2422; x_wconf 88' lang='lat' dir='ltr'>boves,</span> <span class='ocrx_word' id='word_1_182' title='bbox 980 2380 1022 2416; x_wconf 92' lang='lat' dir='ltr'>et</span> 
     </span>
     <span class='ocr_line' id='line_1_41' title="bbox 203 2422 1023 2477; baseline 0.011 -15"><span class='ocrx_word' id='word_1_183' title='bbox 203 2422 441 2465; x_wconf 76' lang='lat' dir='ltr'>columbas:</span> <span class='ocrx_word' id='word_1_184' title='bbox 454 2427 553 2477; x_wconf 83' lang='lat' dir='ltr'>quia</span> <span class='ocrx_word' id='word_1_185' title='bbox 564 2427 762 2468; x_wconf 84' lang='lat' dir='ltr'>nimirum</span> <span class='ocrx_word' id='word_1_186' title='bbox 774 2428 868 2470; x_wconf 85' lang='lat' dir='ltr'>haec</span> <span class='ocrx_word' id='word_1_187' title='bbox 879 2431 1023 2471; x_wconf 74' lang='lat' dir='ltr'>emnia</span> 
     </span>
     <span class='ocr_line' id='line_1_42' title="bbox 204 2480 1022 2527; baseline 0.012 -10"><span class='ocrx_word' id='word_1_188' title='bbox 204 2491 289 2519; x_wconf 87' lang='lat' dir='ltr'>non</span> <span class='ocrx_word' id='word_1_189' title='bbox 323 2480 402 2520; x_wconf 89' lang='lat' dir='ltr'>nisi</span> <span class='ocrx_word' id='word_1_190' title='bbox 440 2488 485 2522; x_wconf 91' lang='lat' dir='ltr'>ut</span> <span class='ocrx_word' id='word_1_191' title='bbox 520 2482 776 2525; x_wconf 83' lang='lat' dir='ltr'>offerrentur</span> <span class='ocrx_word' id='word_1_192' title='bbox 811 2485 853 2525; x_wconf 88' lang='lat' dir='ltr'>in</span> <span class='ocrx_word' id='word_1_193' title='bbox 891 2485 1022 2527; x_wconf 91' lang='lat' dir='ltr'>domo</span> 
     </span>
     <span class='ocr_line' id='line_1_43' title="bbox 204 2535 1023 2591; baseline 0.012 -17"><span class='ocrx_word' id='word_1_194' title='bbox 204 2535 394 2585; x_wconf 75' lang='lat' dir='ltr'>Demini,</span> <span class='ocrx_word' id='word_1_195' title='bbox 429 2550 504 2578; x_wconf 87' lang='lat' dir='ltr'>eos</span> <span class='ocrx_word' id='word_1_196' title='bbox 540 2540 611 2591; x_wconf 91' lang='lat' dir='ltr'>qui</span> <span class='ocrx_word' id='word_1_197' title='bbox 648 2539 703 2581; x_wconf 90' lang='lat' dir='ltr'>de</span> <span class='ocrx_word' id='word_1_198' title='bbox 736 2541 866 2591; x_wconf 76' lang='lat' dir='ltr'>longe</span> <span class='ocrx_word' id='word_1_199' title='bbox 899 2545 1023 2584; x_wconf 80' lang='lat' dir='ltr'>vene-</span> 
     </span>
     <span class='ocr_line' id='line_1_44' title="bbox 206 2592 1023 2650; baseline 0.012 -19"><span class='ocrx_word' id='word_1_200' title='bbox 206 2597 311 2640; x_wconf 84' lang='lat' dir='ltr'>rant,</span> <span class='ocrx_word' id='word_1_201' title='bbox 339 2592 393 2633; x_wconf 83' lang='lat' dir='ltr'>ab</span> <span class='ocrx_word' id='word_1_202' title='bbox 419 2593 629 2645; x_wconf 84' lang='lat' dir='ltr'>indigenis</span> <span class='ocrx_word' id='word_1_203' title='bbox 656 2601 910 2650; x_wconf 82' lang='lat' dir='ltr'>comparare</span> <span class='ocrx_word' id='word_1_204' title='bbox 935 2612 1023 2641; x_wconf 87' lang='lat' dir='ltr'>cre·</span> 
     </span>
     <span class='ocr_line' id='line_1_45' title="bbox 206 2646 498 2691; baseline 0.003 -1"><span class='ocrx_word' id='word_1_205' title='bbox 206 2646 394 2690; x_wconf 88' lang='lat' dir='ltr'>dendum</span> <span class='ocrx_word' id='word_1_206' title='bbox 423 2656 498 2691; x_wconf 93' lang='lat' dir='ltr'>est.</span> 
     </span>
    </p>
   </div>
   <div class='ocr_carea' id='block_1_6' title="bbox 256 2714 739 2767">
    <p class='ocr_par' dir='ltr' id='par_1_8' title="bbox 256 2714 739 2767">
     <span class='ocr_line' id='line_1_46' title="bbox 256 2714 739 2767; baseline 0.012 -15"><span class='ocrx_word' id='word_1_207' title='bbox 256 2714 304 2763; x_wconf 63' lang='lat' dir='ltr'>lx&#39;g.</span> <span class='ocrx_word' id='word_1_208' title='bbox 334 2715 627 2767; x_wconf 87' lang='lat' dir='ltr'>Derelinquat.</span> <span class='ocrx_word' id='word_1_209' title='bbox 655 2719 739 2760; x_wconf 89' lang='lat'><strong>133.</strong></span> 
     </span>
    </p>
   </div>
   <div class='ocr_carea' id='block_1_7' title="bbox 1068 289 1903 2550">
    <p class='ocr_par' dir='ltr' id='par_1_9' title="bbox 1373 289 1597 330">
     <span class='ocr_line' id='line_1_47' title="bbox 1373 289 1597 330; baseline -0.009 -1"><span class='ocrx_word' id='word_1_210' title='bbox 1373 290 1522 330; x_wconf 79' lang='lat' dir='ltr'>Lectio</span> <span class='ocrx_word' id='word_1_211' title='bbox 1544 289 1597 328; x_wconf 81' lang='lat' dir='ltr'>iii.</span> 
     </span>
    </p>

    <p class='ocr_par' dir='ltr' id='par_1_10' title="bbox 1072 344 1895 450">
     <span class='ocr_line' id='line_1_48' title="bbox 1072 344 1895 450; baseline -0.006 -57"><span class='ocrx_word' id='word_1_212' title='bbox 1072 344 1154 450; x_wconf 82' lang='lat' dir='ltr'>Si</span> <span class='ocrx_word' id='word_1_213' title='bbox 1175 364 1279 402; x_wconf 84' lang='lat' dir='ltr'>ergo</span> <span class='ocrx_word' id='word_1_214' title='bbox 1303 351 1515 392; x_wconf 69' lang='lat' dir='ltr'>Dominus</span> <span class='ocrx_word' id='word_1_215' title='bbox 1536 361 1617 390; x_wconf 91' lang='lat' dir='ltr'>nec</span> <span class='ocrx_word' id='word_1_216' title='bbox 1641 359 1692 389; x_wconf 89' lang='lat' dir='ltr'>ea</span> <span class='ocrx_word' id='word_1_217' title='bbox 1716 346 1895 389; x_wconf 89' lang='lat' dir='ltr'>volebat</span> 
     </span>
    </p>

    <p class='ocr_par' dir='ltr' id='par_1_11' title="bbox 1068 404 1899 1762">
     <span class='ocr_line' id='line_1_49' title="bbox 1171 404 1894 458; baseline -0.006 -9"><span class='ocrx_word' id='word_1_218' title='bbox 1171 407 1426 449; x_wconf 81' lang='lat' dir='ltr'>venumdari</span> <span class='ocrx_word' id='word_1_219' title='bbox 1454 407 1497 447; x_wconf 92' lang='lat' dir='ltr'>in</span> <span class='ocrx_word' id='word_1_220' title='bbox 1525 404 1704 458; x_wconf 88' lang='lat' dir='ltr'>templo,</span> <span class='ocrx_word' id='word_1_221' title='bbox 1731 404 1894 457; x_wconf 87' lang='lat' dir='ltr'>quaein</span> 
     </span>
     <span class='ocr_line' id='line_1_50' title="bbox 1068 459 1895 518; baseline -0.007 -11"><span class='ocrx_word' id='word_1_222' title='bbox 1068 465 1234 518; x_wconf 88' lang='lat' dir='ltr'>templo</span> <span class='ocrx_word' id='word_1_223' title='bbox 1270 463 1448 506; x_wconf 90' lang='lat' dir='ltr'>volebat</span> <span class='ocrx_word' id='word_1_224' title='bbox 1486 461 1649 509; x_wconf 87' lang='lat' dir='ltr'>offerri,</span> <span class='ocrx_word' id='word_1_225' title='bbox 1689 459 1895 503; x_wconf 87' lang='lat' dir='ltr'>videlicet</span> 
     </span>
     <span class='ocr_line' id='line_1_51' title="bbox 1068 517 1894 575; baseline -0.006 -12"><span class='ocrx_word' id='word_1_226' title='bbox 1068 527 1251 575; x_wconf 89' lang='lat' dir='ltr'>propter</span> <span class='ocrx_word' id='word_1_227' title='bbox 1261 520 1453 571; x_wconf 83' lang='lat' dir='ltr'>studium</span> <span class='ocrx_word' id='word_1_228' title='bbox 1464 518 1669 568; x_wconf 85' lang='lat' dir='ltr'>avaritiae,</span> <span class='ocrx_word' id='word_1_229' title='bbox 1679 518 1772 559; x_wconf 90' lang='lat' dir='ltr'>sive</span> <span class='ocrx_word' id='word_1_230' title='bbox 1783 517 1894 559; x_wconf 87' lang='lat' dir='ltr'>frau-</span> 
     </span>
     <span class='ocr_line' id='line_1_52' title="bbox 1069 574 1894 631; baseline -0.005 -12"><span class='ocrx_word' id='word_1_231' title='bbox 1069 578 1146 627; x_wconf 92' lang='lat' dir='ltr'>dis,</span> <span class='ocrx_word' id='word_1_232' title='bbox 1174 577 1292 631; x_wconf 91' lang='lat' dir='ltr'>quod</span> <span class='ocrx_word' id='word_1_233' title='bbox 1315 577 1542 631; x_wconf 75' lang='lat' dir='ltr'>preprium</span> <span class='ocrx_word' id='word_1_234' title='bbox 1565 574 1678 616; x_wconf 88' lang='lat' dir='ltr'>solet</span> <span class='ocrx_word' id='word_1_235' title='bbox 1702 587 1800 616; x_wconf 86' lang='lat' dir='ltr'>esse</span> <span class='ocrx_word' id='word_1_236' title='bbox 1823 587 1894 616; x_wconf 91' lang='lat' dir='ltr'>ne-</span> 
     </span>
     <span class='ocr_line' id='line_1_53' title="bbox 1068 634 1895 686; baseline -0.006 -10"><span class='ocrx_word' id='word_1_237' title='bbox 1068 635 1327 686; x_wconf 79' lang='lat' dir='ltr'>gotiantium</span> <span class='ocrx_word' id='word_1_238' title='bbox 1354 634 1539 675; x_wconf 84' lang='lat' dir='ltr'>facinus:</span> <span class='ocrx_word' id='word_1_239' title='bbox 1574 636 1737 684; x_wconf 91' lang='lat' dir='ltr'>quanta</span> <span class='ocrx_word' id='word_1_240' title='bbox 1763 635 1895 684; x_wconf 88' lang='lat' dir='ltr'>putas</span> 
     </span>
     <span class='ocr_line' id='line_1_54' title="bbox 1069 688 1894 743; baseline -0.004 -11"><span class='ocrx_word' id='word_1_241' title='bbox 1069 690 1445 733; x_wconf 77' lang='lat' dir='ltr'>animadversiene</span> <span class='ocrx_word' id='word_1_242' title='bbox 1478 691 1670 743; x_wconf 87' lang='lat' dir='ltr'>puniret,</span> <span class='ocrx_word' id='word_1_243' title='bbox 1706 688 1743 729; x_wconf 90' lang='lat' dir='ltr'>si</span> <span class='ocrx_word' id='word_1_244' title='bbox 1777 688 1894 730; x_wconf 88' lang='lat' dir='ltr'>inve-</span> 
     </span>
     <span class='ocr_line' id='line_1_55' title="bbox 1069 744 1895 800; baseline -0.004 -11"><span class='ocrx_word' id='word_1_245' title='bbox 1069 751 1204 789; x_wconf 85' lang='lat' dir='ltr'>nisset</span> <span class='ocrx_word' id='word_1_246' title='bbox 1229 747 1289 789; x_wconf 92' lang='lat' dir='ltr'>ibi</span> <span class='ocrx_word' id='word_1_247' title='bbox 1318 747 1487 800; x_wconf 77' lang='lat' dir='ltr'>aliquos</span> <span class='ocrx_word' id='word_1_248' title='bbox 1509 746 1615 787; x_wconf 89' lang='lat' dir='ltr'>risui</span> <span class='ocrx_word' id='word_1_249' title='bbox 1638 745 1710 787; x_wconf 88' lang='lat' dir='ltr'>vel</span> <span class='ocrx_word' id='word_1_250' title='bbox 1732 744 1895 786; x_wconf 76' lang='lat' dir='ltr'>vanild-</span> 
     </span>
     <span class='ocr_line' id='line_1_56' title="bbox 1070 801 1894 857; baseline -0.005 -11"><span class='ocrx_word' id='word_1_251' title='bbox 1070 805 1171 857; x_wconf 94' lang='lat' dir='ltr'>quio</span> <span class='ocrx_word' id='word_1_252' title='bbox 1188 807 1404 853; x_wconf 68' lang='lat' dir='ltr'>vacantes</span> <span class='ocrx_word' id='word_1_253' title='bbox 1420 808 1494 845; x_wconf 90' lang='lat' dir='ltr'>aut</span> <span class='ocrx_word' id='word_1_254' title='bbox 1508 802 1581 844; x_wconf 78' lang='lat' dir='ltr'>alii</span> <span class='ocrx_word' id='word_1_255' title='bbox 1595 801 1773 844; x_wconf 84' lang='lat' dir='ltr'>cuilibet</span> <span class='ocrx_word' id='word_1_256' title='bbox 1786 801 1894 843; x_wconf 84' lang='lat' dir='ltr'>vitio</span> 
     </span>
     <span class='ocr_line' id='line_1_57' title="bbox 1068 857 1895 914; baseline -0.004 -12"><span class='ocrx_word' id='word_1_257' title='bbox 1068 860 1362 914; x_wconf 82' lang='lat' dir='ltr'>mancipatos?</span> <span class='ocrx_word' id='word_1_258' title='bbox 1396 861 1440 902; x_wconf 91' lang='lat' dir='ltr'>Si</span> <span class='ocrx_word' id='word_1_259' title='bbox 1465 860 1580 901; x_wconf 87' lang='lat' dir='ltr'>enim</span> <span class='ocrx_word' id='word_1_260' title='bbox 1601 871 1653 900; x_wconf 88' lang='lat' dir='ltr'>ea</span> <span class='ocrx_word' id='word_1_261' title='bbox 1673 871 1772 912; x_wconf 87' lang='lat' dir='ltr'>quae</span> <span class='ocrx_word' id='word_1_262' title='bbox 1791 857 1895 900; x_wconf 70' lang='lat' dir='ltr'>alibi</span> 
     </span>
     <span class='ocr_line' id='line_1_58' title="bbox 1070 915 1894 970; baseline -0.004 -12"><span class='ocrx_word' id='word_1_263' title='bbox 1070 918 1204 960; x_wconf 89' lang='lat' dir='ltr'>libere</span> <span class='ocrx_word' id='word_1_264' title='bbox 1231 918 1322 969; x_wconf 82' lang='lat' dir='ltr'>geri</span> <span class='ocrx_word' id='word_1_265' title='bbox 1349 919 1569 970; x_wconf 78' lang='lat' dir='ltr'>peterant,</span> <span class='ocrx_word' id='word_1_266' title='bbox 1602 916 1818 957; x_wconf 71' lang='lat' dir='ltr'>Dominus</span> <span class='ocrx_word' id='word_1_267' title='bbox 1850 915 1894 956; x_wconf 91' lang='lat' dir='ltr'>in</span> 
     </span>
     <span class='ocr_line' id='line_1_59' title="bbox 1070 971 1895 1028; baseline -0.004 -12"><span class='ocrx_word' id='word_1_268' title='bbox 1070 975 1202 1016; x_wconf 90' lang='lat' dir='ltr'>domo</span> <span class='ocrx_word' id='word_1_269' title='bbox 1226 988 1304 1016; x_wconf 91' lang='lat' dir='ltr'>sua</span> <span class='ocrx_word' id='word_1_270' title='bbox 1328 974 1589 1028; x_wconf 79' lang='lat' dir='ltr'>temporalia</span> <span class='ocrx_word' id='word_1_271' title='bbox 1607 973 1784 1024; x_wconf 66' lang='lat' dir='ltr'>negetia</span> <span class='ocrx_word' id='word_1_272' title='bbox 1803 971 1895 1023; x_wconf 86' lang='lat' dir='ltr'>geri</span> 
     </span>
     <span class='ocr_line' id='line_1_60' title="bbox 1070 1030 1895 1085; baseline -0.002 -13"><span class='ocrx_word' id='word_1_273' title='bbox 1070 1044 1155 1072; x_wconf 91' lang='lat' dir='ltr'>non</span> <span class='ocrx_word' id='word_1_274' title='bbox 1175 1032 1352 1085; x_wconf 67' lang='lat' dir='ltr'>patitur:</span> <span class='ocrx_word' id='word_1_275' title='bbox 1378 1036 1542 1084; x_wconf 86' lang='lat' dir='ltr'>quanto</span> <span class='ocrx_word' id='word_1_276' title='bbox 1564 1030 1703 1081; x_wconf 84' lang='lat' dir='ltr'>magis</span> <span class='ocrx_word' id='word_1_277' title='bbox 1723 1041 1776 1071; x_wconf 89' lang='lat' dir='ltr'>ea</span> <span class='ocrx_word' id='word_1_278' title='bbox 1795 1040 1895 1082; x_wconf 89' lang='lat' dir='ltr'>quae</span> 
     </span>
     <span class='ocr_line' id='line_1_61' title="bbox 1068 1084 1895 1141; baseline -0.005 -12"><span class='ocrx_word' id='word_1_279' title='bbox 1068 1101 1283 1141; x_wconf 87' lang='lat' dir='ltr'>nusquam</span> <span class='ocrx_word' id='word_1_280' title='bbox 1310 1088 1405 1129; x_wconf 89' lang='lat' dir='ltr'>fieri</span> <span class='ocrx_word' id='word_1_281' title='bbox 1432 1087 1544 1137; x_wconf 87' lang='lat' dir='ltr'>licet,</span> <span class='ocrx_word' id='word_1_282' title='bbox 1573 1086 1674 1140; x_wconf 88' lang='lat' dir='ltr'>plus</span> <span class='ocrx_word' id='word_1_283' title='bbox 1701 1084 1895 1127; x_wconf 85' lang='lat' dir='ltr'>coelestis</span> 
     </span>
     <span class='ocr_line' id='line_1_62' title="bbox 1070 1141 1895 1194; baseline -0.005 -8"><span class='ocrx_word' id='word_1_284' title='bbox 1070 1145 1145 1186; x_wconf 82' lang='lat' dir='ltr'>irae</span> <span class='ocrx_word' id='word_1_285' title='bbox 1178 1146 1413 1194; x_wconf 87' lang='lat' dir='ltr'>merentur,</span> <span class='ocrx_word' id='word_1_286' title='bbox 1450 1144 1487 1185; x_wconf 89' lang='lat' dir='ltr'>si</span> <span class='ocrx_word' id='word_1_287' title='bbox 1522 1144 1567 1184; x_wconf 93' lang='lat' dir='ltr'>in</span> <span class='ocrx_word' id='word_1_288' title='bbox 1600 1142 1770 1184; x_wconf 80' lang='lat' dir='ltr'>aedibus</span> <span class='ocrx_word' id='word_1_289' title='bbox 1797 1141 1895 1182; x_wconf 91' lang='lat' dir='ltr'>Deo</span> 
     </span>
     <span class='ocr_line' id='line_1_63' title="bbox 1070 1198 1896 1252; baseline -0.004 -10"><span class='ocrx_word' id='word_1_290' title='bbox 1070 1202 1251 1243; x_wconf 64' lang='lat' dir='ltr'>sacratis</span> <span class='ocrx_word' id='word_1_291' title='bbox 1272 1204 1469 1252; x_wconf 83' lang='lat' dir='ltr'>aguntur.</span> <span class='ocrx_word' id='word_1_292' title='bbox 1496 1200 1664 1242; x_wconf 90' lang='lat' dir='ltr'>Verum</span> <span class='ocrx_word' id='word_1_293' title='bbox 1683 1198 1785 1252; x_wconf 82' lang='lat' dir='ltr'>quia</span> <span class='ocrx_word' id='word_1_294' title='bbox 1802 1198 1896 1251; x_wconf 87' lang='lat' dir='ltr'>Spi-</span> 
     </span>
     <span class='ocr_line' id='line_1_64' title="bbox 1070 1254 1896 1309; baseline -0.002 -11"><span class='ocrx_word' id='word_1_295' title='bbox 1070 1259 1176 1300; x_wconf 91' lang='lat' dir='ltr'>ritus</span> <span class='ocrx_word' id='word_1_296' title='bbox 1192 1263 1369 1299; x_wconf 85' lang='lat' dir='ltr'>sanctus</span> <span class='ocrx_word' id='word_1_297' title='bbox 1384 1258 1427 1298; x_wconf 92' lang='lat' dir='ltr'>in</span> <span class='ocrx_word' id='word_1_298' title='bbox 1443 1256 1648 1299; x_wconf 81' lang='lat' dir='ltr'>columba</span> <span class='ocrx_word' id='word_1_299' title='bbox 1661 1267 1795 1309; x_wconf 87' lang='lat' dir='ltr'>super</span> <span class='ocrx_word' id='word_1_300' title='bbox 1808 1254 1896 1296; x_wconf 68' lang='lat' dir='ltr'>Do-</span> 
     </span>
     <span class='ocr_line' id='line_1_65' title="bbox 1070 1311 1897 1367; baseline -0.002 -13"><span class='ocrx_word' id='word_1_301' title='bbox 1070 1315 1232 1356; x_wconf 92' lang='lat' dir='ltr'>minum</span> <span class='ocrx_word' id='word_1_302' title='bbox 1251 1315 1471 1367; x_wconf 79' lang='lat' dir='ltr'>apparuit,</span> <span class='ocrx_word' id='word_1_303' title='bbox 1498 1318 1617 1356; x_wconf 90' lang='lat' dir='ltr'>recte</span> <span class='ocrx_word' id='word_1_304' title='bbox 1635 1326 1716 1367; x_wconf 90' lang='lat' dir='ltr'>per</span> <span class='ocrx_word' id='word_1_305' title='bbox 1734 1311 1897 1354; x_wconf 81' lang='lat' dir='ltr'>colum-</span> 
     </span>
     <span class='ocr_line' id='line_1_66' title="bbox 1068 1367 1897 1424; baseline -0.004 -12"><span class='ocrx_word' id='word_1_306' title='bbox 1068 1370 1148 1412; x_wconf 90' lang='lat' dir='ltr'>bas</span> <span class='ocrx_word' id='word_1_307' title='bbox 1177 1371 1316 1412; x_wconf 91' lang='lat' dir='ltr'>sancti</span> <span class='ocrx_word' id='word_1_308' title='bbox 1342 1371 1528 1424; x_wconf 86' lang='lat' dir='ltr'>Spiritus</span> <span class='ocrx_word' id='word_1_309' title='bbox 1555 1369 1817 1412; x_wconf 86' lang='lat' dir='ltr'>charismata</span> <span class='ocrx_word' id='word_1_310' title='bbox 1844 1367 1897 1409; x_wconf 88' lang='lat' dir='ltr'>si-</span> 
     </span>
     <span class='ocr_line' id='line_1_67' title="bbox 1070 1426 1897 1479; baseline -0.002 -12"><span class='ocrx_word' id='word_1_311' title='bbox 1070 1430 1266 1478; x_wconf 76' lang='lat' dir='ltr'>gnantur.</span> <span class='ocrx_word' id='word_1_312' title='bbox 1307 1429 1392 1479; x_wconf 92' lang='lat' dir='ltr'>Qui</span> <span class='ocrx_word' id='word_1_313' title='bbox 1420 1432 1566 1469; x_wconf 90' lang='lat' dir='ltr'>autem</span> <span class='ocrx_word' id='word_1_314' title='bbox 1594 1430 1695 1468; x_wconf 87' lang='lat' dir='ltr'>sunt</span> <span class='ocrx_word' id='word_1_315' title='bbox 1719 1426 1766 1467; x_wconf 93' lang='lat' dir='ltr'>in</span> <span class='ocrx_word' id='word_1_316' title='bbox 1791 1429 1897 1467; x_wconf 88' lang='lat' dir='ltr'>tem-</span> 
     </span>
     <span class='ocr_line' id='line_1_68' title="bbox 1070 1480 1898 1536; baseline -0.004 -11"><span class='ocrx_word' id='word_1_317' title='bbox 1070 1484 1145 1536; x_wconf 91' lang='lat' dir='ltr'>plo</span> <span class='ocrx_word' id='word_1_318' title='bbox 1172 1484 1254 1526; x_wconf 87' lang='lat' dir='ltr'>Dei</span> <span class='ocrx_word' id='word_1_319' title='bbox 1278 1484 1420 1534; x_wconf 70' lang='lat' dir='ltr'>hodie,</span> <span class='ocrx_word' id='word_1_320' title='bbox 1449 1484 1523 1536; x_wconf 93' lang='lat' dir='ltr'>qui</span> <span class='ocrx_word' id='word_1_321' title='bbox 1546 1481 1773 1525; x_wconf 75' lang='lat' dir='ltr'>columbas</span> <span class='ocrx_word' id='word_1_322' title='bbox 1796 1480 1898 1523; x_wconf 75' lang='lat' dir='ltr'>ven&#39;-</span> 
     </span>
     <span class='ocr_line' id='line_1_69' title="bbox 1071 1538 1898 1593; baseline -0.002 -12"><span class='ocrx_word' id='word_1_323' title='bbox 1071 1539 1189 1590; x_wconf 91' lang='lat' dir='ltr'>dunt,</span> <span class='ocrx_word' id='word_1_324' title='bbox 1216 1541 1299 1582; x_wconf 89' lang='lat' dir='ltr'>nisi</span> <span class='ocrx_word' id='word_1_325' title='bbox 1324 1541 1398 1593; x_wconf 93' lang='lat' dir='ltr'>qui</span> <span class='ocrx_word' id='word_1_326' title='bbox 1421 1541 1465 1582; x_wconf 93' lang='lat' dir='ltr'>in</span> <span class='ocrx_word' id='word_1_327' title='bbox 1488 1539 1687 1581; x_wconf 79' lang='lat' dir='ltr'>Ecclesia</span> <span class='ocrx_word' id='word_1_328' title='bbox 1709 1538 1898 1592; x_wconf 85' lang='lat' dir='ltr'>pretium</span> 
     </span>
     <span class='ocr_line' id='line_1_70' title="bbox 1070 1594 1898 1650; baseline -0.004 -12"><span class='ocrx_word' id='word_1_329' title='bbox 1070 1595 1124 1638; x_wconf 91' lang='lat' dir='ltr'>de</span> <span class='ocrx_word' id='word_1_330' title='bbox 1165 1597 1446 1650; x_wconf 71' lang='lat' dir='ltr'>impositione</span> <span class='ocrx_word' id='word_1_331' title='bbox 1479 1607 1634 1637; x_wconf 88' lang='lat' dir='ltr'>manus</span> <span class='ocrx_word' id='word_1_332' title='bbox 1668 1594 1898 1648; x_wconf 89' lang='lat' dir='ltr'>accipiunt,</span> 
     </span>
     <span class='ocr_line' id='line_1_71' title="bbox 1070 1651 1899 1705; baseline -0.004 -11"><span class='ocrx_word' id='word_1_333' title='bbox 1070 1666 1149 1705; x_wconf 93' lang='lat' dir='ltr'>per</span> <span class='ocrx_word' id='word_1_334' title='bbox 1183 1666 1314 1705; x_wconf 87' lang='lat' dir='ltr'>quam</span> <span class='ocrx_word' id='word_1_335' title='bbox 1343 1651 1548 1694; x_wconf 86' lang='lat' dir='ltr'>videlicet</span> <span class='ocrx_word' id='word_1_336' title='bbox 1574 1651 1899 1704; x_wconf 75' lang='lat' dir='ltr'>impositienem</span> 
     </span>
     <span class='ocr_line' id='line_1_72' title="bbox 1069 1704 1842 1762; baseline -0.003 -12"><span class='ocrx_word' id='word_1_337' title='bbox 1069 1709 1257 1762; x_wconf 84' lang='lat' dir='ltr'>Spiritus</span> <span class='ocrx_word' id='word_1_338' title='bbox 1285 1713 1462 1750; x_wconf 90' lang='lat' dir='ltr'>sanctus</span> <span class='ocrx_word' id='word_1_339' title='bbox 1490 1707 1663 1750; x_wconf 73' lang='lat' dir='ltr'>coelitus</span> <span class='ocrx_word' id='word_1_340' title='bbox 1692 1704 1842 1749; x_wconf 85' lang='lat' dir='ltr'>datur?</span> 
     </span>
    </p>

    <p class='ocr_par' dir='ltr' id='par_1_12' title="bbox 1127 1765 1706 1818">
     <span class='ocr_line' id='line_1_73' title="bbox 1127 1765 1706 1818; baseline -0.003 -12"><span class='ocrx_word' id='word_1_341' title='bbox 1127 1765 1174 1815; x_wconf 62' lang='lat' dir='ltr'>Ru</span> <span class='ocrx_word' id='word_1_342' title='bbox 1203 1765 1403 1807; x_wconf 88' lang='lat' dir='ltr'>Paradisi</span> <span class='ocrx_word' id='word_1_343' title='bbox 1429 1770 1593 1818; x_wconf 88' lang='lat' dir='ltr'>portas.</span> <span class='ocrx_word' id='word_1_344' title='bbox 1620 1765 1706 1805; x_wconf 92' lang='lat'><strong>133.</strong></span> 
     </span>
    </p>

    <p class='ocr_par' dir='ltr' id='par_1_13' title="bbox 1071 1818 1900 2090">
     <span class='ocr_line' id='line_1_74' title="bbox 1126 1818 1899 1863; baseline -0.001 -2"><span class='ocrx_word' id='word_1_345' title='bbox 1126 1821 1194 1862; x_wconf 77' lang='lat' dir='ltr'>Ad</span> <span class='ocrx_word' id='word_1_346' title='bbox 1215 1821 1376 1862; x_wconf 82' lang='lat' dir='ltr'>Bened.</span> <span class='ocrx_word' id='word_1_347' title='bbox 1403 1822 1500 1861; x_wconf 83' lang='lat' dir='ltr'>Ant.</span> <span class='ocrx_word' id='word_1_348' title='bbox 1527 1821 1713 1863; x_wconf 78' lang='lat' dir='ltr'>Intravit</span> <span class='ocrx_word' id='word_1_349' title='bbox 1730 1820 1858 1862; x_wconf 82' lang='lat' dir='ltr'>Jesus</span> <span class='ocrx_word' id='word_1_350' title='bbox 1875 1818 1899 1844; x_wconf 84' lang='grc'><strong><em>*</em></strong></span> 
     </span>
     <span class='ocr_line' id='line_1_75' title="bbox 1071 1876 1900 1933; baseline -0.005 -12"><span class='ocrx_word' id='word_1_351' title='bbox 1071 1880 1114 1920; x_wconf 93' lang='lat' dir='ltr'>in</span> <span class='ocrx_word' id='word_1_352' title='bbox 1129 1879 1342 1933; x_wconf 91' lang='lat' dir='ltr'>templum</span> <span class='ocrx_word' id='word_1_353' title='bbox 1356 1879 1451 1927; x_wconf 92' lang='lat' dir='ltr'>Dei,</span> <span class='ocrx_word' id='word_1_354' title='bbox 1471 1883 1515 1920; x_wconf 92' lang='lat' dir='ltr'>et</span> <span class='ocrx_word' id='word_1_355' title='bbox 1534 1876 1733 1930; x_wconf 87' lang='lat' dir='ltr'>ejiciebat</span> <span class='ocrx_word' id='word_1_356' title='bbox 1747 1888 1900 1918; x_wconf 86' lang='lat' dir='ltr'>omnes</span> 
     </span>
     <span class='ocr_line' id='line_1_76' title="bbox 1072 1936 1900 1978; baseline -0.005 -1"><span class='ocrx_word' id='word_1_357' title='bbox 1072 1936 1312 1978; x_wconf 84' lang='lat' dir='ltr'>vendentes</span> <span class='ocrx_word' id='word_1_358' title='bbox 1340 1941 1384 1978; x_wconf 89' lang='lat' dir='ltr'>et</span> <span class='ocrx_word' id='word_1_359' title='bbox 1412 1937 1622 1977; x_wconf 83' lang='lat' dir='ltr'>ementes:</span> <span class='ocrx_word' id='word_1_360' title='bbox 1655 1938 1699 1975; x_wconf 90' lang='lat' dir='ltr'>et</span> <span class='ocrx_word' id='word_1_361' title='bbox 1725 1945 1900 1974; x_wconf 86' lang='lat' dir='ltr'>mensas</span> 
     </span>
     <span class='ocr_line' id='line_1_77' title="bbox 1072 1988 1899 2041; baseline -0.006 -7"><span class='ocrx_word' id='word_1_362' title='bbox 1072 1992 1469 2041; x_wconf 68' lang='lat' dir='ltr'>nummulariorum,</span> <span class='ocrx_word' id='word_1_363' title='bbox 1486 1996 1530 2032; x_wconf 92' lang='lat' dir='ltr'>et</span> <span class='ocrx_word' id='word_1_364' title='bbox 1549 1988 1780 2032; x_wconf 81' lang='lat' dir='ltr'>cathedras</span> <span class='ocrx_word' id='word_1_365' title='bbox 1799 2002 1899 2030; x_wconf 88' lang='lat' dir='ltr'>ven-</span> 
     </span>
     <span class='ocr_line' id='line_1_78' title="bbox 1073 2046 1718 2090; baseline -0.005 0"><span class='ocrx_word' id='word_1_366' title='bbox 1073 2048 1268 2090; x_wconf 78' lang='lat' dir='ltr'>dentium</span> <span class='ocrx_word' id='word_1_367' title='bbox 1296 2048 1523 2090; x_wconf 78' lang='lat' dir='ltr'>columbas</span> <span class='ocrx_word' id='word_1_368' title='bbox 1552 2046 1718 2088; x_wconf 88' lang='lat' dir='ltr'>evertit.</span> 
     </span>
    </p>

    <p class='ocr_par' dir='ltr' id='par_1_14' title="bbox 1074 2103 1902 2427">
     <span class='ocr_line' id='line_1_79' title="bbox 1403 2103 1567 2143; baseline -0.006 0"><span class='ocrx_word' id='word_1_369' title='bbox 1403 2103 1567 2143; x_wconf 83' lang='lat' dir='ltr'>Oratio.</span> 
     </span>
     <span class='ocr_line' id='line_1_80' title="bbox 1074 2155 1901 2260; baseline -0.005 -57"><span class='ocrx_word' id='word_1_370' title='bbox 1074 2155 1309 2260; x_wconf 82' lang='lat' dir='ltr'>Respice</span> <span class='ocrx_word' id='word_1_371' title='bbox 1329 2161 1517 2202; x_wconf 75' lang='lat' dir='ltr'>Demine</span> <span class='ocrx_word' id='word_1_372' title='bbox 1542 2158 1747 2201; x_wconf 88' lang='lat' dir='ltr'>familiam</span> <span class='ocrx_word' id='word_1_373' title='bbox 1770 2162 1901 2207; x_wconf 91' lang='lat' dir='ltr'>tuam,</span> 
     </span>
     <span class='ocr_line' id='line_1_81' title="bbox 1190 2215 1901 2270; baseline -0.006 -11"><span class='ocrx_word' id='word_1_374' title='bbox 1190 2224 1233 2259; x_wconf 90' lang='lat' dir='ltr'>et</span> <span class='ocrx_word' id='word_1_375' title='bbox 1262 2222 1439 2270; x_wconf 87' lang='lat' dir='ltr'>praesta:</span> <span class='ocrx_word' id='word_1_376' title='bbox 1472 2222 1520 2258; x_wconf 91' lang='lat' dir='ltr'>ut</span> <span class='ocrx_word' id='word_1_377' title='bbox 1553 2215 1672 2269; x_wconf 89' lang='lat' dir='ltr'>apud</span> <span class='ocrx_word' id='word_1_378' title='bbox 1704 2220 1749 2257; x_wconf 86' lang='lat' dir='ltr'>tc</span> <span class='ocrx_word' id='word_1_379' title='bbox 1777 2227 1901 2256; x_wconf 86' lang='lat' dir='ltr'>mens</span> 
     </span>
     <span class='ocr_line' id='line_1_82' title="bbox 1075 2272 1901 2324; baseline -0.002 -10"><span class='ocrx_word' id='word_1_380' title='bbox 1075 2278 1223 2315; x_wconf 90' lang='lat' dir='ltr'>nostra</span> <span class='ocrx_word' id='word_1_381' title='bbox 1248 2279 1324 2315; x_wconf 91' lang='lat' dir='ltr'>tuo</span> <span class='ocrx_word' id='word_1_382' title='bbox 1353 2273 1571 2316; x_wconf 89' lang='lat' dir='ltr'>desiderio</span> <span class='ocrx_word' id='word_1_383' title='bbox 1601 2272 1774 2324; x_wconf 82' lang='lat' dir='ltr'>fulgeat,</span> <span class='ocrx_word' id='word_1_384' title='bbox 1803 2283 1901 2323; x_wconf 88' lang='lat' dir='ltr'>quae</span> 
     </span>
     <span class='ocr_line' id='line_1_83' title="bbox 1075 2328 1902 2379; baseline -0.004 -8"><span class='ocrx_word' id='word_1_385' title='bbox 1075 2343 1122 2371; x_wconf 88' lang='lat' dir='ltr'>se</span> <span class='ocrx_word' id='word_1_386' title='bbox 1138 2330 1279 2371; x_wconf 91' lang='lat' dir='ltr'>carnis</span> <span class='ocrx_word' id='word_1_387' title='bbox 1294 2330 1587 2371; x_wconf 67' lang='lat' dir='ltr'>maceratione</span> <span class='ocrx_word' id='word_1_388' title='bbox 1602 2330 1798 2379; x_wconf 84' lang='lat' dir='ltr'>castigat.</span> <span class='ocrx_word' id='word_1_389' title='bbox 1818 2328 1902 2368; x_wconf 89' lang='lat' dir='ltr'>Per</span> 
     </span>
     <span class='ocr_line' id='line_1_84' title="bbox 1075 2387 1322 2427; baseline 0 0"><span class='ocrx_word' id='word_1_390' title='bbox 1075 2387 1322 2427; x_wconf 75' lang='lat' dir='ltr'>Deminum.</span> 
     </span>
    </p>

    <p class='ocr_par' dir='ltr' id='par_1_15' title="bbox 1128 2438 1903 2494">
     <span class='ocr_line' id='line_1_85' title="bbox 1128 2438 1903 2494; baseline 0.006 -17"><span class='ocrx_word' id='word_1_391' title='bbox 1128 2438 1196 2478; x_wconf 68' lang='lat' dir='ltr'>Ad</span> <span class='ocrx_word' id='word_1_392' title='bbox 1237 2439 1406 2485; x_wconf 53' lang='lat' dir='ltr'>Magnis.</span> <span class='ocrx_word' id='word_1_393' title='bbox 1445 2439 1543 2479; x_wconf 73' lang='lat' dir='ltr'>Ant.</span> <span class='ocrx_word' id='word_1_394' title='bbox 1581 2441 1801 2494; x_wconf 81' lang='lat' dir='ltr'>Scriptum</span> <span class='ocrx_word' id='word_1_395' title='bbox 1836 2445 1903 2481; x_wconf 83' lang='lat' dir='ltr'>est</span> 
     </span>
    </p>

    <p class='ocr_par' dir='ltr' id='par_1_16' title="bbox 1077 2496 1903 2550">
     <span class='ocr_line' id='line_1_86' title="bbox 1077 2496 1903 2550; baseline -0.002 -12"><span class='ocrx_word' id='word_1_396' title='bbox 1077 2499 1202 2546; x_wconf 87' lang='lat' dir='ltr'>enim,</span> <span class='ocrx_word' id='word_1_397' title='bbox 1230 2499 1253 2523; x_wconf 87' lang='lat'>*</span> <span class='ocrx_word' id='word_1_398' title='bbox 1282 2499 1382 2550; x_wconf 86' lang='lat' dir='ltr'>quia</span> <span class='ocrx_word' id='word_1_399' title='bbox 1412 2498 1570 2540; x_wconf 89' lang='lat' dir='ltr'>domus</span> <span class='ocrx_word' id='word_1_400' title='bbox 1596 2510 1709 2547; x_wconf 89' lang='lat' dir='ltr'>mea,</span> <span class='ocrx_word' id='word_1_401' title='bbox 1746 2496 1903 2538; x_wconf 90' lang='lat' dir='ltr'>domus</span> 
     </span>
    </p>
   </div>
   <div class='ocr_carea' id='block_1_8' title="bbox 1063 2553 1903 2606">
    <p class='ocr_par' dir='ltr' id='par_1_17' title="bbox 1063 2553 1903 2606">
     <span class='ocr_line' id='line_1_87' title="bbox 1063 2553 1903 2606; baseline -0.002 -12"><span class='ocrx_word' id='word_1_402' title='bbox 1063 2554 1287 2601; x_wconf 76' lang='lat' dir='ltr'>,oratienis</span> <span class='ocrx_word' id='word_1_403' title='bbox 1311 2559 1378 2595; x_wconf 90' lang='lat' dir='ltr'>est</span> <span class='ocrx_word' id='word_1_404' title='bbox 1401 2555 1568 2596; x_wconf 87' lang='lat' dir='ltr'>cunctis</span> <span class='ocrx_word' id='word_1_405' title='bbox 1587 2553 1804 2606; x_wconf 85' lang='lat' dir='ltr'>gentibus:</span> <span class='ocrx_word' id='word_1_406' title='bbox 1822 2564 1903 2593; x_wconf 87' lang='lat' dir='ltr'>vos</span> 
     </span>
    </p>
   </div>
   <div class='ocr_carea' id='block_1_9' title="bbox 1078 2607 1904 2774">
    <p class='ocr_par' dir='ltr' id='par_1_18' title="bbox 1078 2607 1904 2774">
     <span class='ocr_line' id='line_1_88' title="bbox 1079 2607 1903 2663; baseline -0.004 -12"><span class='ocrx_word' id='word_1_407' title='bbox 1079 2616 1224 2651; x_wconf 82' lang='lat' dir='ltr'>autem</span> <span class='ocrx_word' id='word_1_408' title='bbox 1248 2610 1410 2651; x_wconf 91' lang='lat' dir='ltr'>fecistis</span> <span class='ocrx_word' id='word_1_409' title='bbox 1434 2610 1552 2651; x_wconf 89' lang='lat' dir='ltr'>illam</span> <span class='ocrx_word' id='word_1_410' title='bbox 1573 2609 1826 2663; x_wconf 78' lang='lat' dir='ltr'>speluncam</span> <span class='ocrx_word' id='word_1_411' title='bbox 1845 2607 1903 2649; x_wconf 90' lang='lat' dir='ltr'>la-</span> 
     </span>
     <span class='ocr_line' id='line_1_89' title="bbox 1078 2664 1904 2774; baseline -0.002 -68"><span class='ocrx_word' id='word_1_412' title='bbox 1078 2668 1265 2774; x_wconf 50' lang='lat' dir='ltr'>{gffilgltg:</span> <span class='ocrx_word' id='word_1_413' title='bbox 1286 2671 1329 2707; x_wconf 92' lang='lat' dir='ltr'>et</span> <span class='ocrx_word' id='word_1_414' title='bbox 1348 2671 1441 2707; x_wconf 88' lang='lat' dir='ltr'>erat</span> <span class='ocrx_word' id='word_1_415' title='bbox 1461 2667 1656 2718; x_wconf 88' lang='lat' dir='ltr'>quotidie</span> <span class='ocrx_word' id='word_1_416' title='bbox 1677 2665 1841 2708; x_wconf 89' lang='lat' dir='ltr'>docens</span> <span class='ocrx_word' id='word_1_417' title='bbox 1860 2664 1904 2704; x_wconf 92' lang='lat' dir='ltr'>in</span> 
     </span>
    </p>
   </div>
  </div>
 </body>
</html>
