2066 2904
595 186 662 218 lm·
687 186 715 217 7.
746 185 842 223 Maii.
898 186 931 217 S.
958 183 1141 217 stanislai
1170 183 1295 225 Epist:
1323 190 1358 216 et
1387 184 1491 216 Mart.

187 284 306 336 quod
330 285 374 324 in
397 283 592 325 secundo
617 283 810 325 adventu
834 283 1013 335 promit-

184 340 304 390 titur,
332 340 376 380 in
400 340 543 392 primo
569 352 666 381 esse
686 337 1013 390 complendum3

184 401 228 436 et
248 395 457 437 aviditate
483 396 669 437 feminea
687 394 923 448 praesentia
943 406 1012 434 eu-

183 451 258 502 pit,
277 453 507 492 immemor
526 451 782 492 futurorum.

240 511 289 560 R.
319 508 414 558 Ego
448 521 545 548 sum
576 508 677 549 vitis
709 520 823 556 vera,
857 510 901 547 et
933 518 1013 546 vos

182 561 400 614 palmites:
431 566 451 587 ¹⁸
479 563 564 613 Qui
595 568 742 604 manet
775 563 818 603 in
850 574 937 611 me,
970 566 1014 602 et

183 630 265 669 ego
285 619 328 659 in
349 632 414 668 eo,
431 619 502 660 hic
518 620 601 661 fert
615 619 804 661 fructum
817 618 1013 666 multum,

182 673 368 726 alleluia,
401 675 583 726 alleluja.
628 671 676 720 Y.
708 675 829 717 Sicut
861 674 1013 716 dilexit

182 742 251 771 me
271 731 412 781 Pater,
433 731 731 824 etlegodileiri
750 743 842 773 vos.
871 731 966 780 Qui.

494 793 622 825 „ectlo
647 800 727 825 vm.

186 836 386 940 Mater
408 842 621 896 postulat,
650 848 693 884 et
711 842 927 884 Dominus
951 842 1012 884 di·

311 899 493 952 scipulis
524 899 732 951 loquitur:
763 899 1011 950 intelligens

180 969 335 1009 preces
356 957 446 1008 ejus
466 969 521 998 ex
537 956 725 996 filiorum
743 954 1011 997 descendere

182 1013 419 1055 voluntate.
475 1012 668 1054 Potestis
713 1012 865 1053 bibere
911 1011 1010 1053 cali-

181 1082 286 1118 cem,
308 1081 438 1119 quem
457 1081 539 1119 ego
554 1068 772 1110 bibiturus
792 1066 912 1109 sum?
934 1069 1011 1110 Ca-

182 1125 310 1166 licem
335 1125 379 1164 in
397 1125 632 1176 Scripturis
658 1124 817 1166 divinis
845 1125 1012 1177 passio-

183 1193 282 1221 nem
306 1180 603 1230 intelligimus,
633 1181 754 1232 juxta
778 1180 903 1222 illud:
934 1181 1012 1221 Pa-

182 1241 263 1285 ter,
290 1237 326 1276 si
346 1236 557 1288 possibile
577 1242 659 1285 est,
683 1239 879 1278 transeat
898 1250 924 1278 a
943 1250 1012 1278 me

182 1292 295 1333 calix
314 1292 409 1333 iste.
446 1292 503 1333 Et
526 1292 569 1333 in
587 1292 781 1333 Psalmo:
809 1291 926 1343 Quid
948 1306 1012 1334 re-

180 1347 370 1389 tribuam
384 1348 576 1390 Domino
592 1361 673 1400 pro
694 1348 896 1390 omnibus
913 1362 1012 1401 quae

182 1403 380 1444 retribuit
411 1403 539 1444 mihi?
586 1404 778 1445 Calicem
810 1401 1012 1446 salutaris

181 1459 411 1512 accipiam,
441 1465 484 1502 et
508 1473 668 1501 nomen
687 1461 865 1501 Domini
891 1461 1010 1503 invo-

181 1514 303 1556 cabo.
357 1516 601 1568 Statimque
636 1517 766 1558 infert
799 1517 896 1569 quis
928 1517 1010 1559 iste

181 1571 236 1612 sit
273 1571 398 1613 calix:
442 1573 642 1614 Pretiosa
682 1573 726 1613 in
768 1575 1009 1626 conspectu

180 1627 357 1668 Domini
374 1641 494 1669 mors
513 1631 764 1670 sanctorum
784 1631 887 1682 ejus.

236 1686 286 1735 R.
324 1684 510 1726 Candidi
542 1685 646 1727 facti
679 1691 779 1727 sunt
810 1686 1012 1728 Nazaraei

181 1739 287 1790 ejus,
312 1739 497 1792 alleluia3
523 1741 803 1793 splendorem
821 1742 919 1784 Deo
939 1742 1011 1784 de—

182 1794 355 1844 derunt,
381 1795 566 1847 alleluja:
588 1801 608 1823 *
629 1798 685 1838 Et
710 1798 823 1839 sicut
848 1798 917 1840 lac
941 1811 1011 1840 eo-

181 1850 344 1900 agulati
361 1855 471 1901 sunt,
491 1852 673 1905 alleluja,
692 1853 804 1895 allel.
835 1849 883 1900 Y.
904 1854 1012 1896 Can—

183 1905 374 1947 didiores
394 1907 508 1958 nive,
535 1909 762 1951 nitidiores
785 1910 916 1960 lacte,
944 1923 1012 1952 ru·

181 1961 462 2005 bicundiores
499 1964 633 2006 ebore
670 1968 870 2018 antiquo,
915 1980 1012 2021 sap—

181 2016 310 2069 phiro
330 2019 614 2071 pulchriores.
642 2022 709 2063 Et.
740 2022 901 2064 Gloria.
928 2024 996 2066 Et.

485 2076 636 2118 Lectio
657 2079 710 2117 ix.

187 2108 454 2229 Quaeritur,
475 2133 700 2185 quomodo
715 2135 897 2177 calicem
910 2150 1015 2178 mar-

280 2188 382 2240 tyrii
400 2188 478 2229 filii
498 2189 720 2239 Zebedaei,
740 2192 764 2232 J
767 2192 933 2234 acobus
953 2193 1013 2234 vi·
1074 2191 1155 2248 ³*ss

185 2242 344 2285 delicet
371 2249 415 2286 et
442 2245 467 2285 J
470 2248 651 2295 oannes,
671 2246 875 2290 biberint:
915 2262 1014 2290 cum

185 2299 408 2352 Scriptura
426 2307 588 2351 narret,
611 2302 635 2343 J
638 2303 826 2345 acobum
843 2309 1014 2346 tantum

186 2354 449 2406 Apostolum
469 2357 523 2398 ab
540 2358 720 2400 Herode
736 2361 882 2412 capite
896 2366 1013 2402 trun-

188 2411 349 2459 catum,
400 2412 590 2455 Joannes
642 2420 789 2456 autem
833 2417 1014 2469 propria

187 2471 326 2507 morte
354 2467 488 2509 vitam
515 2470 685 2512 finierit.
722 2471 810 2513 Sed
837 2472 874 2512 si
899 2472 1013 2523 lega-

187 2533 283 2561 mus
328 2523 646 2567 ecclesiastieas
691 2527 915 2577 historias,
971 2529 1014 2569 in

190 2576 347 2627 quibus
375 2578 525 2630 fertur,
568 2582 688 2634 quod
721 2588 764 2625 et
790 2584 886 2636 ipse
914 2597 1013 2637 pro-

188 2636 287 2682 pter
312 2635 564 2685 martyrium
592 2638 648 2679 sit
674 2639 835 2680 missus
863 2639 906 2679 in
934 2640 1013 2681 fer-

188 2687 329 2728 ventis
349 2687 434 2729 olei
454 2689 633 2742 dolium,
660 2699 703 2735 et
726 2693 827 2736 inde
846 2694 903 2736 ad
923 2708 1014 2736 sus-

1067 278 1315 331 cipiendam
1334 281 1545 320 coronam
1560 277 1724 320 Christi
1738 276 1902 319 athleta

1065 335 1344 387 processerit,
1364 337 1601 386 statimque
1621 333 1843 384 relegatus
1857 333 1901 374 in

1066 391 1245 433 Patmos
1293 391 1479 432 insulam
1532 391 1603 432 sit:
1654 389 1902 431 videbimus

1065 446 1276 498 martyrio
1301 447 1492 487 animum
1510 459 1599 488 non
1619 446 1830 494 defuisse,
1857 449 1902 486 et

1065 502 1231 544 bibisse
1264 503 1479 544 Joannem
1514 502 1697 543 calicem
1733 501 1901 542 confes·

1066 559 1222 607 sionis,
1255 571 1387 610 quem
1416 563 1460 600 et
1486 563 1577 600 tres
1604 557 1732 611 pueri
1760 557 1804 597 in
1833 569 1901 598 ca·

1065 616 1184 656 mino
1204 614 1316 666 ignis
1334 613 1556 664 biberunt,
1575 613 1679 655 licet
1696 616 1900 666 persecu-

1065 675 1136 712 tor
1154 683 1244 712 non
1261 669 1424 711 foderit
1443 670 1710 720 sanguinem.

1123 727 1183 768 Te
1201 727 1347 768 Deum
1364 725 1607 768 laudamus.
1625 726 1686 766 15.

1123 788 1164 821 In
1191 787 1234 821 11.
1263 787 1377 828 vesp.
1404 786 1443 818 lit
1469 794 1665 818 commem.
1691 794 1797 826 sequ.

1346 872 1432 914 Die
1452 871 1490 913 7.
1509 871 1623 924 Maji.

1144 942 1187 983 S.
1206 940 1450 982 stanislai
1476 939 1618 991 Episc.
1639 943 1682 979 et
1700 937 1825 978 Mart.

1403 1002 1568 1046 Duplex.

1123 1061 1261 1095 Omnia
1307 1060 1353 1094 de
1394 1058 1598 1094 Communi
1638 1056 1752 1091 unius
1790 1054 1898 1089 Mart.

1070 1115 1181 1152 temp.
1210 1108 1343 1142 Pasch.
1366 1108 1440 1152 [38]
1469 1111 1611 1149 praeter
1636 1115 1742 1148 sequ.

1123 1162 1221 1201 Ant.
1254 1160 1349 1200 Lux
1374 1160 1592 1212 perpetua
1615 1158 1780 1200 lucebit
1805 1170 1900 1199 san-

1066 1215 1147 1257 ctis
1164 1215 1251 1257 tuis
1267 1216 1468 1265 Domine,
1488 1220 1532 1257 et
1550 1215 1775 1257 aeternitas
1792 1216 1900 1256 tem-

1064 1285 1235 1324 porum,
1255 1272 1440 1324 alleluja.

1125 1326 1172 1376 X.
1186 1328 1336 1370 Sancti
1356 1333 1399 1370 et
1414 1327 1516 1380 justi
1530 1327 1574 1368 in
1587 1326 1782 1369 Domino
1796 1339 1899 1378 gau-

1066 1383 1184 1433 dete,
1211 1384 1395 1436 alleluja.
1442 1388 1492 1439 R.
1507 1383 1604 1425 Vos
1627 1382 1760 1434 elegit
1778 1382 1901 1424 Deus

1065 1440 1109 1480 in
1128 1439 1437 1482 haereditatem
1456 1439 1550 1490 sibi,
1569 1439 1755 1492 alleluia.

1407 1505 1572 1546 Oratio.

1156 1570 1246 1606 eus,
1264 1570 1346 1610 pro
1364 1558 1485 1610 cujus
1498 1556 1668 1598 honore
1682 1555 1902 1607 gloriosus

1069 1560 1367 1665 DPontifex
1385 1613 1630 1655 Stanislaus
1649 1610 1808 1663 gladiis
1825 1611 1902 1652 im-

1065 1670 1242 1723 piorum
1273 1669 1495 1711 occubuit:
1530 1673 1698 1722 praesta
1730 1669 1901 1720 quaesu-

1064 1739 1178 1775 mus;
1203 1731 1251 1767 ut
1275 1738 1427 1768 omnes
1452 1725 1527 1777 qui
1551 1726 1643 1777 ejus
1664 1723 1903 1777 implorant

1066 1781 1289 1832 auxilium,
1306 1781 1534 1834 petitionis
1553 1793 1646 1822 suae
1665 1780 1902 1822 salutarem

1067 1839 1395 1890 consequantur
1418 1836 1635 1879 effectum.
1669 1837 1755 1878 Per
1773 1836 1901 1877 Dfim.

1123 1900 1165 1933 ln
1195 1900 1221 1933 I.
1252 1900 1451 1934 Nocturno
1487 1899 1692 1933 Lectiones
1728 1898 1775 1932 de
1804 1897 1904 1932 Scri-

1070 1953 1181 1990 ptura
1207 1953 1441 1982 oecurrente.

1295 2014 1345 2052 In
1372 2013 1423 2052 ΙΙ.
1451 2012 1676 2052 Nocturno.

1377 2073 1529 2113 Lectio
1550 2073 1602 2112 iv.

1074 2135 1384 2191 V'Nltanislaus
1412 2134 1623 2184 PolonuS,
1651 2134 1771 2188 apud
1799 2136 1900 2178 Cra-

1091 2243 1096 2247 .
1126 2189 1139 2197 “’
1190 2192 1362 2233 coviam
1393 2191 1531 2233 nobili
1565 2192 1726 2242 genere
1756 2196 1901 2242 natus,

1097 2253 1158 2275 2²²
1191 2253 1235 2290 et
1259 2248 1344 2301 piis
1370 2247 1747 2301 parentibus,·qui
1772 2249 1902 2289 antea

1067 2317 1146 2357 per
1165 2317 1304 2345 annos
1322 2304 1502 2355 triginta
1525 2303 1711 2352 steriles,
1734 2303 1857 2345 illum
1875 2315 1903 2344 a

1068 2360 1166 2402 Deo
1190 2359 1398 2413 precibus
1424 2360 1731 2412 impetrarunt,
1759 2359 1815 2401 ab
1839 2359 1900 2400 in-

1068 2419 1199 2458 eunte
1218 2418 1351 2457 aetate
1370 2415 1530 2457 futurae
1546 2415 1789 2456 sanctitatis
1804 2417 1900 2467 spe-

1068 2471 1210 2513 cimen
1229 2470 1362 2513 dedit.
1394 2470 1670 2512 Adolescens
1689 2470 1817 2520 bonis
1837 2473 1901 2512 ar-

1067 2527 1186 2569 tibus
1206 2529 1388 2579 operam
1406 2527 1599 2576 navavit,
1627 2526 1902 2578 multumque

1067 2584 1111 2625 in
1154 2596 1279 2625 sacra
1322 2585 1538 2624 canonum
1582 2587 1626 2624 et
1662 2582 1902 2634 theologiae

1069 2639 1270 2682 doctrina
1287 2639 1491 2692 profecit:
1511 2638 1768 2691 parentibus
1787 2641 1901 2681 mor-

1067 2696 1169 2747 tuis,
1194 2695 1389 2748 amplum
1406 2695 1719 2748 patrimonium
1738 2696 1901 2748 paupe—
