2066 2904
466 165 675 199 Commune
701 163 813 197 unius
840 163 1020 207 Martyris
1046 166 1152 195 extra
1179 166 1328 204 tempus
1356 160 1553 194 paschale.

428 260 527 301 Alia
547 260 709 300 Oratio.

240 334 332 371 eus,
362 320 436 373 qui
453 332 534 361 nos
554 319 672 361 beati
696 320 748 360 N.
774 318 980 370 Martyris

257 378 320 420 tui
344 381 475 429 atque
491 375 717 418 Pontificis
746 377 889 416 annua
913 387 980 416 so-

151 434 375 476 lemnitate
407 432 619 474 laetificas:
660 430 854 473 concede
881 444 980 483 pro-

154 491 300 544 pitius3
336 495 384 531 ut
412 490 533 541 cuius
563 488 758 530 natalitia
787 487 981 537 colimus,

154 547 209 589 de
229 545 423 599 ejusdem
439 546 569 587 etiam
587 545 864 598 protecti6ne
879 557 980 595 gau-

153 603 345 645 deamus.
379 603 465 644 Per
483 602 720 643 Dominum
739 605 948 642 nostrum.

315 678 400 718 Pro
423 678 613 735 Martyre
634 684 811 719 tantum.

486 744 647 785 Oratio.

236 808 382 853 raesta,
421 805 670 856 quaesumus
703 803 980 854 omnipotens

257 861 392 902 Deus:
412 864 460 901 ut
475 859 549 911 qui
562 858 682 900 beati
704 858 755 898 N.
774 858 981 910 Martyris

153 918 217 959 tui
235 916 430 959 natalitia
449 915 643 965 coIimus‚
669 913 981 956 intercessione

154 974 244 1026 ejus
268 973 312 1014 in
335 973 400 1015 tui
423 972 609 1013 nominis
635 973 784 1013 amore
803 970 981 1012 robore-

152 1043 259 1071 mur.
291 1030 378 1072 Per
395 1029 633 1070 D6minum
652 1033 860 1070 nostrum.

423 1096 521 1136 Alia
543 1095 706 1136 Oratio.

235 1161 382 1206 raesta,
420 1157 669 1209 quaesumus
703 1157 981 1208 omnipotens

252 1214 388 1255 Deus:
424 1218 487 1263 ut,
523 1211 821 1254 intercedente
849 1211 981 1254 beato

149 1272 202 1312 N.
239 1270 433 1322 Martyre
465 1274 559 1318 tuo,
593 1274 636 1311 et
663 1282 688 1310 a
714 1269 882 1310 cunetis
909 1268 981 1310 ad-

153 1326 433 1369 versitatibus
458 1325 691 1367 liberemur
717 1326 760 1366 in
784 1328 981 1379 corpore,

154 1389 198 1426 et
222 1397 248 1424 a
270 1383 419 1436 pravis
442 1381 780 1434 cogitatienibus
804 1382 981 1424 munde-

153 1453 250 1481 mur
268 1440 312 1480 in
329 1444 485 1481 mente.
520 1439 605 1480 Per
625 1439 873 1480 Dominum.

315 1512 403 1553 Ad
429 1511 818 1553 matutinum.

203 1575 325 1616 Invit.
364 1575 530 1625 Regem
547 1574 805 1626 Martyrum,
833 1574 982 1616 Domi-

153 1633 303 1681 num‚*
337 1631 509 1680 Venite,
537 1630 782 1672 adoremus.

204 1689 271 1728 Ps.
310 1689 475 1737 Venite,
503 1687 781 1729 exsultemus.
808 1689 844 1729 2.

201 1746 410 1796 Hymnus.
447 1744 565 1786 Deus
586 1746 763 1786 tuorum
785 1744 981 1786 militum.

150 1807 196 1842 ut
218 1814 359 1853 supra.
381 1800 463 1854 [24]

381 1881 430 1920 In
457 1881 486 1920 Ι.
515 1881 738 1921 Nocturno.

203 1944 302 1985 Ant.
327 1945 377 1986 In
395 1945 492 1997 lege
506 1946 721 1987 Domini*
737 1945 817 1987 fuit
831 1945 981 1988 volun—

155 2005 223 2042 tas
244 2001 334 2054 ejus
355 2001 426 2044 die
445 2015 497 2044 ac
516 2007 657 2044 nocte.
719 2009 723 2012 “

435 2070 635 2110 Psalmus
665 2072 693 2109 1.

167 2134 179 2183 s
191 2134 390 2183 jjjffieatus
404 2131 481 2182 vir,
498 2132 572 2184 qui
592 2145 680 2173 non
695 2132 803 2174 abiit
817 2133 861 2174 in
881 2146 981 2175 con-

190 2185 259 2248 {21st
283 2187 381 2229 silio
401 2188 647 2241 impiorum,
667 2193 711 2231 et
729 2189 773 2230 in
792 2190 863 2231 via
882 2203 981 2243 pec—

167 2240 259 2267 Ῡ--ῑΨ
283 2246 481 2286 catorum
514 2257 603 2287 non
634 2246 770 2296 stetit,
802 2246 826 2272 *
860 2252 904 2288 et
936 2247 981 2288 in

155 2299 364 2342 cathedra
383 2301 645 2354 pestilentiae
665 2315 753 2344 non
772 2302 900 2345 sedit:

148 2367 151 2373 ·
206 2356 293 2398 Sed
307 2358 351 2398 in
366 2357 462 2409 lege
472 2358 651 2399 Domini
662 2359 865 2401 voluntas
880 2361 981 2412 ejus,

154 2413 178 2439 *
198 2418 242 2454 et
260 2414 305 2454 in
321 2413 417 2466 lege
432 2416 523 2467 ejus
542 2415 826 2458 meditabitur
843 2416 914 2458 die
929 2429 981 2457 ac

155 2475 296 2512 nocte.

205 2526 263 2568 Et
289 2527 372 2569 erit
397 2532 623 2580 tamquam
650 2529 833 2580 lignum,
862 2529 981 2581 quod

154 2581 398 2634 plantatum
409 2589 476 2625 est
491 2597 617 2626 secus
629 2585 840 2627 decursus
851 2588 980 2637 aqua-

154 2651 262 2702 rum⁷
288 2640 312 2666 *
340 2639 459 2692 quod
487 2641 676 2683 fructum
705 2655 831 2683 suum
858 2641 981 2683 dabit

155 2707 199 2735 m
218 2696 418 2749 tempore
437 2710 533 2739 suo:

1728 117 1734 122 ῃ
1794 156 1863 202 [25]

1085 258 1142 300 Et
1168 258 1323 299 fclium
1351 259 1442 310 ejus
1470 271 1559 300 non
1579 258 1757 300 defluet:
1776 258 1799 283 *
1821 262 1864 299 et

1035 315 1182 356 omnia
1201 318 1491 367 quaecumque
1511 315 1658 365 faciet,
1682 327 1862 368 prospe-

1033 371 1256 413 rabuntur.

1084 428 1187 470 Non
1220 428 1284 470 sic
1316 428 1460 481 impii,
1493 441 1582 470 non
1615 428 1696 469 sic:
1729 428 1752 454 *
1785 427 1864 469 sed

1033 490 1259 537 tamquam
1303 485 1469 538 pulvis,
1513 498 1644 537 quem
1688 485 1864 538 projicit

1034 547 1189 584 ventus
1209 555 1235 583 a
1253 542 1364 584 facie
1382 546 1524 583 terrae.

1085 598 1194 641 Ideo
1218 611 1307 640 non
1333 601 1564 649 resurgent
1588 599 1712 651 impii
1738 599 1781 639 in
1805 599 1863 650 ju-

1035 656 1166 698 dicio:
1191 656 1214 682 *
1240 669 1383 708 neque
1411 657 1671 708 peccatores
1695 656 1739 696 in
1763 668 1864 697 con—

1035 713 1135 755 cilio
1156 714 1380 765 justorum.

1087 770 1305 820 Quoniam
1341 770 1465 811 novit
1496 769 1713 810 Dominus
1747 769 1863 809 viam

1033 828 1262 880 justorum:
1285 827 1308 852 *
1334 832 1378 868 et
1401 827 1483 868 iter
1508 826 1745 878 impiOrum
1768 838 1864 878 per-

1034 883 1124 925 ibit.

1086 942 1185 981 Ant.
1215 941 1265 981 In
1290 940 1387 991 lege
1411 940 1589 981 D6mini
1612 939 1692 982 fuit
1717 939 1865 981 volun-

1033 1003 1101 1039 tas
1121 998 1211 1049 ejus
1232 997 1303 1039 die
1323 1010 1374 1038 ac
1393 1002 1535 1038 nocte.

1086 1056 1184 1096 Ant.
1236 1053 1483 1095 Praedicans
1526 1054 1549 1078 *
1591 1055 1865 1106 praeceptum

1033 1111 1212 1152 Domini
1245 1110 1510 1152 constitutus
1543 1115 1610 1151 est
1641 1110 1684 1150 in
1715 1114 1864 1152 monte

1034 1172 1187 1210 sancto
1218 1168 1319 1219 ejus.

1322 1227 1517 1267 Psalmus
1546 1228 1581 1266 2.

1121 1294 1225 1324 uare
1254 1282 1524 1323 fremuerunt
1553 1280 1736 1330 Gentes,
1769 1280 1792 1305 *
1821 1284 1865 1321 et

1137 1338 1292 1392 populi
1318 1337 1518 1380 meditati
1547 1342 1648 1378 sunt
1677 1336 1847 1378 inania?

1085 1395 1334 1437 Astiterunt
1357 1407 1484 1446 reges
1512 1399 1658 1444 terrae,
1682 1398 1726 1435 et
1749 1396 1864 1446 prin-

1035 1454 1156 1505 cipes
1181 1453 1482 1494 convenerunt
1507 1451 1551 1492 in
1575 1464 1710 1492 unum
1738 1451 1761 1476 *
1790 1450 1863 1491 ad-

1034 1511 1187 1550 versus
1237 1509 1501 1558 Dominum,
1555 1512 1598 1550 et
1652 1507 1863 1549 adversus

1035 1566 1256 1607 Christum
1284 1566 1385 1618 ejus.

1086 1623 1400 1675 Dirumpamus
1433 1621 1607 1663 vincula
1641 1623 1812 1663 edrum:
1840 1621 1863 1645 *

1034 1684 1078 1721 et
1104 1680 1387 1732 projiciamus
1416 1692 1441 1720 a
1469 1678 1597 1720 nobis
1626 1679 1773 1730 jugum
1800 1678 1863 1730 ip-

1034 1738 1194 1778 s6rum.

1086 1794 1171 1844 Qui
1203 1792 1372 1834 habitat
1404 1793 1449 1833 in
1482 1791 1626 1841 coelis,
1662 1790 1863 1832 irridebit

1034 1863 1125 1891 eos:
1140 1851 1163 1876 *
1181 1854 1224 1891 et
1238 1849 1455 1890 Dominus
1471 1848 1759 1890 subsannabit
1774 1861 1862 1890 eos.

1084 1906 1210 1948 Tunc
1250 1906 1455 1958 loquetur
1496 1905 1554 1947 ad
1595 1918 1671 1947 eos
1712 1906 1757 1946 in
1797 1905 1861 1945 ira

1033 1976 1122 2013 sua,
1150 1964 1174 1989 *
1203 1968 1246 2005 et
1273 1963 1318 2003 in
1345 1963 1492 2004 furore
1521 1975 1601 2004 suo
1630 1961 1861 2004 conturba-

1032 2019 1098 2062 bit
1120 2033 1208 2062 eos.

1083 2077 1179 2127 Ego
1200 2081 1347 2118 autem
1366 2077 1631 2118 constitutus
1652 2088 1748 2116 sum
1764 2075 1862 2116 Rex

1033 2132 1088 2175 ab
1109 2146 1162 2175 eo
1182 2146 1314 2186 super
1329 2133 1435 2174 Sion
1450 2138 1646 2174 montem
1661 2136 1862 2173 sanctum

1034 2191 1135 2241 ejus,
1154 2190 1178 2216 *
1196 2189 1446 2243 praedicans
1466 2190 1740 2242 praeceptum
1759 2189 1861 2240 ejus.

1084 2247 1301 2288 Dominus
1330 2246 1441 2288 dixit
1469 2245 1525 2287 ad
1552 2259 1641 2287 me:
1669 2245 1692 2271 *
1725 2245 1861 2286 Filius

1032 2316 1156 2344 meus
1176 2316 1223 2345 es
1241 2307 1300 2353 tu,
1320 2315 1401 2353 ego
1421 2302 1553 2344 hodie
1573 2302 1703 2353 genui
1721 2306 1776 2344 te.

1084 2360 1266 2401 Postula
1290 2373 1315 2401 a
1339 2372 1420 2409 me,
1447 2364 1490 2401 et
1510 2358 1626 2400 dabo
1646 2358 1727 2400 tibi
1747 2359 1860 2401 Gen-

1032 2421 1100 2458 tes
1118 2416 1422 2459 haereditatem
1441 2421 1573 2466 tuam,
1588 2416 1611 2441 *
1631 2420 1674 2457 et
1689 2428 1861 2468 posses-

1033 2473 1203 2515 sionem
1221 2478 1341 2515 tuam
1360 2473 1572 2514 terminos
1590 2477 1731 2514 terrae.

1084 2530 1230 2581 Reges
1259 2542 1335 2571 eos
1363 2529 1407 2570 in
1432 2529 1554 2580 virga
1577 2529 1738 2580 ferrea,
1765 2530 1789 2555 *
1818 2535 1861 2572 et

1031 2591 1257 2638 tamquam
1272 2599 1350 2627 vas
1368 2585 1490 2636 figuli
1510 2586 1758 2638 confringes
1774 2599 1861 2629 eos.

1083 2643 1140 2684 Et
1163 2655 1278 2684 nunc
1297 2655 1424 2692 reges
1443 2642 1687 2694 intelligite:
1715 2644 1739 2669 *
1768 2656 1860 2685 eru-

1033 2698 1186 2740 dimini
1206 2699 1281 2751 qui
1299 2698 1501 2751 judicatis
1521 2704 1695 2741 terram.
