2028 2892
736 163 844 198 Fcriu
872 171 1006 207 quarta
1033 166 1081 199 ad
1108 166 1309 208 Vespera&

218 252 316 294 Nisi
329 252 547 293 Dominus
567 253 828 296 custodierit
848 255 996 296 civita-

164 313 266 358 tem,
284 309 308 334 *
326 308 490 349 frustra
517 309 670 360 vigilat
698 310 773 362 qui
801 311 996 352 custodit

166 377 273 406 eam.

216 421 393 462 Vanum
436 426 504 462 est
540 421 669 463 vobis
711 427 813 464 ante
853 423 996 464 lucem

165 480 361 529 surgere:
379 477 404 503 *
421 478 590 529 surgite
613 484 851 531 postquam
873 479 995 520 sede-

163 533 280 586 ritis,
323 533 399 585 qui
426 534 704 576 manducatis
731 548 891 588 panem
919 535 994 576 do-

163 589 282 630 loris.

215 646 325 687 Cum
362 646 536 688 dederit
578 647 750 689 dilectis
794 648 884 688 suis
927 661 994 689 so-

161 715 328 743 mnum:
355 703 379 729 *
408 715 512 744 ecce
545 703 782 745 haereditas
815 705 994 745 Domini

163 758 257 799 filii:
276 772 457 809 merces,
478 760 647 801 fructus
667 760 848 802 ventris.

214 815 336 857 Sicut
361 818 536 867 sagittae
562 816 607 857 in
627 829 759 858 manu
782 816 994 869 potentis:

162 871 186 896 *
204 871 267 912 ita
284 872 364 913 filii
385 875 683 914 excussorum.

214 928 380 970 Beatus
407 929 474 970 vir
499 930 574 981 qui
598 929 798 982 implevit
824 929 993 971 deside-

161 983 275 1025 rium
296 998 423 1026 suum
444 998 498 1026 ex
515 986 642 1038 ipsis:
663 986 687 1011 *
705 998 792 1027 non
817 986 993 1027 confun-

162 1040 291 1082 detur
326 1054 427 1082 cum
453 1041 659 1094 loquetur
686 1043 874 1084 inimicis
903 1042 993 1083 suis

160 1097 205 1137 in
223 1102 365 1150 porta.

219 1158 319 1196 Ant.
358 1156 455 1199 Non
483 1158 777 1200 confundetur
806 1172 906 1200 cum
933 1158 994 1200 lo-

164 1215 323 1266 quetur
344 1214 532 1255 inimicis
554 1215 645 1255 suis
664 1215 709 1255 in
728 1220 868 1268 porta.

219 1278 317 1318 Ant.
349 1279 484 1320 Beati.

430 1365 625 1404 l'salmus
649 1364 728 1404 127.

161 1428 335 1534 Beati
368 1447 539 1484 omnes,
569 1435 644 1486 qui
678 1435 836 1476 timent
866 1436 993 1485 Dfim,

275 1490 299 1515 *
325 1490 400 1542 qui
423 1490 649 1532 ambulant
674 1491 717 1531 in
741 1491 824 1533 viis
853 1492 954 1543 ejus.

213 1545 412 1588 Labores
444 1549 652 1588 manuum
684 1550 859 1588 tuarum
892 1548 994 1599 quia

161 1602 466 1644 manducabis:
486 1604 510 1629 *
529 1603 687 1646 beatus
717 1616 780 1655 es,
810 1608 854 1645 et
880 1603 993 1645 bene

162 1658 244 1700 tibi
264 1659 358 1701 erit.

214 1715 336 1757 Uxor
355 1721 432 1758 tua
451 1716 566 1758 sicut
584 1716 688 1758 vitis
708 1715 949 1766 abundans,
968 1716 992 1742 *

161 1771 207 1812 in
226 1771 438 1815 lateribus
459 1772 618 1814 domus
636 1777 737 1814 tuae.

212 1828 313 1869 Filii
333 1829 398 1870 tui
422 1829 537 1870 sicut
556 1829 742 1870 novellae
767 1828 992 1879 olivarum,

161 1883 185 1910 *
204 1884 250 1938 in
268 1885 454 1926 circuitu
473 1898 639 1927 mensae
658 1890 758 1926 tuae.

212 1941 330 1983 Ecce
364 1942 428 1983 sic
458 1941 746 1983 benedicetur
779 1942 934 1992 homo,
968 1942 991 1968 *

162 1997 238 2048 qui
258 1997 384 2039 timet
403 1998 653 2039 Dominum.
921 1994 928 2002 ’

213 2053 455 2095 Benedicat
470 2054 552 2096 tibi
567 2054 783 2095 Dominus
801 2067 855 2095 ex
869 2055 991 2095 Sion:

160 2109 184 2134 *
207 2114 251 2150 et
275 2109 427 2151 videas
451 2110 570 2152 bona
588 2110 831 2151 Jerusalem
856 2111 990 2151 omni-

159 2164 242 2206 bus
265 2165 420 2207 diebus
440 2167 544 2208 vitae
563 2171 662 2208 tuae.

211 2222 269 2263 Et
285 2221 437 2264 videas
457 2222 573 2263 filios
592 2223 784 2263 filiorum
802 2224 989 2271 tuorum,

161 2277 185 2303 *
205 2291 361 2330 pacem
382 2291 514 2331 super
533 2279 682 2319 Israel.

214 2343 313 2381 Ant.
353 2343 478 2384 Beati
516 2356 686 2393 omnes,
723 2343 796 2395 qui
833 2343 989 2383 timent

159 2397 408 2440 Dominum.

211 2467 308 2506 Ant.
338 2467 480 2520 Saepe.

420 2544 617 2584 Psalmus
644 2545 727 2584 128.

228 2627 325 2667 aepe
343 2616 704 2667 expugnaverunt
718 2627 788 2655 me
803 2627 827 2654 a
842 2615 999 2665 juven-⁴

255 2674 350 2712 tute
369 2684 478 2720 mea,
498 2672 522 2697 *
542 2670 661 2712 dicat
679 2683 794 2711 nunc
812 2669 960 2710 Israel.

1813 166 1878 200 115

1102 256 1231 309 Saepe
1264 261 1622 310 expugnaverunt
1654 273 1724 302 me
1757 273 1783 302 a
1818 262 1874 312 ju-

1050 315 1230 354 ventute
1249 327 1360 355 mea:
1379 315 1403 339 *
1422 316 1583 356 etenim
1610 329 1698 357 non
1723 319 1873 368 potue-

1050 373 1152 409 runt
1170 369 1288 410 mihi.

1101 424 1242 477 Supra
1268 425 1448 467 dorsum
1470 440 1614 469 meum
1637 428 1872 469 fabricave-

1049 485 1150 522 runt
1170 484 1443 533 peccatores:
1460 483 1483 508 *
1503 484 1873 536 prolongaverunt

1049 536 1326 588 iniquitatem
1346 552 1479 579 suam.

1100 593 1315 635 Dominus
1347 596 1486 647 justus
1519 595 1708 637 concidit
1739 599 1872 637 cervi-

1050 661 1123 690 ces
1156 653 1458 702 peccatorum:
1491 652 1515 677 *
1553 651 1872 693 confundantur

1050 710 1093 746 et
1117 709 1430 748 convertantur
1448 710 1689 749 retrorsum
1709 721 1870 757 omnes,

1050 762 1124 813 qui
1144 762 1332 804 oderunt
1351 763 1465 805 Sion.

1099 818 1228 860 Fiant
1255 819 1369 861 sicut
1396 820 1561 861 foenum
1589 822 1821 861 tectorum:
1848 820 1871 845 *

1049 875 1170 926 quod
1183 876 1440 927 priusquam
1451 876 1673 926 evellatur,
1690 876 1871 917 exaruit:

1099 931 1167 972 De
1210 945 1297 984 quo
1339 945 1428 973 non
1464 933 1662 985 implevit
1697 946 1871 973 manum

1049 1000 1172 1028 suam
1199 988 1273 1040 qui
1297 989 1433 1038 metit,
1459 990 1483 1014 *
1508 994 1551 1030 et
1578 989 1720 1029 sinum
1746 1002 1871 1029 suum

1050 1043 1123 1095 qui
1142 1045 1389 1097 manipulos
1409 1044 1586 1097 colligit.

1100 1101 1156 1141 Et
1168 1113 1256 1141 non
1271 1100 1475 1142 dixerunt
1490 1101 1563 1153 qui
1574 1100 1871 1154 praeteribant:

1048 1156 1308 1198 Benedictio
1338 1158 1517 1198 Domini
1555 1170 1686 1210 super
1719 1169 1818 1198 vos:
1849 1157 1871 1181 *

1047 1212 1352 1254 benediximus
1378 1213 1503 1255 vobis
1528 1214 1572 1254 in
1591 1214 1766 1254 nomine
1786 1213 1871 1253 Do-

1047 1269 1164 1309 mini.

1101 1336 1199 1374 Ant.
1229 1334 1357 1387 Saepe
1382 1336 1740 1387 expugnaverunt
1759 1347 1828 1374 me
1848 1346 1873 1374 a

1047 1391 1272 1441 juventute
1291 1404 1398 1432 mea.

1102 1455 1197 1494 Ant.
1233 1455 1297 1495 De
1316 1455 1557 1507 profundis.

1307 1538 1502 1577 lr'salmus
1529 1539 1611 1577 129.

1135 1619 1159 1647 e
1183 1606 1414 1659 profundis
1439 1606 1623 1648 clamavi
1646 1607 1702 1648 ad
1721 1612 1765 1648 te
1784 1608 1870 1648 Do-

1145 1663 1278 1704 mine:
1293 1663 1316 1688 *
1331 1663 1520 1704 Domine
1540 1663 1698 1704 exaudi
1718 1676 1870 1704 vocem

1045 1732 1203 1761 meam:

1098 1776 1226 1816 Fiant
1253 1788 1380 1816 aures
1413 1780 1502 1816 tuae
1529 1775 1819 1823 intendentes,
1847 1775 1870 1799 *

1045 1831 1090 1872 in
1108 1844 1264 1873 vocem
1288 1831 1613 1883 deprecationis
1633 1844 1755 1873 meae.

1096 1888 1141 1929 Si
1168 1888 1423 1939 iniquitates
1453 1887 1756 1928 observaveris
1780 1888 1866 1928 Do-

1044 1944 1175 1985 mine:
1195 1944 1218 1969 *
1237 1944 1425 1984 Domine
1445 1944 1542 1995 quis
1563 1941 1815 1984 sustinebit?

1097 2000 1210 2050 Quia
1237 1999 1357 2052 apud
1384 2004 1428 2041 te
1454 1999 1712 2052 propitiatio
1741 2003 1820 2040 est:
1842 1998 1865 2024 *

1044 2061 1088 2098 et
1106 2061 1289 2109 propter
1307 2056 1450 2107 legem
1475 2060 1595 2096 tuam
1618 2054 1802 2096 sustinui
1820 2058 1865 2095 te

1043 2113 1242 2153 Domine.

1095 2168 1311 2209 Sustinuit
1343 2168 1486 2209 anima
1521 2179 1617 2207 mea
1650 2166 1693 2206 in
1728 2164 1863 2206 verbo

1043 2225 1150 2275 ejus:
1169 2225 1192 2250 *
1212 2224 1406 2276 speravit
1431 2223 1571 2264 anima
1595 2234 1691 2262 mea
1714 2221 1757 2261 in
1775 2221 1862 2261 Do-

1041 2281 1171 2321 mino.
1773 2285 1778 2290 '

1094 2337 1135 2377 A
1168 2333 1370 2377 custodia
1401 2334 1613 2374 matutina
1639 2344 1779 2383 usque
1806 2331 1862 2372 ad

1041 2396 1232 2433 noctem:
1246 2391 1270 2416 *
1285 2395 1432 2443 speret
1451 2388 1586 2429 Israel
1603 2388 1646 2428 in
1662 2388 1861 2428 Domino.

1093 2448 1205 2498 Quia
1226 2446 1342 2499 apud
1364 2444 1598 2485 Dominum
1620 2444 1860 2484 misericor-

1040 2503 1128 2544 dia:
1156 2504 1180 2529 *
1210 2508 1253 2544 et
1279 2501 1458 2553 copiosa
1489 2499 1608 2552 apud
1640 2512 1739 2541 eum
1766 2497 1859 2540 red-

1039 2559 1214 2611 emptio.

1090 2615 1147 2656 Et
1173 2615 1268 2666 ipse
1296 2611 1481 2653 re'dimet
1508 2611 1661 2660 Israel,
1687 2611 1710 2636 *
1734 2623 1787 2651 ex
1815 2611 1857 2649 o-

1037 2669 1212 2711 mnibus
1230 2666 1533 2718 iniquitatibus
1556 2668 1656 2718 ejus.
