<?xml version="1.0" encoding="UTF-8"?>
<!DOCTYPE html PUBLIC "-//W3C//DTD XHTML 1.0 Transitional//EN"
    "http://www.w3.org/TR/xhtml1/DTD/xhtml1-transitional.dtd">
<html xmlns="http://www.w3.org/1999/xhtml" xml:lang="en" lang="en">
 <head>
  <title>
</title>
<meta http-equiv="Content-Type" content="text/html;charset=utf-8" />
  <meta name='ocr-system' content='tesseract 3.04.00' />
  <meta name='ocr-capabilities' content='ocr_page ocr_carea ocr_par ocr_line ocrx_word'/>
</head>
<body>
  <div class='ocr_page' id='page_1' title='image "./p2breviariumroma00cathuoft_0412.png"; bbox 0 0 2028 2892; ppageno 0'>
   <div class='ocr_carea' id='block_1_1' title="bbox 181 161 1039 1249">
    <p class='ocr_par' dir='ltr' id='par_1_1' title="bbox 181 161 1019 922">
     <span class='ocr_line' id='line_1_1' title="bbox 181 161 729 201; baseline -0.002 0"><span class='ocrx_word' id='word_1_1' title='bbox 181 161 250 196; x_wconf 81' lang='lat'>384</span> <span class='ocrx_word' id='word_1_2' title='bbox 448 168 518 201; x_wconf 70' lang='lat' dir='ltr'>nie</span> <span class='ocrx_word' id='word_1_3' title='bbox 543 168 594 201; x_wconf 68' lang='lat'>225.</span> <span class='ocrx_word' id='word_1_4' title='bbox 622 167 729 201; x_wconf 77' lang='lat' dir='ltr'>Febr.</span> 
     </span>
     <span class='ocr_line' id='line_1_2' title="bbox 182 254 1015 308; baseline -0.005 -10"><span class='ocrx_word' id='word_1_5' title='bbox 182 269 312 298; x_wconf 88' lang='lat' dir='ltr'>nemo</span> <span class='ocrx_word' id='word_1_6' title='bbox 337 261 487 308; x_wconf 89' lang='lat' dir='ltr'>potest</span> <span class='ocrx_word' id='word_1_7' title='bbox 513 254 632 297; x_wconf 81' lang='lat' dir='ltr'>aliud</span> <span class='ocrx_word' id='word_1_8' title='bbox 656 258 839 308; x_wconf 84' lang='lat' dir='ltr'>ponere:</span> <span class='ocrx_word' id='word_1_9' title='bbox 866 259 1015 297; x_wconf 90' lang='lat' dir='ltr'>tamen</span> 
     </span>
     <span class='ocr_line' id='line_1_3' title="bbox 182 310 1014 364; baseline -0.004 -11"><span class='ocrx_word' id='word_1_10' title='bbox 182 318 230 354; x_wconf 90' lang='lat' dir='ltr'>tu</span> <span class='ocrx_word' id='word_1_11' title='bbox 252 324 429 364; x_wconf 92' lang='lat' dir='ltr'>quoque</span> <span class='ocrx_word' id='word_1_12' title='bbox 448 318 575 363; x_wconf 88' lang='lat' dir='ltr'>petra</span> <span class='ocrx_word' id='word_1_13' title='bbox 599 324 663 362; x_wconf 88' lang='lat' dir='ltr'>es,</span> <span class='ocrx_word' id='word_1_14' title='bbox 693 311 794 363; x_wconf 83' lang='lat' dir='ltr'>quia</span> <span class='ocrx_word' id='word_1_15' title='bbox 816 323 915 352; x_wconf 91' lang='lat' dir='ltr'>mea</span> <span class='ocrx_word' id='word_1_16' title='bbox 933 310 1014 351; x_wconf 87' lang='lat' dir='ltr'>vir-</span> 
     </span>
     <span class='ocr_line' id='line_1_4' title="bbox 183 367 1015 419; baseline -0.002 -10"><span class='ocrx_word' id='word_1_17' title='bbox 183 371 277 409; x_wconf 81' lang='lat' dir='ltr'>tute</span> <span class='ocrx_word' id='word_1_18' title='bbox 304 367 526 417; x_wconf 81' lang='lat' dir='ltr'>solidaris,</span> <span class='ocrx_word' id='word_1_19' title='bbox 559 373 607 409; x_wconf 93' lang='lat' dir='ltr'>ut</span> <span class='ocrx_word' id='word_1_20' title='bbox 636 380 735 419; x_wconf 90' lang='lat' dir='ltr'>quae</span> <span class='ocrx_word' id='word_1_21' title='bbox 762 367 868 407; x_wconf 93' lang='lat' dir='ltr'>mihi</span> <span class='ocrx_word' id='word_1_22' title='bbox 893 371 1015 418; x_wconf 91' lang='lat' dir='ltr'>pote-</span> 
     </span>
     <span class='ocr_line' id='line_1_5' title="bbox 184 422 1016 475; baseline -0.002 -11"><span class='ocrx_word' id='word_1_23' title='bbox 184 425 298 465; x_wconf 75' lang='lat' dir='ltr'>state</span> <span class='ocrx_word' id='word_1_24' title='bbox 317 428 418 464; x_wconf 89' lang='lat' dir='ltr'>sunt</span> <span class='ocrx_word' id='word_1_25' title='bbox 434 423 626 475; x_wconf 82' lang='lat' dir='ltr'>propria,</span> <span class='ocrx_word' id='word_1_26' title='bbox 646 423 733 464; x_wconf 91' lang='lat' dir='ltr'>sint</span> <span class='ocrx_word' id='word_1_27' title='bbox 750 422 830 464; x_wconf 91' lang='lat' dir='ltr'>tibi</span> <span class='ocrx_word' id='word_1_28' title='bbox 844 434 1016 463; x_wconf 89' lang='lat' dir='ltr'>mecum</span> 
     </span>
     <span class='ocr_line' id='line_1_6' title="bbox 184 478 1014 531; baseline -0.002 -12"><span class='ocrx_word' id='word_1_29' title='bbox 184 479 520 531; x_wconf 84' lang='lat' dir='ltr'>participatione</span> <span class='ocrx_word' id='word_1_30' title='bbox 554 479 813 520; x_wconf 81' lang='lat' dir='ltr'>communia.</span> <span class='ocrx_word' id='word_1_31' title='bbox 859 478 916 518; x_wconf 87' lang='lat' dir='ltr'>Et</span> <span class='ocrx_word' id='word_1_32' title='bbox 948 490 1014 517; x_wconf 92' lang='lat' dir='ltr'>su-</span> 
     </span>
     <span class='ocr_line' id='line_1_7' title="bbox 184 532 1016 587; baseline -0.004 -11"><span class='ocrx_word' id='word_1_33' title='bbox 184 547 264 587; x_wconf 89' lang='lat' dir='ltr'>per</span> <span class='ocrx_word' id='word_1_34' title='bbox 289 534 402 576; x_wconf 86' lang='lat' dir='ltr'>hanc</span> <span class='ocrx_word' id='word_1_35' title='bbox 425 540 598 587; x_wconf 91' lang='lat' dir='ltr'>petram</span> <span class='ocrx_word' id='word_1_36' title='bbox 618 533 849 575; x_wconf 74' lang='lat' dir='ltr'>aedificabo</span> <span class='ocrx_word' id='word_1_37' title='bbox 867 532 1016 574; x_wconf 83' lang='lat' dir='ltr'>Eccle-</span> 
     </span>
     <span class='ocr_line' id='line_1_8' title="bbox 185 589 1018 642; baseline -0.004 -11"><span class='ocrx_word' id='word_1_38' title='bbox 185 591 295 631; x_wconf 84' lang='lat' dir='ltr'>siam</span> <span class='ocrx_word' id='word_1_39' title='bbox 326 603 487 640; x_wconf 89' lang='lat' dir='ltr'>meam,</span> <span class='ocrx_word' id='word_1_40' title='bbox 519 595 563 632; x_wconf 92' lang='lat' dir='ltr'>et</span> <span class='ocrx_word' id='word_1_41' title='bbox 595 595 740 642; x_wconf 80' lang='lat' dir='ltr'>portae</span> <span class='ocrx_word' id='word_1_42' title='bbox 772 589 898 630; x_wconf 86' lang='lat' dir='ltr'>inferi</span> <span class='ocrx_word' id='word_1_43' title='bbox 928 601 1018 629; x_wconf 93' lang='lat' dir='ltr'>non</span> 
     </span>
     <span class='ocr_line' id='line_1_9' title="bbox 185 645 1018 699; baseline -0.005 -11"><span class='ocrx_word' id='word_1_44' title='bbox 185 647 489 699; x_wconf 81' lang='lat' dir='ltr'>praevalebunt</span> <span class='ocrx_word' id='word_1_45' title='bbox 509 646 719 687; x_wconf 82' lang='lat' dir='ltr'>adversus</span> <span class='ocrx_word' id='word_1_46' title='bbox 739 659 846 687; x_wconf 92' lang='lat' dir='ltr'>eam.</span> <span class='ocrx_word' id='word_1_47' title='bbox 877 645 1018 697; x_wconf 84' lang='lat' dir='ltr'>Super</span> 
     </span>
     <span class='ocr_line' id='line_1_10' title="bbox 186 701 1019 754; baseline -0.004 -11"><span class='ocrx_word' id='word_1_48' title='bbox 186 702 309 752; x_wconf 91' lang='lat' dir='ltr'>hane,</span> <span class='ocrx_word' id='word_1_49' title='bbox 324 703 477 754; x_wconf 87' lang='lat' dir='ltr'>inquit,</span> <span class='ocrx_word' id='word_1_50' title='bbox 490 701 792 743; x_wconf 83' lang='lat' dir='ltr'>fortitudinem</span> <span class='ocrx_word' id='word_1_51' title='bbox 808 703 1019 742; x_wconf 79' lang='lat' dir='ltr'>aeternum</span> 
     </span>
     <span class='ocr_line' id='line_1_11' title="bbox 187 756 1019 810; baseline -0.004 -11"><span class='ocrx_word' id='word_1_52' title='bbox 187 759 411 800; x_wconf 79' lang='lat' dir='ltr'>exstruam</span> <span class='ocrx_word' id='word_1_53' title='bbox 450 757 677 810; x_wconf 90' lang='lat' dir='ltr'>templum:</span> <span class='ocrx_word' id='word_1_54' title='bbox 723 763 767 799; x_wconf 91' lang='lat' dir='ltr'>et</span> <span class='ocrx_word' id='word_1_55' title='bbox 807 756 1019 798; x_wconf 83' lang='lat' dir='ltr'>Eccle&#39;siae</span> 
     </span>
     <span class='ocr_line' id='line_1_12' title="bbox 186 811 1019 862; baseline -0.004 -7"><span class='ocrx_word' id='word_1_56' title='bbox 186 827 298 855; x_wconf 88' lang='lat' dir='ltr'>meae</span> <span class='ocrx_word' id='word_1_57' title='bbox 317 814 431 855; x_wconf 89' lang='lat' dir='ltr'>coelo</span> <span class='ocrx_word' id='word_1_58' title='bbox 449 813 683 855; x_wconf 82' lang='lat' dir='ltr'>inserenda</span> <span class='ocrx_word' id='word_1_59' title='bbox 702 812 957 862; x_wconf 82' lang='lat' dir='ltr'>sublimitas,</span> <span class='ocrx_word' id='word_1_60' title='bbox 975 811 1019 852; x_wconf 92' lang='lat' dir='ltr'>in</span> 
     </span>
     <span class='ocr_line' id='line_1_13' title="bbox 187 869 934 922; baseline -0.003 -11"><span class='ocrx_word' id='word_1_61' title='bbox 187 870 313 922; x_wconf 90' lang='lat' dir='ltr'>hujus</span> <span class='ocrx_word' id='word_1_62' title='bbox 333 869 438 911; x_wconf 83' lang='lat' dir='ltr'>fidei</span> <span class='ocrx_word' id='word_1_63' title='bbox 456 870 665 910; x_wconf 79' lang='lat' dir='ltr'>firmitate</span> <span class='ocrx_word' id='word_1_64' title='bbox 686 872 934 919; x_wconf 84' lang='lat' dir='ltr'>consurget.</span> 
     </span>
    </p>

    <p class='ocr_par' dir='ltr' id='par_1_2' title="bbox 188 923 1039 1249">
     <span class='ocr_line' id='line_1_14' title="bbox 238 923 1039 981; baseline -0.006 -12"><span class='ocrx_word' id='word_1_65' title='bbox 238 931 289 981; x_wconf 69' lang='lat' dir='ltr'>R.</span> <span class='ocrx_word' id='word_1_66' title='bbox 325 925 470 975; x_wconf 83' lang='lat' dir='ltr'>Elegit</span> <span class='ocrx_word' id='word_1_67' title='bbox 500 930 545 967; x_wconf 90' lang='lat' dir='ltr'>te</span> <span class='ocrx_word' id='word_1_68' title='bbox 573 925 790 966; x_wconf 83' lang='lat' dir='ltr'>D6minus</span> <span class='ocrx_word' id='word_1_69' title='bbox 817 923 1039 965; x_wconf 85' lang='lat' dir='ltr'>sacerdo-·</span> 
     </span>
     <span class='ocr_line' id='line_1_15' title="bbox 188 980 1020 1031; baseline -0.002 -8"><span class='ocrx_word' id='word_1_70' title='bbox 188 986 279 1023; x_wconf 92' lang='lat' dir='ltr'>tem</span> <span class='ocrx_word' id='word_1_71' title='bbox 297 981 391 1031; x_wconf 89' lang='lat' dir='ltr'>sibi,</span> <span class='ocrx_word' id='word_1_72' title='bbox 411 981 468 1022; x_wconf 93' lang='lat' dir='ltr'>ad</span> <span class='ocrx_word' id='word_1_73' title='bbox 485 980 823 1022; x_wconf 80' lang='lat' dir='ltr'>sacrificandum</span> <span class='ocrx_word' id='word_1_74' title='bbox 841 980 916 1021; x_wconf 74' lang='lat' dir='ltr'>ei&#39;·¹</span> <span class='ocrx_word' id='word_1_75' title='bbox 929 980 1020 1021; x_wconf 83' lang='lat' dir='ltr'>Ho-</span> 
     </span>
     <span class='ocr_line' id='line_1_16' title="bbox 189 1034 1019 1085; baseline -0.002 -7"><span class='ocrx_word' id='word_1_76' title='bbox 189 1037 318 1078; x_wconf 90' lang='lat' dir='ltr'>stiam</span> <span class='ocrx_word' id='word_1_77' title='bbox 342 1036 497 1078; x_wconf 88' lang='lat' dir='ltr'>laudis.</span> <span class='ocrx_word' id='word_1_78' title='bbox 539 1034 588 1085; x_wconf 59' lang='lat' dir='ltr'>Y.</span> <span class='ocrx_word' id='word_1_79' title='bbox 618 1036 805 1077; x_wconf 88' lang='lat' dir='ltr'>Immola</span> <span class='ocrx_word' id='word_1_80' title='bbox 827 1036 926 1077; x_wconf 94' lang='lat' dir='ltr'>Deo</span> <span class='ocrx_word' id='word_1_81' title='bbox 955 1048 1019 1076; x_wconf 93' lang='lat' dir='ltr'>sa-</span> 
     </span>
     <span class='ocr_line' id='line_1_17' title="bbox 190 1091 1020 1141; baseline -0.002 -8"><span class='ocrx_word' id='word_1_82' title='bbox 190 1093 402 1134; x_wconf 83' lang='lat' dir='ltr'>crificium</span> <span class='ocrx_word' id='word_1_83' title='bbox 429 1091 587 1141; x_wconf 91' lang='lat' dir='ltr'>laudis,</span> <span class='ocrx_word' id='word_1_84' title='bbox 616 1097 660 1133; x_wconf 92' lang='lat' dir='ltr'>et</span> <span class='ocrx_word' id='word_1_85' title='bbox 677 1091 824 1133; x_wconf 81' lang='lat' dir='ltr'>-redde</span> <span class='ocrx_word' id='word_1_86' title='bbox 850 1091 1020 1133; x_wconf 84' lang='lat' dir='ltr'>Altissi-</span> 
     </span>
     <span class='ocr_line' id='line_1_18' title="bbox 190 1147 1021 1190; baseline -0.004 0"><span class='ocrx_word' id='word_1_87' title='bbox 190 1161 264 1190; x_wconf 92' lang='lat' dir='ltr'>mo</span> <span class='ocrx_word' id='word_1_88' title='bbox 284 1154 389 1190; x_wconf 91' lang='lat' dir='ltr'>vota</span> <span class='ocrx_word' id='word_1_89' title='bbox 407 1153 494 1190; x_wconf 87' lang='lat' dir='ltr'>tua.</span> <span class='ocrx_word' id='word_1_90' title='bbox 522 1148 738 1190; x_wconf 85' lang='lat' dir='ltr'>Hostiam.</span> <span class='ocrx_word' id='word_1_91' title='bbox 770 1147 925 1189; x_wconf 85' lang='lat' dir='ltr'>Gloria</span> <span class='ocrx_word' id='word_1_92' title='bbox 942 1147 1021 1187; x_wconf 92' lang='lat' dir='ltr'>Pa-</span> 
     </span>
     <span class='ocr_line' id='line_1_19' title="bbox 190 1204 503 1249; baseline -0.003 -3"><span class='ocrx_word' id='word_1_93' title='bbox 190 1205 259 1246; x_wconf 88' lang='lat' dir='ltr'>tri.</span> <span class='ocrx_word' id='word_1_94' title='bbox 286 1204 503 1249; x_wconf 81' lang='lat' dir='ltr'>Hostiam.</span> 
     </span>
    </p>
   </div>
   <div class='ocr_carea' id='block_1_2' title="bbox 241 1265 1018 1299">
    <p class='ocr_par' dir='ltr' id='par_1_3' title="bbox 241 1265 1018 1299">
     <span class='ocr_line' id='line_1_20' title="bbox 241 1265 1018 1299; baseline -0.005 0"><span class='ocrx_word' id='word_1_95' title='bbox 241 1266 374 1299; x_wconf 81' lang='lat' dir='ltr'>Lectio</span> <span class='ocrx_word' id='word_1_96' title='bbox 392 1266 441 1299; x_wconf 85' lang='lat' dir='ltr'>ix.</span> <span class='ocrx_word' id='word_1_97' title='bbox 465 1265 512 1299; x_wconf 90' lang='lat' dir='ltr'>de</span> <span class='ocrx_word' id='word_1_98' title='bbox 534 1265 705 1299; x_wconf 86' lang='lat' dir='ltr'>Homilia</span> <span class='ocrx_word' id='word_1_99' title='bbox 727 1265 851 1299; x_wconf 80' lang='lat' dir='ltr'>Fcriae</span> <span class='ocrx_word' id='word_1_100' title='bbox 874 1273 1018 1298; x_wconf 88' lang='lat' dir='ltr'>occurr.</span> 
     </span>
    </p>
   </div>
   <div class='ocr_carea' id='block_1_3' title="bbox 451 1335 766 1376">
    <p class='ocr_par' dir='ltr' id='par_1_4' title="bbox 451 1335 766 1376">
     <span class='ocr_line' id='line_1_21' title="bbox 451 1335 766 1376; baseline 0 0"><span class='ocrx_word' id='word_1_101' title='bbox 451 1336 531 1376; x_wconf 82' lang='lat' dir='ltr'>Ad.</span> <span class='ocrx_word' id='word_1_102' title='bbox 557 1335 766 1376; x_wconf 84' lang='lat' dir='ltr'>Laudes.</span> 
     </span>
    </p>
   </div>
   <div class='ocr_carea' id='block_1_4' title="bbox 189 1403 1026 2350">
    <p class='ocr_par' dir='ltr' id='par_1_5' title="bbox 498 1403 708 1453">
     <span class='ocr_line' id='line_1_22' title="bbox 498 1403 708 1453; baseline -0.005 -11"><span class='ocrx_word' id='word_1_103' title='bbox 498 1403 708 1453; x_wconf 83' lang='lat' dir='ltr'>Hymnus.</span> 
     </span>
    </p>

    <p class='ocr_par' dir='ltr' id='par_1_6' title="bbox 189 1454 1024 1558">
     <span class='ocr_line' id='line_1_23' title="bbox 189 1454 1024 1558; baseline -0.004 -59"><span class='ocrx_word' id='word_1_104' title='bbox 189 1454 375 1558; x_wconf 82' lang='lat' dir='ltr'>Beate</span> <span class='ocrx_word' id='word_1_105' title='bbox 401 1461 555 1509; x_wconf 90' lang='lat' dir='ltr'>pastor</span> <span class='ocrx_word' id='word_1_106' title='bbox 577 1457 709 1498; x_wconf 91' lang='lat' dir='ltr'>Petre</span> <span class='ocrx_word' id='word_1_107' title='bbox 735 1456 928 1497; x_wconf 89' lang='lat' dir='ltr'>clemens</span> <span class='ocrx_word' id='word_1_108' title='bbox 957 1457 1024 1496; x_wconf 77' lang='lat' dir='ltr'>ac-</span> 
     </span>
    </p>

    <p class='ocr_par' dir='ltr' id='par_1_7' title="bbox 505 1525 604 1565">
     <span class='ocr_line' id='line_1_24' title="bbox 505 1525 604 1565; baseline 0.01 -12"><span class='ocrx_word' id='word_1_109' title='bbox 505 1525 604 1565; x_wconf 77' lang='lat' dir='ltr'>clpe</span> 
     </span>
    </p>

    <p class='ocr_par' dir='ltr' id='par_1_8' title="bbox 191 1567 1026 1621">
     <span class='ocr_line' id='line_1_25' title="bbox 191 1567 1026 1621; baseline -0.004 -10"><span class='ocrx_word' id='word_1_110' title='bbox 191 1597 193 1599; x_wconf 95' lang='lat'>-</span> <span class='ocrx_word' id='word_1_111' title='bbox 245 1569 395 1611; x_wconf 89' lang='lat' dir='ltr'>Voces</span> <span class='ocrx_word' id='word_1_112' title='bbox 413 1570 690 1621; x_wconf 79' lang='lat' dir='ltr'>precantum,</span> <span class='ocrx_word' id='word_1_113' title='bbox 710 1567 1026 1618; x_wconf 81' lang='lat' dir='ltr'>criminumque</span> 
     </span>
    </p>

    <p class='ocr_par' dir='ltr' id='par_1_9' title="bbox 244 1623 1025 1886">
     <span class='ocr_line' id='line_1_26' title="bbox 503 1623 677 1664; baseline 0.006 -1"><span class='ocrx_word' id='word_1_114' title='bbox 503 1623 677 1664; x_wconf 84' lang='lat' dir='ltr'>vincula</span> 
     </span>
     <span class='ocr_line' id='line_1_27' title="bbox 244 1679 1024 1775; baseline -0.004 -54"><span class='ocrx_word' id='word_1_115' title='bbox 244 1679 398 1721; x_wconf 91' lang='lat' dir='ltr'>Verbo</span> <span class='ocrx_word' id='word_1_116' title='bbox 417 1679 606 1775; x_wconf 58' lang='grc' dir='ltr'>τεεόὲΙνε,</span> <span class='ocrx_word' id='word_1_117' title='bbox 633 1679 702 1720; x_wconf 90' lang='lat' dir='ltr'>cui</span> <span class='ocrx_word' id='word_1_118' title='bbox 720 1679 920 1731; x_wconf 82' lang='lat' dir='ltr'>potestas</span> <span class='ocrx_word' id='word_1_119' title='bbox 939 1679 1024 1719; x_wconf 81' lang='lat' dir='ltr'>tra-</span> 
     </span>
     <span class='ocr_line' id='line_1_28' title="bbox 553 1739 598 1775; baseline 0 0"><span class='ocrx_word' id='word_1_120' title='bbox 553 1739 598 1775; x_wconf 91' lang='lat' dir='ltr'>ta</span> 
     </span>
     <span class='ocr_line' id='line_1_29' title="bbox 246 1789 1025 1843; baseline -0.003 -11"><span class='ocrx_word' id='word_1_121' title='bbox 246 1792 434 1843; x_wconf 86' lang='lat' dir='ltr'>Aperire</span> <span class='ocrx_word' id='word_1_122' title='bbox 461 1790 591 1831; x_wconf 89' lang='lat' dir='ltr'>terris</span> <span class='ocrx_word' id='word_1_123' title='bbox 620 1789 797 1839; x_wconf 89' lang='lat' dir='ltr'>eoelum,</span> <span class='ocrx_word' id='word_1_124' title='bbox 825 1791 1025 1842; x_wconf 80' lang='lat' dir='ltr'>apertum</span> 
     </span>
     <span class='ocr_line' id='line_1_30' title="bbox 505 1845 723 1886; baseline -0.005 0"><span class='ocrx_word' id='word_1_125' title='bbox 505 1845 723 1886; x_wconf 84' lang='lat' dir='ltr'>claudere.</span> 
     </span>
    </p>

    <p class='ocr_par' dir='ltr' id='par_1_10' title="bbox 192 1912 1026 2124">
     <span class='ocr_line' id='line_1_31' title="bbox 192 1912 941 1965; baseline -0.004 -10"><span class='ocrx_word' id='word_1_126' title='bbox 192 1915 260 1956; x_wconf 88' lang='lat' dir='ltr'>Sit</span> <span class='ocrx_word' id='word_1_127' title='bbox 278 1914 487 1955; x_wconf 80' lang='lat' dir='ltr'>Trinitati</span> <span class='ocrx_word' id='word_1_128' title='bbox 506 1913 772 1965; x_wconf 81' lang='lat' dir='ltr'>sempiterna</span> <span class='ocrx_word' id='word_1_129' title='bbox 791 1912 941 1963; x_wconf 84' lang='lat' dir='ltr'>gloria,</span> 
     </span>
     <span class='ocr_line' id='line_1_32' title="bbox 245 1967 1026 2022; baseline -0.005 -10"><span class='ocrx_word' id='word_1_130' title='bbox 245 1971 414 2019; x_wconf 90' lang='lat' dir='ltr'>Honor,</span> <span class='ocrx_word' id='word_1_131' title='bbox 432 1971 644 2022; x_wconf 80' lang='lat' dir='ltr'>potestas,</span> <span class='ocrx_word' id='word_1_132' title='bbox 664 1973 798 2020; x_wconf 91' lang='lat' dir='ltr'>atque</span> <span class='ocrx_word' id='word_1_133' title='bbox 818 1967 1026 2020; x_wconf 61' lang='lat' dir='ltr'>inhibitio,</span> 
     </span>
     <span class='ocr_line' id='line_1_33' title="bbox 246 2023 1025 2076; baseline -0.005 -9"><span class='ocrx_word' id='word_1_134' title='bbox 246 2027 297 2067; x_wconf 90' lang='lat' dir='ltr'>In</span> <span class='ocrx_word' id='word_1_135' title='bbox 313 2026 492 2074; x_wconf 76' lang='lat' dir='ltr'>unitate,</span> <span class='ocrx_word' id='word_1_136' title='bbox 513 2037 612 2076; x_wconf 88' lang='lat' dir='ltr'>quae</span> <span class='ocrx_word' id='word_1_137' title='bbox 631 2023 849 2074; x_wconf 78' lang='lat' dir='ltr'>gubernat</span> <span class='ocrx_word' id='word_1_138' title='bbox 869 2023 1025 2072; x_wconf 81' lang='lat' dir='ltr'>omnia,</span> 
     </span>
     <span class='ocr_line' id='line_1_34' title="bbox 245 2078 1025 2124; baseline -0.006 0"><span class='ocrx_word' id='word_1_139' title='bbox 245 2083 331 2124; x_wconf 90' lang='lat' dir='ltr'>Per</span> <span class='ocrx_word' id='word_1_140' title='bbox 349 2081 555 2123; x_wconf 84' lang='lat' dir='ltr'>universa</span> <span class='ocrx_word' id='word_1_141' title='bbox 574 2079 833 2121; x_wconf 75' lang='lat' dir='ltr'>aeternitatis</span> <span class='ocrx_word' id='word_1_142' title='bbox 853 2078 1025 2120; x_wconf 76' lang='lat' dir='ltr'>saecula.</span> 
     </span>
    </p>

    <p class='ocr_par' dir='ltr' id='par_1_11' title="bbox 194 2135 1026 2350">
     <span class='ocr_line' id='line_1_35' title="bbox 508 2135 663 2176; baseline -0.006 0"><span class='ocrx_word' id='word_1_143' title='bbox 508 2135 663 2176; x_wconf 87' lang='lat' dir='ltr'>Amen.</span> 
     </span>
     <span class='ocr_line' id='line_1_36' title="bbox 244 2191 1026 2246; baseline -0.005 -8"><span class='ocrx_word' id='word_1_144' title='bbox 244 2191 294 2243; x_wconf 65' lang='lat' dir='ltr'>V.</span> <span class='ocrx_word' id='word_1_145' title='bbox 323 2196 531 2238; x_wconf 79' lang='lat' dir='ltr'>Exaltent</span> <span class='ocrx_word' id='word_1_146' title='bbox 551 2208 650 2236; x_wconf 91' lang='lat' dir='ltr'>eum</span> <span class='ocrx_word' id='word_1_147' title='bbox 668 2195 713 2235; x_wconf 91' lang='lat' dir='ltr'>in</span> <span class='ocrx_word' id='word_1_148' title='bbox 733 2194 919 2235; x_wconf 79' lang='lat' dir='ltr'>ecelesia</span> <span class='ocrx_word' id='word_1_149' title='bbox 936 2194 1026 2246; x_wconf 91' lang='lat' dir='ltr'>ple-</span> 
     </span>
     <span class='ocr_line' id='line_1_37' title="bbox 194 2249 1026 2303; baseline -0.007 -8"><span class='ocrx_word' id='word_1_150' title='bbox 194 2254 275 2295; x_wconf 87' lang='lat' dir='ltr'>bis.</span> <span class='ocrx_word' id='word_1_151' title='bbox 315 2253 364 2303; x_wconf 70' lang='lat' dir='ltr'>R.</span> <span class='ocrx_word' id='word_1_152' title='bbox 402 2253 460 2294; x_wconf 83' lang='lat' dir='ltr'>Et</span> <span class='ocrx_word' id='word_1_153' title='bbox 490 2252 535 2292; x_wconf 92' lang='lat' dir='ltr'>in</span> <span class='ocrx_word' id='word_1_154' title='bbox 567 2249 777 2293; x_wconf 78' lang='lat' dir='ltr'>cathedra</span> <span class='ocrx_word' id='word_1_155' title='bbox 803 2250 1026 2291; x_wconf 85' lang='lat' dir='ltr'>seniorum</span> 
     </span>
     <span class='ocr_line' id='line_1_38' title="bbox 196 2308 507 2350; baseline -0.006 0"><span class='ocrx_word' id='word_1_156' title='bbox 196 2308 377 2350; x_wconf 89' lang='lat' dir='ltr'>laudent</span> <span class='ocrx_word' id='word_1_157' title='bbox 397 2321 507 2350; x_wconf 89' lang='lat' dir='ltr'>eum.</span> 
     </span>
    </p>
   </div>
   <div class='ocr_carea' id='block_1_5' title="bbox 196 2367 1027 2687">
    <p class='ocr_par' dir='ltr' id='par_1_12' title="bbox 196 2367 1027 2686">
     <span class='ocr_line' id='line_1_39' title="bbox 248 2367 1026 2421; baseline -0.003 -11"><span class='ocrx_word' id='word_1_158' title='bbox 248 2370 317 2411; x_wconf 84' lang='lat' dir='ltr'>Ad</span> <span class='ocrx_word' id='word_1_159' title='bbox 354 2371 514 2412; x_wconf 83' lang='lat' dir='ltr'>Bened.</span> <span class='ocrx_word' id='word_1_160' title='bbox 556 2372 656 2411; x_wconf 85' lang='lat' dir='ltr'>Ant.</span> <span class='ocrx_word' id='word_1_161' title='bbox 704 2367 1026 2421; x_wconf 79' lang='lat' dir='ltr'>Quodcumque</span> 
     </span>
     <span class='ocr_line' id='line_1_40' title="bbox 196 2423 1026 2478; baseline -0.004 -12"><span class='ocrx_word' id='word_1_162' title='bbox 196 2426 402 2476; x_wconf 77' lang='lat' dir='ltr'>ligaveris</span> <span class='ocrx_word' id='word_1_163' title='bbox 434 2438 568 2478; x_wconf 88' lang='lat' dir='ltr'>super</span> <span class='ocrx_word' id='word_1_164' title='bbox 598 2429 776 2473; x_wconf 91' lang='lat' dir='ltr'>terram,</span> <span class='ocrx_word' id='word_1_165' title='bbox 809 2424 891 2465; x_wconf 91' lang='lat' dir='ltr'>erit</span> <span class='ocrx_word' id='word_1_166' title='bbox 922 2423 1026 2474; x_wconf 80' lang='lat' dir='ltr'>liga-</span> 
     </span>
     <span class='ocr_line' id='line_1_41' title="bbox 196 2479 1026 2531; baseline -0.002 -10"><span class='ocrx_word' id='word_1_167' title='bbox 196 2486 291 2522; x_wconf 88' lang='lat' dir='ltr'>tum</span> <span class='ocrx_word' id='word_1_168' title='bbox 323 2486 367 2522; x_wconf 91' lang='lat' dir='ltr'>et</span> <span class='ocrx_word' id='word_1_169' title='bbox 395 2482 438 2522; x_wconf 91' lang='lat' dir='ltr'>in</span> <span class='ocrx_word' id='word_1_170' title='bbox 471 2482 608 2523; x_wconf 89' lang='lat' dir='ltr'>coelis:</span> <span class='ocrx_word' id='word_1_171' title='bbox 641 2486 685 2522; x_wconf 88' lang='lat' dir='ltr'>et</span> <span class='ocrx_word' id='word_1_172' title='bbox 714 2479 1026 2531; x_wconf 81' lang='lat' dir='ltr'>quodcumque</span> 
     </span>
     <span class='ocr_line' id='line_1_42' title="bbox 198 2534 1027 2588; baseline -0.002 -12"><span class='ocrx_word' id='word_1_173' title='bbox 198 2536 383 2577; x_wconf 83' lang='lat' dir='ltr'>solveris</span> <span class='ocrx_word' id='word_1_174' title='bbox 400 2549 532 2588; x_wconf 90' lang='lat' dir='ltr'>super</span> <span class='ocrx_word' id='word_1_175' title='bbox 546 2542 718 2585; x_wconf 87' lang='lat' dir='ltr'>terram,</span> <span class='ocrx_word' id='word_1_176' title='bbox 738 2535 820 2577; x_wconf 89' lang='lat' dir='ltr'>erit</span> <span class='ocrx_word' id='word_1_177' title='bbox 834 2534 1027 2575; x_wconf 80' lang='lat' dir='ltr'>solutum</span> 
     </span>
     <span class='ocr_line' id='line_1_43' title="bbox 197 2590 1026 2686; baseline -0.001 -55"><span class='ocrx_word' id='word_1_178' title='bbox 197 2596 243 2686; x_wconf 54' lang='lat' dir='ltr'>{t</span> <span class='ocrx_word' id='word_1_179' title='bbox 267 2591 311 2631; x_wconf 92' lang='lat' dir='ltr'>in</span> <span class='ocrx_word' id='word_1_180' title='bbox 337 2592 476 2633; x_wconf 87' lang='lat' dir='ltr'>coelis:</span> <span class='ocrx_word' id='word_1_181' title='bbox 501 2592 608 2634; x_wconf 84' lang='lat' dir='ltr'>dicit</span> <span class='ocrx_word' id='word_1_182' title='bbox 627 2591 841 2633; x_wconf 79' lang='lat' dir='ltr'>Dominus</span> <span class='ocrx_word' id='word_1_183' title='bbox 861 2590 1026 2631; x_wconf 72' lang='lat' dir='ltr'>Simoni</span> 
     </span>
    </p>

    <p class='ocr_par' dir='ltr' id='par_1_13' title="bbox 236 2651 341 2687">
     <span class='ocr_line' id='line_1_44' title="bbox 236 2651 341 2687; baseline -0.01 0"><span class='ocrx_word' id='word_1_184' title='bbox 236 2651 341 2687; x_wconf 91' lang='lat' dir='ltr'>etro.</span> 
     </span>
    </p>
   </div>
   <div class='ocr_carea' id='block_1_6' title="bbox 778 163 1623 207">
    <p class='ocr_par' dir='ltr' id='par_1_14' title="bbox 778 163 1623 207">
     <span class='ocr_line' id='line_1_45' title="bbox 778 163 1623 207; baseline -0.005 -6"><span class='ocrx_word' id='word_1_185' title='bbox 778 167 812 201; x_wconf 79' lang='lat' dir='ltr'>S.</span> <span class='ocrx_word' id='word_1_186' title='bbox 838 167 941 201; x_wconf 77' lang='lat' dir='ltr'>Petri</span> <span class='ocrx_word' id='word_1_187' title='bbox 966 165 1145 199; x_wconf 76' lang='lat' dir='ltr'>Damiani</span> <span class='ocrx_word' id='word_1_188' title='bbox 1171 165 1298 207; x_wconf 81' lang='lat' dir='ltr'>Epise.</span> <span class='ocrx_word' id='word_1_189' title='bbox 1323 164 1432 199; x_wconf 89' lang='lat' dir='ltr'>Conf.</span> <span class='ocrx_word' id='word_1_190' title='bbox 1458 168 1494 198; x_wconf 86' lang='lat' dir='ltr'>et</span> <span class='ocrx_word' id='word_1_191' title='bbox 1517 163 1623 197; x_wconf 84' lang='lat' dir='ltr'>Doct.</span> 
     </span>
    </p>
   </div>
   <div class='ocr_carea' id='block_1_7' title="bbox 1067 258 1900 754">
    <p class='ocr_par' dir='ltr' id='par_1_15' title="bbox 1405 258 1571 299">
     <span class='ocr_line' id='line_1_46' title="bbox 1405 258 1571 299; baseline -0.012 0"><span class='ocrx_word' id='word_1_192' title='bbox 1405 258 1571 299; x_wconf 85' lang='lat' dir='ltr'>Oratio.</span> 
     </span>
    </p>

    <p class='ocr_par' dir='ltr' id='par_1_16' title="bbox 1067 311 1900 634">
     <span class='ocr_line' id='line_1_47' title="bbox 1155 311 1897 366; baseline -0.003 -11"><span class='ocrx_word' id='word_1_193' title='bbox 1155 316 1251 363; x_wconf 50' lang='lat' dir='ltr'>‘eum</span> <span class='ocrx_word' id='word_1_194' title='bbox 1280 314 1356 366; x_wconf 88' lang='lat' dir='ltr'>qui</span> <span class='ocrx_word' id='word_1_195' title='bbox 1372 313 1506 355; x_wconf 79' lang='lat' dir='ltr'>beato</span> <span class='ocrx_word' id='word_1_196' title='bbox 1525 314 1659 355; x_wconf 91' lang='lat' dir='ltr'>Petro</span> <span class='ocrx_word' id='word_1_197' title='bbox 1677 311 1897 365; x_wconf 82' lang='lat' dir='ltr'>Apostolo</span> 
     </span>
     <span class='ocr_line' id='line_1_48' title="bbox 1162 367 1898 419; baseline -0.003 -9"><span class='ocrx_word' id='word_1_198' title='bbox 1162 374 1252 418; x_wconf 90' lang='lat' dir='ltr'>tuo,</span> <span class='ocrx_word' id='word_1_199' title='bbox 1271 369 1444 411; x_wconf 77' lang='lat' dir='ltr'>collatis</span> <span class='ocrx_word' id='word_1_200' title='bbox 1461 368 1659 410; x_wconf 79' lang='lat' dir='ltr'>clavibus</span> <span class='ocrx_word' id='word_1_201' title='bbox 1674 367 1798 419; x_wconf 87' lang='lat' dir='ltr'>regni</span> <span class='ocrx_word' id='word_1_202' title='bbox 1812 380 1898 409; x_wconf 89' lang='lat' dir='ltr'>coe-</span> 
     </span>
     <span class='ocr_line' id='line_1_49' title="bbox 1067 423 1898 476; baseline -0.002 -10"><span class='ocrx_word' id='word_1_203' title='bbox 1067 425 1206 474; x_wconf 80' lang='lat' dir='ltr'>lestiS‚</span> <span class='ocrx_word' id='word_1_204' title='bbox 1230 424 1397 476; x_wconf 77' lang='lat' dir='ltr'>ligandi</span> <span class='ocrx_word' id='word_1_205' title='bbox 1420 429 1552 476; x_wconf 87' lang='lat' dir='ltr'>atque</span> <span class='ocrx_word' id='word_1_206' title='bbox 1574 423 1774 465; x_wconf 79' lang='lat' dir='ltr'>solvendi</span> <span class='ocrx_word' id='word_1_207' title='bbox 1791 436 1898 476; x_wconf 92' lang='lat' dir='ltr'>pon-</span> 
     </span>
     <span class='ocr_line' id='line_1_50' title="bbox 1068 479 1898 531; baseline -0.002 -9"><span class='ocrx_word' id='word_1_208' title='bbox 1068 481 1251 523; x_wconf 87' lang='lat' dir='ltr'>tificium</span> <span class='ocrx_word' id='word_1_209' title='bbox 1275 479 1512 522; x_wconf 82' lang='lat' dir='ltr'>tradidisti:</span> <span class='ocrx_word' id='word_1_210' title='bbox 1538 479 1747 531; x_wconf 80' lang='lat' dir='ltr'>eoncede3</span> <span class='ocrx_word' id='word_1_211' title='bbox 1771 483 1821 520; x_wconf 91' lang='lat' dir='ltr'>ut</span> <span class='ocrx_word' id='word_1_212' title='bbox 1837 479 1898 520; x_wconf 89' lang='lat' dir='ltr'>in-</span> 
     </span>
     <span class='ocr_line' id='line_1_51' title="bbox 1068 535 1899 588; baseline -0.004 -10"><span class='ocrx_word' id='word_1_213' title='bbox 1068 536 1350 578; x_wconf 85' lang='lat' dir='ltr'>tercessionis</span> <span class='ocrx_word' id='word_1_214' title='bbox 1375 537 1466 587; x_wconf 84' lang='lat' dir='ltr'>ejus</span> <span class='ocrx_word' id='word_1_215' title='bbox 1491 535 1674 584; x_wconf 79' lang='lat' dir='ltr'>auxilio,</span> <span class='ocrx_word' id='word_1_216' title='bbox 1702 548 1728 577; x_wconf 94' lang='lat' dir='ltr'>a</span> <span class='ocrx_word' id='word_1_217' title='bbox 1746 547 1899 588; x_wconf 91' lang='lat' dir='ltr'>pecca-</span> 
     </span>
     <span class='ocr_line' id='line_1_52' title="bbox 1069 590 1900 634; baseline -0.004 0"><span class='ocrx_word' id='word_1_218' title='bbox 1069 594 1216 634; x_wconf 86' lang='lat' dir='ltr'>torum</span> <span class='ocrx_word' id='word_1_219' title='bbox 1246 593 1500 633; x_wconf 82' lang='lat' dir='ltr'>nostrorum</span> <span class='ocrx_word' id='word_1_220' title='bbox 1533 590 1718 632; x_wconf 79' lang='lat' dir='ltr'>nexibus</span> <span class='ocrx_word' id='word_1_221' title='bbox 1746 590 1900 632; x_wconf 77' lang='lat' dir='ltr'>libere-</span> 
     </span>
    </p>

    <p class='ocr_par' dir='ltr' id='par_1_17' title="bbox 1069 647 1667 698">
     <span class='ocr_line' id='line_1_53' title="bbox 1069 647 1667 698; baseline -0.003 -9"><span class='ocrx_word' id='word_1_222' title='bbox 1069 660 1178 689; x_wconf 90' lang='lat' dir='ltr'>mur:</span> <span class='ocrx_word' id='word_1_223' title='bbox 1203 647 1288 698; x_wconf 90' lang='lat' dir='ltr'>Qui</span> <span class='ocrx_word' id='word_1_224' title='bbox 1306 647 1417 687; x_wconf 86' lang='lat' dir='ltr'>vivis</span> <span class='ocrx_word' id='word_1_225' title='bbox 1436 651 1480 688; x_wconf 91' lang='lat' dir='ltr'>et</span> <span class='ocrx_word' id='word_1_226' title='bbox 1499 659 1667 698; x_wconf 88' lang='lat' dir='ltr'>regnas.</span> 
     </span>
    </p>

    <p class='ocr_par' dir='ltr' id='par_1_18' title="bbox 1125 719 1664 754">
     <span class='ocr_line' id='line_1_54' title="bbox 1125 719 1664 754; baseline 0.002 -1"><span class='ocrx_word' id='word_1_227' title='bbox 1125 719 1173 753; x_wconf 88' lang='lat' dir='ltr'>Et</span> <span class='ocrx_word' id='word_1_228' title='bbox 1197 719 1238 753; x_wconf 90' lang='lat' dir='ltr'>fit</span> <span class='ocrx_word' id='word_1_229' title='bbox 1262 729 1458 753; x_wconf 85' lang='lat' dir='ltr'>commem.</span> <span class='ocrx_word' id='word_1_230' title='bbox 1484 719 1519 753; x_wconf 91' lang='lat' dir='ltr'>S.</span> <span class='ocrx_word' id='word_1_231' title='bbox 1543 719 1664 754; x_wconf 88' lang='lat' dir='ltr'>Pauli.</span> 
     </span>
    </p>
   </div>
   <div class='ocr_carea' id='block_1_8' title="bbox 1071 770 1904 1053">
    <p class='ocr_par' dir='ltr' id='par_1_19' title="bbox 1071 770 1904 994">
     <span class='ocr_line' id='line_1_55' title="bbox 1124 770 1903 824; baseline -0.005 -9"><span class='ocrx_word' id='word_1_232' title='bbox 1124 776 1223 816; x_wconf 85' lang='lat' dir='ltr'>Ant.</span> <span class='ocrx_word' id='word_1_233' title='bbox 1280 775 1439 816; x_wconf 87' lang='lat' dir='ltr'>Sancte</span> <span class='ocrx_word' id='word_1_234' title='bbox 1487 771 1622 813; x_wconf 87' lang='lat' dir='ltr'>Paule</span> <span class='ocrx_word' id='word_1_235' title='bbox 1666 770 1903 824; x_wconf 80' lang='lat' dir='ltr'>Apostole‚</span> 
     </span>
     <span class='ocr_line' id='line_1_56' title="bbox 1071 826 1902 883; baseline -0.007 -10"><span class='ocrx_word' id='word_1_236' title='bbox 1071 830 1340 883; x_wconf 76' lang='lat' dir='ltr'>praedicator</span> <span class='ocrx_word' id='word_1_237' title='bbox 1385 828 1601 878; x_wconf 79' lang='lat' dir='ltr'>veritatiS,</span> <span class='ocrx_word' id='word_1_238' title='bbox 1648 832 1692 869; x_wconf 94' lang='lat' dir='ltr'>et</span> <span class='ocrx_word' id='word_1_239' title='bbox 1731 826 1902 868; x_wconf 88' lang='lat' dir='ltr'>Doctor</span> 
     </span>
     <span class='ocr_line' id='line_1_57' title="bbox 1073 881 1904 936; baseline -0.006 -8"><span class='ocrx_word' id='word_1_240' title='bbox 1073 887 1296 936; x_wconf 80' lang='lat' dir='ltr'>Gentium,</span> <span class='ocrx_word' id='word_1_241' title='bbox 1328 883 1552 927; x_wconf 76' lang='lat' dir='ltr'>intercede</span> <span class='ocrx_word' id='word_1_242' title='bbox 1579 896 1662 936; x_wconf 92' lang='lat' dir='ltr'>pro</span> <span class='ocrx_word' id='word_1_243' title='bbox 1689 882 1818 925; x_wconf 91' lang='lat' dir='ltr'>nobis</span> <span class='ocrx_word' id='word_1_244' title='bbox 1845 881 1904 923; x_wconf 90' lang='lat' dir='ltr'>ad</span> 
     </span>
     <span class='ocr_line' id='line_1_58' title="bbox 1071 940 1563 994; baseline -0.008 -10"><span class='ocrx_word' id='word_1_245' title='bbox 1071 943 1231 992; x_wconf 92' lang='lat' dir='ltr'>Deum,</span> <span class='ocrx_word' id='word_1_246' title='bbox 1256 942 1331 994; x_wconf 88' lang='lat' dir='ltr'>qui</span> <span class='ocrx_word' id='word_1_247' title='bbox 1351 945 1398 983; x_wconf 87' lang='lat' dir='ltr'>te</span> <span class='ocrx_word' id='word_1_248' title='bbox 1422 940 1563 991; x_wconf 79' lang='lat' dir='ltr'>elegit.</span> 
     </span>
    </p>

    <p class='ocr_par' dir='ltr' id='par_1_20' title="bbox 1127 1002 1904 1053">
     <span class='ocr_line' id='line_1_59' title="bbox 1127 1002 1904 1053; baseline -0.008 -5"><span class='ocrx_word' id='word_1_249' title='bbox 1127 1002 1177 1053; x_wconf 63' lang='lat' dir='ltr'>V.</span> <span class='ocrx_word' id='word_1_250' title='bbox 1211 1006 1282 1047; x_wconf 93' lang='lat' dir='ltr'>Tu</span> <span class='ocrx_word' id='word_1_251' title='bbox 1313 1018 1360 1047; x_wconf 91' lang='lat' dir='ltr'>es</span> <span class='ocrx_word' id='word_1_252' title='bbox 1389 1017 1467 1046; x_wconf 89' lang='lat' dir='ltr'>vas</span> <span class='ocrx_word' id='word_1_253' title='bbox 1498 1002 1726 1045; x_wconf 82' lang='lat' dir='ltr'>electionis</span> <span class='ocrx_word' id='word_1_254' title='bbox 1754 1005 1904 1044; x_wconf 88' lang='lat' dir='ltr'>sancte</span> 
     </span>
    </p>
   </div>
   <div class='ocr_carea' id='block_1_9' title="bbox 1073 1057 1906 1159">
    <p class='ocr_par' dir='ltr' id='par_1_21' title="bbox 1073 1057 1906 1159">
     <span class='ocr_line' id='line_1_60' title="bbox 1073 1057 1906 1115; baseline -0.007 -12"><span class='ocrx_word' id='word_1_255' title='bbox 1073 1062 1208 1103; x_wconf 90' lang='lat' dir='ltr'>Paule</span> <span class='ocrx_word' id='word_1_256' title='bbox 1253 1060 1484 1114; x_wconf 84' lang='lat' dir='ltr'>Apostole.</span> <span class='ocrx_word' id='word_1_257' title='bbox 1543 1064 1593 1115; x_wconf 63' lang='grc' dir='ltr'>Κ.</span> <span class='ocrx_word' id='word_1_258' title='bbox 1631 1057 1906 1100; x_wconf 66' lang='lat' dir='ltr'>Praedicator</span> 
     </span>
     <span class='ocr_line' id='line_1_61' title="bbox 1073 1113 1769 1159; baseline -0.007 0"><span class='ocrx_word' id='word_1_259' title='bbox 1073 1118 1274 1159; x_wconf 81' lang='lat' dir='ltr'>veritatis</span> <span class='ocrx_word' id='word_1_260' title='bbox 1295 1117 1340 1158; x_wconf 92' lang='lat' dir='ltr'>in</span> <span class='ocrx_word' id='word_1_261' title='bbox 1363 1116 1569 1157; x_wconf 82' lang='lat' dir='ltr'>universo</span> <span class='ocrx_word' id='word_1_262' title='bbox 1591 1113 1769 1155; x_wconf 91' lang='lat' dir='ltr'>mundo.</span> 
     </span>
    </p>
   </div>
   <div class='ocr_carea' id='block_1_10' title="bbox 1075 1186 1910 1627">
    <p class='ocr_par' dir='ltr' id='par_1_22' title="bbox 1414 1186 1578 1228">
     <span class='ocr_line' id='line_1_62' title="bbox 1414 1186 1578 1228; baseline 0 -2"><span class='ocrx_word' id='word_1_263' title='bbox 1414 1186 1578 1228; x_wconf 85' lang='lat' dir='ltr'>Oratio.</span> 
     </span>
    </p>

    <p class='ocr_par' dir='ltr' id='par_1_23' title="bbox 1075 1240 1908 1348">
     <span class='ocr_line' id='line_1_63' title="bbox 1075 1240 1908 1348; baseline -0.005 -61"><span class='ocrx_word' id='word_1_264' title='bbox 1075 1240 1253 1348; x_wconf 53' lang='lat' dir='ltr'>Deus</span> <span class='ocrx_word' id='word_1_265' title='bbox 1270 1245 1344 1297; x_wconf 85' lang='lat' dir='ltr'>qui</span> <span class='ocrx_word' id='word_1_266' title='bbox 1357 1242 1685 1286; x_wconf 83' lang='lat' dir='ltr'>multitudinem</span> <span class='ocrx_word' id='word_1_267' title='bbox 1699 1242 1908 1284; x_wconf 78' lang='lat' dir='ltr'>Gentium</span> 
     </span>
    </p>

    <p class='ocr_par' dir='ltr' id='par_1_24' title="bbox 1075 1297 1910 1566">
     <span class='ocr_line' id='line_1_64' title="bbox 1180 1297 1906 1352; baseline -0.007 -9"><span class='ocrx_word' id='word_1_268' title='bbox 1180 1301 1301 1343; x_wconf 73' lang='lat' dir='ltr'>beati</span> <span class='ocrx_word' id='word_1_269' title='bbox 1320 1300 1445 1342; x_wconf 91' lang='lat' dir='ltr'>Pauli</span> <span class='ocrx_word' id='word_1_270' title='bbox 1463 1298 1671 1352; x_wconf 84' lang='lat' dir='ltr'>Apostoli</span> <span class='ocrx_word' id='word_1_271' title='bbox 1694 1297 1906 1351; x_wconf 76' lang='lat' dir='ltr'>praedica-</span> 
     </span>
     <span class='ocr_line' id='line_1_65' title="bbox 1075 1354 1908 1406; baseline -0.006 -7"><span class='ocrx_word' id='word_1_272' title='bbox 1075 1358 1195 1399; x_wconf 84' lang='lat' dir='ltr'>tione</span> <span class='ocrx_word' id='word_1_273' title='bbox 1232 1355 1437 1399; x_wconf 86' lang='lat' dir='ltr'>docuisti:</span> <span class='ocrx_word' id='word_1_274' title='bbox 1479 1355 1536 1397; x_wconf 90' lang='lat' dir='ltr'>da</span> <span class='ocrx_word' id='word_1_275' title='bbox 1571 1354 1700 1396; x_wconf 93' lang='lat' dir='ltr'>nobis</span> <span class='ocrx_word' id='word_1_276' title='bbox 1738 1355 1908 1406; x_wconf 75' lang='lat' dir='ltr'>quaesu-</span> 
     </span>
     <span class='ocr_line' id='line_1_66' title="bbox 1075 1410 1909 1464; baseline -0.005 -10"><span class='ocrx_word' id='word_1_277' title='bbox 1075 1426 1189 1463; x_wconf 91' lang='lat' dir='ltr'>mus;</span> <span class='ocrx_word' id='word_1_278' title='bbox 1220 1417 1269 1454; x_wconf 91' lang='lat' dir='ltr'>ut</span> <span class='ocrx_word' id='word_1_279' title='bbox 1297 1413 1417 1464; x_wconf 85' lang='lat' dir='ltr'>cuius</span> <span class='ocrx_word' id='word_1_280' title='bbox 1445 1410 1909 1453; x_wconf 73' lang='lat' dir='ltr'>commemoratiOnem</span> 
     </span>
     <span class='ocr_line' id='line_1_67' title="bbox 1078 1465 1910 1520; baseline -0.005 -10"><span class='ocrx_word' id='word_1_281' title='bbox 1078 1468 1278 1518; x_wconf 82' lang='lat' dir='ltr'>colimus,</span> <span class='ocrx_word' id='word_1_282' title='bbox 1316 1468 1408 1520; x_wconf 88' lang='lat' dir='ltr'>ejus</span> <span class='ocrx_word' id='word_1_283' title='bbox 1441 1466 1561 1520; x_wconf 88' lang='lat' dir='ltr'>apud</span> <span class='ocrx_word' id='word_1_284' title='bbox 1591 1471 1636 1508; x_wconf 91' lang='lat' dir='ltr'>te</span> <span class='ocrx_word' id='word_1_285' title='bbox 1662 1465 1910 1519; x_wconf 84' lang='lat' dir='ltr'>patrocinia</span> 
     </span>
     <span class='ocr_line' id='line_1_68' title="bbox 1078 1524 1330 1566; baseline -0.004 0"><span class='ocrx_word' id='word_1_286' title='bbox 1078 1524 1330 1566; x_wconf 78' lang='lat' dir='ltr'>sentiamus.</span> 
     </span>
    </p>

    <p class='ocr_par' dir='ltr' id='par_1_25' title="bbox 1131 1591 1430 1627">
     <span class='ocr_line' id='line_1_69' title="bbox 1131 1591 1430 1627; baseline 0.003 -1"><span class='ocrx_word' id='word_1_287' title='bbox 1131 1592 1273 1627; x_wconf 83' lang='lat' dir='ltr'>Postea</span> <span class='ocrx_word' id='word_1_288' title='bbox 1296 1591 1430 1627; x_wconf 84' lang='lat' dir='ltr'>Feriae.</span> 
     </span>
    </p>
   </div>
   <div class='ocr_carea' id='block_1_11' title="bbox 1130 1671 1730 1785">
    <p class='ocr_par' dir='ltr' id='par_1_26' title="bbox 1130 1671 1730 1785">
     <span class='ocr_line' id='line_1_70' title="bbox 1277 1671 1709 1723; baseline -0.009 -8"><span class='ocrx_word' id='word_1_289' title='bbox 1277 1674 1339 1714; x_wconf 86' lang='lat'>111</span> <span class='ocrx_word' id='word_1_290' title='bbox 1364 1673 1427 1714; x_wconf 90' lang='lat'>11.</span> <span class='ocrx_word' id='word_1_291' title='bbox 1457 1671 1709 1723; x_wconf 83' lang='lat' dir='ltr'>vesperis.</span> 
     </span>
     <span class='ocr_line' id='line_1_71' title="bbox 1130 1739 1730 1785; baseline -0.002 -10"><span class='ocrx_word' id='word_1_292' title='bbox 1130 1741 1307 1785; x_wconf 85' lang='lat' dir='ltr'>Hymnus</span> <span class='ocrx_word' id='word_1_293' title='bbox 1331 1746 1372 1776; x_wconf 88' lang='lat' dir='ltr'>ut</span> <span class='ocrx_word' id='word_1_294' title='bbox 1396 1742 1436 1775; x_wconf 92' lang='lat' dir='ltr'>in</span> <span class='ocrx_word' id='word_1_295' title='bbox 1460 1741 1486 1775; x_wconf 92' lang='grc' dir='ltr'>Ι.</span> <span class='ocrx_word' id='word_1_296' title='bbox 1511 1741 1628 1785; x_wconf 89' lang='lat' dir='ltr'>Vesp.</span> <span class='ocrx_word' id='word_1_297' title='bbox 1651 1739 1730 1774; x_wconf 87' lang='grc'>381.</span> 
     </span>
    </p>
   </div>
   <div class='ocr_carea' id='block_1_12' title="bbox 1077 1800 1908 1960">
    <p class='ocr_par' dir='ltr' id='par_1_27' title="bbox 1077 1800 1908 1960">
     <span class='ocr_line' id='line_1_72' title="bbox 1131 1800 1908 1858; baseline -0.008 -8"><span class='ocrx_word' id='word_1_298' title='bbox 1131 1800 1181 1851; x_wconf 72' lang='lat' dir='ltr'>V.</span> <span class='ocrx_word' id='word_1_299' title='bbox 1214 1806 1360 1858; x_wconf 79' lang='lat' dir='ltr'>Elegit</span> <span class='ocrx_word' id='word_1_300' title='bbox 1390 1810 1435 1847; x_wconf 90' lang='lat' dir='ltr'>te</span> <span class='ocrx_word' id='word_1_301' title='bbox 1462 1804 1678 1845; x_wconf 83' lang='lat' dir='ltr'>Dominus</span> <span class='ocrx_word' id='word_1_302' title='bbox 1705 1802 1908 1845; x_wconf 83' lang='lat' dir='ltr'>sacerdo-</span> 
     </span>
     <span class='ocr_line' id='line_1_73' title="bbox 1077 1858 1907 1912; baseline -0.005 -8"><span class='ocrx_word' id='word_1_303' title='bbox 1077 1868 1168 1904; x_wconf 90' lang='lat' dir='ltr'>tem</span> <span class='ocrx_word' id='word_1_304' title='bbox 1193 1862 1289 1903; x_wconf 89' lang='lat' dir='ltr'>sibi.</span> <span class='ocrx_word' id='word_1_305' title='bbox 1325 1862 1376 1912; x_wconf 64' lang='grc' dir='ltr'>Κ.</span> <span class='ocrx_word' id='word_1_306' title='bbox 1402 1860 1476 1902; x_wconf 91' lang='lat' dir='ltr'>Ad</span> <span class='ocrx_word' id='word_1_307' title='bbox 1503 1858 1840 1902; x_wconf 74' lang='lat' dir='ltr'>sacrificandum</span> <span class='ocrx_word' id='word_1_308' title='bbox 1867 1859 1907 1900; x_wconf 89' lang='lat' dir='ltr'>ei</span> 
     </span>
     <span class='ocr_line' id='line_1_74' title="bbox 1077 1916 1439 1960; baseline -0.003 -1"><span class='ocrx_word' id='word_1_309' title='bbox 1077 1918 1268 1960; x_wconf 84' lang='lat' dir='ltr'>hostiam</span> <span class='ocrx_word' id='word_1_310' title='bbox 1285 1916 1439 1959; x_wconf 85' lang='lat' dir='ltr'>laudis.</span> 
     </span>
    </p>
   </div>
   <div class='ocr_carea' id='block_1_13' title="bbox 1077 1980 1909 2292">
    <p class='ocr_par' dir='ltr' id='par_1_28' title="bbox 1077 1980 1909 2199">
     <span class='ocr_line' id='line_1_75' title="bbox 1131 1980 1908 2031; baseline 0 -11"><span class='ocrx_word' id='word_1_311' title='bbox 1131 1980 1202 2021; x_wconf 83' lang='lat' dir='ltr'>Ad</span> <span class='ocrx_word' id='word_1_312' title='bbox 1218 1980 1390 2031; x_wconf 81' lang='lat' dir='ltr'>Magnis.</span> <span class='ocrx_word' id='word_1_313' title='bbox 1410 1981 1510 2025; x_wconf 85' lang='lat' dir='ltr'>Ant.</span> <span class='ocrx_word' id='word_1_314' title='bbox 1529 1982 1646 2022; x_wconf 92' lang='lat' dir='ltr'>Dum</span> <span class='ocrx_word' id='word_1_315' title='bbox 1663 1984 1780 2021; x_wconf 89' lang='lat' dir='ltr'>esset</span> <span class='ocrx_word' id='word_1_316' title='bbox 1795 1991 1908 2020; x_wconf 91' lang='lat' dir='ltr'>sum-</span> 
     </span>
     <span class='ocr_line' id='line_1_76' title="bbox 1077 2035 1909 2086; baseline -0.002 -8"><span class='ocrx_word' id='word_1_317' title='bbox 1077 2050 1176 2078; x_wconf 91' lang='lat' dir='ltr'>mus</span> <span class='ocrx_word' id='word_1_318' title='bbox 1194 2037 1413 2086; x_wconf 80' lang='lat' dir='ltr'>PontifeX‚</span> <span class='ocrx_word' id='word_1_319' title='bbox 1437 2037 1612 2078; x_wconf 78' lang='lat' dir='ltr'>terrena</span> <span class='ocrx_word' id='word_1_320' title='bbox 1634 2048 1723 2076; x_wconf 91' lang='lat' dir='ltr'>non</span> <span class='ocrx_word' id='word_1_321' title='bbox 1742 2035 1909 2083; x_wconf 80' lang='lat' dir='ltr'>metuit,</span> 
     </span>
     <span class='ocr_line' id='line_1_77' title="bbox 1079 2090 1908 2142; baseline -0.002 -9"><span class='ocrx_word' id='word_1_322' title='bbox 1079 2092 1159 2134; x_wconf 90' lang='lat' dir='ltr'>sed</span> <span class='ocrx_word' id='word_1_323' title='bbox 1195 2092 1252 2135; x_wconf 91' lang='lat' dir='ltr'>ad</span> <span class='ocrx_word' id='word_1_324' title='bbox 1289 2093 1486 2134; x_wconf 80' lang='lat' dir='ltr'>coelestia</span> <span class='ocrx_word' id='word_1_325' title='bbox 1525 2104 1660 2142; x_wconf 87' lang='lat' dir='ltr'>regna</span> <span class='ocrx_word' id='word_1_326' title='bbox 1690 2090 1908 2141; x_wconf 82' lang='lat' dir='ltr'>gloriosus</span> 
     </span>
     <span class='ocr_line' id='line_1_78' title="bbox 1078 2148 1294 2199; baseline 0 -10"><span class='ocrx_word' id='word_1_327' title='bbox 1078 2148 1294 2199; x_wconf 83' lang='lat' dir='ltr'>migravit.</span> 
     </span>
    </p>

    <p class='ocr_par' dir='ltr' id='par_1_29' title="bbox 1081 2210 1908 2292">
     <span class='ocr_line' id='line_1_79' title="bbox 1133 2210 1908 2254; baseline 0 -9"><span class='ocrx_word' id='word_1_328' title='bbox 1133 2210 1275 2245; x_wconf 85' lang='lat' dir='ltr'>Postea</span> <span class='ocrx_word' id='word_1_329' title='bbox 1303 2211 1343 2245; x_wconf 89' lang='lat' dir='ltr'>fit</span> <span class='ocrx_word' id='word_1_330' title='bbox 1368 2220 1564 2245; x_wconf 88' lang='lat' dir='ltr'>commem.</span> <span class='ocrx_word' id='word_1_331' title='bbox 1591 2210 1626 2245; x_wconf 88' lang='lat' dir='ltr'>S.</span> <span class='ocrx_word' id='word_1_332' title='bbox 1649 2211 1775 2251; x_wconf 80' lang='lat' dir='ltr'>Pauli,</span> <span class='ocrx_word' id='word_1_333' title='bbox 1803 2220 1908 2254; x_wconf 86' lang='lat' dir='ltr'>sequ.</span> 
     </span>
     <span class='ocr_line' id='line_1_80' title="bbox 1081 2258 1274 2292; baseline -0.01 0"><span class='ocrx_word' id='word_1_334' title='bbox 1081 2263 1117 2292; x_wconf 87' lang='lat' dir='ltr'>ct</span> <span class='ocrx_word' id='word_1_335' title='bbox 1141 2258 1274 2292; x_wconf 79' lang='lat' dir='ltr'>Feriae.</span> 
     </span>
    </p>
   </div>
   <div class='ocr_carea' id='block_1_14' title="bbox 1280 2352 1706 2394">
    <p class='ocr_par' dir='ltr' id='par_1_30' title="bbox 1280 2352 1706 2394">
     <span class='ocr_line' id='line_1_81' title="bbox 1280 2352 1706 2394; baseline -0.002 -1"><span class='ocrx_word' id='word_1_336' title='bbox 1280 2353 1366 2394; x_wconf 93' lang='lat' dir='ltr'>Die</span> <span class='ocrx_word' id='word_1_337' title='bbox 1383 2353 1448 2393; x_wconf 86' lang='lat'>23.</span> <span class='ocrx_word' id='word_1_338' title='bbox 1467 2352 1706 2394; x_wconf 88' lang='lat' dir='ltr'>Februarii.</span> 
     </span>
    </p>
   </div>
   <div class='ocr_carea' id='block_1_15' title="bbox 1105 2421 1882 2520">
    <p class='ocr_par' dir='ltr' id='par_1_31' title="bbox 1105 2421 1882 2520">
     <span class='ocr_line' id='line_1_82' title="bbox 1105 2421 1882 2472; baseline -0.008 -6"><span class='ocrx_word' id='word_1_339' title='bbox 1105 2426 1148 2466; x_wconf 82' lang='lat' dir='ltr'>S.</span> <span class='ocrx_word' id='word_1_340' title='bbox 1167 2424 1305 2465; x_wconf 81' lang='lat' dir='ltr'>Petri</span> <span class='ocrx_word' id='word_1_341' title='bbox 1327 2424 1565 2465; x_wconf 83' lang='lat' dir='ltr'>Damiani</span> <span class='ocrx_word' id='word_1_342' title='bbox 1588 2421 1735 2472; x_wconf 84' lang='lat' dir='ltr'>Episc.</span> <span class='ocrx_word' id='word_1_343' title='bbox 1762 2422 1882 2462; x_wconf 89' lang='lat' dir='ltr'>Conf.</span> 
     </span>
     <span class='ocr_line' id='line_1_83' title="bbox 1331 2480 1657 2520; baseline -0.006 0"><span class='ocrx_word' id='word_1_344' title='bbox 1331 2486 1375 2520; x_wconf 89' lang='lat' dir='ltr'>et</span> <span class='ocrx_word' id='word_1_345' title='bbox 1395 2480 1509 2520; x_wconf 87' lang='lat' dir='ltr'>Eccl.</span> <span class='ocrx_word' id='word_1_346' title='bbox 1529 2480 1657 2520; x_wconf 85' lang='lat' dir='ltr'>Doct.</span> 
     </span>
    </p>
   </div>
   <div class='ocr_carea' id='block_1_16' title="bbox 1413 2544 1576 2586">
    <p class='ocr_par' dir='ltr' id='par_1_32' title="bbox 1413 2544 1576 2586">
     <span class='ocr_line' id='line_1_84' title="bbox 1413 2544 1576 2586; baseline 0 -9"><span class='ocrx_word' id='word_1_347' title='bbox 1413 2544 1576 2586; x_wconf 84' lang='lat' dir='ltr'>Duplex.</span> 
     </span>
    </p>
   </div>
   <div class='ocr_carea' id='block_1_17' title="bbox 1082 2601 1907 2695">
    <p class='ocr_par' dir='ltr' id='par_1_33' title="bbox 1082 2601 1907 2695">
     <span class='ocr_line' id='line_1_85' title="bbox 1133 2601 1907 2645; baseline -0.001 -7"><span class='ocrx_word' id='word_1_348' title='bbox 1133 2604 1270 2638; x_wconf 82' lang='lat' dir='ltr'>Omnia</span> <span class='ocrx_word' id='word_1_349' title='bbox 1301 2604 1347 2638; x_wconf 88' lang='lat' dir='ltr'>de</span> <span class='ocrx_word' id='word_1_350' title='bbox 1378 2603 1522 2638; x_wconf 88' lang='lat' dir='ltr'>Comm.</span> <span class='ocrx_word' id='word_1_351' title='bbox 1555 2604 1663 2638; x_wconf 86' lang='lat' dir='ltr'>Conf.</span> <span class='ocrx_word' id='word_1_352' title='bbox 1695 2604 1801 2638; x_wconf 86' lang='lat' dir='ltr'>Pont.</span> <span class='ocrx_word' id='word_1_353' title='bbox 1838 2601 1907 2645; x_wconf 85' lang='grc'><strong>[66]</strong></span> 
     </span>
     <span class='ocr_line' id='line_1_86' title="bbox 1082 2658 1350 2695; baseline -0.004 -9"><span class='ocrx_word' id='word_1_354' title='bbox 1082 2658 1222 2695; x_wconf 76' lang='lat' dir='ltr'>praeter</span> <span class='ocrx_word' id='word_1_355' title='bbox 1245 2661 1350 2694; x_wconf 82' lang='lat' dir='ltr'>sequ.</span> 
     </span>
    </p>
   </div>
   <div class='ocr_carea' id='block_1_18' title="bbox 107 106 1987 2750">
    <p class='ocr_par' dir='ltr' id='par_1_34' title="bbox 107 106 1987 2750">
     <span class='ocr_line' id='line_1_87' title="bbox 107 106 1987 2750; baseline 0 0"><span class='ocrx_word' id='word_1_356' title='bbox 107 106 1987 2750; x_wconf 95' lang='lat' dir='ltr'> </span> 
     </span>
    </p>
   </div>
  </div>
 </body>
</html>
