2066 2956
753 180 927 214 Officium
951 180 1234 214 Defunctorurn.

150 281 330 388 Deus,
352 285 491 326 veniae
508 284 690 335 largitor
709 287 752 325 et
769 283 971 325 humanae

254 342 404 384 salutis
421 342 604 382 amator:
625 341 874 392 quaesumus
889 339 971 380 cle-

148 399 356 440 mentiam
379 402 513 447 tuam3
538 401 586 438 ut
607 400 770 437 nostrae
794 408 970 446 congre-

150 455 337 507 gationis
357 454 523 504 fratres,
545 455 819 507 propinquos
839 457 882 494 et
898 452 971 494 be-

149 511 415 562 nefactores,
462 510 537 563 qui
581 523 636 552 ex
681 509 766 551 hoc
809 509 971 550 saeculo

149 568 432 617 transierunt,
467 566 598 608 beata
628 566 766 607 Maria
800 578 973 618 semper

149 624 331 675 Virgine
347 622 644 665 intercedente
659 634 758 663 cum
773 621 972 663 omnibus

150 680 320 721 Sanctis
343 680 440 729 tuis,
464 679 520 720 ad
539 679 766 731 perpetuae
789 678 971 720 beatitu-

152 735 264 834 dffiis
304 736 572 778 consortium
608 737 836 787 pervenire
873 747 972 776 con-

151 805 175 834 c
234 805 292 834 as.

150 864 226 970 F
237 869 416 911 idolium
430 870 551 910 Deus
563 868 755 910 omnium
772 867 973 910 conditor

246 930 290 968 et
309 925 572 978 redemptor,
595 924 821 966 animabus
841 924 973 965 famu-

151 982 293 1024 lorum
327 981 672 1034 famularumque
705 983 879 1022 tuarum
910 993 973 1021 re-

150 1038 403 1080 missionem
430 1040 685 1080 cunctorum
709 1036 850 1079 tribue
874 1049 973 1089 pec-

153 1097 366 1137 catorum:
409 1099 458 1136 ut
493 1092 806 1145 indulgentiam
843 1105 974 1145 quam

152 1163 326 1204 semper
366 1151 645 1204 optaverunt,
690 1149 774 1203 piis
811 1148 973 1202 suppli-

153 1206 394 1249 cationibus
410 1208 746 1258 consequantur:
766 1205 850 1256 Qui
865 1205 974 1246 vivis

153 1269 369 1373 etfieggas
387 1263 431 1304 in
450 1262 611 1304 saecula
630 1262 901 1304 saeculorum.

235 1341 251 1360 ·.
321 1333 431 1362 men.

202 1404 244 1438 In
258 1403 320 1437 dic
335 1412 428 1437 vcro
444 1400 790 1436 Cofflemorationis
804 1400 973 1434 omnium

151 1451 341 1486 Fidelium
356 1450 642 1490 Defunctorum,
661 1447 815 1491 quando
835 1447 974 1481 dicitur

119 1542 122 1545 ,
151 1500 235 1534 11100
251 1499 384 1534 1111111111
400 1502 547 1532 tantum
564 1495 706 1537 Oratio,
726 1495 879 1530 dicitur:
901 1494 975 1536 Qui

152 1545 256 1582 vivis
281 1548 318 1580 et
338 1554 476 1588 regnas
501 1554 587 1579 cum
600 1544 684 1579 Deo
700 1543 813 1579 Patre
834 1543 874 1577 in
893 1543 975 1578 uni-

153 1595 230 1628 trite
258 1592 423 1637 Spiritus
452 1592 576 1627 sancti
597 1592 721 1635 Deus,
751 1601 821 1635 per
847 1591 975 1626 omnia

155 1641 299 1676 saecula
322 1640 559 1675 saeculorum.
602 1640 644 1685 R.
670 1639 804 1674 Amen.

223 1723 272 1763 In
293 1722 362 1764 die
382 1722 669 1775 depositionis
689 1722 904 1763 Defuncti.

482 1797 644 1838 Oratio.

229 1856 394 1907 bsolve,
413 1859 663 1909 quaesumus
677 1855 874 1905 Domine,
889 1855 976 1896 ani-

266 1926 382 1954 mam
407 1913 557 1954 famuli
580 1913 731 1962 tuiN.‚
757 1917 806 1954 ut
829 1911 976 1953 defun-

157 1974 254 2011 ctus
277 1968 439 2024 saeculo
458 1969 539 2011 tibi
557 1969 691 2011 vivat:
717 1973 760 2010 et
780 1981 877 2020 quae
897 1980 977 2020 per

157 2025 434 2077 fragilitatem
474 2026 615 2067 carnis
655 2024 843 2065 humana
879 2036 977 2065 con-

86 2105 90 2109 ·
157 2081 405 2123 versatione
430 2081 659 2131 commisit,
684 2085 732 2122 tu
754 2081 881 2122 venia
902 2081 976 2121 mi-

158 2137 515 2179 sericordissimae
552 2137 730 2190 pietatis
766 2136 978 2188 absterge.

157 2195 241 2236 Per
259 2194 506 2235 Dominum.

208 2281 246 2314 81
266 2280 378 2314 suerit
400 2280 550 2321 femina,
576 2279 724 2313 dicatur
745 2278 910 2313 Animam
927 2278 978 2313 fa-

157 2328 271 2363 rnulae
294 2332 371 2363 tuae
389 2328 451 2370 Ν,
475 2330 516 2362 111
539 2326 728 2362 defuncta.

217 2402 264 2440 In
287 2402 594 2441 Annivcrsario
615 2401 693 2442 die.
752 2401 913 2440 Oratio.

246 2483 324 2512 eus
368 2469 732 2521 indulgentiarum
775 2469 979 2511 Domine:

271 2527 328 2568 da
363 2526 590 2568 animabus
626 2526 886 2568 famulorum
922 2525 979 2566 fa-

160 2582 459 2635 mulatamque
482 2586 666 2632 tuarum,
692 2595 876 2634 quorum
894 2581 978 2622 111·ιί-

161 2640 400 2680 versarium
424 2639 710 2692 depositionis
730 2638 845 2679 diem
867 2649 979 2678 com-

161 2697 463 2746 memoramus,
482 2695 692 2746 refrigerii
710 2693 871 2743 sedem,
891 2693 982 2745 qui-

1023 277 1104 319 etis
1121 276 1447 325 beatitudinem,
1471 281 1514 317 et
1531 275 1703 316 luminis
1723 273 1843 315 clari-

1021 336 1167 375 tatem.
1194 334 1277 374 Per
1295 333 1541 374 Dominum.

1074 406 1113 439 Si
1147 415 1217 448 pro
1251 415 1326 438 11110
1363 408 1505 437 tantum
1541 404 1580 436 111
1614 404 1844 436 Annivm-sa—

1023 454 1130 489 rium.
1156 453 1304 486 dicatur
1330 453 1365 485 in
1391 452 1574 493 singulari
1602 461 1769 483 numero.

1100 519 1183 558 Pro
1206 532 1290 557 uno
1316 518 1534 568 Episcopo
1556 515 1769 555 defuneto.

1357 581 1518 622 Oratio.
1894 610 1895 614 ,

1023 629 1206 736 Deus,
1241 634 1316 686 qui
1344 633 1456 674 inter
1484 632 1753 686 apostolicos
1781 644 1844 672 sa-

1138 689 1338 732 cerdotes
1386 689 1594 731 famulum
1638 693 1760 730 tuum
1796 689 1844 728 N.

1023 746 1265 800 pontificali
1288 746 1429 787 fecisti
1452 745 1662 797 dignitate
1685 745 1846 795 vigere:

1024 808 1197 856 praesta,
1219 804 1483 855 quaesumus3
1503 808 1552 844 ut
1571 805 1721 844 eorum
1742 813 1845 853 quo-

1026 873 1110 912 que
1141 861 1355 912 perpetuo
1387 861 1644 911 aggregetur
1672 859 1846 899 consor-

1023 917 1098 957 tio.
1124 916 1209 957 Per
1226 915 1472 956 Dominum.

1078 980 1118 1014 81
1143 979 1254 1013 fuerit
1273 978 1472 1013 Sacerdos.
1499 978 1646 1011 dicatur
1669 976 1846 1011 sacerdo-
1897 1001 1899 1010 ,

1024 1027 1093 1062 tali
1114 1026 1248 1070 fecisti,
1273 1029 1341 1061 010.

1078 1076 1151 1109 Pro
1183 1075 1362 1108 fratribus
1391 1084 1483 1108 vcro
1516 1078 1551 1107 01
1583 1074 1847 1109 familiaribus,

1026 1124 1087 1157 vel
1132 1123 1443 1157 benefactoribus
1461 1150 1467 1159 ,
1522 1122 1660 1155 dicitur
1706 1121 1846 1155 Oratio.

1028 1172 1145 1213 Deus,
1166 1168 1291 1205 veniae
1312 1167 1480 1212 largitor.
1504 1175 1543 1203 ut
1568 1180 1693 1212 supra.

1094 1232 1178 1272 Pro
1199 1236 1322 1283 patre
1344 1236 1386 1271 01
1406 1235 1553 1270 matre.
1617 1228 1778 1268 Oratio.

1116 1307 1204 1345 eus,
1226 1295 1299 1347 qui
1317 1307 1398 1336 nos
1415 1298 1587 1346 patrem
1605 1298 1648 1335 et
1666 1298 1849 1335 matrem

1128 1351 1345 1393 honorare
1359 1350 1625 1403 praecepisti:
1643 1350 1848 1391 miserere

1027 1408 1262 1450 clementer
1286 1406 1513 1448 animabus
1535 1406 1672 1458 patris
1697 1411 1741 1448 et
1762 1419 1848 1447 ma-

1026 1464 1106 1506 tris
1120 1477 1242 1514 meae,
1260 1467 1500 1515 eorumque
1514 1464 1696 1514 peccata
1711 1462 1849 1504 dimit·
1895 1464 1897 1468 ’

1026 1525 1085 1571 10;
1111 1533 1269 1572 meque
1288 1532 1364 1561 eos
1383 1520 1427 1560 in
1446 1520 1620 1560 aeternae
1641 1518 1848 1560 claritatis

1026 1576 1187 1629 gaudio
1207 1576 1275 1618 fac
1294 1576 1452 1618 videre.
1479 1576 1563 1617 Per
1581 1575 1827 1616 Dominum.

1080 1639 1120 1674 Si
1137 1640 1177 1674 fit
1195 1649 1264 1683 pro
1288 1638 1462 1682 pluribus
1481 1638 1629 1672 dicatur
1648 1638 1849 1673 animabus

1026 1687 1228 1730 parentum
1262 1686 1498 1730 nostrorum,
1536 1690 1572 1720 et
1608 1687 1674 1721 ubi
1712 1687 1850 1721 dicitur

1027 1745 1174 1779 meque,
1198 1736 1347 1770 dicatur
1370 1744 1529 1778 nosque.

1081 1785 1121 1818 81
1142 1794 1211 1827 pro
1234 1788 1341 1827 patre
1363 1787 1519 1824 tantum,
1544 1782 1693 1816 dicatur
1712 1781 1850 1816 animae

1027 1831 1150 1875 patris
1173 1831 1258 1875 mei,
1284 1831 1345 1866 vel
1367 1830 1500 1866 nostri.

1082 1880 1122 1914 Si
1142 1890 1211 1923 pro
1229 1883 1346 1913 matre
1367 1883 1523 1918 tanturn,
1549 1878 1697 1911 dicatur
1713 1877 1851 1912 animae
1898 1918 1899 1922 Ἰ

1027 1926 1161 1962 matris
1184 1936 1291 1970 meae,
1317 1927 1378 1960 vcl
1399 1929 1553 1962 nostrae.

1107 1990 1192 2030 Pro
1212 2001 1297 2030 uno
1320 1987 1546 2027 Defuncto.
1610 1987 1772 2028 Oratio.

1028 2048 1218 2155 Inclina
1244 2052 1431 2094 Domine
1465 2063 1613 2093 aurem
1646 2054 1765 2091 tuam
1795 2047 1851 2090 ad

1094 2121 1248 2162 preces
1280 2114 1469 2158 nostras,
1503 2106 1659 2159 quibus
1689 2104 1850 2146 miseri-

1031 2165 1226 2207 cordiam
1252 2170 1373 2207 tuam
1401 2163 1622 2217 supplices
1648 2161 1851 2214 depreca-

1029 2235 1141 2263 mur:
1166 2226 1214 2264 ut
1238 2222 1425 2263 animam
1447 2218 1597 2261 famuli
1619 2217 1697 2268 tui,
1723 2230 1852 2270 quam

1031 2277 1086 2319 de
1106 2278 1192 2320 hoc
1215 2277 1377 2320 saeculo
1401 2276 1588 2326 migrare
1613 2273 1784 2326 jussisti,
1808 2273 1852 2314 in

1030 2335 1151 2387 pacis
1181 2347 1232 2377 ac
1257 2334 1367 2376 lucis
1393 2332 1570 2383 regione
1602 2331 1852 2379 constituas,

1031 2395 1075 2432 et
1101 2393 1352 2433 sanctorum
1378 2391 1554 2430 tuorum
1581 2386 1729 2438 jubeas
1755 2398 1851 2428 esse

1032 2449 1291 2489 consortem.
1317 2446 1402 2487 Per
1420 2442 1666 2485 Dominum.

1110 2519 1193 2558 l'ro
1217 2531 1297 2557 111111
1317 2517 1541 2556 Dct'uncta.
1612 2516 1772 2556 Oratio.

1033 2568 1334 2692 Quaesumus
1352 2577 1539 2619 Domine
1563 2589 1645 2629 pro
1667 2581 1743 2618 tua
1764 2576 1852 2629 pie-

1134 2638 1225 2678 tate
1258 2635 1463 2675 miserere
1497 2633 1651 2674 animae
1679 2632 1852 2673 famulae

1031 2697 1137 2734 tuae:
1182 2697 1225 2734 et
1261 2704 1286 2732 a
1325 2689 1539 2740 contagiis
1573 2688 1852 2731 mortalitatis

1749 177 1842 221 [179]
1895 205 1897 208 .
