2066 2956
456 228 526 262 Die
550 228 725 268 23.]12151.
773 229 807 263 S
832 230 994 263 Joannis
1019 231 1205 282 Baptistae
1231 231 1277 264 dc
1304 231 1414 264 Rossi
1441 231 1546 265 (lons.

158 322 244 363 tius
271 334 322 363 ac
347 320 516 362 facilius
545 321 601 362 ad
625 333 772 363 veram
797 321 979 364 beatitu-

160 377 306 420 dinem
325 377 483 419 caritas
501 377 618 426 facit,
645 378 763 428 quod
783 378 838 419 ad
856 379 980 420 mise-

158 434 282 484 riam,
320 438 529 486 quantum
564 434 723 486 potuit,
765 434 980 487 cupiditas

158 490 273 531 fecit!
302 490 441 539 Quam
460 489 584 530 facile
602 489 814 531 toleratur
835 490 980 542 qua'eli-

159 546 235 588 bet
266 545 509 587 adversitas
540 546 812 598 temporalis,
844 551 893 587 ut
925 560 978 588 ae-

157 603 280 644 terna
301 615 435 655 poena
458 602 635 651 vitatur,
665 607 707 644 et
732 604 894 644 aeterna
918 605 979 644 re-

159 658 282 710 quies
308 657 602 710 comparetur!
638 658 739 700 Non
764 659 979 700 immerito

156 714 229 755 ille
247 727 324 756 vas
349 714 575 755 electionis
601 727 699 756 cum
722 715 885 765 ingenti
909 715 979 756 lae-

156 771 253 813 titia
299 770 421 812 dixit:
466 770 568 812 Non
612 776 710 812 sunt
752 771 979 822 condignae

157 827 384 880 passiones
420 826 546 879 hujus
577 827 788 879 temporis
822 827 878 868 ad
913 841 979 869 su-

157 886 466 936 perventuram
488 883 673 934 gloriam
697 896 794 934 quae
818 883 979 925 revela-

156 938 274 981 bitur
293 939 337 980 in
356 939 494 981 nobis.
525 939 641 981 Ecce
660 939 775 981 unde
795 939 902 981 illud
920 941 976 991 ju-

157 1009 260 1048 gum
279 998 412 1037 suave
433 1000 516 1045 est,
541 1001 584 1037 et
603 996 773 1037 sarcina
791 996 913 1046 levis3
937 1002 980 1038 et

157 1052 195 1093 si
223 1055 405 1103 angusta
438 1057 503 1093 est
531 1052 683 1105 paucis
711 1051 979 1102 eligentibus,

156 1108 295 1150 facilis
313 1112 459 1150 tamen
475 1107 674 1149 omnibus
689 1107 979 1159 diligentibus.

155 1164 277 1206 Dixit
295 1164 542 1205 psalmista:
561 1165 749 1217 Propter
768 1163 902 1205 verba
921 1165 978 1205 la-

155 1219 329 1318 ἓὶόῐιιω
353 1222 529 1261 tuorum
549 1232 630 1271 ego
651 1220 867 1262 custodivi
886 1221 979 1261 vias

187 1289 299 1318 uras.

211 1336 262 1387 R.
284 1333 375 1375 Iste
403 1337 470 1374 est
499 1333 573 1385 qui
600 1337 700 1374 ante
724 1333 866 1374 Deum
893 1345 978 1373 ma-

157 1402 263 1440 gnas
290 1390 474 1431 virtutes
503 1391 711 1442 operatus
739 1394 820 1438 est,
854 1394 897 1431 et
925 1389 979 1430 de

157 1446 273 1486 omni
290 1445 424 1487 corde
436 1459 516 1487 suo
526 1445 721 1487 laudavit
731 1445 979 1487 Dominum:

158 1506 182 1530 *
207 1502 310 1555 Ipse
337 1501 579 1544 intercedat
605 1514 686 1555 pro
714 1501 908 1554 peccatis
937 1504 979 1542 o-

156 1558 319 1599 mnium
333 1558 614 1611 populorum,
635 1558 816 1609 alleluja.
834 1556 883 1607 V.
900 1558 978 1599 Ec-

156 1627 208 1656 ce
231 1613 365 1656 homo
398 1614 490 1656 sine
515 1614 709 1667 querela,
744 1627 874 1656 verus
897 1614 980 1656 Dei

157 1670 310 1722 cultor,
330 1671 553 1713 abstinens
572 1683 619 1712 se
639 1670 694 1713 ab
714 1671 831 1712 omni
847 1673 980 1724 opere

157 1727 290 1778 malo,
319 1733 363 1769 et
387 1729 648 1781 permanens
673 1728 716 1768 in
734 1727 981 1781 innocentia

157 1796 246 1825 sua.
276 1784 388 1837 Ipse.

444 1836 595 1877 Lectio
618 1836 698 1876 viii.

161 1890 283 1997 Sed
305 1909 403 1949 quae
427 1896 535 1938 dura
553 1901 653 1939 sunt
670 1896 981 1946 laborantibus,

241 1952 407 1994 eisdem
425 1953 534 2005 ipsis
551 1953 784 1995 mitoscunt
803 1955 979 1996 amanti-

157 2007 252 2064 bus.
284 2009 472 2061 Propter
496 2008 617 2061 quod
635 2009 695 2051 ita
715 2009 874 2051 divinae
893 2010 980 2062 pie-

158 2064 262 2106 tatis
290 2063 616 2117 dispensatione
643 2070 788 2107 actum
817 2071 900 2115 est,
933 2071 982 2107 ut

157 2119 340 2162 interior
370 2120 519 2171 homo,
556 2121 630 2173 qui
662 2124 896 2163 renovatur
927 2121 981 2163 de

160 2175 230 2218 die
257 2176 301 2217 in
330 2176 461 2227 diem,
492 2189 580 2219 non
608 2178 750 2220 adhuc
778 2177 857 2219 sub
885 2177 981 2229 lege

159 2233 345 2285 positus,
370 2232 449 2275 sed
466 2234 550 2285 jam
569 2234 649 2276 sub
668 2234 807 2285 gratia
826 2246 980 2275 exone-

160 2291 281 2330 ratus
307 2289 489 2331 sarcinis
511 2290 887 2332 innumerabilium
906 2289 980 2331 ob-

160 2346 470 2396 servationum,
525 2346 644 2398 quod
693 2351 786 2388 erat
830 2347 981 2387 revera

159 2413 290 2451 grave
305 2401 459 2452 jugum,
478 2402 558 2444 sed
573 2402 694 2444 durae
709 2402 866 2443 cervici
882 2414 980 2442 con-

159 2458 381 2499 venienter
390 2457 652 2511 impositum,
668 2458 873 2500 facilitate
884 2459 980 2498 sim-

158 2512 284 2565 plicis
302 2512 416 2563 fidei,
436 2519 480 2556 et
493 2514 623 2556 bonae
638 2515 742 2567 spei,
762 2519 805 2555 et
819 2518 980 2555 sanctae

91 2574 93 2577 ’
160 2569 362 2620 caritatiS,
381 2570 593 2622 quidquid
606 2570 903 2612 molestiarum
919 2582 982 2610 ex-

158 2625 309 2666 teriori
326 2625 490 2667 homini
508 2627 747 2668 forinsecus
765 2626 981 2667 intulisset

158 2681 230 2723 ille
249 2682 470 2735 princeps,
496 2683 570 2736 qui
591 2683 748 2723 missus
768 2686 834 2723 est
852 2682 980 2731 foras,

158 2738 353 2780 interiori
371 2738 531 2790 gaudio
551 2739 676 2781 fieret
693 2738 800 2780 leve.

1083 325 1133 376 Rz.
1169 323 1262 364 Sint
1294 322 1429 363 lumbi
1457 322 1590 363 vestri
1617 321 1852 374 praecincti,

1033 383 1076 420 et
1112 378 1300 420 lucornae
1338 377 1540 419 ardentes
1575 378 1618 418 in
1654 377 1852 419 manibus

1031 435 1202 476 vestris:
1217 439 1238 461 *
1254 435 1311 476 Et
1329 447 1408 475 vos
1429 434 1589 475 similes
1606 433 1852 475 hominibus

1033 490 1388 543 exspectantibus
1439 489 1661 532 dominum
1711 503 1852 539 suum,

1033 547 1208 599 quando
1232 549 1474 589 revertatur
1497 559 1522 587 a
1546 546 1725 599 nuptiis,
1753 546 1851 587 alle-

1031 603 1126 655 luja.
1155 599 1202 651 V.
1223 603 1412 653 Vigilate
1428 615 1542 653 ergo,
1562 602 1661 654 quia
1675 603 1851 643 nescitis

1033 673 1118 711 qua
1136 660 1244 701 hora
1258 659 1471 700 Dominus
1488 663 1632 699 vester
1646 661 1852 699 venturus

1033 716 1097 758 sit.
1125 717 1190 758 Et.
1218 715 1367 757 Gloria
1386 715 1514 757 Patri.
1542 715 1608 756 Et.

1331 791 1481 832 Lectio
1502 791 1554 830 ix.

1129 853 1204 894 ihil
1229 854 1342 895 enirn
1365 858 1454 895 tam
1479 852 1604 894 facile
1629 852 1757 895 bonae
1780 866 1852 894 vo-

1139 909 1295 951 luntati
1315 914 1395 958 est,
1422 922 1551 961 quam
1571 909 1666 961 ipsa
1686 909 1783 958 sibi,
1810 915 1853 950 et

1030 965 1126 1007 haec
1163 965 1322 1006 sufficit
1358 965 1466 1006 Deo.
1528 964 1853 1014 Quantumlibet

1032 1035 1136 1073 ergo
1166 1022 1317 1063 saeviat
1344 1021 1425 1062 iste
1452 1020 1653 1071 mundus,
1682 1021 1851 1061 verissi-

1031 1091 1100 1119 me
1120 1078 1291 1128 Angeli‚
1316 1082 1419 1118 nato
1439 1077 1483 1117 in
1502 1089 1630 1118 carne
1650 1077 1852 1126 Domino,

1033 1134 1341 1175 clamaverunt:
1387 1133 1537 1174 Gloria
1581 1133 1625 1173 in
1671 1132 1852 1173 excelsis

1031 1190 1146 1239 Deo,
1184 1194 1227 1230 et
1263 1190 1307 1229 in
1341 1193 1458 1229 terra
1489 1201 1576 1241 pax
1607 1187 1853 1229 hominibus

1032 1245 1160 1287 bonae
1176 1245 1423 1286 voluntatis.
1452 1245 1562 1295 Quia
1582 1245 1671 1296 ejus
1692 1244 1765 1296 qui
1783 1256 1853 1284 na-

1031 1306 1102 1343 tus
1126 1307 1235 1351 erat,
1261 1303 1394 1343 suave
1418 1302 1564 1353 jugum
1588 1306 1669 1350 est,
1700 1305 1742 1341 et
1767 1302 1852 1340 sar-

1033 1358 1128 1399 cina
1153 1358 1272 1399 levis.
1312 1357 1368 1398 Et
1396 1358 1507 1398 sicut
1534 1355 1638 1398 dicit
1664 1356 1852 1408 Aposto-

1031 1413 1113 1454 lus:
1133 1412 1294 1455 Fidelis
1308 1413 1439 1463 Deus,
1461 1413 1533 1465 qui
1552 1425 1632 1453 nos
1651 1424 1736 1452 non
1754 1411 1853 1452 sinit

1031 1470 1189 1511 tentari
1221 1482 1353 1521 supra
1388 1468 1434 1510 id
1469 1468 1588 1520 quod
1620 1470 1852 1520 possumus

1032 1525 1158 1575 ferre,
1203 1525 1282 1566 sed
1324 1525 1426 1567 facit
1471 1537 1569 1565 cum
1614 1523 1852 1565 tentatione

1033 1582 1163 1623 etiam
1191 1582 1372 1632 exitum,
1404 1586 1452 1622 ut
1483 1583 1701 1633 possimus
1729 1579 1852 1620 susti-

1031 1639 1144 1679 nore.

1088 1704 1148 1744 Te
1168 1703 1310 1744 Deum
1329 1702 1566 1743 laudamus.
1586 1702 1643 1741 15.

1296 1823 1380 1864 Die
1398 1823 1462 1863 23.
1482 1822 1592 1873 Maii.

1049 1901 1091 1941 S.
1116 1901 1146 1942 J
1148 1899 1324 1941 oannis
1345 1898 1589 1949 Baptistae
1610 1899 1669 1939 de
1690 1898 1834 1939 Rossi

1301 1956 1582 1996 Confessoris.

1362 2032 1522 2074 Duplex.

1086 2094 1220 2128 Omnia
1253 2093 1298 2127 dc
1329 2093 1471 2127 Comm.
1497 2092 1604 2126 Cous.
1638 2102 1713 2125 non
1742 2091 1848 2124 I‘out.

1034 2144 1106 2192 [84]
1127 2147 1266 2185 praeter
1291 2141 1498 2184 sequentia.

1367 2213 1526 2253 Oratio.

1119 2298 1212 2336 eus,
1232 2286 1305 2338 qui
1324 2289 1520 2326 sanctum
1540 2284 1564 2324 J
1567 2285 1751 2325 oannem
1770 2283 1851 2324 Ba-

1140 2345 1320 2395 ptistam
1339 2341 1644 2382 Confessorem
1664 2344 1786 2380 tuum
1809 2339 1853 2379 in

1032 2396 1378 2449 evangelizandis
1392 2394 1656 2449 pauperibus
1673 2395 1852 2437 caritate

1032 2459 1075 2496 et
1118 2453 1326 2506 patientia
1375 2451 1606 2493 decorasti:
1660 2450 1851 2493 concede

1033 2512 1296 2562 quaesumus3
1316 2514 1364 2550 ut
1383 2509 1502 2560 cujus
1520 2508 1592 2559 pia
1610 2507 1765 2548 morita
1782 2519 1852 2548 ve-

1031 2569 1247 2615 neramur,
1275 2565 1484 2606 virtutum
1511 2575 1686 2615 quoque
1713 2563 1850 2604 imite-

1030 2635 1126 2664 mur
1146 2621 1354 2673 exempla.
1381 2621 1465 2661 Per
1483 2619 1727 2660 Dominum.

1086 2696 1127 2729 In
1158 2695 1183 2728 I.
1213 2694 1409 2728 Nocturno
1443 2693 1643 2728 Lectiones
1678 2694 1724 2728 dc
1753 2695 1848 2729 Scri-

1035 2748 1143 2786 ptura
1170 2746 1398 2776 occurrente.
