2028 2892
203 162 269 198 426

257 258 382 299 Multi
402 257 553 301 dicunt
572 260 729 302 animae
747 273 872 302 meae:
890 263 914 288 *
933 260 1034 303 Non

208 319 276 355 est
295 314 413 356 salus
431 315 514 368 ipsi
533 316 575 356 in
595 316 692 358 Deo
713 317 814 368 ejus.

258 369 326 412 Tu
376 377 522 414 autem
567 372 755 415 Domine
804 375 1034 427 susceptor

205 439 327 468 meus
348 440 411 477 es,
430 429 454 454 *
473 428 614 480 gloria
632 442 746 479 mea,
770 435 813 473 et
837 430 1033 473 exaltans

204 489 338 536 caput
357 498 512 527 meum.
1013 505 1022 510 ·

255 541 380 583 Voce
397 554 494 584 mea
510 542 567 585 ad
582 543 820 585 Dominum
835 544 1033 586 clamavi:

204 599 227 625 *
246 603 290 640 et
309 598 530 642 exaudivit
548 612 618 642 me
638 598 694 642 de
713 605 863 643 monte
878 606 1031 644 sancto

203 667 295 696 suo.

256 712 352 763 Ego
373 711 576 763 dormivi,
602 718 646 755 et
665 716 902 767 soporatus
921 727 1030 757 sum:

202 768 225 793 *
247 774 291 810 et
315 769 555 819 exsurrexi,
580 770 682 822 quia
701 770 916 813 Dominus
941 784 1030 814 sus-

202 826 320 879 cepit
339 839 419 868 me.

252 882 353 924 Non
390 882 554 925 timebo
590 883 725 926 millia
766 885 920 937 populi
953 885 1029 927 cir-

202 938 448 981 cumdantis
474 953 560 982 me:
583 942 607 968 *
630 944 818 993 exsurge
842 942 1028 985 Domine

200 996 369 1038 salvum
387 1009 458 1039 me
476 996 555 1045 fac,
574 997 695 1039 Deus
713 1011 848 1040 meus.

253 1053 470 1104 Quoniam
506 1058 554 1095 tu
590 1056 846 1107 percussisti
878 1068 1028 1098 omnes

200 1109 486 1152 adversantes
506 1110 610 1152 mihi
627 1112 720 1153 sine
736 1125 881 1154 causa:
891 1115 915 1140 *
927 1113 1027 1155 den-

199 1172 266 1208 tes
287 1169 570 1219 peccatorum
590 1169 844 1211 contrivisti.

251 1224 428 1265 Domini
453 1229 520 1266 est
544 1224 676 1266 salus:
696 1227 719 1253 *
739 1231 782 1267 et
801 1238 933 1279 super
951 1227 1027 1279 po-

199 1280 352 1333 pulum
371 1285 494 1322 tuum
513 1280 761 1324 benedictio
780 1287 865 1324 tua.

252 1341 352 1381 Ant.
401 1339 520 1380 Voce
561 1351 659 1380 mea
699 1338 756 1381 ad
792 1339 1029 1381 Dominum

200 1396 394 1446 clamavi,
415 1400 458 1437 et
478 1395 702 1438 exaudivit
719 1408 789 1438 me
810 1395 865 1438 de
879 1401 1028 1438 monte

200 1459 352 1495 sancto
372 1465 464 1494 suo.

256 1513 353 1552 Ant.
376 1510 557 1551 Factum
577 1515 643 1552 est
663 1522 740 1551 cor
758 1523 903 1551 meum
921 1515 1026 1552 tam-

200 1579 332 1618 quam
372 1579 473 1608 cera
510 1566 760 1619 liquescens
799 1567 842 1608 in
882 1566 1028 1609 medio

199 1623 364 1665 ventris
383 1624 479 1666 mei.

473 1678 672 1719 Psalmus
692 1678 748 1717 12.

290 1745 490 1786 squequo
526 1733 715 1774 Domine
757 1732 1028 1775 oblivisceris

302 1803 372 1831 me
390 1790 433 1830 in
447 1788 601 1832 finem?
612 1790 635 1815 *
646 1790 888 1842 Usquequo
908 1792 1027 1832 aver-

199 1848 255 1888 tis
274 1846 429 1888 faciem
448 1851 569 1888 tuam
587 1859 613 1887 a
631 1844 726 1888 me?

253 1902 472 1954 Quamdiu
490 1916 653 1956 ponam
673 1903 855 1949 consilia
877 1904 921 1945 in
940 1905 1026 1946 ani-

199 1974 270 2002 ma
290 1974 405 2010 mea,
427 1962 451 1988 *
477 1960 677 2003 dolorem
701 1961 745 2002 in
769 1960 903 2003 corde
927 1974 1027 2003 meo

198 2030 279 2070 per
299 2015 441 2059 diem?

251 2074 493 2127 Usquequo
529 2074 792 2116 exaltabitur
828 2075 1027 2117 inimicus

199 2144 323 2173 meus
351 2144 483 2184 super
510 2129 602 2173 me?
622 2132 645 2157 *
669 2132 855 2184 respice,
884 2137 927 2174 et
955 2145 1025 2174 ex-

199 2187 302 2230 audi
320 2200 391 2230 me
409 2188 598 2230 Domine
617 2188 739 2230 Deus
758 2201 892 2230 meus.

252 2245 454 2286 Illumina
493 2246 646 2287 oculos
684 2258 807 2287 meos
847 2258 901 2287 ne
937 2259 1026 2287 um-

201 2314 331 2353 quam
356 2300 634 2344 obdormiam
658 2302 701 2343 in
729 2307 885 2344 morte:
908 2304 931 2329 *
955 2315 1025 2344 ne·

200 2358 377 2410 quando
398 2358 516 2400 dicat
535 2359 733 2401 inimicus
751 2372 889 2400 meus:
912 2359 1025 2400 Prae-

198 2414 314 2456 valui
334 2414 544 2457 adversus
564 2428 673 2458 eum.

251 2471 334 2521 Qui
352 2471 562 2514 tribulant
581 2486 665 2524 me,
691 2472 971 2516 exsultabunt
990 2474 1026 2514 si

198 2531 343 2568 motus
363 2528 501 2571 fuero:
520 2531 543 2556 *
564 2542 646 2582 ego
670 2534 815 2571 autem
838 2529 881 2570 in
900 2530 1024 2572 mise-

199 2582 387 2625 ricordia
404 2590 479 2627 tua
499 2586 683 2639 speravi.

251 2640 501 2684 Exsultabit
526 2656 602 2684 cor
620 2657 766 2686 meum
784 2643 828 2683 in
843 2643 1025 2687 ,salutari

199 2701 292 2738 tuo:
311 2698 498 2740 cantabo
513 2700 705 2742 Domino
726 2700 799 2753 qui
818 2699 934 2742 bona
952 2703 1024 2742 tri-

772 167 925 211 Scptcm
952 167 1134 201 Dolorum
1161 168 1200 202 Β.
1228 167 1272 201 M.
1299 168 1341 202 V.

1086 262 1181 305 buit
1198 263 1317 305 mihi:
1335 265 1359 291 *
1378 271 1422 307 et
1440 266 1625 319 psallam
1645 267 1810 309 nomini
1825 268 1912 310 Do-

1085 319 1190 360 mini
1212 320 1422 363 altissimi.

1142 380 1172 419 Α
1182 386 1237 420 nt.
1263 380 1441 421 Factum
1460 385 1528 422 est
1548 393 1625 422 cor
1643 393 1789 422 meum
1806 385 1912 422 tam·

1088 445 1217 485 quarn
1258 447 1359 476 cera
1402 436 1647 489 liquescens
1688 437 1732 478 in
1766 437 1913 479 medio

1086 490 1250 532 ventris
1267 492 1364 534 mei.

1139 546 1186 596 ,VC
1204 547 1356 590 Posuit
1370 561 1439 591 me
1455 549 1711 594 desolatam.
1733 553 1780 604 Rv.
1797 550 1913 592 Tota

1085 602 1155 646 die
1174 607 1366 647 moerore
1384 607 1638 650 confectam.

1276 682 1342 721 De
1361 680 1476 722 Isaia
1493 681 1725 736 Propheta.

1186 742 1338 783 Lectio
1359 742 1382 782 i.
1622 744 1724 796 Cap.
1740 744 1805 784 53.

1118 825 1166 887 s]
1300 805 1502 905 berecffiiit
1537 807 1705 906 algiditui
1715 867 1724 876 ·
1737 813 1911 877 nostro?

1089 871 1091 877 ’
1113 874 1170 911 ,ff
1229 875 1253 904 e
1330 875 1405 905 rac
1452 877 1525 906 um
1595 879 1727 908 onum
1752 881 1822 910 cui
1845 883 1910 912 re-

1087 917 1166 942 μὶν
1229 919 1421 962 velatum
1458 920 1547 964 est?
1604 923 1661 966 Et
1703 925 1910 968 ascendet

1083 973 1194 1016 sieut
1212 975 1447 1028 virgultum
1467 991 1615 1021 coram
1635 993 1704 1031 eo,
1731 987 1775 1024 et
1798 982 1911 1026 sicut

1082 1030 1207 1073 radix
1228 1032 1283 1075 de
1301 1039 1418 1076 terra
1436 1036 1611 1078 sitienti:
1629 1050 1718 1079 non
1732 1043 1800 1081 est
1814 1041 1910 1093 spe-

1083 1087 1172 1129 cies
1205 1089 1261 1140 ei,
1292 1103 1434 1143 neque
1467 1090 1616 1135 decor:
1648 1099 1692 1136 et
1722 1093 1910 1138 vidimus

1082 1156 1196 1196 eum,
1216 1151 1260 1188 et
1278 1159 1364 1189 non
1384 1154 1478 1191 erat
1497 1152 1717 1203 aspectuS,
1736 1156 1780 1193 et
1799 1151 1909 1194 desi-

1083 1199 1332 1245 deravimus
1347 1218 1459 1246 eum:
1478 1206 1760 1260 Despectum‚
1778 1213 1822 1250 et
1835 1217 1910 1251 no-

1081 1259 1305 1302 vissimum
1320 1261 1522 1314 virorum,
1538 1264 1679 1306 virum
1695 1263 1908 1316 dolorum,

1082 1319 1125 1357 et
1147 1315 1356 1360 scientem
1378 1318 1690 1362 infirmitatem:
1717 1327 1760 1364 et
1785 1323 1909 1374 quasi

1081 1371 1366 1416 absconditus
1391 1375 1536 1418 vultus
1568 1378 1659 1430 ejus
1685 1383 1729 1420 et
1753 1377 1908 1433 despe-

1081 1433 1194 1483 ctuS‚
1222 1429 1338 1473 unde
1363 1445 1444 1475 nec
1471 1434 1771 1487 reputavimus
1799 1448 1908 1478 eum.

1080 1485 1199 1528 Vere
1223 1486 1455 1540 languores
1479 1495 1657 1533 nostros
1680 1491 1777 1545 ipse
1800 1492 1909 1544 tulit,

1082 1547 1125 1584 et
1158 1542 1335 1586 dolores
1368 1551 1544 1589 nostros
1575 1547 1672 1602 ipse
1699 1550 1910 1602 portavit:

1082 1604 1125 1640 et
1144 1612 1226 1641 nos
1244 1602 1494 1654 putavimus
1515 1616 1614 1646 eum
1629 1606 1754 1658 quasi
1766 1605 1908 1659 lepro-

1081 1668 1188 1707 sum,
1208 1662 1251 1699 et
1270 1662 1530 1711 permissum
1549 1674 1575 1703 a
1592 1661 1691 1704 Deo
1712 1667 1757 1705 et
1773 1663 1909 1704 humi-

1080 1712 1243 1755 liatum.
1275 1715 1378 1769 Ipse
1401 1723 1548 1760 autem
1566 1719 1819 1762 vulneratus
1843 1725 1910 1762 est

1080 1776 1265 1823 propter
1292 1772 1545 1826 iniquitates
1572 1781 1760 1827 nostras,
1791 1779 1908 1821 attri-

1080 1831 1151 1868 tus
1175 1833 1243 1870 est
1265 1835 1449 1883 propter
1474 1831 1641 1874 scelera
1658 1838 1824 1875 nostra:
1848 1831 1909 1875 di-

1081 1883 1264 1937 sciplina
1291 1886 1413 1939 pacis
1441 1893 1606 1931 nostrae
1634 1903 1768 1943 super
1799 1903 1909 1940 eum,

1081 1945 1125 1982 et
1143 1940 1282 1984 livore
1301 1944 1392 1996 ejus
1412 1945 1552 1987 sanati
1570 1959 1730 1988 sumus.

1132 2009 1182 2061 R'-
1221 2007 1418 2051 Dilectus
1449 2023 1573 2053 meus
1604 2010 1834 2062 candidus,
1866 2018 1910 2054 et

1082 2063 1365 2116 rubicUndus,
1389 2071 1433 2109 et
1450 2072 1571 2110 totus
1591 2067 1909 2111 desiderabilis:

1079 2123 1101 2147 *
1126 2119 1277 2162 Omnis
1301 2123 1415 2164 enim
1437 2123 1579 2175 figflra
1601 2126 1692 2177 ejus
1715 2127 1910 2167 amorem

1082 2177 1235 2230 spirat,
1264 2184 1308 2221 et
1333 2179 1390 2222 ad
1412 2179 1728 2224 redamandum
1749 2184 1908 2236 provo-

1083 2239 1153 2276 cat
1185 2241 1317 2288 caput
1350 2236 1621 2290 inclinatum,
1652 2251 1805 2280 manus
1838 2251 1908 2281 ex—

1081 2293 1247 2343 pansae,
1267 2298 1421 2345 peetus
1441 2295 1652 2348 apertum.
1675 2290 1725 2343 V.
1748 2295 1854 2346 Piis,
1880 2308 1907 2338 o

1078 2347 1229 2399 Virgo,
1248 2354 1423 2401 spectas
1439 2363 1539 2392 eum
1554 2351 1702 2401 oculis
1718 2354 1907 2394 contem-

1078 2403 1204 2457 plans
1244 2405 1288 2445 in
1328 2419 1383 2448 eo
1426 2420 1514 2449 non
1554 2413 1645 2450 tam
1679 2409 1908 2451 vulnerum

1079 2460 1279 2511 livorem,
1333 2475 1465 2515 quam
1511 2464 1662 2507 mundi
1711 2465 1907 2508 salutem.

1081 2517 1232 2559 Omnis
1253 2519 1376 2561 enim.

1386 2579 1540 2622 Lectio
1559 2579 1597 2619 ii.

1162 2657 1284 2686 mnes
1298 2658 1379 2687 nos
1396 2646 1519 2698 quasi
1535 2659 1642 2689 oves
1656 2648 1906 2698 erravimus,

1172 2705 1471 2755 unusquisque
1494 2703 1537 2744 in
1556 2703 1671 2746 viam
1690 2717 1814 2746 suam
1832 2704 1904 2748 de-
