2028 2892
431 1296 707 1357 wilzi&
751 1297 863 1357 VI.
909 1298 1005 1358 IN
1057 1299 1612 1360 PARASCEVE

325 1444 412 1486 Ad
443 1445 830 1486 Matutinum.

404 1515 451 1553 In
476 1515 505 1552 I.
530 1516 751 1553 Nocturno.

218 1575 313 1612 Ant.
354 1572 596 1613 Astiterunt
621 1584 747 1622 reges
774 1576 920 1621 terrae,
948 1575 992 1612 et
1019 1592 1021 1608 ι

161 1628 382 1680 principes
423 1630 723 1669 convenerunt
763 1628 806 1667 in
842 1641 991 1676 unum,

161 1682 373 1724 adversus
404 1684 658 1733 Dominum,
701 1688 744 1725 et
781 1683 992 1724 adversus

165 1738 386 1780 Christum
405 1740 506 1790 ejus.

360 1819 397 1850 ...3⁷
469 1797 662 1835 l'snhnus
683 1799 717 1835 2.

162 1839 379 1937 ⁶533*
409 1864 513 1893 uare
531 1852 798 1919 fremuerunt
815 1852 993 1920 Gentes,

113 1963 115 1966 Α
162 1939 163 1943 ,
190 1989 193 1991 q
223 1910 347 2023 ἐξ
357 1950 395 2026 Α
422 1909 444 1935 *
457 1913 500 1949 et
514 1907 669 1960 popuh
683 1907 882 1949 med1tat1
893 1912 994 1949 sunt

190 2015 218 2032 ιγ·
234 2012 357 2040 ,Ἥγῖἴμᾼ
395 2009 401 2027 s

424 1963 588 2004 inania?

388 2052 396 2054 ψ
476 2020 722 2061 Astiterunt
754 2032 880 2070 reges
910 2024 993 2061 ter-

164 2088 240 2125 rae,
274 2081 318 2117 et
350 2076 572 2128 principes
615 2078 912 2117 convenerunt
950 2076 993 2116 in

163 2145 295 2173 unum
315 2133 339 2158 *
359 2131 569 2173 adversus
589 2132 836 2181 D6minum,
858 2137 901 2173 et
921 2132 993 2173 ad-

164 2190 316 2229 versus
337 2188 556 2229 Christum
578 2189 679 2239 ejus.

214 2244 527 2296 Dirumpamus
542 2244 715 2284 vincula
731 2246 897 2285 eorum:
911 2245 935 2271 *
951 2249 994 2285 et

164 2300 445 2351 projiciamus
456 2312 481 2340 a
492 2299 619 2341 nobis
631 2301 777 2351 jugum
786 2300 993 2351 ipsorum.

217 2356 301 2405 Qui
337 2356 508 2397 habitat
542 2356 585 2396 in
627 2355 752 2396 coelis
793 2355 994 2396 irridebit

166 2424 256 2452 eos:
271 2414 294 2438 *
311 2418 354 2453 et
370 2412 586 2453 Dominus
603 2411 890 2452 subsannabit
907 2424 993 2452 eos.

217 2467 342 2508 Tune
361 2468 566 2519 loquetur
586 2467 644 2509 ad
664 2480 741 2509 eos
761 2468 805 2507 in
824 2467 889 2507 ira
904 2480 992 2517 sua,

166 2523 188 2547 *
210 2527 253 2563 et
273 2523 315 2562 in
336 2524 482 2565 furere
503 2536 582 2564 suo
604 2522 887 2565 conturbabit
908 2536 993 2564 eos.

218 2578 313 2628 Ego
339 2584 485 2620 autem
508 2580 776 2620 constitutus
801 2592 897 2619 sum
916 2591 994 2620 rex

166 2633 221 2674 ab
242 2646 294 2674 eo
316 2647 446 2685 super
461 2636 565 2676 Sion
585 2640 779 2676 montem
795 2640 995 2676 sanetum

167 2691 270 2741 ejus,
289 2690 311 2715 *
331 2690 577 2742 praedicans
599 2692 873 2743 praeceptum
893 2692 994 2742 ejus.

1096 1442 1312 1482 Dominus
1346 1441 1458 1483 dixit
1486 1440 1543 1483 ad
1570 1454 1659 1483 me:
1686 1440 1710 1467 *
1737 1438 1875 1481 Filius

1045 1511 1169 1539 meus
1189 1510 1235 1539 es
1252 1502 1315 1548 tu,
1340 1510 1423 1549 ego
1441 1497 1575 1539 hodie
1593 1497 1725 1549 genui
1742 1501 1798 1538 te.

1096 1554 1280 1595 Postula
1300 1567 1325 1595 a
1343 1566 1430 1604 me,
1457 1558 1501 1595 et
1521 1553 1638 1595 dabo
1660 1552 1742 1594 tibi
1763 1553 1875 1594 Gen-

1046 1615 1114 1651 tes
1146 1610 1454 1652 haereditatem
1488 1615 1627 1659 tuam,
1653 1610 1677 1635 *
1705 1613 1749 1651 et
1775 1621 1874 1661 pos-

1047 1666 1291 1707 sessionem
1309 1671 1431 1707 tuam
1450 1666 1661 1707 terminos
1680 1670 1824 1706 terrae.

1100 1723 1247 1774 Reges
1277 1735 1353 1764 eos
1381 1722 1426 1763 in
1453 1722 1578 1773 virga
1602 1722 1758 1771 ferrea,
1783 1722 1806 1747 *
1833 1724 1877 1761 et

1047 1783 1274 1830 tamquam
1288 1791 1366 1820 vas
1381 1778 1504 1829 figuli
1521 1777 1770 1829 confringes
1789 1789 1877 1818 eos.

1099 1835 1156 1875 Et
1179 1847 1295 1876 nunc
1319 1847 1446 1886 reges
1472 1834 1720 1885 intelligite:
1739 1834 1762 1859 ²⁸¹
1783 1845 1876 1874 eru-

1049 1890 1201 1931 dimini
1221 1891 1296 1942 qui
1313 1890 1517 1943 judicatis
1535 1894 1709 1931 terram.

1100 1946 1271 1988 Servite
1295 1946 1488 1988 Domino
1514 1945 1559 1986 in
1585 1945 1758 1987 timore:
1785 1945 1808 1971 *
1834 1948 1878 1985 et

1049 2003 1268 2044 exsultate
1288 2003 1328 2043 ei
1345 2015 1445 2044 eum
1462 2003 1665 2043 tremore.

1101 2058 1436 2111 Apprehendite
1473 2058 1766 2110 disciplinam,
1806 2068 1878 2097 ne·

1050 2114 1226 2166 quando
1264 2115 1478 2155 irascatur
1513 2113 1748 2163 Dominus,
1777 2113 1801 2139 *
1834 2116 1878 2153 et

1048 2171 1241 2223 pereatis
1261 2170 1316 2212 de
1335 2170 1407 2212 via
1425 2171 1548 2222 justa.

1101 2227 1210 2267 Cum
1235 2226 1448 2267 exarserit
1472 2227 1516 2266 in
1541 2226 1666 2268 brevi
1689 2225 1754 2266 ira
1774 2224 1878 2275 ejus,

1048 2283 1071 2308 *
1089 2282 1209 2324 beati
1229 2294 1392 2332 omnes,
1414 2283 1488 2334 qui
1509 2281 1736 2323 confidunt
1752 2280 1797 2320 in
1813 2292 1878 2321 eo.

1103 2348 1199 2388 Ant.
1235 2347 1480 2388 Astiterunt
1506 2360 1633 2398 reges
1656 2352 1802 2395 terrae,
1836 2349 1879 2385 et

1048 2403 1272 2455 principes
1314 2405 1612 2445 convenerunt
1652 2403 1696 2443 in
1733 2414 1878 2450 unum,

1049 2458 1259 2500 adversus
1296 2459 1549 2509 Dominum,
1587 2463 1631 2500 et
1667 2458 1878 2500 adversus

1049 2515 1267 2556 Christum
1293 2516 1394 2566 ejus.

1101 2580 1199 2619 Ant.
1228 2580 1482 2621 Diviserunt
1509 2579 1591 2621 sibi
1616 2578 1878 2620 vestimenta

1047 2649 1160 2684 mea,
1186 2640 1229 2677 et
1251 2648 1383 2687 super
1401 2641 1570 2677 vestem
1590 2648 1733 2677 meam
1752 2635 1878 2675 mise-

1047 2697 1149 2733 runt
1170 2697 1346 2733 sortem.
