2028 2892
782 160 953 197 Sabbato
979 163 1029 198 ad
1051 164 1213 200 Laudes

200 254 286 295 Pro
302 254 350 296 B.
366 254 514 296 Maria.
543 251 593 303 V.
615 256 787 298 Diffusa
802 262 868 299 est
882 260 978 309 gra-

146 312 207 353 tia
231 312 276 353 in
302 311 430 354 labiis
455 312 554 362 tuis,
583 312 765 365 alleluja.
798 316 846 366 Rv.
874 315 979 356 Pro-

146 370 300 421 pterea
323 367 550 411 benedixit
574 373 619 411 te
637 369 759 411 Deus
785 370 828 411 in
853 373 978 412 aeter-

146 438 262 476 num,
290 424 472 478 alleluja.

353 500 771 527 ——fflxwae—

404 568 484 609 Ad
509 569 718 613 Laudes.

199 640 300 682 Ant.
328 639 525 689 Benigne
549 638 618 680 fac
642 639 666 665 *
690 639 734 679 in
759 638 876 680 bona
903 652 976 681 vo-

146 694 316 736 luntate
333 699 410 736 tua
427 694 629 737 Demine.

199 748 269 790 Ps.
296 750 516 793 Miserere.
543 752 609 792 52.

198 808 299 848 Ant.
328 807 503 849 Bonum
523 812 600 849 est.

427 872 626 915 Psalmus
646 875 704 913 91.

152 934 211 979 ῗξξ.
218 934 251 981 ζἿ
259 942 392 972 onum
415 934 483 971 est
506 930 707 972 confiteri
725 929 933 971 Demino:
952 931 975 956 *

159 995 162 1032 ῖ
185 989 251 1049 μβ
276 991 320 1028 et
342 986 533 1039 psallere
554 987 721 1029 nomini
745 991 824 1029 tuo
842 986 975 1028 Altis-

275 1056 395 1085 sime.
906 1055 908 1057 ·

193 1099 267 1142 Ad
289 1100 637 1142 annuntiandum
655 1113 785 1142 mane
808 1101 994 1142 miseri:

145 1156 343 1198 cerdiam
359 1161 498 1198 tuam:
512 1157 536 1183 *
553 1161 597 1199 et
611 1156 845 1199 veritatem
854 1162 975 1199 tuam

144 1225 224 1265 per
242 1217 431 1255 noctem.
904 1248 907 1252 ,

195 1269 249 1310 In
268 1269 567 1320 decach6rdo,
586 1270 815 1323 psalterio:
833 1271 857 1297 *
876 1283 976 1312 cum

146 1326 332 1377 cantico,
350 1326 396 1367 in
412 1325 590 1368 cithara.

197 1382 312 1433 Quia
346 1382 580 1425 delectasti
610 1395 682 1425 me
707 1383 899 1425 Domine
931 1383 975 1424 in

144 1438 315 1480 factura
341 1443 433 1480 tua:
455 1439 480 1465 *
505 1443 550 1481 et
576 1439 622 1480 in
649 1439 859 1492 operibus
887 1442 974 1481 ma-

144 1508 280 1536 nuum
297 1497 473 1536 tuarum
497 1495 741 1537 exsultabo.

107 1562 111 1565 ’
198 1552 342 1602 Quam
377 1551 658 1603 magnificata
694 1556 795 1594 sunt
839 1554 975 1604 epera

66 1622 70 1629 ·
145 1612 223 1650 tua
239 1607 446 1650 Demine!
465 1608 489 1634 *
508 1608 638 1650 nimis
662 1608 896 1661 profundae
915 1609 974 1650 fa-

145 1668 230 1707 ctae
249 1668 351 1706 sunt
368 1664 662 1716 cogitationes
679 1670 780 1707 tuae.

198 1721 280 1763 Vir
307 1721 521 1774 insipiens
548 1719 638 1763 non
665 1723 924 1774 cognescet:
951 1722 975 1748 *

146 1781 191 1819 et
211 1777 372 1820 stultus
400 1790 489 1819 non
515 1777 731 1830 intelliget
757 1778 866 1822 haec,

198 1833 310 1876 Cum
344 1834 488 1876 exerti
520 1834 682 1876 fuerint
714 1836 974 1887 peccateres

146 1890 261 1938 sicut
284 1890 466 1932 foenum:
493 1891 517 1918 *
546 1895 590 1933 et
618 1891 903 1944 apparuerint
931 1903 975 1932 o-

145 1960 285 1998 mnes,
314 1947 390 1999 qui
417 1949 655 2000 operantur
682 1947 975 1999 iniquitatem:

197 2002 258 2045 Ut
298 2003 517 2045 intereant
554 2004 599 2044 in
645 2003 855 2045 saeculum
896 2005 973 2044 sae-

146 2058 248 2100 culi:
270 2059 295 2086 *
313 2063 363 2102 tu
390 2064 538 2102 autem
564 2060 819 2102 Altissimus
847 2059 892 2100 in
919 2072 974 2100 ae-

145 2117 319 2157 ternum
338 2116 539 2158 Demine.

198 2172 416 2222 Queniam
452 2185 556 2215 ecce
591 2172 756 2213 inimici
790 2171 856 2213 tui
885 2172 973 2213 De-

145 2228 282 2279 mine,
329 2228 538 2280 quoniam
573 2241 676 2270 ecce
712 2227 874 2269 inimici
910 2228 975 2269 tui

145 2284 367 2337 peribunt:
381 2285 405 2311 *
422 2289 466 2326 et
484 2284 791 2337 dispergentur
811 2297 974 2335 omnes,

147 2340 222 2392 qui
250 2343 488 2394 operantur
515 2341 802 2394 iniquitatem.

196 2397 253 2439 Et
294 2397 560 2439 exaltabitur
602 2398 716 2439 sicut
751 2397 973 2438 unicernis

146 2466 285 2495 cornu
316 2467 479 2496 meum:
507 2454 531 2480 *
561 2458 604 2495 et
638 2455 841 2495 senectus
877 2465 975 2494 mea

145 2509 190 2550 in
217 2510 521 2552 misericerdia
547 2509 684 2552 uberi.

197 2567 256 2608 Et
283 2566 487 2619 despexit
514 2566 667 2608 oculus
690 2578 813 2607 meus
835 2564 973 2606 inimi-

147 2634 223 2663 cos
241 2635 382 2664 meos:
399 2623 423 2649 *
444 2627 487 2665 et
511 2622 556 2663 in
580 2621 906 2674 insurgentibus
928 2621 973 2662 in

146 2690 218 2720 me
227 2678 569 2731 malignantibus
580 2678 729 2720 audiet
739 2677 856 2719 auris
865 2690 974 2720 mea.

1082 259 1246 309 Justus,
1275 265 1324 301 ut
1350 261 1496 312 palma
1523 261 1714 303 florebit:
1733 262 1756 288 *
1776 263 1854 304 sic-

1030 319 1079 356 ut
1107 315 1265 357 cedrus
1293 316 1449 358 Libani
1480 318 1852 371 multiplicabitur.

1082 371 1274 413 Plantati
1303 373 1345 413 in
1376 372 1507 415 domo
1534 374 1730 424 Domini,
1758 375 1782 401 *
1810 375 1854 415 in

1030 427 1154 469 atriis
1183 428 1341 470 domus
1360 429 1443 471 Dei
1465 430 1604 471 nostri
1624 431 1854 473 florebunt.

1080 483 1240 526 Adhuc
1254 485 1659 538 multiplicabuntur
1674 487 1718 527 in
1733 489 1852 529 sene-

1029 544 1100 582 cta
1109 540 1286 582 uberiz*
1298 546 1341 582 et
1355 541 1468 584 bene
1484 543 1700 595 patientes
1716 548 1852 594 erunt,

1027 601 1076 638 ut
1096 597 1370 639 annuntient:

1081 654 1299 703 Queniam
1325 659 1472 695 rectus
1496 655 1711 696 Dominus
1730 656 1850 698 Deus

1028 714 1193 751 noster:
1207 710 1230 736 *
1246 715 1290 752 et
1310 723 1399 752 non
1419 715 1486 752 est
1503 711 1709 763 iniquitas
1729 713 1773 753 in
1788 726 1852 755 eo.

1084 772 1183 811 Ant.
1224 772 1395 812 Bonum
1423 776 1490 813 est
1517 773 1716 814 confiteri
1742 774 1853 815 Dno.

1084 833 1183 873 Ant.
1204 832 1401 873 Metuant
1411 832 1648 874 Dominum
1662 834 1686 860 *
1702 847 1853 876 omnes

1027 887 1136 929 fines
1155 892 1297 930 terrae.

1084 948 1150 989 Ps.
1179 950 1301 991 Deus
1319 921 1591 991 Deus-meus.
1612 951 1670 991 16.

1085 1010 1185 1050 Ant.
1214 1011 1330 1052 Date
1350 1010 1702 1062 magnitudinem.

1085 1090 1310 1131 Canticum
1333 1091 1509 1142 Moysis.
1598 1092 1723 1132 Dcut.
1743 1093 1805 1131 32.

1028 1156 1225 1263 Aidite
1244 1162 1346 1203 coeli
1364 1175 1462 1214 quae
1479 1163 1652 1215 loquor:
1666 1163 1689 1190 *
1706 1163 1853 1205 audiat

1135 1222 1253 1259 terra
1269 1218 1405 1260 verba
1427 1219 1515 1260 oris
1534 1220 1630 1261 mei.

1080 1274 1344 1316 Concrescat
1379 1279 1427 1316 ut
1467 1275 1615 1328 pluvia
1657 1275 1852 1317 doctrina

1027 1331 1287 1380 mea‚*fluat
1306 1335 1355 1372 ut
1373 1344 1446 1372 ros
1462 1331 1683 1383 eloquium
1698 1345 1851 1382 meum,

1080 1387 1216 1437 Quasi
1243 1387 1383 1429 imber
1410 1401 1541 1440 super
1569 1387 1769 1438 herbam,
1807 1392 1850 1429 et

1029 1443 1154 1494 quasi
1174 1443 1303 1484 stillae
1323 1454 1454 1495 super
1472 1444 1678 1495 gramina.
1695 1444 1719 1470 *
1741 1444 1851 1493 Quia

1027 1511 1186 1540 nomen
1204 1499 1383 1540 Domini
1401 1500 1632 1542 invocabo:

1079 1555 1193 1596 Date
1203 1555 1570 1607 magnificentiam
1577 1557 1674 1598 Deo
1685 1559 1849 1597 nostro.

1027 1611 1051 1637 *
1061 1611 1146 1652 Dei
1155 1611 1351 1663 perfecta
1366 1617 1466 1654 sunt
1477 1614 1622 1664 Opera,
1642 1616 1685 1654 et
1701 1624 1850 1653 omnes

1027 1667 1111 1708 viae
1132 1669 1222 1720 ejus
1241 1667 1414 1720 judicia:

1079 1724 1201 1765 Deus
1225 1724 1384 1774 fidelis,
1412 1728 1456 1766 et
1481 1723 1648 1776 absque
1667 1724 1755 1765 ulla
1771 1724 1845 1765 ini-

1029 1780 1214 1832 quitate,
1239 1781 1378 1832 justus
1405 1785 1449 1822 et
1473 1785 1630 1823 rectus.
1650 1780 1674 1807 *
1693 1780 1848 1822 Pecca—

1027 1838 1183 1878 verunt
1212 1837 1270 1888 ei,
1301 1841 1345 1879 et
1368 1849 1457 1879 non
1481 1837 1561 1878 filii
1585 1837 1674 1889 ejus
1693 1836 1737 1877 in
1759 1838 1847 1877 sor-

1028 1892 1174 1934 dibus:

1080 1949 1318 1991 Generatio
1335 1962 1472 2002 prava
1486 1953 1617 2000 atque
1632 1949 1848 2001 perversa.

1027 2005 1051 2031 *
1068 2005 1277 2047 Haeccine
1303 2005 1453 2047 reddis
1472 2005 1662 2046 Demino
1686 2003 1849 2056 pepule

1028 2061 1163 2103 stulte
1183 2065 1227 2103 et
1245 2061 1477 2114 insipiens?

1078 2117 1306 2170 Numquid
1346 2131 1435 2160 non
1479 2118 1574 2170 ipse
1616 2119 1683 2157 est
1722 2118 1848 2167 pater

1027 2178 1140 2224 tuuS,
1158 2173 1182 2200 *
1203 2174 1278 2226 qui
1293 2173 1492 2227 possedit
1514 2177 1574 2222 te,
1604 2175 1647 2213 et
1663 2171 1780 2221 fecit,
1805 2175 1848 2212 et

1027 2230 1193 2271 creavit
1211 2228 1282 2271 te?

1078 2286 1299 2328 Memento
1324 2286 1491 2328 dierum
1510 2283 1805 2334 antiquerum,
1823 2282 1847 2309 *

1028 2342 1174 2393 cegita
1192 2342 1494 2394 generatienes
1512 2338 1718 2390 singulas:

1078 2399 1309 2450 Interroga
1323 2401 1504 2450 ,patrem
1530 2399 1670 2446 tuum,
1706 2398 1749 2436 et
1776 2407 1847 2435 an-

1027 2453 1246 2495 nuntiabit
1272 2446 1368 2495 tibi:
1395 2453 1419 2479 *
1446 2451 1632 2503 majeres
1660 2455 1777 2501 tuos,
1805 2455 1848 2492 et

1028 2509 1176 2552 dicent
1194 2509 1285 2551 tibi.

1083 2565 1268 2616 Quando
1322 2562 1547 2606 dividebat
1596 2561 1847 2603 Altissimus

1028 2622 1213 2663 Gentes:
1234 2621 1258 2647 *
1279 2619 1454 2673 quando
1479 2618 1713 2672 separabat
1730 2617 1846 2658 filios

1025 2677 1181 2727 Adam,
