2060 2886
478 290 670 330 l'sulmus
698 291 733 326 8.

284 359 424 401 omine
439 356 651 398 Dominus
670 351 860 400 noster‚*
878 361 1005 402 quam

199 360 281 465 D
301 412 551 457 admirabile
572 415 637 452 est
653 421 809 450 nomen
824 413 945 448 tuum
963 405 1005 445 in

196 473 393 514 universa
412 467 542 511 terra!

245 527 456 578 Quoniam
473 525 640 566 elevata
655 527 721 563 est
734 518 1007 571 magnificen-

195 586 253 626 tia
273 590 356 629 tua,
375 584 398 607 *
418 593 548 634 super
567 578 714 620 coelos.

249 641 311 681 Ex
340 652 415 679 ore
443 636 667 678 infantium
693 638 735 675 et
758 631 1007 673 lactentium

197 695 413 750 perfecisti
429 692 600 734 laudem
619 695 797 743 propter
812 688 1008 729 inimicos

197 759 306 801 tuos
325 753 347 777 *
367 756 414 792 ut
433 749 630 791 destruas
649 746 867 787 inimicum
888 749 931 785 et
949 743 1008 784 ul-

197 811 348 850 torem.

249 863 461 914 Quoniam
480 859 637 902 videbo
664 858 799 900 coelos
823 862 938 905 tuOS,
967 857 1009 896 o—

197 933 302 973 pera
331 919 563 970 digitorum
590 916 778 956 tuorum:
810 915 833 939 *
865 913 1010 954 lunam

199 982 242 1018 et
260 976 416 1024 stellas,
437 987 533 1027 quae
551 980 597 1015 tu
617 971 816 1014 fundasti.

250 1032 363 1082 Quid
382 1037 448 1073 est
465 1031 612 1079 homo,
638 1028 755 1082 quod
777 1038 943 1069 memor
965 1038 1011 1066 es

201 1086 311 1139 ejus?
330 1089 353 1113 ²*
373 1093 446 1129 aut
464 1087 576 1128 filius
593 1085 789 1133 hominis,
809 1082 1012 1136 quoniam

200 1145 347 1186 visitas
367 1142 490 1185 eum?

252 1200 441 1241 Minuisti
477 1214 575 1241 eum
616 1198 745 1251 paulo
782 1196 922 1237 minus
959 1194 1013 1235 ab

202 1256 394 1307 Angelis,
418 1256 554 1307 gloria
579 1261 622 1297 et
645 1254 811 1295 honore
836 1253 1014 1293 corona-

203 1313 256 1354 sti
272 1325 384 1353 eum:
398 1314 421 1337 ¹⁸¹
441 1318 484 1353 et
499 1310 757 1353 constituisti
773 1322 871 1351 eum
885 1319 1015 1360 super

204 1370 337 1421 opera
357 1370 560 1409 manuum
579 1368 760 1409 tuarum.

254 1425 408 1466 Omnia
452 1423 669 1475 subjecisti
715 1421 794 1463 sub
830 1419 1015 1473 pedibus

204 1482 302 1532 ejus
321 1481 343 1506 *
363 1493 467 1522 oves
486 1485 529 1521 et
547 1480 683 1521 boves
702 1478 938 1519 universas:
957 1478 1015 1517 in-

204 1550 334 1589 super
353 1542 395 1578 et
413 1538 573 1589 pecora
593 1535 744 1587 campi.

256 1593 468 1633 Volucres
488 1592 597 1641 coeli,
617 1597 659 1632 et
676 1591 819 1643 pisces
838 1589 979 1638 maris,
994 1589 1016 1614 *

207 1649 278 1701 qui
298 1648 599 1700 perambulant
619 1647 794 1688 semitas
812 1646 954 1687 maris.

260 1704 444 1745 Domine
456 1704 667 1744 Dominus
682 1708 840 1751 noster,
850 1703 873 1727 *
890 1714 1019 1754 quam

207 1760 459 1801 admirabile
479 1766 544 1802 est
562 1772 719 1801 nomen
733 1764 855 1800 tuum
874 1758 915 1799 in
932 1758 1020 1799 uni-

209 1817 334 1857 versa
352 1816 482 1858 terra!

495 1899 687 1938 l'salnius
716 1902 752 1937 t).

215 1960 502 2067 Confitebor
527 1966 605 2008 tibi
632 1967 819 2008 Domine
849 1966 892 2006 in
927 1970 1022 2007 toto

303 2023 437 2065 corde
468 2036 584 2065 meo:
615 2023 638 2048 *
666 2022 851 2064 narrabo
880 2022 1024 2063 omnia

211 2079 421 2121 mirabilia
439 2084 524 2121 tua.

262 2135 467 2177 Laetabor
502 2140 545 2177 et
580 2134 806 2176 exsultabo
839 2135 881 2175 in
913 2139 971 2176 te:
1001 2135 1024 2160 *

212 2191 392 2244 psallam
412 2191 573 2232 nomini
593 2197 668 2232 tuo
688 2190 918 2232 Altissime.

265 2248 313 2288 ln
333 2246 627 2291 convertendo
646 2247 863 2287 inimicum
882 2260 1025 2288 meum

214 2305 464 2344 retrorsum:
482 2304 505 2328 *
524 2302 854 2344 infirmabuntur
874 2309 916 2344 et
933 2316 1026 2355 per-

215 2358 338 2400 ibunt
356 2371 380 2400 a
401 2359 506 2401 facie
526 2365 610 2400 tua.

264 2415 475 2464 Quoniam
501 2415 637 2456 fecisti
662 2414 863 2466 judicium
884 2428 1026 2456 meum

217 2475 259 2511 et
286 2483 459 2511 causam
487 2484 646 2512 meam:
673 2471 696 2496 *
724 2470 871 2512 sedisti
897 2485 1028 2524 super

217 2526 419 2567 thronum
441 2527 511 2578 qui
532 2526 694 2577 judicas
713 2527 927 2578 iustitiam.

272 2582 508 2634 Increpasti
529 2582 701 2631 Gentes,
731 2589 774 2624 et
801 2584 928 2635 periit
956 2586 1029 2624 im—

219 2637 333 2690 pius:
369 2638 391 2662 *
429 2651 583 2679 nornen
617 2641 765 2680 eorum
799 2639 950 2681 delesti
988 2641 1028 2680 in

219 2694 439 2739 aeternum,
461 2699 503 2734 et
522 2694 562 2733 in
584 2695 788 2735 saeculum
809 2696 965 2736 saeculi.

190 196 213 231 6
769 191 965 225 Ι’)ω]ηἰηίειι
992 188 1037 221 ad
1066 184 1298 220 Matutinum.

1107 273 1274 316 Inimici
1295 270 1548 313 defecerunt
1566 266 1743 306 frameae
1765 261 1810 302 in
1832 261 1879 303 fi-

1058 345 1170 374 nem:
1194 331 1217 356 *
1243 334 1286 371 et
1310 327 1509 369 civitates
1534 324 1686 365 eorum
1712 319 1879 361 destru-

1058 388 1167 431 xisti.

1108 444 1240 486 Periit
1267 439 1477 483 memoria
1506 438 1658 478 eorum
1684 445 1785 474 cum
1813 432 1880 472 so-

1058 502 1167 543 nitu:
1203 501 1226 525 *
1264 504 1307 540 et
1338 495 1552 538 Dominus
1586 492 1631 532 in
1667 490 1881 531 aeternum

1058 560 1295 611 permanet.

1110 617 1286 659 Paravit
1299 612 1511 665 injudicio
1523 610 1730 652 thronum
1741 619 1883 648 suurn:

1059 678 1081 701 ¹⁸¹
1107 680 1150 716 et
1173 674 1266 726 ipse
1290 668 1497 723 judicabit
1517 666 1670 708 orbem
1689 669 1821 705 terrae
1838 662 1882 703 in

1061 731 1285 784 aequitate,
1313 725 1520 779 judicabit
1542 720 1733 776 populos
1755 719 1802 761 in
1825 719 1883 771 ju-

1061 788 1188 830 stitia.

1112 849 1167 889 Et
1190 847 1330 888 factus
1350 849 1416 886 est
1434 841 1650 884 Dominus
1668 837 1884 889 refugium

1062 903 1258 958 pauperi:
1282 903 1304 927 *
1331 900 1502 952 adjutor
1521 898 1564 938 in
1584 893 1885 949 opportunita-

1062 961 1189 1010 tibus,
1207 960 1251 1000 in
1269 957 1560 1000 tribulatione.

1114 1022 1170 1063 Et
1201 1023 1377 1073 sperent
1408 1018 1452 1058 in
1479 1021 1522 1058 te
1564 1014 1637 1068 qui
1668 1012 1887 1055 noverunt

1064 1090 1221 1119 nomen
1249 1081 1389 1117 tuum:
1416 1074 1439 1099 *
1469 1072 1675 1125 quoniam
1699 1082 1789 1112 non
1815 1067 1887 1110 de-

1065 1133 1275 1186 reliquisti
1296 1132 1541 1184 quaerentes
1559 1133 1602 1170 te
1621 1126 1823 1169 Domine.

1115 1194 1293 1235 Psallite
1315 1191 1523 1240 Domino,
1553 1189 1626 1242 qui
1650 1187 1822 1230 habitat
1845 1186 1890 1228 in

1066 1252 1182 1293 Sion:
1197 1251 1220 1277 *
1236 1249 1487 1292 annuntiate
1501 1247 1613 1288 inter
1625 1245 1791 1288 Gentes
1802 1245 1890 1285 stii-

1068 1307 1139 1349 dia
1159 1308 1263 1359 ejus:

1120 1368 1335 1419 Quoniam
1371 1367 1597 1418 requirens
1635 1361 1891 1414 sanguinem

1069 1427 1220 1467 eorum
1251 1422 1509 1466 recordatus
1536 1425 1616 1462 est:
1647 1420 1671 1446 *
1704 1431 1793 1460 non
1825 1422 1892 1460 est

1069 1481 1228 1523 oblitus
1249 1480 1485 1522 clamorem
1503 1480 1759 1531 paliperum.

1119 1542 1327 1583 Miserere
1340 1540 1425 1582 mei
1439 1539 1643 1580 Domine:
1658 1538 1683 1563 *
1701 1535 1804 1579 vide
1817 1535 1894 1576 hu·

1069 1599 1297 1640 militatem
1315 1609 1458 1638 meam
1479 1595 1533 1638 de
1552 1594 1738 1636 inimicis
1755 1593 1876 1634 meis.

1123 1659 1206 1709 Qui
1226 1658 1392 1700 exaltas
1410 1669 1481 1698 me
1500 1656 1555 1698 de
1573 1655 1714 1709 portis
1728 1653 1894 1703 mortiS,

1071 1717 1094 1740 *
1114 1721 1160 1756 ut
1179 1715 1430 1756 annuntiem
1452 1725 1603 1754 omnes
1618 1711 1894 1753 laudationes

1072 1777 1169 1813 tuas
1188 1772 1231 1812 in
1250 1771 1389 1824 portis
1409 1770 1510 1811 filiae
1528 1769 1644 1811 Sion.

1124 1832 1365 1874 Exsultabo
1393 1832 1437 1872 in
1465 1830 1646 1872 salutari
1664 1834 1757 1871 tuo:
1783 1828 1807 1854 *
1835 1827 1895 1868 in-

1074 1889 1173 1929 fixae
1192 1893 1292 1930 sunt
1311 1889 1476 1930 Gentes
1494 1887 1537 1927 in
1556 1885 1745 1935 interitu,
1767 1895 1897 1938 quem

1074 1945 1279 1987 fecerunt.

1126 2006 1175 2046 In
1196 2006 1353 2058 laqueo
1372 2006 1473 2054 isto,
1503 2017 1633 2057 quem
1657 1999 1898 2045 absconde-

1076 2067 1190 2111 runt,
1218 2063 1240 2088 *
1270 2061 1611 2115 comprehensus
1635 2064 1702 2102 est
1724 2071 1805 2112 pes
1828 2058 1899 2099 eo-

1079 2131 1183 2159 rum.

1129 2179 1427 2229 Cognoscetur
1437 2178 1652 2219 Dominus
1667 2176 1825 2229 judicia
1840 2175 1898 2216 fa-

1078 2235 1210 2277 ciens:
1232 2236 1255 2262 *
1279 2236 1322 2276 in
1342 2234 1548 2287 operibus
1571 2235 1779 2275 manuum
1803 2233 1899 2273 sua-

1078 2305 1172 2332 rum
1191 2291 1532 2344 comprehensus
1551 2295 1618 2332 est
1635 2291 1856 2343 peccator.

1130 2352 1448 2394 Convertantur
1479 2353 1738 2404 peccatores
1766 2350 1811 2390 in
1838 2349 1899 2390 in-

1080 2409 1257 2456 fernum,
1277 2409 1299 2433 *
1320 2421 1470 2449 omnes
1491 2408 1656 2450 Gentes
1677 2419 1776 2460 quae
1795 2405 1900 2448 obli-

1080 2465 1302 2506 viscuntur
1322 2465 1474 2506 Deum.

1132 2525 1346 2575 Quoniam
1378 2538 1465 2565 non
1497 2525 1541 2565 in
1573 2525 1703 2566 finem
1737 2524 1901 2566 oblivio

1082 2581 1162 2622 erit
1193 2581 1417 2634 pauperis:
1448 2582 1471 2607 *
1503 2582 1712 2634 patientia
1740 2583 1902 2634 palipe-

1083 2650 1174 2677 rum
1195 2650 1281 2677 non
1302 2637 1461 2689 peribit
1480 2638 1523 2677 in
1545 2638 1687 2679 finem.

1137 2700 1330 2746 Exsurge
1350 2699 1553 2747 Domine,
1581 2711 1668 2738 non
1689 2698 1903 2739 conforte-
