2066 2956
568 217 636 250 Die
662 218 691 250 4.
718 218 852 251 Martii,
899 219 933 251 S.
960 219 1064 252 Lucii
1090 219 1115 252 Ι.
1142 220 1257 262 Pap-tc
1283 226 1317 253 et
1344 221 1446 254 Mart.

161 313 291 366 plebe
330 325 444 354 mea:
485 313 507 335 *
539 312 692 353 Manus
733 312 846 353 enim
885 324 983 353 mea

163 369 439 411 auxiliabitur
474 369 542 410 ei.-
575 363 625 414 V.
660 369 812 409 Inveni
838 367 983 409 David

164 439 337 468 servum
366 438 530 474 meum,
565 424 664 466 oleo
698 430 849 466 sancto
882 437 982 466 meo

162 482 266 524 unxi
293 494 402 523 eum.
445 481 610 522 Manus.

464 561 613 602 Lectio
635 562 686 601 vi.

230 637 359 680 tatuit
382 637 425 678 in
441 636 561 679 Urbe
584 636 900 687 hebdomadas,
926 642 983 686 ut,

251 698 433 747 propter
460 693 742 746 baptismum,
780 698 822 735 et
848 694 983 746 poeni-

162 751 341 793 tentiam
372 752 588 803 petentes,
620 750 866 802 presby'teri
895 750 983 802 qui·
1040 773 1041 782 κ

164 806 266 850 dem
293 805 346 848 de
375 807 552 858 regione
578 807 719 858 prima
746 805 863 858 apud
891 819 984 847 san-

164 869 281 906 ctum
299 863 497 913 Paulum,
525 862 580 904 de
604 863 730 904 tertia
755 862 872 915 apud
891 875 984 903 san-

164 925 282 962 ctum
311 920 606 969 Laurentium,
640 924 683 961 et
715 919 770 961 de
802 919 985 971 septima

164 976 281 1029 apud
313 981 511 1018 sanctum
540 976 718 1017 Petrum
750 977 984 1017 manerent.

163 1032 395 1075 Dedicavit
409 1032 611 1074 basilicas
626 1032 763 1073 sancti
777 1032 985 1084 Stephani

163 1089 207 1129 in
240 1088 380 1131 Co'elio
417 1094 583 1139 monte,
625 1088 763 1130 sancti
794 1088 984 1130 Andreae

164 1145 371 1198 Apostoli
408 1147 527 1197 juxta
561 1150 755 1187 sanctam
792 1145 984 1195 Mariam,

163 1202 269 1243 item
300 1201 428 1243 aliam
460 1202 598 1243 sancti
630 1201 838 1254 Stephani
869 1202 986 1252 juxta

165 1262 362 1300 sanctum
380 1259 672 1307 Laurentium,
692 1271 743 1299 ac
761 1259 985 1310 postremo

163 1320 325 1356 sanctae
344 1314 542 1357 Bibianae
557 1314 758 1366 Martyris
779 1314 908 1355 aliam
927 1315 985 1354 in-

163 1375 232 1412 tra
248 1371 412 1413 Urbem
434 1372 553 1424 juxta
576 1371 786 1424 palatium
805 1371 986 1412 Licinia-

164 1441 281 1477 num;
305 1428 498 1480 itemque
517 1441 622 1470 vasa
650 1427 876 1480 complura
895 1432 986 1469 tum

165 1485 381 1535 argentea,
400 1490 493 1526 tum
511 1488 642 1526 aurea
658 1485 870 1525 Romanae
888 1486 986 1525 coss-

163 1540 262 1582 tulit
298 1540 519 1583 Ecclesiae.
577 1541 765 1582 Demum
810 1541 986 1581 Zenone

164 1596 445 1650 imperatOre‚
471 1603 514 1638 et
539 1595 739 1639 Odoacre
758 1596 898 1638 Italiae
923 1609 985 1637 re-

165 1665 233 1704 ge,
251 1654 454 1705 migravit
473 1653 530 1695 ad
547 1654 793 1695 Dominum.
820 1653 987 1694 Habuit

165 1709 466 1759 ordinati6nes
497 1715 586 1751 tres
621 1723 769 1751 mense
805 1710 986 1751 Decem—

165 1765 249 1816 bri,
296 1766 452 1819 quibus
498 1767 661 1808 creavit
704 1765 987 1818 presbyteros

166 1822 478 1875 quinquaginta
497 1828 610 1872 octo,
629 1821 839 1864 diaconos
856 1822 986 1863 unde-

166 1878 270 1927 cim,
308 1881 543 1932 episcopos
574 1892 653 1932 per
686 1879 860 1920 diversa
890 1878 986 1919 loca

163 1935 341 1986 triginta
358 1948 446 1976 sex.
482 1934 785 1977 Sacerdotium
810 1934 986 1976 admini-

165 1991 320 2032 stravit
351 2003 487 2032 annos
520 1990 782 2043 quindecim,
813 2003 985 2032 menses

166 2047 368 2099 quinque,
387 2052 431 2089 et
449 2047 542 2089 dies
562 2047 725 2089 decem.

219 2115 268 2166 Ην.
293 2113 383 2153 Iste
406 2116 473 2154 est
492 2112 576 2164 qui.

218 2191 259 2225 In
282 2192 344 2226 111.
367 2192 564 2226 Nocturno
590 2192 758 2226 Homilia
782 2191 819 2224 in
843 2191 985 2231 Evang.

166 2239 310 2322 {ioffigo
325 2239 495 2282 peregre.
534 2241 579 2274 de
617 2240 750 2274 eodem
787 2237 986 2272 Communi

220 2348 350 2382 Lectio
376 2349 424 2381 ix.
451 2349 497 2382 de
521 2348 708 2385 Homilia,
734 2352 768 2381 et
794 2355 985 2380 commem.

167 2395 289 2430 Feriae
316 2396 351 2429 in
376 2396 494 2430 Laud.

424 2500 507 2542 Die
526 2501 564 2541 4.
582 2500 736 2541 Martii.

270 2573 313 2613 S.
331 2572 471 2613 Lucii
489 2573 524 2613 Ι.
548 2572 680 2622 Papae
701 2576 743 2611 et
763 2570 885 2610 Mart.

496 2642 657 2684 Duplex.

220 2692 354 2726 Omnia
381 2694 426 2727 de
445 2694 644 2727 Communi
665 2693 776 2726 unius
799 2690 986 2734 Martyris.

169 2745 307 2782 praeter
331 2743 539 2784 sequentia.

197 2871 288 2903 Propr.
303 2879 349 2903 pro
367 2871 442 2896 Clero
457 2871 531 2895 Rom.
561 2870 624 2894 Pars
640 2870 732 2895 Vema.

1790 218 1852 254 17*

1090 314 1231 348 Oratio.
1258 315 1367 356 Deus,
1392 313 1458 357 qui
1480 323 1562 349 nos.

1091 369 1136 403 Et
1162 371 1199 403 fit
1225 381 1417 404 commem.
1446 371 1574 404 Feriae.

1092 426 1134 459 In
1159 427 1184 460 I.
1210 428 1406 462 Nocturno
1434 428 1634 462 Lectiones
1660 428 1690 460 Α
1711 426 1852 461 Mileto.

1040 473 1086 506 de
1113 475 1244 508 eodem
1272 476 1471 509 Communi
1501 476 1525 508 1.
1552 476 1646 508 loco.

1264 554 1312 591 In
1340 554 1389 591 ΙΙ.
1416 553 1635 591 Nocturno.

1338 624 1487 665 Lectio
1508 625 1559 664 iv.

1038 694 1271 749 i
1286 694 1509 734 Romanus
1524 699 1648 745 patre
1662 694 1854 747 Porphy-

1046 782 1048 784 ψ
1078 741 1145 812 [ίξῚ
1167 750 1247 800 rio,
1270 754 1372 802 post
1392 750 1530 791 sancti
1550 750 1738 791 Cornelii
1756 763 1854 791 con·

1130 804 1145 830 ⁷]
1167 807 1515 855 summationem,
1542 807 1753 847 Romanae
1775 807 1854 848 Ec-

1038 862 1182 903 clesiae
1201 862 1504 915 episcopatum
1522 863 1670 904 tenuit.
1697 863 1855 913 Sanxit,

1036 924 1084 960 ut
1109 918 1195 960 duo
1220 919 1464 972 presbyteri
1489 932 1540 960 ac
1562 925 1652 960 tres
1675 918 1856 968 diaconi,

1039 975 1321 1016 ecclesiastici
1341 988 1469 1016 causa
1487 975 1733 1024 testimonii,
1754 988 1856 1027 quo-

1038 1031 1103 1072 vis
1140 1031 1239 1072 loco
1277 1034 1533 1084 episcopum
1569 1045 1655 1073 non
1687 1031 1856 1072 desere-

1038 1093 1143 1129 rent.
1203 1088 1362 1129 Pacem
1397 1088 1531 1140 lapsis
1568 1087 1772 1137 dandam‚
1815 1093 1858 1129 et

1037 1144 1292 1196 poenitentia
1316 1149 1427 1194 acta,
1456 1144 1857 1185 communicatidnis

1037 1201 1225 1241 fructum
1249 1200 1495 1251 negandum
1518 1213 1605 1241 non
1630 1213 1741 1249 esse,
1774 1202 1858 1252 spi-

1037 1257 1123 1298 ritu
1137 1257 1218 1298 Dei
1238 1256 1392 1308 plenus
1414 1258 1475 1308 (ut
1494 1262 1667 1298 sanctus
1684 1256 1857 1308 Cypria-

1038 1326 1118 1353 nus
1138 1313 1340 1365 scripsit),
1361 1313 1518 1354 litteris
1539 1313 1627 1353 suis
1648 1312 1857 1363 significa-

1036 1369 1106 1410 vit.
1148 1368 1216 1410 Ob
1238 1368 1395 1410 Christi
1418 1368 1550 1410 fidem
1575 1368 1726 1410 exsilio
1752 1367 1857 1409 rele-

1037 1427 1174 1476 gatus,
1194 1430 1236 1466 et
1250 1424 1532 1477 postmodum
1547 1423 1603 1466 ad
1617 1424 1857 1465 Ecclesiam

1038 1494 1160 1522 suam
1186 1481 1414 1522 incolumis
1442 1481 1584 1522 redire
1610 1483 1857 1533 permissus,

1038 1537 1215 1579 tandem
1251 1538 1367 1579 omni
1403 1537 1612 1579 Ecclesiae
1652 1536 1857 1578 facultate

1039 1594 1344 1635 archidiacono
1377 1607 1456 1636 suo
1485 1593 1706 1646 Stephano
1738 1592 1858 1644 prius

1038 1650 1208 1699 tradita,
1224 1651 1367 1702 capite
1382 1653 1605 1692 truncatus
1622 1654 1687 1690 est
1703 1652 1857 1701 quarto

1038 1707 1188 1748 Nonas
1213 1707 1373 1756 Martii,
1402 1706 1529 1747 Gallo
1554 1710 1597 1747 et
1616 1705 1857 1746 Volusiano

1038 1762 1318 1815 principibus.
1358 1763 1478 1804 Duas
1510 1760 1662 1803 habuit
1690 1759 1858 1802 ordina-

1038 1819 1180 1860 tiones
1224 1831 1372 1860 mense
1407 1817 1659 1867 Decembri,
1703 1816 1859 1868 quibus

1038 1874 1320 1927 presbyteros
1365 1877 1568 1927 quatuor,
1626 1875 1858 1925 episcopos

1038 1944 1118 1983 per
1150 1931 1321 1972 diversa
1353 1931 1452 1972 loca
1485 1935 1654 1983 septem
1686 1929 1859 1970 creavit.

1038 1987 1142 2039 Ejus
1173 1999 1331 2039 corpus
1363 1987 1505 2040 primo
1532 1987 1602 2027 via
1629 1985 1774 2038 Appia
1803 1983 1859 2025 ad

1040 2048 1238 2084 sanctum
1272 2044 1485 2095 Xystum‚
1527 2043 1571 2083 in
1607 2040 1858 2083 coemeterio

1041 2099 1208 2140 Callisti
1230 2099 1464 2152 sepultum,
1492 2098 1594 2140 inde
1617 2111 1643 2139 a
1660 2095 1859 2138 Paschali

1039 2156 1159 2208 Papa
1190 2156 1233 2196 in
1265 2161 1427 2197 sanctae
1457 2154 1642 2196 Caecssiae
1676 2151 1858 2200 titulum,

1038 2225 1124 2253 una
1143 2224 1242 2252 cum
1261 2211 1454 2263 ejusdem
1467 2211 1643 2261 virginis
1663 2215 1706 2251 et
1721 2207 1857 2249 socio-

1039 2280 1134 2309 rum
1149 2267 1407 2320 corporibus
1422 2266 1689 2316 translatum‚
1703 2264 1763 2307 ibi
1778 2261 1858 2305 sub

1040 2329 1190 2365 sancto
1211 2323 1337 2365 altari
1356 2322 1619 2364 collocatum
1638 2321 1728 2362 fuit.

1094 2402 1143 2453 Rg.
1168 2401 1415 2441 Honestum
1442 2398 1543 2439 fecit
1568 2397 1688 2439 illum
1711 2398 1858 2439 Domi-

1039 2469 1136 2506 nuS‚
1157 2462 1200 2498 et
1220 2455 1455 2497 custodivit
1474 2467 1572 2495 eum
1592 2453 1647 2495 ab
1666 2453 1858 2503 inimicis,

1040 2517 1083 2554 et
1111 2526 1136 2553 a
1161 2511 1464 2553 seductoribus
1491 2509 1648 2561 tutavit
1675 2509 1810 2550 illum:
1835 2510 1855 2531 *

1038 2569 1096 2609 Et
1130 2567 1251 2609 dedit
1281 2566 1342 2608 illi
1375 2566 1615 2607 claritatem
1643 2566 1858 2606 aeternam.

1044 2619 1093 2670 V.
1120 2622 1448 2673 Descenditque
1482 2634 1581 2662 cum
1613 2620 1688 2662 illo
1721 2621 1764 2661 in
1798 2621 1858 2661 fo-

1039 2692 1175 2728 veam,
1197 2683 1240 2720 et
1258 2679 1301 2718 in
1320 2677 1502 2718 vinculis
1522 2689 1610 2718 non
1629 2675 1860 2728 dereliquit

1040 2747 1149 2776 eum.
1176 2735 1233 2775 Et
1251 2732 1372 2775 dedit
1389 2733 1461 2774 illi.

1607 2852 1629 2886 2
