2066 2956
584 209 651 242 lm
677 206 911 250 2⁴·›JAp1-ilis.
964 207 999 239 Β.
1028 206 1070 238 M.

477 307 556 348 Ad
582 306 779 347 Laudes

423 373 471 401 et
510 376 605 408 per
646 364 836 397 [lorus.

229 432 234 439 ’
271 428 366 467 Ant.
388 429 414 466 1.
447 427 541 474 Ego
566 428 705 465 mater
723 423 747 447 *
766 421 962 474 pulchrae
984 420 1044 462 di-

217 481 430 530 lectienis,
456 485 499 521 et
518 479 708 527 timoris,
733 483 777 519 et
800 477 1044 529 agffltiOnis,

218 543 260 579 et
280 542 442 578 sanctae
464 536 570 589 spei,
592 535 774 586 alleluja.

270 599 334 637 ΓΞ.
360 597 572 638 Dominus
591 595 800 646 regnavit.
819 595 878 635 16.

268 658 302 697 2.
340 659 385 698 In
413 670 483 698 me
511 656 651 707 gratia
674 657 697 681 *
723 655 864 696 omnis
892 654 974 695 viae
1003 658 1046 695 et

217 714 425 762 veritatis,
444 714 487 753 in
506 725 576 753 me
597 712 737 753 omnis
758 723 861 763 spes
880 710 982 751 vitae
1003 715 1046 751 et

217 770 399 819 virtutis,
419 768 600 819 alleluia.

269 837 303 874 3.
330 834 413 884 Qui
431 832 552 874 audit
570 845 639 873 me
658 833 681 858 *
702 844 789 872 non
809 830 1043 871 confunde-

217 895 304 938 tur,
338 895 381 931 et
415 889 487 941 qui
521 890 760 941 operantur
787 888 830 927 in
859 899 929 928 me
957 899 1045 927 non

217 945 474 998 peccabunt,
495 944 677 995 alleluia.

270 1014 305 1050 4.
336 1012 402 1051 Da
425 1009 529 1050 mihi
555 1007 725 1050 sedium
743 1010 918 1050 tuarum
938 1011 961 1035 *
982 1022 1045 1050 as-

220 1066 434 1107 sistricem
468 1066 742 1118 sapientiam,
781 1071 824 1106 et
855 1065 945 1106 noli
977 1058 1073 1173 me!

219 1122 457 1175 reprobare
477 1135 501 1162 a
521 1122 620 1162 filiis
640 1121 738 1170 tuis,
758 1121 939 1172 alleluia.

270 1190 307 1227 5.
348 1186 527 1238 Optavi,
553 1188 576 1212 *
606 1191 649 1227 et
682 1185 811 1226 datus
845 1191 911 1227 est
942 1185 1047 1226 mihi

221 1254 375 1283 sensus
399 1246 443 1283 et
466 1241 684 1291 invocavi,
713 1247 756 1282 et
775 1242 893 1283 venit
915 1242 959 1282 in
977 1254 1047 1283 me

221 1299 397 1350 spiritus
416 1298 653 1350 sapientiae,
674 1297 856 1349 alleluia.

323 1368 582 1419 Capitulum.
708 1368 832 1407 Prov.
850 1371 885 1406 Η.
903 1367 941 1408 d.

219 1426 425 1531 Beatus
457 1431 590 1472 homo
626 1431 700 1483 qui
732 1431 855 1472 audit
886 1444 972 1481 me,
1005 1436 1049 1473 et

318 1487 392 1540 qui
411 1487 561 1539 vigilat
585 1487 641 1529 ad
666 1488 782 1528 fores
802 1500 922 1529 meas
942 1501 1047 1539 quo-

218 1543 341 1592 tidie,
374 1548 417 1585 et
444 1543 650 1585 observat
679 1543 735 1585 ad
765 1549 918 1596 postes
948 1545 1048 1586 estii

219 1599 314 1639 mei.
343 1600 426 1649 Qui
444 1612 514 1640 me
533 1600 757 1649 invenerit,
777 1600 968 1642 inveniet
986 1601 1046 1641 vi-

219 1658 319 1704 tam,
345 1661 387 1697 et
405 1655 576 1697 hauriet
595 1655 780 1697 salutem
801 1669 826 1697 a
844 1656 1047 1698 Domino.

272 1722 426 1771 llymn.
470 1723 505 1761 O
533 1720 726 1771 gloriesa
750 1721 975 1771 virginum.
999 1727 1045 1762 ut

220 1778 259 1816 in
284 1778 422 1817 l-‘estis
449 1779 490 1820 Β,
510 1778 562 1817 M.
580 1779 630 1817 V.
652 1791 729 1829 per
750 1791 918 1817 annum.
943 1777 1047 1830 [163]

278 1835 321 1885 Υ.
346 1839 537 1890 Dignare
555 1854 625 1883 me
644 1840 824 1883 laudare
843 1846 888 1883 te
907 1842 1047 1892 Virgo

221 1897 407 1945 sacrata,
427 1896 606 1948 alleluia.
635 1899 683 1949 Rg.
703 1898 771 1938 Da
791 1897 896 1937 mihi
915 1898 1046 1939 virtu-

219 1956 308 1992 tem
327 1957 481 1994 contra
499 1952 651 1994 hostes
669 1958 781 2003 tuos,
801 1953 983 2005 alleluia.

274 2018 344 2058 Ad
369 2016 526 2058 Bened.
558 2019 654 2057 Ant.
684 2019 822 2059 Beata
840 2018 981 2059 Mater
1004 2023 1047 2060 et

219 2071 382 2114 intacta
401 2073 558 2123 Virgo,
587 2074 755 2124 Regina
779 2073 947 2123 mundi,
973 2087 1046 2116 no—

221 2133 331 2168 stras
351 2128 684 2181 deprecationes
700 2142 754 2170 ne
770 2129 987 2182 despicias
1004 2131 1047 2171 in

220 2184 564 2234 necessitatibus
585 2184 663 2227 sed
682 2198 707 2226 a
723 2185 929 2238 periculis
947 2199 1046 2227 cun-

221 2238 301 2279 ctis
320 2239 457 2281 libera
474 2253 554 2282 nos
575 2254 759 2293 semper,
779 2241 960 2293 alleluja.

556 2308 717 2348 Oratio.

225 2363 395 2466 Deus,
415 2370 489 2421 qui
504 2370 771 2412 Genitricem
787 2370 934 2412 dilecti
950 2372 1045 2412 Filii

328 2425 390 2465 tui
407 2431 589 2467 matrem
608 2426 735 2467 nobis
751 2426 923 2475 dedisti,
939 2428 1045 2478 eius-

223 2491 306 2530 que
326 2481 571 2531 speciesam
590 2482 821 2532 imaginem
844 2483 954 2523 mira
973 2496 1045 2535 ap-

221 2535 437 2585 paritione
471 2537 708 2579 clarificare
747 2538 950 2588 dignatus
983 2552 1046 2580 es:

223 2589 430 2639 concede,
468 2595 732 2644 quaesumus3
769 2600 816 2636 ut
851 2594 1046 2646 ejusdem

221 2646 395 2687 monitis
423 2648 575 2698 jugiter
604 2650 866 2691 inhaerentes
895 2654 1044 2692 secun-

221 2701 323 2742 dum
349 2714 423 2742 cor
448 2709 569 2744 tuum
594 2707 740 2747 vivere
765 2712 808 2747 et
835 2705 891 2748 ad
917 2707 1043 2748 coele-

1095 205 1138 238 Y.
1165 204 1210 237 dc
1238 204 1347 237 Bono
1375 203 1559 236 (jtmsilist

1098 304 1210 340 stem
1249 297 1438 350 patriam
1477 296 1660 338 feliciter
1695 297 1927 348 pervenire

1097 354 1332 396 valeamus.
1360 353 1445 395 Per
1465 352 1668 394 eumdem
1679 351 1929 394 Dominum.

1369 436 1436 471 Ad
1459 434 1663 472 Tertiam.

1151 496 1250 535 Ant.
1279 493 1332 532 In
1354 504 1424 533 me
1443 491 1594 542 gratia.

1151 555 1288 606 Capit.
1319 555 1484 594 Beatus
1503 552 1648 594 homo.
1667 556 1714 592 ut
1734 562 1878 603 supra.

1150 617 1200 667 R.
1220 615 1281 655 br.
1313 614 1540 655 Venerunt
1563 612 1669 653 mihi
1689 612 1834 654 emnia
1853 612 1929 654 bo-

1099 684 1155 711 na
1174 670 1339 723 pariter
1358 682 1457 711 cum
1476 669 1560 719 illa,
1574 669 1595 692 *
1613 668 1811 720 Alleluia,
1830 668 1930 709 alle-

1098 727 1196 778 luia.
1224 726 1463 767 Venerunt.
1490 721 1540 772 V.
1566 725 1623 767 Et
1641 724 1930 766 innumerabi-

1099 783 1151 824 lis
1170 782 1379 824 honestas
1398 794 1478 834 per
1496 794 1650 822 manus
1665 780 1790 821 illius.
1814 780 1930 822 Alle-

1100 839 1202 891 luia,
1231 838 1414 890 alleluia.
1451 837 1604 879 Gloria
1622 837 1752 879 Patri.
1789 837 1931 879 Vene-

1100 899 1200 935 runt
1219 894 1334 935 mihi.

1151 949 1201 999 Y.
1239 950 1370 991 Viam
1407 949 1636 1002 sapientiae
1672 949 1929 991 monstrabo

1100 1006 1196 1057 tibi,
1223 1006 1406 1058 alleluia.
1439 1010 1488 1061 R:-
1516 1006 1687 1047 Ducam
1706 1010 1749 1047 te
1768 1018 1849 1059 per
1868 1007 1932 1047 se-

1100 1063 1228 1103 mitas
1250 1062 1482 1114 aequitatis,
1503 1061 1686 1114 alleluia.

1380 1140 1448 1176 Ad
1471 1140 1659 1177 Sextam.

1154 1202 1251 1241 Ant.
1282 1198 1366 1248 Qui
1386 1197 1508 1239 audit
1526 1210 1607 1239 me.

1153 1260 1411 1312 Capitulum.
1648 1258 1774 1297 Prov.
1791 1257 1827 1295 6.
1844 1269 1878 1296 c.

1176 1320 1362 1360 onserva
1385 1317 1447 1358 fili
1468 1318 1527 1358 mi
1547 1320 1773 1371 praecepta
1794 1319 1934 1371 patris

1192 1375 1265 1423 tui,
1285 1379 1329 1416 et
1343 1387 1397 1415 ne
1415 1374 1608 1417 dimittas
1624 1374 1767 1425 legem
1781 1376 1934 1417 matris

1100 1435 1199 1472 tuae.
1232 1431 1341 1481 Liga
1365 1443 1417 1472 ea
1439 1430 1483 1470 in
1507 1430 1642 1472 corde
1665 1436 1742 1472 tuo
1766 1431 1934 1483 iugiter,

1101 1492 1145 1528 et
1165 1486 1390 1528 circumda
1409 1486 1574 1538 gutturi
1592 1491 1682 1528 tuo.

1150 1547 1201 1598 R.
1221 1546 1283 1586 br.
1314 1546 1445 1588 Viam
1469 1547 1696 1599 sapientiae
1720 1549 1933 1589 monstra-

1101 1602 1159 1644 bo
1182 1602 1275 1651 tibi,
1299 1605 1320 1627 *
1343 1602 1547 1653 Alleluia,
1571 1602 1754 1655 alleluja.
1790 1604 1933 1646 Viam.

1100 1657 1149 1706 V.
1176 1658 1347 1699 Ducam
1371 1663 1415 1700 te
1442 1671 1522 1711 per
1548 1659 1725 1701 semitas
1752 1660 1936 1711 aequit&

1101 1714 1167 1755 tis.
1196 1714 1395 1767 Alleluia,
1418 1714 1600 1767 alleluja.
1631 1715 1783 1757 Gleria
1802 1716 1934 1758 Patri.

1100 1770 1231 1811 Viam
1251 1771 1489 1823 sapientiae.

1154 1825 1202 1875 v.
1234 1827 1409 1868 Corona
1434 1827 1663 1879 sapientiae
1687 1828 1820 1869 timor
1843 1828 1932 1870 Do-
1989 1830 1991 1833 ⁴
2027 1888 2032 1895 ι

1100 1883 1221 1932 mini,
1245 1883 1428 1934 alleluja.
1467 1888 1518 1938 R».
1544 1884 1740 1937 Replens
1763 1897 1932 1938 pacem,

1101 1943 1145 1979 et
1164 1938 1319 1980 salutis
1338 1939 1537 1990 fructum,
1558 1940 1740 1992 alleluia.

1382 2018 1449 2054 Ad
1469 2019 1653 2055 Nonam.

1152 2077 1252 2116 Ant.
1281 2075 1453 2127 Optavi.

1154 2136 1415 2188 Capitulum.
1619 2137 1743 2177 Prov.
1758 2136 1822 2176 23.
1839 2134 1879 2177 d.

1184 2196 1303 2238 raebe
1330 2196 1391 2237 fili
1414 2196 1473 2237 mi
1500 2209 1576 2238 cor
1601 2201 1724 2238 tuum
1748 2197 1854 2239 mihi
1888 2203 1932 2240 et

1198 2252 1313 2294 oculi
1331 2252 1395 2294 tui
1414 2253 1507 2293 vias
1525 2266 1646 2294 meas
1668 2253 1930 2295 custodiant.

1153 2317 1203 2367 R.
1231 2316 1293 2357 br.
1337 2318 1512 2359 Corona
1545 2318 1770 2370 sapientiae
1798 2318 1930 2360 timor

1099 2373 1290 2423 D6mini,
1315 2375 1336 2398 *
1363 2372 1566 2425 Alleluia,
1592 2373 1702 2415 allel.
1745 2374 1930 2416 Coruna.

1103 2425 1151 2475 V.
1173 2429 1369 2482 Replens
1385 2428 1566 2481 pacem,
1596 2434 1639 2471 et
1665 2430 1818 2472 salutis
1845 2430 1929 2472 fru-

1099 2491 1227 2527 ctum.
1252 2485 1450 2536 Alleluia,
1470 2485 1654 2537 alleluia.
1684 2486 1834 2527 Gloria
1849 2486 1926 2527 Pa-

1098 2542 1164 2582 tri.
1195 2542 1382 2583 Corona.

1155 2594 1204 2643 V.
1232 2598 1391 2639 Venite
1417 2597 1511 2647 filii,
1539 2597 1686 2639 audite
1710 2611 1799 2647 me,
1826 2598 1927 2640 alle-

1098 2652 1195 2704 luia.
1239 2656 1286 2705 Rg.
1307 2654 1531 2695 Timerem
1551 2654 1727 2695 Demini
1755 2654 1926 2697 docebo

1098 2722 1188 2758 vos,
1208 2709 1389 2761 alleluia.
