2028 2892
747 178 846 213 Infra
873 179 1055 215 Octavam
1080 181 1249 216 Paschae.

148 269 370 312 Probandi
397 275 542 312 autem
572 277 710 322 erant,
739 273 774 313 si
802 273 862 323 hi,
897 275 970 327 qui

149 338 248 367 eum
273 327 356 368 etsi
379 327 566 368 necdum
589 333 637 369 ut
655 329 797 370 Deum
822 329 969 382 dilige-

148 386 261 432 rent,
285 382 439 424 saltem
462 388 510 425 ut
527 387 805 436 peregrinum
824 389 968 428 amare

147 441 403 490 potuissent.
492 443 494 445 ’

199 498 248 549 Ει.
283 495 480 537 Surrexit
511 502 664 548 pastor
695 497 855 548 bonus,
896 500 968 550 qui

147 550 334 592 enimam
365 565 487 593 suam
520 554 668 606 pesuit
698 567 780 606 pro
813 555 967 597 (ivibus

147 607 251 657 suis,
277 613 321 649 et
339 622 422 661 pro
441 622 573 660 grege
592 623 671 651 suo
691 611 802 651 mori
822 611 967 662 digna-

146 668 215 704 tus
236 670 317 706 est:
331 668 352 691 *
370 665 567 716 Alleluja,
586 666 766 719 alleluja,
786 667 967 720 alleluja.

144 718 194 770 ΥΤ.
216 721 388 762 Etenim
407 722 577 764 Pascha
600 728 799 765 nostrum
818 724 967 765 immo·

144 776 259 818 latus
279 783 346 819 est
361 778 568 820 Christus.
591 780 787 831 Alleluja.
814 781 966 823 GlOria

144 833 273 875 Patri.
300 834 494 886 Alleluia.

196 891 356 933 Bened.
386 891 457 933 Ad
476 892 743 934 societatem.

442 950 593 991 Lectio
615 952 668 991 iii.

143 998 268 1107 Sed
288 1001 389 1052 quia
409 1013 505 1041 esse
526 1001 721 1042 extranei
742 1015 766 1043 a
786 1003 965 1044 caritate

227 1069 314 1098 non
346 1058 552 1109 peterant
579 1057 641 1108 hi,
677 1067 776 1099 cum*
809 1059 965 1110 quibus

142 1113 316 1155 Veritas
331 1113 627 1164 gradiebatur:
643 1127 741 1155 eum
756 1115 812 1156 ad
828 1115 966 1168 hospi·

141 1169 250 1210 tium
299 1170 422 1222 quasi
471 1173 750 1223 peregrinum
795 1177 965 1213 vocant.

143 1226 230 1268 Cur
258 1231 403 1267 autem
431 1226 630 1276 dicimus,
658 1233 833 1277 vocant,
867 1241 964 1269 cum

142 1282 230 1324 illic
267 1283 477 1335 scriptum
514 1283 589 1324 sit:
630 1284 686 1325 Et
727 1286 964 1335 coegerunt

141 1338 262 1380 eum?
303 1339 371 1379 Ex
404 1352 490 1391 quo
525 1340 727 1381 nimirum
761 1341 963 1393 exemplo

141 1395 368 1445 colligitur,
389 1396 489 1447 quia
507 1397 726 1448 peregrini
745 1397 802 1439 ad
820 1397 963 1450 hospi-

139 1451 247 1493 tium
266 1464 354 1492 non
371 1451 512 1493 solum
528 1452 739 1494 invitandi
756 1458 866 1503 sunt,
884 1454 963 1495 sed

140 1508 269 1549 etiam
287 1507 498 1549 trahendi.
523 1508 721 1549 Mensam
738 1510 868 1561 igitur
886 1523 963 1562 po-

138 1569 262 1614 nunt,
288 1577 424 1617 panes
449 1564 661 1616 cibesque
688 1559 891 1608 efferunt:
919 1571 963 1608 et

140 1620 300 1670 Deum,
332 1633 460 1673 quem
487 1621 530 1661 in
557 1621 796 1674 Scripturae
825 1635 962 1664 sacrae

139 1677 415 1729 expositione
448 1690 536 1718 non
571 1680 887 1729 cogneverant,
919 1680 961 1719 in

138 1733 264 1785 panis
301 1733 512 1774 fractiene
545 1736 825 1784 cognescunt.
876 1736 961 1777 Au-

139 1788 298 1831 diendo
325 1802 430 1841 ergo
455 1792 680 1843 praecepta
702 1791 785 1832 Dei
810 1791 961 1832 illumi·

137 1845 229 1887 neti
252 1858 337 1887 non
363 1851 480 1897 sunt,
507 1846 708 1889 faciendo
733 1847 962 1889 illuminati

138 1907 255 1944 sunt:
275 1903 376 1954 quia
395 1904 606 1955 scriptum
626 1909 706 1945 est:
724 1904 825 1945 Non
844 1904 961 1945 audi-

138 1960 257 2000 teres
284 1958 392 2010 legis
419 1960 519 2011 justi
544 1965 644 2001 sunt
667 1959 786 2013 apud
808 1961 961 2010 Deum,

137 2014 216 2056 sed
247 2015 437 2057 faeteres
464 2016 572 2067 legis
603 2016 960 2068 justificabuntur.

138 2071 344 2123 Quisquis
371 2085 475 2123 ergo
504 2073 598 2114 vult
633 2072 781 2114 audita
809 2073 960 2114 intelli-

136 2139 255 2177 gere,
284 2127 458 2169 festinet
483 2141 551 2178 ea,
581 2141 678 2181 quae
702 2129 785 2179 jam
810 2128 959 2170 audire
1016 2141 1038 2179 {¹5
1156 2152 1163 2181 ξ,

137 2184 298 2236 petuit,
333 2187 467 2237 epere
496 2185 688 2238 implere.
729 2185 843 2226 Ecce
871 2186 958 2225 Do-
1015 2178 1128 2221 ι’

135 2239 277 2281 minus
308 2253 396 2282 non
432 2246 499 2282 est
531 2241 730 2292 cegnitus
764 2241 867 2282 dum
899 2241 958 2282 lo·
1019 2241 1022 2252 ²

137 2298 357 2347 queretur,
382 2301 425 2338 et
446 2296 648 2349 dignatus
669 2301 735 2338 est
753 2298 958 2347 cognosci

137 2351 240 2393 dum
258 2354 462 2405 pascitur.

190 2412 251 2452 Te
269 2410 413 2451 Deum
430 2410 669 2452 laudamus.
686 2410 744 2450 15.

190 2464 260 2506 Ad
281 2465 440 2507 Bened.
469 2467 567 2507 Ant.
603 2468 729 2507 Jesus
752 2465 888 2518 junxit
911 2477 957 2506 se

135 2519 360 2574 discipulis
385 2523 475 2563 suis
500 2523 543 2563 in
568 2522 654 2571 via,
684 2527 727 2563 et
750 2521 841 2563 ibat
859 2533 957 2561 cum

136 2576 234 2618 illis:
263 2578 378 2619 ‹Sculi
403 2583 549 2620 autem
576 2580 726 2619 eerum
751 2577 956 2619 teneban-

134 2637 221 2682 tur,
240 2646 295 2675 ne
315 2647 414 2675 eum
433 2636 734 2685 agnoscerent:
762 2638 804 2674 et
822 2633 956 2673 incre-

135 2689 257 2741 pavit
276 2702 366 2741 eOS,
392 2690 555 2732 dicens:
582 2691 619 2731 O
640 2689 760 2731 stulti
780 2693 823 2730 et
841 2687 956 2729 tardi

1022 275 1155 318 corde
1183 277 1239 319 ad
1266 279 1529 321 credendum
1556 282 1598 322 in
1625 282 1706 332 his,
1740 296 1838 335 quae

1021 331 1157 373 locuti
1177 339 1275 375 sunt
1292 335 1537 388 Prophetae,
1557 337 1735 391 alleluja.

1356 396 1515 436 Oratio.

1020 446 1200 551 Deus,
1234 451 1306 502 qui
1335 451 1606 495 solemnitate
1634 455 1837 506 paschali,

1117 506 1280 547 mundo
1301 508 1491 550 remedia
1511 510 1744 551 contulisti:
1761 514 1836 563 pe-

1019 562 1169 614 pulum
1201 568 1339 613 tuum,
1373 567 1635 616 quae'sumUS,
1670 567 1835 609 coelesti

1021 618 1139 660 dono
1158 622 1439 672 prosequere3
1466 627 1514 663 ut
1538 628 1581 664 et
1599 623 1833 674 perfectam

1018 674 1265 716 libertatem
1293 678 1501 730 censequi
1528 681 1760 729 mereatur,
1795 687 1836 721 et

1019 731 1075 772 ad
1111 732 1245 773 vitam
1283 734 1484 785 proficiat
1523 736 1836 787 sempiternam.

1018 788 1102 829 Per
1121 789 1365 830 Deminum.

1073 855 1142 895 Ad
1177 855 1347 903 Magnis.
1396 859 1493 898 Ant.
1546 856 1628 909 Qui
1661 861 1761 897 sunt
1793 857 1836 897 hi

1015 911 1259 959 sermeneS,
1290 923 1399 962 quos
1426 912 1630 952 confertis
1655 912 1710 953 ad
1733 913 1835 953 invi·

1019 977 1117 1062 celui
1131 966 1430 1033 ambulantes,
1466 973 1508 1009 et
1537 969 1639 1009 estis
1667 969 1835 1010 tristes?

1018 1033 1041 1061 a
1078 1034 1100 1062 e
1119 1035 1197 1073 uJa.

1235 1115 1393 1150 Feria
1425 1115 1623 1154 Tertia.

1072 1171 1121 1223 V.
1143 1175 1338 1216 Surrexit
1357 1176 1567 1217 Deminus
1591 1190 1706 1228 vere,
1734 1179 1830 1220 alle-

1017 1231 1111 1327 lui}
1152 1235 1201 1286 R.
1226 1232 1280 1272 Et
1307 1233 1509 1284 apparuit
1534 1234 1712 1283 Simeni‚
1737 1235 1834 1276 alle-

1035 1302 1197 1390 u,Pater
1217 1354 1374 1390 noster.

1068 1409 1218 1450 Absol.
1248 1410 1389 1461 Ipsius
1407 1414 1558 1463 pietas.

1069 1470 1228 1511 Bencd.
1256 1471 1515 1522 Evangelica
1533 1472 1673 1513 lectio.

1015 1547 1167 1589 Lectio
1193 1548 1330 1588 sancti
1349 1548 1572 1599 Evangelii
1597 1549 1832 1589 secundum

1332 1604 1505 1645 Lucam.

1117 1659 1269 1700 Lectio
1289 1658 1313 1698 i.
1501 1659 1601 1711 Cap.
1616 1661 1680 1699 24.
1696 1672 1729 1701 e.

1063 1735 1090 1762 n
1123 1721 1197 1762 illo
1229 1724 1440 1775 tempore:
1472 1722 1600 1763 Stetit
1633 1722 1759 1762 Jesus
1791 1721 1830 1760 in

1074 1777 1220 1818 medio
1239 1778 1560 1831 discipulerum,
1580 1782 1623 1819 et
1638 1777 1742 1818 dicit
1757 1777 1832 1818 eis:

1015 1834 1106 1874 Pax
1124 1834 1262 1875 vobis:
1286 1848 1366 1885 ego
1386 1848 1496 1883 sum,
1520 1834 1653 1875 nolite
1670 1834 1831 1875 timere.

1014 1890 1070 1931 Et
1088 1890 1263 1942 reliqua.

1013 1962 1204 2003 Homilia
1223 1964 1360 2004 sancti
1375 1963 1595 2004 Ambrosii
1614 1961 1829 2014 Episcopi.

1013 2028 1128 2062 Liber
1147 2028 1202 2062 10.
1221 2028 1428 2062 Comment.
1454 2027 1489 2060 in
1508 2027 1658 2067 Lucam,
1680 2037 1759 2069 cap.
1775 2027 1825 2060 24.

1310 2080 1396 2110 ante
1413 2075 1533 2109 finem.

1156 2128 1298 2177 irum,
1325 2140 1412 2179 quo
1440 2126 1572 2167 modo
1602 2138 1648 2166 se
1674 2126 1827 2164 natura

1156 2179 1163 2238 {l
1188 2186 1402 2236 corperea
1449 2195 1528 2234 per
1571 2181 1827 2232 impenetra-

1017 2235 1132 2264 ῤ’
1186 2239 1274 2281 bile
1306 2251 1464 2291 corpus
1496 2236 1698 2278 infuderit
1724 2235 1826 2276 invi-

1012 2296 1125 2338 sibili
1177 2295 1315 2345 aditu,
1368 2293 1523 2335 visibili
1573 2292 1827 2343 conspectu3

1010 2353 1129 2404 tangi
1173 2351 1327 2400 facilis,
1379 2348 1565 2391 difficilis
1612 2347 1828 2388 aestimari.

1009 2408 1209 2460 Denique
1229 2404 1473 2448 conturbati
1491 2403 1691 2455 discipuli
1715 2402 1826 2443 aesti-

1009 2464 1187 2506 mabant
1202 2476 1249 2504 se
1263 2462 1460 2514 spiritum
1475 2458 1634 2500 videre.
1656 2460 1712 2500 Et
1726 2458 1825 2499 ideo

1009 2520 1238 2568 Dominus,
1263 2522 1310 2558 ut
1332 2516 1519 2568 speciem
1542 2515 1668 2556 nobis
1687 2526 1826 2556 resur-

992 2575 1214 2626 ‚rectionis
1242 2571 1508 2621 ostenderet,
1535 2571 1733 2623 Palpeste,
1765 2570 1824 2610 in-

1010 2632 1119 2684 quit,
1148 2635 1191 2672 et
1216 2629 1375 2677 videte,
1405 2627 1504 2679 quia
1531 2628 1708 2679 spiritus
1736 2639 1824 2668 car-

1007 2700 1107 2729 nem
1133 2691 1176 2728 et
1200 2697 1300 2726 ossa
1328 2696 1413 2724 non
1438 2682 1590 2733 habet,
1616 2683 1728 2724 sicut
1754 2695 1824 2723 me
