2066 2904
633 142 840 175 (jommunc
866 138 1109 173 <contessoris
1136 138 1342 171 immitit-is.

139 242 239 293 ejus,
257 240 281 266 *
300 252 405 281 oves
424 242 467 280 et
484 237 622 279 boves
640 236 878 277 universas:
896 237 955 276 in-

139 310 271 350 super
290 301 333 338 et
350 297 512 349 pecora
531 293 683 345 campi.

189 353 405 396 Volucres
424 350 534 400 00011,
554 354 597 391 01
614 349 758 402 pisces
776 348 956 398 maris,*

142 411 215 463 qui
232 407 537 462 perambulant
556 406 732 447 semitas
750 405 892 446 maris.

192 465 379 508 Domine
389 464 604 505 Dominus
618 462 811 511 noster‚*
813 474 958 526 quam

141 521 394 565 admirabile
414 526 480 563 est
497 532 656 562 nomen
670 523 793 560 tuum
810 518 855 559 in
869 517 958 559 uni-

141 581 268 622 versa
285 577 416 620 terra!

190 640 288 679 A.nt
330 638 516 680 Domine
549 637 763 678 Dominus
799 640 959 684 noster,

143 710 272 750 quam
295 694 550 738 admirabile
575 699 640 735 est
660 705 818 735 nomen
838 697 960 734 tuum

142 755 186 795 in
213 754 415 795 universa
444 751 576 793 terra!
618 750 718 802 quia
748 749 886 800 gloria
918 753 960 789 et

142 811 308 852 honore
344 808 566 850 coronasti
598 811 794 848 sanctum
828 811 961 855 tuum,

143 873 186 909 et
223 865 485 908 constituisti
526 877 624 906 eum
660 876 792 916 super
828 865 962 915 opera

142 925 347 964 manuum
369 923 552 963 tuarum.

190 982 240 1033 ,v
281 983 421 1034 Elegit
449 995 547 1024 eum
575 981 790 1022 Dominus
823 992 961 1021 sacer-

143 1041 293 1082 dotem
320 1039 414 1081 sibi.
453 1041 500 1091 lx‘g.
532 1037 604 1079 Ad
631 1036 961 1080 sacrificandum

144 1097 183 1139 ei
209 1096 399 1138 hostiam
425 1095 576 1137 laudis.

198 1159 324 1199 Pater
342 1162 503 1198 noster.

194 1219 435 1260 Absolutio.
466 1220 609 1270 Ipsius
628 1218 779 1269 pietas.

193 1277 242 1329 V.
270 1277 382 1320 Jube
402 1277 571 1319 domne.
807 1291 810 1293 ·

193 1342 351 1383 Bened.
381 1342 501 1381 Deus
519 1339 651 1380 Pater
677 1339 964 1390 omnipotens.

177 1419 330 1459 Sermo
351 1416 489 1458 8311011
507 1416 685 1457 Maximi
704 1415 926 1468 Episcopi.

142 1483 311 1517 Homilia
335 1484 393 1519 522,
422 1495 507 1525 quus
534 1491 589 1516 cst
612 1484 641 1515 2.
667 1483 711 1516 dc
736 1485 769 1516 S.
795 1482 960 1515 Eusebio

431 1531 673 1565 Vercellcnsi.

408 1589 442 1628 L
455 1602 476 1628 e
489 1602 511 1628 c
523 1595 539 1628 t
552 1588 564 1627 i
576 1601 601 1628 o
636 1588 646 1627 i
661 1602 695 1626 v.

161 1661 230 1675 ·
232 1648 324 1703 fd
323 1645 481 1690 8311011
502 1661 553 1690 30
569 1647 808 1690 beatissimi
822 1647 964 1688 Patris

309 1705 447 1747 nostri
478 1705 539 1752 N.
565 1704 684 1756 cujus
703 1703 834 1745 hodie
854 1703 964 1745 festa

312 1761 602 1811 celebramus,
650 1759 802 1802 laudes
844 1759 963 1802 addi-

145 1788 262 1861 disse
290 1818 469 1870 aliquid,
497 1817 770 1870 decerpsisse
799 1821 878 1859 081;
912 1819 964 1858 81-

146 1875 322 1928 quidem
345 1875 554 1917 virtutum
586 1875 676 1926 ejus
707 1873 846 1925 gratia
877 1886 964 1915 non

147 1931 420 1974 sermonibus
456 1930 715 1984 exponenda
753 1935 838 1979 est,
887 1929 966 1972 sed

147 1988 352 2042 operibus
367 1986 703 2040 comprobanda.
729 1986 838 2028 Cum
852 1987 966 2028 enim

147 2046 263 2088 dicat
281 2044 520 2097 Scriptura:
557 2043 707 2085 Gloria
733 2043 871 2095 patris
899 2047 966 2084 est

146 2102 261 2143 filius
288 2101 477 2154 sapiens:
512 2104 686 2152 quantae
712 2099 837 2151 hujus
866 2104 966 2140 sunt

146 2158 312 2211 gloriae,
342 2157 415 2210 qui
442 2158 661 2198 tantorum
688 2156 877 2197 filiorum
902 2169 965 2197 sa-

146 2215 325 2268 pientia,
354 2218 397 2255 et
420 2212 654 2254 devotione
677 2210 871 2255 laetatur?
912 2212 963 2253 In

148 2271 320 2312 Christo
342 2270 456 2311 enim
468 2270 493 2310 J
496 2282 573 2311 esu
590 2282 670 2322 per
684 2268 966 2321 Evangelium

146 2328 240 2380 ipse
258 2339 339 2368 nos
360 2326 517 2378 genuit.

149 2391 155 2394 ’
201 2387 249 2437 Rg.
274 2383 425 2424 Inveni
442 2382 598 2433 David,
621 2395 794 2424 servum
811 2395 966 2431 meum,

149 2440 246 2482 oleo
261 2444 410 2481 sancto
424 2453 523 2482 meo
538 2440 642 2481 unxi
658 2452 769 2481 eum:
782 2443 801 2463 *
812 2439 966 2480 Manus

150 2497 264 2538 enim
278 2509 376 2538 mea
394 2496 673 2538 auxiliabitur
691 2497 740 2538 ei.
775 2492 820 2543 δ”.
847 2494 967 2536 Ν11111

148 2553 350 2605 profieiet
377 2553 575 2595 inimicus
602 2553 647 2593 in
674 2565 743 2603 eo,
782 2557 826 2594 et
853 2551 968 2592 filius

149 2609 388 2661 iniquitatis
412 2622 499 2651 non
523 2609 698 2652 nocebit
722 2609 771 2651 ei.
801 2608 968 2649 Manus.

206 2671 361 2711 Bened.
390 2670 586 2712 Christus
603 2671 839 2722 perpetuae.

1761 134 1829 178 [71]

1324 237 1471 276 Lectio
1494 251 1527 275 v.

1093 298 1278 350 uidquid
1314 299 1445 350 igitur
1481 299 1524 339 in
1562 298 1644 339 hac
1681 302 1829 339 sancta

1119 354 1250 408 plebe
1282 360 1429 408 potest
1458 367 1554 396 esse
1582 355 1756 396 virtutis
1791 359 1833 396 et

1009 412 1170 463 gratiae,
1191 411 1246 453 de
1263 411 1350 453 hoc·
1363 412 1488 463 quasi
1505 411 1694 463 quodam
1713 411 1833 452 fonte

1010 468 1302 518 lucidissimo,
1357 468 1550 509 omnium
1595 468 1834 509 rivulorum

1011 525 1178 578 puritas
1199 525 1425 566 emanavit.
1462 524 1634 566 Etenim
1652 524 1752 576 quia
1767 537 1833 565 ca-

1013 582 1172 623 stitatis
1191 581 1386 634 pollebat
1404 581 1565 632 vigore,
1586 581 1686 633 quia
1706 581 1835 622 absti-

1012 639 1170 681 nentiae
1190 638 1458 690 gloriabatur
1477 638 1703 689 angustiis,
1734 637 1835 689 quia

1012 695 1319 737 blandimentis
1357 699 1450 736 erat
1485 694 1696 747 praeditus
1732 694 1835 735 leni-

1013 752 1136 802 tatis,
1183 752 1374 793 omnium
1415 752 1573 793 civium
1613 751 1657 791 in
1693 751 1835 792 Deum

1013 809 1272 862 provocavit
1304 808 1525 850 affectum:
1563 808 1665 859 quia
1691 808 1835 849 Ponti-

1014 866 1108 907 ficis
1127 865 1504 907 administratione
1524 864 1728 916 fulgebat,
1745 863 1837 915 plu-

1015 935 1085 964 res
1112 935 1134 964 e
1161 922 1386 975 discipulis
1409 922 1584 974 reliquit
1607 921 1673 962 sui
1700 933 1837 962 sacer—
1882 917 1886 930 '

1016 979 1125 1021 dotii
1145 981 1432 1020 successores.

1068 1043 1116 1093 Κ.
1150 1044 1283 1085 Ρό8111
1312 1043 1574 1096 adjutorium
1603 1055 1734 1095 super
1761 1055 1838 1095 po-

1015 1102 1198 1150 tentem,
1239 1105 1282 1142 et
1323 1100 1512 1142 exaltavi
1556 1099 1743 1141 electum
1785 1098 1840 1140 de

1016 1157 1145 1210 plebe
1186 1170 1300 1198 mea:
1338 1157 1357 1177 *
1396 1157 1550 1198 Μ311118
1591 1156 1705 1197 0111111
1741 1169 1840 1197 11103

1017 1213 1295 1256 auxiliabitur
1331 1215 1379 1256 ei.
1426 1207 1472 1258 X
1512 1213 1663 1254 Inveni
1696 1212 1840 1254 David

1018 1283 1192 1312 servum
1224 1283 1385 1321 meum,
1423 1270 1521 1311 oleo
1556 1274 1708 1311 sancto
1740 1282 1839 1310 meo

1017 1328 1121 1368 unxi
1150 1340 1258 1369 eum.
1297 1328 1462 1369 Manus.

1085 1389 1228 1429 {cnud
1265 1390 1410 1439 Ignem
1430 1388 1496 1428 sui
1515 1387 1686 1428 amoris.

1317 1462 1462 1500 Lectio
1487 1462 1535 1499 vi.

1018 1521 1179 1626 Bene
1195 1533 1238 1570 et
1253 1530 1443 1579 congrue
1458 1527 1502 1567 in
1515 1526 1598 1568 1130
1614 1525 1695 1575 (110,
1711 1538 1841 1578 quam

1118 1584 1245 1626 nobis
1263 1584 1382 1626 beati
1396 1583 1538 1625 Patris
1557 1583 1698 1625 nostri
1724 1582 1771 1621 N.
1785 1582 1841 1624 ad

1017 1641 1267 1694 paradisum
1300 1641 1509 1683 transitus
1540 1639 1842 1681 exsultabilem

1017 1698 1176 1748 reddit,
1207 1698 1439 1751 praesentis
1462 1697 1626 1738 Psalmi
1653 1699 1840 1738 versicu-

1017 1755 1106 1797 lum
1146 1755 1491 1797 decantavimus:
1539 1754 1590 1794 In
1631 1753 1842 1794 memoria

1017 1814 1181 1854 aeterna
1210 1812 1290 1853 erit
1315 1812 1460 1862 justus.
1497 1811 1639 1862 Digne
1663 1810 1776 1851 enim
1798 1810 1842 1851 in

1016 1869 1271 1910 memoriam
1292 1868 1474 1909 vertitur
1492 1866 1730 1916 hominum,
1769 1867 1842 1919 qui

1019 1924 1075 1966 ad
1112 1924 1319 1977 gaudium
1354 1924 1527 1966 transiit
1561 1923 1842 1974 Angelorum.

1019 1981 1136 2023 Dicit
1172 1994 1316 2023 sermo
1355 1980 1545 2023 divinus:
1585 1980 1653 2021 Ne
1689 1979 1841 2021 laudes

1018 2037 1238 2080 hominem
1265 2038 1308 2079 in
1328 2038 1417 2080 vita
1442 2050 1534 2079 sua:
1563 2041 1786 2088 tamquam
1805 2036 1842 2076 si

1020 2094 1197 2137 diceret:
1224 2094 1375 2137 Lauda
1394 2099 1496 2148 post
1514 2094 1658 2143 vitam,
1681 2095 1841 2143 magni-

1018 2151 1102 2193 fica
1140 2157 1243 2204 post
1280 2150 1709 2193 consummationem.
1753 2149 1841 2190 Du-

1019 2207 1123 2260 plici
1143 2208 1257 2249 enim
1284 2221 1337 2250 ex
1360 2220 1491 2249 causa
1512 2206 1659 2248 utilius
1681 2210 1747 2247 est
1766 2205 1841 2247 ho-

1020 2264 1182 2306 minum
1220 2264 1359 2316 magis
1400 2263 1622 2306 memoriae
1667 2261 1842 2304 laudem

1020 2320 1139 2371 dare,
1176 2334 1306 2374 quam
1333 2322 1450 2370 vitae;
1486 2324 1534 2361 ut
1564 2319 1639 2360 illo
1668 2319 1840 2371 potissi-

1018 2390 1138 2418 mum
1167 2379 1365 2431 tempore
1406 2376 1560 2417 merita
1597 2375 1841 2417 sanctitatis

1020 2433 1222 2484 extollas,
1266 2433 1440 2486 quando
1475 2445 1556 2474 nec
1590 2431 1841 2474 laudantem

1020 2490 1212 2532 adulatio
1230 2495 1388 2540 movet,
1409 2502 1490 2531 nee
1508 2488 1734 2530 laudatum
1750 2494 1840 2531 ten-

1019 2551 1083 2588 tet
1106 2547 1247 2589 elatio.

1073 2615 1122 2665 R.
1150 2613 1240 2654 Iste
1270 2616 1337 2653 est
1366 2611 1440 2663 qui
1467 2615 1568 2652 ante
1586 2611 1729 2652 Deum
1754 2623 1840 2651 ma-

1021 2682 1127 2721 gnas
1154 2669 1336 2711 virtutes
1364 2669 1571 2720 operatus
1605 2671 1687 2718 est,
1725 2671 1768 2708 et
1797 2679 1839 2708 0-
