<?xml version="1.0" encoding="UTF-8"?>
<!DOCTYPE html PUBLIC "-//W3C//DTD XHTML 1.0 Transitional//EN"
    "http://www.w3.org/TR/xhtml1/DTD/xhtml1-transitional.dtd">
<html xmlns="http://www.w3.org/1999/xhtml" xml:lang="en" lang="en">
 <head>
  <title>
</title>
<meta http-equiv="Content-Type" content="text/html;charset=utf-8" />
  <meta name='ocr-system' content='tesseract 3.04.00' />
  <meta name='ocr-capabilities' content='ocr_page ocr_carea ocr_par ocr_line ocrx_word'/>
</head>
<body>
  <div class='ocr_page' id='page_1' title='image "./p2breviariumroma00cathuoft_0530.png"; bbox 0 0 2066 2904; ppageno 0'>
   <div class='ocr_carea' id='block_1_1' title="bbox 408 174 1678 220">
    <p class='ocr_par' dir='ltr' id='par_1_1' title="bbox 408 174 1678 220">
     <span class='ocr_line' id='line_1_1' title="bbox 408 174 1678 220; baseline -0.007 -5"><span class='ocrx_word' id='word_1_1' title='bbox 408 183 474 215; x_wconf 64' lang='lat' dir='ltr'><strong>lm·</strong></span> <span class='ocrx_word' id='word_1_2' title='bbox 501 186 530 214; x_wconf 65' lang='grc' dir='ltr'><strong>Η.</strong></span> <span class='ocrx_word' id='word_1_3' title='bbox 559 181 656 218; x_wconf 63' lang='lat' dir='ltr'><strong>Maii.</strong></span> <span class='ocrx_word' id='word_1_4' title='bbox 695 183 728 213; x_wconf 60' lang='lat' dir='ltr'><strong>S.</strong></span> <span class='ocrx_word' id='word_1_5' title='bbox 756 179 932 220; x_wconf 57' lang='lat' dir='ltr'><strong>Gregorii</strong></span> <span class='ocrx_word' id='word_1_6' title='bbox 961 177 1196 211; x_wconf 67' lang='lat' dir='ltr'><strong>Nuzialnzeni</strong></span> <span class='ocrx_word' id='word_1_7' title='bbox 1223 176 1349 219; x_wconf 61' lang='lat' dir='ltr'><strong>Episc.</strong></span> <span class='ocrx_word' id='word_1_8' title='bbox 1376 176 1483 209; x_wconf 68' lang='lat' dir='ltr'><strong>(jons.</strong></span> <span class='ocrx_word' id='word_1_9' title='bbox 1510 180 1544 208; x_wconf 66' lang='lat' dir='ltr'><strong>et</strong></span> <span class='ocrx_word' id='word_1_10' title='bbox 1572 174 1678 207; x_wconf 69' lang='lat' dir='ltr'><strong>boet.</strong></span> 
     </span>
    </p>
   </div>
   <div class='ocr_carea' id='block_1_2' title="bbox 184 272 1017 886">
    <p class='ocr_par' dir='ltr' id='par_1_2' title="bbox 184 272 1013 380">
     <span class='ocr_line' id='line_1_2' title="bbox 184 272 1013 326; baseline -0.008 -7"><span class='ocrx_word' id='word_1_11' title='bbox 184 280 296 319; x_wconf 86' lang='lat' dir='ltr'><strong>vinae</strong></span> <span class='ocrx_word' id='word_1_12' title='bbox 320 276 428 326; x_wconf 87' lang='lat' dir='ltr'><strong>legis</strong></span> <span class='ocrx_word' id='word_1_13' title='bbox 452 276 638 322; x_wconf 78' lang='lat' dir='ltr'><strong>amator,</strong></span> <span class='ocrx_word' id='word_1_14' title='bbox 667 272 909 325; x_wconf 79' lang='lat' dir='ltr'><strong>deprecare</strong></span> <span class='ocrx_word' id='word_1_15' title='bbox 931 284 1013 324; x_wconf 94' lang='lat' dir='ltr'><strong>pro</strong></span> 
     </span>
     <span class='ocr_line' id='line_1_3' title="bbox 185 329 802 380; baseline -0.01 -5"><span class='ocrx_word' id='word_1_16' title='bbox 185 333 311 375; x_wconf 93' lang='lat' dir='ltr'><strong>nobis</strong></span> <span class='ocrx_word' id='word_1_17' title='bbox 330 331 487 372; x_wconf 83' lang='lat' dir='ltr'><strong>Filium</strong></span> <span class='ocrx_word' id='word_1_18' title='bbox 505 330 598 379; x_wconf 81' lang='lat' dir='ltr'><strong>Dei,</strong></span> <span class='ocrx_word' id='word_1_19' title='bbox 619 329 802 380; x_wconf 80' lang='lat' dir='ltr'><strong>alleluja.</strong></span> 
     </span>
    </p>

    <p class='ocr_par' dir='ltr' id='par_1_3' title="bbox 184 385 1014 549">
     <span class='ocr_line' id='line_1_4' title="bbox 239 385 1014 435; baseline -0.003 -8"><span class='ocrx_word' id='word_1_20' title='bbox 239 385 287 434; x_wconf 63' lang='lat' dir='ltr'><strong>Y.</strong></span> <span class='ocrx_word' id='word_1_21' title='bbox 314 388 492 429; x_wconf 78' lang='lat' dir='ltr'><strong>Amavit</strong></span> <span class='ocrx_word' id='word_1_22' title='bbox 511 399 611 428; x_wconf 91' lang='lat' dir='ltr'><strong>eum</strong></span> <span class='ocrx_word' id='word_1_23' title='bbox 628 386 859 435; x_wconf 65' lang='lat' dir='ltr'><strong>Deminus,</strong></span> <span class='ocrx_word' id='word_1_24' title='bbox 886 390 929 426; x_wconf 92' lang='lat' dir='ltr'><strong>et</strong></span> <span class='ocrx_word' id='word_1_25' title='bbox 948 397 1014 425; x_wconf 92' lang='lat' dir='ltr'><strong>or-</strong></span> 
     </span>
     <span class='ocr_line' id='line_1_5' title="bbox 184 440 1013 494; baseline -0.007 -8"><span class='ocrx_word' id='word_1_26' title='bbox 184 446 304 486; x_wconf 77' lang='lat' dir='ltr'><strong>navit</strong></span> <span class='ocrx_word' id='word_1_27' title='bbox 324 458 438 492; x_wconf 82' lang='lat' dir='ltr'><strong>eum,</strong></span> <span class='ocrx_word' id='word_1_28' title='bbox 458 443 639 494; x_wconf 80' lang='lat' dir='ltr'><strong>alleluia.</strong></span> <span class='ocrx_word' id='word_1_29' title='bbox 669 443 716 492; x_wconf 67' lang='grc' dir='ltr'><strong>Ιζι.</strong></span> <span class='ocrx_word' id='word_1_30' title='bbox 737 442 904 483; x_wconf 88' lang='lat' dir='ltr'><strong>Stolam</strong></span> <span class='ocrx_word' id='word_1_31' title='bbox 924 440 1013 491; x_wconf 84' lang='lat' dir='ltr'><strong>glo-</strong></span> 
     </span>
     <span class='ocr_line' id='line_1_6' title="bbox 185 498 755 549; baseline -0.007 -7"><span class='ocrx_word' id='word_1_32' title='bbox 185 502 260 542; x_wconf 87' lang='lat' dir='ltr'><strong>riae</strong></span> <span class='ocrx_word' id='word_1_33' title='bbox 280 500 420 542; x_wconf 87' lang='lat' dir='ltr'><strong>induit</strong></span> <span class='ocrx_word' id='word_1_34' title='bbox 439 512 553 549; x_wconf 69' lang='lat' dir='ltr'><strong>eum,</strong></span> <span class='ocrx_word' id='word_1_35' title='bbox 573 498 755 549; x_wconf 80' lang='lat' dir='ltr'><strong>alleluja.</strong></span> 
     </span>
    </p>

    <p class='ocr_par' dir='ltr' id='par_1_4' title="bbox 187 556 1017 886">
     <span class='ocr_line' id='line_1_7' title="bbox 522 556 686 595; baseline 0 -2"><span class='ocrx_word' id='word_1_36' title='bbox 522 556 686 595; x_wconf 80' lang='lat' dir='ltr'><strong>Oratio.</strong></span> 
     </span>
     <span class='ocr_line' id='line_1_8' title="bbox 275 611 1014 665; baseline -0.011 -10"><span class='ocrx_word' id='word_1_37' title='bbox 275 627 363 661; x_wconf 90' lang='lat' dir='ltr'><strong>eus,</strong></span> <span class='ocrx_word' id='word_1_38' title='bbox 383 613 458 665; x_wconf 92' lang='lat' dir='ltr'><strong>qui</strong></span> <span class='ocrx_word' id='word_1_39' title='bbox 475 611 643 665; x_wconf 83' lang='lat' dir='ltr'><strong>populo</strong></span> <span class='ocrx_word' id='word_1_40' title='bbox 662 616 740 652; x_wconf 86' lang='lat' dir='ltr'><strong>tuo</strong></span> <span class='ocrx_word' id='word_1_41' title='bbox 757 611 934 651; x_wconf 80' lang='lat' dir='ltr'><strong>aeternae</strong></span> <span class='ocrx_word' id='word_1_42' title='bbox 950 619 1014 647; x_wconf 90' lang='lat' dir='ltr'><strong>sa-</strong></span> 
     </span>
     <span class='ocr_line' id='line_1_9' title="bbox 280 664 1015 717; baseline -0.01 -7"><span class='ocrx_word' id='word_1_43' title='bbox 280 669 382 710; x_wconf 82' lang='lat' dir='ltr'><strong>lutis</strong></span> <span class='ocrx_word' id='word_1_44' title='bbox 405 669 584 710; x_wconf 77' lang='lat' dir='ltr'><strong>beatum</strong></span> <span class='ocrx_word' id='word_1_45' title='bbox 608 666 871 717; x_wconf 82' lang='lat' dir='ltr'><strong>Gregorium</strong></span> <span class='ocrx_word' id='word_1_46' title='bbox 895 664 1015 704; x_wconf 84' lang='lat' dir='ltr'><strong>mini-</strong></span> 
     </span>
     <span class='ocr_line' id='line_1_10' title="bbox 188 723 1016 776; baseline -0.008 -9"><span class='ocrx_word' id='word_1_47' title='bbox 188 732 327 768; x_wconf 90' lang='lat' dir='ltr'><strong>strum</strong></span> <span class='ocrx_word' id='word_1_48' title='bbox 342 725 546 766; x_wconf 87' lang='lat' dir='ltr'>tribuisti:</span> <span class='ocrx_word' id='word_1_49' title='bbox 564 727 728 776; x_wconf 86' lang='lat' dir='ltr'><strong>praesta</strong></span> <span class='ocrx_word' id='word_1_50' title='bbox 749 723 1016 773; x_wconf 75' lang='lat' dir='ltr'><strong>quaesumus3</strong></span> 
     </span>
     <span class='ocr_line' id='line_1_11' title="bbox 187 777 1017 833; baseline -0.007 -10"><span class='ocrx_word' id='word_1_51' title='bbox 187 788 244 824; x_wconf 84' lang='lat' dir='ltr'><strong>ut.</strong></span> <span class='ocrx_word' id='word_1_52' title='bbox 265 794 393 833; x_wconf 90' lang='lat' dir='ltr'><strong>quem</strong></span> <span class='ocrx_word' id='word_1_53' title='bbox 409 781 650 822; x_wconf 85' lang='lat' dir='ltr'><strong>Doctorem</strong></span> <span class='ocrx_word' id='word_1_54' title='bbox 666 779 769 820; x_wconf 88' lang='lat' dir='ltr'><strong>vitae</strong></span> <span class='ocrx_word' id='word_1_55' title='bbox 783 777 1017 819; x_wconf 82' lang='lat' dir='ltr'><strong>habuimus</strong></span> 
     </span>
     <span class='ocr_line' id='line_1_12' title="bbox 187 834 1015 886; baseline -0.006 -7"><span class='ocrx_word' id='word_1_56' title='bbox 187 839 230 879; x_wconf 93' lang='lat' dir='ltr'><strong>in</strong></span> <span class='ocrx_word' id='word_1_57' title='bbox 245 838 385 886; x_wconf 84' lang='lat' dir='ltr'><strong>terris,</strong></span> <span class='ocrx_word' id='word_1_58' title='bbox 400 837 736 878; x_wconf 85' lang='lat' dir='ltr'><strong>intercessorem</strong></span> <span class='ocrx_word' id='word_1_59' title='bbox 750 834 914 876; x_wconf 79' lang='lat' dir='ltr'><strong>habe&#39;re</strong></span> <span class='ocrx_word' id='word_1_60' title='bbox 928 845 1015 874; x_wconf 89' lang='lat' dir='ltr'><strong>me-</strong></span> 
     </span>
    </p>
   </div>
   <div class='ocr_carea' id='block_1_3' title="bbox 187 891 1017 1141">
    <p class='ocr_par' dir='ltr' id='par_1_5' title="bbox 187 891 954 936">
     <span class='ocr_line' id='line_1_13' title="bbox 187 891 954 936; baseline -0.008 0"><span class='ocrx_word' id='word_1_61' title='bbox 187 897 359 936; x_wconf 77' lang='lat' dir='ltr'><strong>reamur</strong></span> <span class='ocrx_word' id='word_1_62' title='bbox 379 894 422 934; x_wconf 90' lang='lat' dir='ltr'><strong>in</strong></span> <span class='ocrx_word' id='word_1_63' title='bbox 441 892 575 934; x_wconf 88' lang='lat' dir='ltr'><strong>coelis.</strong></span> <span class='ocrx_word' id='word_1_64' title='bbox 603 892 688 933; x_wconf 90' lang='lat' dir='ltr'><strong>Per</strong></span> <span class='ocrx_word' id='word_1_65' title='bbox 707 891 954 933; x_wconf 84' lang='lat' dir='ltr'><strong>Dominum.</strong></span> 
     </span>
    </p>

    <p class='ocr_par' dir='ltr' id='par_1_6' title="bbox 188 950 1015 1044">
     <span class='ocr_line' id='line_1_14' title="bbox 240 950 1015 986; baseline -0.005 0"><span class='ocrx_word' id='word_1_66' title='bbox 240 954 278 986; x_wconf 79' lang='lat'><strong>111</strong></span> <span class='ocrx_word' id='word_1_67' title='bbox 312 952 335 985; x_wconf 94' lang='grc' dir='ltr'><strong>Ι.</strong></span> <span class='ocrx_word' id='word_1_68' title='bbox 368 952 565 985; x_wconf 55' lang='lat' dir='ltr'><strong>Not-turno</strong></span> <span class='ocrx_word' id='word_1_69' title='bbox 598 950 801 983; x_wconf 55' lang='lat' dir='ltr'><strong>Lectiones</strong></span> <span class='ocrx_word' id='word_1_70' title='bbox 838 950 883 982; x_wconf 79' lang='lat' dir='ltr'><strong>dc</strong></span> <span class='ocrx_word' id='word_1_71' title='bbox 917 950 1015 983; x_wconf 66' lang='lat' dir='ltr'><strong>Scri-</strong></span> 
     </span>
     <span class='ocr_line' id='line_1_15' title="bbox 188 1008 558 1044; baseline -0.008 -9"><span class='ocrx_word' id='word_1_72' title='bbox 188 1008 295 1044; x_wconf 70' lang='lat' dir='ltr'><strong>ptum</strong></span> <span class='ocrx_word' id='word_1_73' title='bbox 324 1008 558 1033; x_wconf 58' lang='lat' dir='ltr'><strong>occurrente.</strong></span> 
     </span>
    </p>

    <p class='ocr_par' dir='ltr' id='par_1_7' title="bbox 188 1046 1017 1141">
     <span class='ocr_line' id='line_1_16' title="bbox 242 1046 1017 1082; baseline -0.005 0"><span class='ocrx_word' id='word_1_74' title='bbox 242 1050 279 1082; x_wconf 79' lang='lat' dir='ltr'><strong>ln</strong></span> <span class='ocrx_word' id='word_1_75' title='bbox 309 1049 417 1082; x_wconf 52' lang='lat' dir='ltr'><strong>Furia</strong></span> <span class='ocrx_word' id='word_1_76' title='bbox 447 1049 488 1081; x_wconf 87' lang='lat' dir='ltr'><strong>ll.</strong></span> <span class='ocrx_word' id='word_1_77' title='bbox 516 1055 550 1081; x_wconf 67' lang='lat' dir='ltr'><strong>ct</strong></span> <span class='ocrx_word' id='word_1_78' title='bbox 573 1047 634 1080; x_wconf 59' lang='lat' dir='ltr'><strong>IV.</strong></span> <span class='ocrx_word' id='word_1_79' title='bbox 663 1047 795 1080; x_wconf 49' lang='lat' dir='ltr'><strong>Roma.</strong></span> <span class='ocrx_word' id='word_1_80' title='bbox 824 1046 922 1078; x_wconf 36' lang='lat' dir='ltr'><strong>licet.</strong></span> <span class='ocrx_word' id='word_1_81' title='bbox 949 1048 1017 1081; x_wconf 57' lang='lat' dir='ltr'><strong>Sa-</strong></span> 
     </span>
     <span class='ocr_line' id='line_1_17' title="bbox 188 1094 913 1141; baseline -0.011 -8"><span class='ocrx_word' id='word_1_82' title='bbox 188 1098 382 1141; x_wconf 64' lang='lat' dir='ltr'><strong>pientiam.</strong></span> <span class='ocrx_word' id='word_1_83' title='bbox 406 1098 450 1129; x_wconf 58' lang='lat' dir='ltr'><strong>dt·</strong></span> <span class='ocrx_word' id='word_1_84' title='bbox 479 1095 680 1127; x_wconf 55' lang='lat' dir='ltr'><strong>Communi</strong></span> <span class='ocrx_word' id='word_1_85' title='bbox 708 1095 814 1126; x_wconf 62' lang='lat' dir='ltr'><strong>boet.</strong></span> <span class='ocrx_word' id='word_1_86' title='bbox 843 1094 913 1138; x_wconf 84' lang='lat'>[79]</span> 
     </span>
    </p>
   </div>
   <div class='ocr_carea' id='block_1_4' title="bbox 186 1157 1020 2741">
    <p class='ocr_par' dir='ltr' id='par_1_8' title="bbox 419 1157 780 1196">
     <span class='ocr_line' id='line_1_18' title="bbox 419 1157 780 1196; baseline -0.008 0"><span class='ocrx_word' id='word_1_87' title='bbox 419 1158 467 1196; x_wconf 89' lang='lat' dir='ltr'><strong>In</strong></span> <span class='ocrx_word' id='word_1_88' title='bbox 487 1158 536 1195; x_wconf 91' lang='grc' dir='ltr'><strong>Π.</strong></span> <span class='ocrx_word' id='word_1_89' title='bbox 557 1157 780 1194; x_wconf 77' lang='lat' dir='ltr'><strong>Nocturno.</strong></span> 
     </span>
    </p>

    <p class='ocr_par' dir='ltr' id='par_1_9' title="bbox 186 1216 1018 2232">
     <span class='ocr_line' id='line_1_19' title="bbox 491 1216 714 1257; baseline -0.004 -2"><span class='ocrx_word' id='word_1_90' title='bbox 491 1217 638 1257; x_wconf 77' lang='lat' dir='ltr'><strong>Lectio</strong></span> <span class='ocrx_word' id='word_1_91' title='bbox 663 1216 714 1254; x_wconf 78' lang='lat' dir='ltr'><strong>iv.</strong></span> 
     </span>
     <span class='ocr_line' id='line_1_20' title="bbox 190 1277 1017 1377; baseline -0.004 -56"><span class='ocrx_word' id='word_1_92' title='bbox 190 1280 549 1376; x_wconf 22' lang='grc' dir='ltr'><strong>(ἶς’-ἰ·εὲόῑίιιε,1</strong></span> <span class='ocrx_word' id='word_1_93' title='bbox 569 1279 727 1377; x_wconf 56' lang='grc' dir='ltr'>ιιόὶὲὶἰίε</span> <span class='ocrx_word' id='word_1_94' title='bbox 761 1277 1017 1374; x_wconf 76' lang='lat' dir='ltr'><strong>Cappaldox‚</strong></span> 
     </span>
     <span class='ocr_line' id='line_1_21' title="bbox 190 1334 1015 1384; baseline -0.007 -4"><span class='ocrx_word' id='word_1_95' title='bbox 190 1353 197 1377; x_wconf 51' lang='grc' dir='ltr'>κ</span> <span class='ocrx_word' id='word_1_96' title='bbox 214 1339 311 1384; x_wconf 58' lang='grc' dir='ltr'><strong>”&lt;’,..’“’-Ῑ’;</strong></span> <span class='ocrx_word' id='word_1_97' title='bbox 335 1350 389 1378; x_wconf 86' lang='lat' dir='ltr'><strong>ex</strong></span> <span class='ocrx_word' id='word_1_98' title='bbox 409 1337 474 1377; x_wconf 92' lang='lat' dir='ltr'><strong>sin</strong></span> <span class='ocrx_word' id='word_1_99' title='bbox 505 1350 534 1377; x_wconf 96' lang='lat' dir='ltr'><strong>u</strong></span> <span class='ocrx_word' id='word_1_100' title='bbox 553 1336 616 1377; x_wconf 79' lang='lat' dir='ltr'><strong>ari</strong></span> <span class='ocrx_word' id='word_1_101' title='bbox 673 1336 888 1376; x_wconf 78' lang='lat' dir='ltr'><strong>ivinarum</strong></span> <span class='ocrx_word' id='word_1_102' title='bbox 921 1334 1015 1375; x_wconf 91' lang='lat' dir='ltr'><strong>itte-</strong></span> 
     </span>
     <span class='ocr_line' id='line_1_22' title="bbox 192 1349 1018 1441; baseline -0.004 -7"><span class='ocrx_word' id='word_1_103' title='bbox 192 1372 309 1417; x_wconf 28' lang='grc' dir='ltr'><strong>’ἑὲ-Ξ</strong></span> <span class='ocrx_word' id='word_1_104' title='bbox 334 1349 677 1434; x_wconf 71' lang='lat' dir='ltr'><strong>rarumgscientia</strong></span> <span class='ocrx_word' id='word_1_105' title='bbox 691 1390 908 1441; x_wconf 86' lang='lat' dir='ltr'><strong>Theologi</strong></span> <span class='ocrx_word' id='word_1_106' title='bbox 926 1402 1018 1440; x_wconf 85' lang='lat' dir='ltr'><strong>cog-</strong></span> 
     </span>
     <span class='ocr_line' id='line_1_23' title="bbox 186 1447 1017 1497; baseline -0.006 -6"><span class='ocrx_word' id='word_1_107' title='bbox 186 1451 345 1491; x_wconf 82' lang='lat' dir='ltr'><strong>nomen</strong></span> <span class='ocrx_word' id='word_1_108' title='bbox 391 1453 672 1497; x_wconf 71' lang='lat' dir='ltr'><strong>conscentus,</strong></span> <span class='ocrx_word' id='word_1_109' title='bbox 715 1447 927 1489; x_wconf 78' lang='lat' dir='ltr'><strong>Nazianzi</strong></span> <span class='ocrx_word' id='word_1_110' title='bbox 973 1447 1017 1487; x_wconf 93' lang='lat' dir='ltr'><strong>in</strong></span> 
     </span>
     <span class='ocr_line' id='line_1_24' title="bbox 188 1504 1017 1559; baseline -0.004 -12"><span class='ocrx_word' id='word_1_111' title='bbox 188 1506 470 1559; x_wconf 62' lang='lat' dir='ltr'><strong>CappadOeia</strong></span> <span class='ocrx_word' id='word_1_112' title='bbox 484 1511 622 1555; x_wconf 82' lang='lat' dir='ltr'><strong>natus,</strong></span> <span class='ocrx_word' id='word_1_113' title='bbox 640 1505 825 1546; x_wconf 80' lang='lat' dir='ltr'><strong>Athenis</strong></span> <span class='ocrx_word' id='word_1_114' title='bbox 840 1505 884 1544; x_wconf 90' lang='lat' dir='ltr'><strong>in</strong></span> <span class='ocrx_word' id='word_1_115' title='bbox 899 1504 1017 1546; x_wconf 91' lang='lat' dir='ltr'><strong>omni</strong></span> 
     </span>
     <span class='ocr_line' id='line_1_25' title="bbox 187 1562 1015 1615; baseline -0.002 -12"><span class='ocrx_word' id='word_1_116' title='bbox 187 1562 514 1615; x_wconf 78' lang='lat' dir='ltr'><strong>disciplinarum</strong></span> <span class='ocrx_word' id='word_1_117' title='bbox 532 1564 692 1613; x_wconf 82' lang='lat' dir='ltr'><strong>genere</strong></span> <span class='ocrx_word' id='word_1_118' title='bbox 707 1574 792 1602; x_wconf 90' lang='lat' dir='ltr'><strong>una</strong></span> <span class='ocrx_word' id='word_1_119' title='bbox 807 1573 906 1602; x_wconf 89' lang='lat' dir='ltr'><strong>cum</strong></span> <span class='ocrx_word' id='word_1_120' title='bbox 921 1573 1015 1601; x_wconf 89' lang='lat' dir='ltr'><strong>san-</strong></span> 
     </span>
     <span class='ocr_line' id='line_1_26' title="bbox 187 1616 1017 1666; baseline -0.004 -6"><span class='ocrx_word' id='word_1_121' title='bbox 187 1624 258 1660; x_wconf 93' lang='lat' dir='ltr'><strong>cto</strong></span> <span class='ocrx_word' id='word_1_122' title='bbox 278 1618 443 1659; x_wconf 86' lang='lat' dir='ltr'><strong>Basilio</strong></span> <span class='ocrx_word' id='word_1_123' title='bbox 465 1618 677 1666; x_wconf 77' lang='lat' dir='ltr'><strong>eruditus,</strong></span> <span class='ocrx_word' id='word_1_124' title='bbox 705 1616 762 1659; x_wconf 90' lang='lat' dir='ltr'><strong>ad</strong></span> <span class='ocrx_word' id='word_1_125' title='bbox 787 1616 931 1659; x_wconf 79' lang='lat' dir='ltr'><strong>studia</strong></span> <span class='ocrx_word' id='word_1_126' title='bbox 953 1629 1017 1657; x_wconf 88' lang='lat' dir='ltr'><strong>sa-</strong></span> 
     </span>
     <span class='ocr_line' id='line_1_27' title="bbox 188 1673 1016 1723; baseline -0.002 -8"><span class='ocrx_word' id='word_1_127' title='bbox 188 1677 361 1715; x_wconf 75' lang='lat' dir='ltr'><strong>crarum</strong></span> <span class='ocrx_word' id='word_1_128' title='bbox 382 1674 627 1716; x_wconf 77' lang='lat' dir='ltr'><strong>litterarum</strong></span> <span class='ocrx_word' id='word_1_129' title='bbox 647 1687 694 1715; x_wconf 93' lang='lat' dir='ltr'><strong>se</strong></span> <span class='ocrx_word' id='word_1_130' title='bbox 714 1673 947 1723; x_wconf 79' lang='lat' dir='ltr'><strong>convertit,</strong></span> <span class='ocrx_word' id='word_1_131' title='bbox 972 1673 1016 1713; x_wconf 92' lang='lat' dir='ltr'><strong>in</strong></span> 
     </span>
     <span class='ocr_line' id='line_1_28' title="bbox 188 1729 1017 1783; baseline 0.001 -12"><span class='ocrx_word' id='word_1_132' title='bbox 188 1730 346 1782; x_wconf 91' lang='lat' dir='ltr'><strong>quibus</strong></span> <span class='ocrx_word' id='word_1_133' title='bbox 374 1743 421 1772; x_wconf 94' lang='lat' dir='ltr'><strong>se</strong></span> <span class='ocrx_word' id='word_1_134' title='bbox 446 1731 489 1771; x_wconf 93' lang='lat' dir='ltr'><strong>in</strong></span> <span class='ocrx_word' id='word_1_135' title='bbox 516 1730 721 1772; x_wconf 85' lang='lat' dir='ltr'><strong>coenobio</strong></span> <span class='ocrx_word' id='word_1_136' title='bbox 743 1743 823 1783; x_wconf 90' lang='lat' dir='ltr'><strong>per</strong></span> <span class='ocrx_word' id='word_1_137' title='bbox 847 1729 1017 1781; x_wconf 80' lang='lat' dir='ltr'><strong>aliquot</strong></span> 
     </span>
     <span class='ocr_line' id='line_1_29' title="bbox 188 1786 1016 1836; baseline -0.001 -9"><span class='ocrx_word' id='word_1_138' title='bbox 188 1799 324 1827; x_wconf 88' lang='lat' dir='ltr'><strong>annos</strong></span> <span class='ocrx_word' id='word_1_139' title='bbox 344 1789 642 1836; x_wconf 78' lang='lat' dir='ltr'><strong>exercuerunt,</strong></span> <span class='ocrx_word' id='word_1_140' title='bbox 660 1786 832 1827; x_wconf 80' lang='lat' dir='ltr'><strong>illarum</strong></span> <span class='ocrx_word' id='word_1_141' title='bbox 847 1788 1016 1828; x_wconf 81' lang='lat' dir='ltr'><strong>senten-</strong></span> 
     </span>
     <span class='ocr_line' id='line_1_30' title="bbox 187 1841 1017 1896; baseline 0 -12"><span class='ocrx_word' id='word_1_142' title='bbox 187 1844 293 1884; x_wconf 88' lang='lat' dir='ltr'><strong>tiam</strong></span> <span class='ocrx_word' id='word_1_143' title='bbox 315 1855 403 1884; x_wconf 92' lang='lat' dir='ltr'><strong>non</strong></span> <span class='ocrx_word' id='word_1_144' title='bbox 429 1856 483 1885; x_wconf 82' lang='lat' dir='ltr'><strong>ex</strong></span> <span class='ocrx_word' id='word_1_145' title='bbox 510 1843 691 1896; x_wconf 82' lang='lat' dir='ltr'><strong>pr6prio</strong></span> <span class='ocrx_word' id='word_1_146' title='bbox 718 1842 908 1893; x_wconf 81' lang='lat' dir='ltr'><strong>ingenio,</strong></span> <span class='ocrx_word' id='word_1_147' title='bbox 937 1841 1017 1884; x_wconf 92' lang='lat' dir='ltr'><strong>sed</strong></span> 
     </span>
     <span class='ocr_line' id='line_1_31' title="bbox 189 1899 1017 1950; baseline 0.001 -11"><span class='ocrx_word' id='word_1_148' title='bbox 189 1912 242 1940; x_wconf 88' lang='lat' dir='ltr'><strong>ex</strong></span> <span class='ocrx_word' id='word_1_149' title='bbox 266 1899 478 1950; x_wconf 85' lang='lat' dir='ltr'><strong>majorum</strong></span> <span class='ocrx_word' id='word_1_150' title='bbox 503 1899 669 1940; x_wconf 78' lang='lat' dir='ltr'><strong>ratic&#39;me</strong></span> <span class='ocrx_word' id='word_1_151' title='bbox 694 1905 737 1941; x_wconf 91' lang='lat' dir='ltr'><strong>et</strong></span> <span class='ocrx_word' id='word_1_152' title='bbox 756 1899 1017 1941; x_wconf 72' lang='lat' dir='ltr'><strong>auctoritate</strong></span> 
     </span>
     <span class='ocr_line' id='line_1_32' title="bbox 186 1954 1018 2008; baseline 0 -12"><span class='ocrx_word' id='word_1_153' title='bbox 186 1956 537 2008; x_wconf 65' lang='lat' dir='ltr'><strong>interpretantes.</strong></span> <span class='ocrx_word' id='word_1_154' title='bbox 579 1955 662 2005; x_wconf 91' lang='lat' dir='ltr'><strong>Qui</strong></span> <span class='ocrx_word' id='word_1_155' title='bbox 691 1968 790 1996; x_wconf 90' lang='lat' dir='ltr'><strong>cum</strong></span> <span class='ocrx_word' id='word_1_156' title='bbox 818 1954 1018 1997; x_wconf 85' lang='lat' dir='ltr'><strong>doctrina</strong></span> 
     </span>
     <span class='ocr_line' id='line_1_33' title="bbox 188 2011 1017 2061; baseline 0 -8"><span class='ocrx_word' id='word_1_157' title='bbox 188 2017 231 2053; x_wconf 88' lang='lat' dir='ltr'><strong>et</strong></span> <span class='ocrx_word' id='word_1_158' title='bbox 250 2011 353 2052; x_wconf 87' lang='lat' dir='ltr'><strong>vitae</strong></span> <span class='ocrx_word' id='word_1_159' title='bbox 373 2011 603 2053; x_wconf 68' lang='lat' dir='ltr'><strong>sanctitate</strong></span> <span class='ocrx_word' id='word_1_160' title='bbox 624 2012 845 2061; x_wconf 80' lang='lat' dir='ltr'><strong>florerent,</strong></span> <span class='ocrx_word' id='word_1_161' title='bbox 870 2012 1017 2053; x_wconf 75' lang='lat' dir='ltr'><strong>vocati</strong></span> 
     </span>
     <span class='ocr_line' id='line_1_34' title="bbox 188 2066 1017 2119; baseline 0 -11"><span class='ocrx_word' id='word_1_162' title='bbox 188 2066 245 2109; x_wconf 89' lang='lat' dir='ltr'><strong>ad</strong></span> <span class='ocrx_word' id='word_1_163' title='bbox 262 2080 420 2108; x_wconf 85' lang='lat' dir='ltr'><strong>munus</strong></span> <span class='ocrx_word' id='word_1_164' title='bbox 440 2066 736 2119; x_wconf 75' lang='lat' dir='ltr'><strong>praedicandae</strong></span> <span class='ocrx_word' id='word_1_165' title='bbox 752 2067 1017 2118; x_wconf 71' lang='lat' dir='ltr'><strong>evangelicae</strong></span> 
     </span>
     <span class='ocr_line' id='line_1_35' title="bbox 188 2123 1017 2176; baseline 0.001 -13"><span class='ocrx_word' id='word_1_166' title='bbox 188 2123 400 2172; x_wconf 80' lang='lat' dir='ltr'><strong>veritatis,</strong></span> <span class='ocrx_word' id='word_1_167' title='bbox 419 2123 632 2176; x_wconf 78' lang='lat' dir='ltr'><strong>plurimos</strong></span> <span class='ocrx_word' id='word_1_168' title='bbox 650 2124 675 2164; x_wconf 89' lang='lat' dir='ltr'><strong>J</strong></span> <span class='ocrx_word' id='word_1_169' title='bbox 678 2136 755 2165; x_wconf 92' lang='lat' dir='ltr'><strong>esu</strong></span> <span class='ocrx_word' id='word_1_170' title='bbox 775 2123 950 2166; x_wconf 91' lang='lat' dir='ltr'><strong>Christo</strong></span> <span class='ocrx_word' id='word_1_171' title='bbox 971 2124 1017 2164; x_wconf 86' lang='lat' dir='ltr'><strong>fi-</strong></span> 
     </span>
     <span class='ocr_line' id='line_1_36' title="bbox 188 2179 567 2232; baseline 0.003 -13"><span class='ocrx_word' id='word_1_172' title='bbox 188 2179 270 2220; x_wconf 90' lang='lat' dir='ltr'><strong>lios</strong></span> <span class='ocrx_word' id='word_1_173' title='bbox 290 2181 567 2232; x_wconf 81' lang='lat' dir='ltr'><strong>pepererunt.</strong></span> 
     </span>
    </p>

    <p class='ocr_par' dir='ltr' id='par_1_10' title="bbox 190 2234 1019 2556">
     <span class='ocr_line' id='line_1_37' title="bbox 244 2234 1018 2284; baseline 0.005 -12"><span class='ocrx_word' id='word_1_174' title='bbox 244 2234 290 2283; x_wconf 71' lang='lat' dir='ltr'><strong>R.</strong></span> <span class='ocrx_word' id='word_1_175' title='bbox 320 2235 473 2276; x_wconf 81' lang='lat' dir='ltr'><strong>Inveni</strong></span> <span class='ocrx_word' id='word_1_176' title='bbox 494 2234 639 2276; x_wconf 83' lang='lat' dir='ltr'><strong>David</strong></span> <span class='ocrx_word' id='word_1_177' title='bbox 664 2248 839 2276; x_wconf 90' lang='lat' dir='ltr'><strong>servum</strong></span> <span class='ocrx_word' id='word_1_178' title='bbox 862 2248 1018 2284; x_wconf 84' lang='lat' dir='ltr'><strong>meum⁷</strong></span> 
     </span>
     <span class='ocr_line' id='line_1_38' title="bbox 190 2290 1017 2333; baseline 0.002 -3"><span class='ocrx_word' id='word_1_179' title='bbox 190 2290 289 2332; x_wconf 85' lang='lat' dir='ltr'><strong>oleo</strong></span> <span class='ocrx_word' id='word_1_180' title='bbox 316 2297 467 2333; x_wconf 89' lang='lat' dir='ltr'><strong>sancto</strong></span> <span class='ocrx_word' id='word_1_181' title='bbox 494 2303 594 2332; x_wconf 89' lang='lat' dir='ltr'><strong>meo</strong></span> <span class='ocrx_word' id='word_1_182' title='bbox 620 2291 724 2332; x_wconf 85' lang='lat' dir='ltr'><strong>unxi</strong></span> <span class='ocrx_word' id='word_1_183' title='bbox 751 2304 864 2333; x_wconf 90' lang='lat' dir='ltr'><strong>eum:</strong></span> <span class='ocrx_word' id='word_1_184' title='bbox 886 2292 907 2314; x_wconf 86' lang='lat'>*</span> <span class='ocrx_word' id='word_1_185' title='bbox 929 2291 1017 2332; x_wconf 91' lang='lat' dir='ltr'><strong>Ma-</strong></span> 
     </span>
     <span class='ocr_line' id='line_1_39' title="bbox 190 2346 1018 2408; baseline 0.005 -23"><span class='ocrx_word' id='word_1_186' title='bbox 190 2359 271 2386; x_wconf 93' lang='lat' dir='ltr'><strong>nus</strong></span> <span class='ocrx_word' id='word_1_187' title='bbox 292 2347 405 2408; x_wconf 75' lang='lat' dir='ltr'><strong>enim</strong></span> <span class='ocrx_word' id='word_1_188' title='bbox 424 2360 522 2389; x_wconf 88' lang='lat' dir='ltr'><strong>mea</strong></span> <span class='ocrx_word' id='word_1_189' title='bbox 543 2346 821 2389; x_wconf 76' lang='lat' dir='ltr'><strong>auxiliabitur</strong></span> <span class='ocrx_word' id='word_1_190' title='bbox 842 2348 895 2396; x_wconf 89' lang='lat' dir='ltr'><strong>ei,</strong></span> <span class='ocrx_word' id='word_1_191' title='bbox 919 2348 1018 2389; x_wconf 89' lang='lat' dir='ltr'><strong>alle-</strong></span> 
     </span>
     <span class='ocr_line' id='line_1_40' title="bbox 191 2400 1018 2456; baseline 0.004 -15"><span class='ocrx_word' id='word_1_192' title='bbox 191 2400 287 2452; x_wconf 81' lang='lat' dir='ltr'><strong>luja.</strong></span> <span class='ocrx_word' id='word_1_193' title='bbox 318 2401 367 2447; x_wconf 60' lang='grc' dir='ltr'><strong>Υ.</strong></span> <span class='ocrx_word' id='word_1_194' title='bbox 390 2403 508 2444; x_wconf 82' lang='lat' dir='ltr'><strong>Nihil</strong></span> <span class='ocrx_word' id='word_1_195' title='bbox 532 2403 737 2456; x_wconf 83' lang='lat' dir='ltr'><strong>proficiet</strong></span> <span class='ocrx_word' id='word_1_196' title='bbox 754 2403 952 2444; x_wconf 86' lang='lat' dir='ltr'><strong>inimicus</strong></span> <span class='ocrx_word' id='word_1_197' title='bbox 975 2404 1018 2444; x_wconf 93' lang='lat' dir='ltr'><strong>in</strong></span> 
     </span>
     <span class='ocr_line' id='line_1_41' title="bbox 193 2458 1019 2512; baseline 0.006 -15"><span class='ocrx_word' id='word_1_198' title='bbox 193 2469 261 2506; x_wconf 85' lang='lat' dir='ltr'><strong>eo,</strong></span> <span class='ocrx_word' id='word_1_199' title='bbox 283 2463 326 2499; x_wconf 91' lang='lat' dir='ltr'><strong>et</strong></span> <span class='ocrx_word' id='word_1_200' title='bbox 344 2458 458 2500; x_wconf 85' lang='lat' dir='ltr'><strong>filius</strong></span> <span class='ocrx_word' id='word_1_201' title='bbox 477 2460 718 2512; x_wconf 70' lang='lat' dir='ltr'><strong>iniquitatis</strong></span> <span class='ocrx_word' id='word_1_202' title='bbox 736 2472 823 2501; x_wconf 90' lang='lat' dir='ltr'><strong>non</strong></span> <span class='ocrx_word' id='word_1_203' title='bbox 844 2459 1019 2502; x_wconf 79' lang='lat' dir='ltr'><strong>nocebit</strong></span> 
     </span>
     <span class='ocr_line' id='line_1_42' title="bbox 193 2512 566 2556; baseline 0.011 -4"><span class='ocrx_word' id='word_1_204' title='bbox 193 2512 243 2553; x_wconf 92' lang='lat' dir='ltr'><strong>ei.</strong></span> <span class='ocrx_word' id='word_1_205' title='bbox 268 2513 422 2555; x_wconf 87' lang='lat' dir='ltr'><strong>Manus</strong></span> <span class='ocrx_word' id='word_1_206' title='bbox 441 2516 566 2556; x_wconf 88' lang='lat' dir='ltr'><strong>enim.</strong></span> 
     </span>
    </p>

    <p class='ocr_par' dir='ltr' id='par_1_11' title="bbox 499 2567 707 2607">
     <span class='ocr_line' id='line_1_43' title="bbox 499 2567 707 2607; baseline 0.005 -2"><span class='ocrx_word' id='word_1_207' title='bbox 499 2567 650 2607; x_wconf 81' lang='lat' dir='ltr'><strong>Lectio</strong></span> <span class='ocrx_word' id='word_1_208' title='bbox 672 2582 707 2606; x_wconf 79' lang='lat' dir='ltr'><strong>v.</strong></span> 
     </span>
    </p>

    <p class='ocr_par' dir='ltr' id='par_1_12' title="bbox 195 2615 1020 2741">
     <span class='ocr_line' id='line_1_44' title="bbox 195 2615 1019 2721; baseline 0.006 -52"><span class='ocrx_word' id='word_1_209' title='bbox 195 2615 472 2721; x_wconf 73' lang='lat' dir='ltr'><strong>GregOrius</strong></span> <span class='ocrx_word' id='word_1_210' title='bbox 510 2633 641 2682; x_wconf 80' lang='lat' dir='ltr'><strong>igitur</strong></span> <span class='ocrx_word' id='word_1_211' title='bbox 673 2633 909 2685; x_wconf 77' lang='lat' dir='ltr'><strong>aliquando</strong></span> <span class='ocrx_word' id='word_1_212' title='bbox 945 2633 1019 2674; x_wconf 92' lang='lat' dir='ltr'><strong>do-</strong></span> 
     </span>
     <span class='ocr_line' id='line_1_45' title="bbox 300 2689 1020 2741; baseline 0.007 -16"><span class='ocrx_word' id='word_1_213' title='bbox 300 2698 418 2726; x_wconf 90' lang='lat' dir='ltr'><strong>mum</strong></span> <span class='ocrx_word' id='word_1_214' title='bbox 448 2690 664 2737; x_wconf 80' lang='lat' dir='ltr'><strong>reversus,</strong></span> <span class='ocrx_word' id='word_1_215' title='bbox 691 2689 882 2741; x_wconf 91' lang='lat' dir='ltr'><strong>primum</strong></span> <span class='ocrx_word' id='word_1_216' title='bbox 909 2689 1020 2730; x_wconf 88' lang='lat' dir='ltr'><strong>Sasi-</strong></span> 
     </span>
    </p>
   </div>
   <div class='ocr_carea' id='block_1_5' title="bbox 1066 265 1905 1795">
    <p class='ocr_par' dir='ltr' id='par_1_13' title="bbox 1066 265 1905 1439">
     <span class='ocr_line' id='line_1_46' title="bbox 1066 265 1899 323; baseline -0.006 -11"><span class='ocrx_word' id='word_1_217' title='bbox 1066 273 1238 312; x_wconf 84' lang='lat' dir='ltr'><strong>morum</strong></span> <span class='ocrx_word' id='word_1_218' title='bbox 1257 272 1495 323; x_wconf 85' lang='lat' dir='ltr'><strong>episcopus</strong></span> <span class='ocrx_word' id='word_1_219' title='bbox 1519 270 1693 310; x_wconf 71' lang='lat' dir='ltr'><strong>creatus</strong></span> <span class='ocrx_word' id='word_1_220' title='bbox 1718 271 1801 316; x_wconf 85' lang='lat' dir='ltr'><strong>est,</strong></span> <span class='ocrx_word' id='word_1_221' title='bbox 1828 265 1899 308; x_wconf 88' lang='lat' dir='ltr'><strong>de-</strong></span> 
     </span>
     <span class='ocr_line' id='line_1_47' title="bbox 1067 322 1899 368; baseline -0.006 0"><span class='ocrx_word' id='word_1_222' title='bbox 1067 326 1169 368; x_wconf 89' lang='lat' dir='ltr'><strong>inde</strong></span> <span class='ocrx_word' id='word_1_223' title='bbox 1200 327 1524 368; x_wconf 77' lang='lat' dir='ltr'><strong>Nazianzenam</strong></span> <span class='ocrx_word' id='word_1_224' title='bbox 1556 323 1789 366; x_wconf 76' lang='lat' dir='ltr'><strong>ecclesiam</strong></span> <span class='ocrx_word' id='word_1_225' title='bbox 1826 322 1899 364; x_wconf 90' lang='lat' dir='ltr'><strong>ad-</strong></span> 
     </span>
     <span class='ocr_line' id='line_1_48' title="bbox 1067 379 1900 431; baseline -0.006 -7"><span class='ocrx_word' id='word_1_226' title='bbox 1067 383 1339 424; x_wconf 79' lang='lat' dir='ltr'><strong>ministravit.</strong></span> <span class='ocrx_word' id='word_1_227' title='bbox 1389 382 1504 423; x_wconf 92' lang='lat' dir='ltr'><strong>Tum</strong></span> <span class='ocrx_word' id='word_1_228' title='bbox 1533 379 1900 431; x_wconf 84' lang='lat' dir='ltr'><strong>Constantinopo-</strong></span> 
     </span>
     <span class='ocr_line' id='line_1_49' title="bbox 1068 435 1902 489; baseline -0.006 -9"><span class='ocrx_word' id='word_1_229' title='bbox 1068 438 1144 480; x_wconf 88' lang='lat' dir='ltr'><strong>lim</strong></span> <span class='ocrx_word' id='word_1_230' title='bbox 1175 438 1232 480; x_wconf 88' lang='lat' dir='ltr'><strong>ad</strong></span> <span class='ocrx_word' id='word_1_231' title='bbox 1264 451 1362 480; x_wconf 90' lang='lat' dir='ltr'><strong>eam</strong></span> <span class='ocrx_word' id='word_1_232' title='bbox 1398 436 1638 489; x_wconf 80' lang='lat' dir='ltr'><strong>regendam</strong></span> <span class='ocrx_word' id='word_1_233' title='bbox 1670 435 1902 477; x_wconf 80' lang='lat' dir='ltr'><strong>ecclesiam</strong></span> 
     </span>
     <span class='ocr_line' id='line_1_50' title="bbox 1069 491 1901 545; baseline -0.004 -10"><span class='ocrx_word' id='word_1_234' title='bbox 1069 498 1327 545; x_wconf 80' lang='lat' dir='ltr'><strong>accersitus,</strong></span> <span class='ocrx_word' id='word_1_235' title='bbox 1370 507 1470 536; x_wconf 94' lang='lat' dir='ltr'><strong>cum</strong></span> <span class='ocrx_word' id='word_1_236' title='bbox 1505 493 1729 535; x_wconf 80' lang='lat' dir='ltr'><strong>civitatem</strong></span> <span class='ocrx_word' id='word_1_237' title='bbox 1765 491 1901 533; x_wconf 74' lang='lat' dir='ltr'><strong>haere-</strong></span> 
     </span>
     <span class='ocr_line' id='line_1_51' title="bbox 1069 546 1902 604; baseline -0.005 -12"><span class='ocrx_word' id='word_1_238' title='bbox 1069 564 1165 592; x_wconf 89' lang='lat' dir='ltr'><strong>sum</strong></span> <span class='ocrx_word' id='word_1_239' title='bbox 1183 554 1416 604; x_wconf 81' lang='lat' dir='ltr'><strong>purgatam</strong></span> <span class='ocrx_word' id='word_1_240' title='bbox 1435 548 1658 591; x_wconf 74' lang='lat' dir='ltr'><strong>erroribus</strong></span> <span class='ocrx_word' id='word_1_241' title='bbox 1677 547 1735 590; x_wconf 91' lang='lat' dir='ltr'><strong>ad</strong></span> <span class='ocrx_word' id='word_1_242' title='bbox 1754 546 1902 589; x_wconf 84' lang='lat' dir='ltr'><strong>catho-</strong></span> 
     </span>
     <span class='ocr_line' id='line_1_52' title="bbox 1068 602 1902 656; baseline -0.006 -8"><span class='ocrx_word' id='word_1_243' title='bbox 1068 606 1197 648; x_wconf 88' lang='lat' dir='ltr'><strong>licam</strong></span> <span class='ocrx_word' id='word_1_244' title='bbox 1230 606 1364 648; x_wconf 90' lang='lat' dir='ltr'><strong>fidem</strong></span> <span class='ocrx_word' id='word_1_245' title='bbox 1397 604 1664 653; x_wconf 78' lang='lat' dir='ltr'><strong>reduxisset,</strong></span> <span class='ocrx_word' id='word_1_246' title='bbox 1708 602 1829 656; x_wconf 93' lang='lat' dir='ltr'><strong>quod</strong></span> <span class='ocrx_word' id='word_1_247' title='bbox 1862 603 1902 644; x_wconf 91' lang='lat' dir='ltr'><strong>ei</strong></span> 
     </span>
     <span class='ocr_line' id='line_1_53' title="bbox 1069 658 1902 704; baseline -0.006 0"><span class='ocrx_word' id='word_1_248' title='bbox 1069 675 1286 704; x_wconf 89' lang='lat' dir='ltr'><strong>summum</strong></span> <span class='ocrx_word' id='word_1_249' title='bbox 1316 662 1510 704; x_wconf 86' lang='lat' dir='ltr'><strong>omnium</strong></span> <span class='ocrx_word' id='word_1_250' title='bbox 1537 662 1734 702; x_wconf 83' lang='lat' dir='ltr'><strong>amorem</strong></span> <span class='ocrx_word' id='word_1_251' title='bbox 1760 658 1902 700; x_wconf 90' lang='lat' dir='ltr'><strong>conci-</strong></span> 
     </span>
     <span class='ocr_line' id='line_1_54' title="bbox 1068 714 1903 768; baseline -0.006 -8"><span class='ocrx_word' id='word_1_252' title='bbox 1068 718 1176 760; x_wconf 74' lang='lat' dir='ltr'><strong>liare</strong></span> <span class='ocrx_word' id='word_1_253' title='bbox 1214 718 1421 768; x_wconf 80' lang='lat' dir='ltr'><strong>debebat,</strong></span> <span class='ocrx_word' id='word_1_254' title='bbox 1457 717 1696 758; x_wconf 83' lang='lat' dir='ltr'><strong>multorum</strong></span> <span class='ocrx_word' id='word_1_255' title='bbox 1731 714 1903 768; x_wconf 76' lang='lat' dir='ltr'><strong>paravit</strong></span> 
     </span>
     <span class='ocr_line' id='line_1_55' title="bbox 1068 772 1904 827; baseline -0.006 -11"><span class='ocrx_word' id='word_1_256' title='bbox 1068 774 1286 816; x_wconf 82' lang='lat' dir='ltr'><strong>invidiam.</strong></span> <span class='ocrx_word' id='word_1_257' title='bbox 1313 776 1470 827; x_wconf 89' lang='lat' dir='ltr'><strong>Itaque</strong></span> <span class='ocrx_word' id='word_1_258' title='bbox 1491 786 1591 815; x_wconf 91' lang='lat' dir='ltr'><strong>cum</strong></span> <span class='ocrx_word' id='word_1_259' title='bbox 1608 772 1721 814; x_wconf 87' lang='lat' dir='ltr'><strong>inter</strong></span> <span class='ocrx_word' id='word_1_260' title='bbox 1735 773 1904 824; x_wconf 82' lang='lat' dir='ltr'><strong>episco-</strong></span> 
     </span>
     <span class='ocr_line' id='line_1_56' title="bbox 1070 827 1905 884; baseline -0.006 -11"><span class='ocrx_word' id='word_1_261' title='bbox 1070 844 1154 884; x_wconf 89' lang='lat' dir='ltr'><strong>pos</strong></span> <span class='ocrx_word' id='word_1_262' title='bbox 1185 844 1344 882; x_wconf 86' lang='lat' dir='ltr'><strong>magna</strong></span> <span class='ocrx_word' id='word_1_263' title='bbox 1374 831 1616 883; x_wconf 78' lang='lat' dir='ltr'><strong>propterea</strong></span> <span class='ocrx_word' id='word_1_264' title='bbox 1644 833 1761 870; x_wconf 87' lang='lat' dir='ltr'><strong>esset</strong></span> <span class='ocrx_word' id='word_1_265' title='bbox 1787 827 1905 869; x_wconf 88' lang='lat' dir='ltr'><strong>facta</strong></span> 
     </span>
     <span class='ocr_line' id='line_1_57' title="bbox 1069 885 1904 941; baseline -0.007 -10"><span class='ocrx_word' id='word_1_266' title='bbox 1069 889 1245 937; x_wconf 83' lang='lat' dir='ltr'><strong>seditio,</strong></span> <span class='ocrx_word' id='word_1_267' title='bbox 1271 893 1431 941; x_wconf 87' lang='lat' dir='ltr'><strong>sponte</strong></span> <span class='ocrx_word' id='word_1_268' title='bbox 1451 886 1612 929; x_wconf 88' lang='lat' dir='ltr'><strong>cedens</strong></span> <span class='ocrx_word' id='word_1_269' title='bbox 1632 885 1904 937; x_wconf 79' lang='lat' dir='ltr'><strong>episcopatu,</strong></span> 
     </span>
     <span class='ocr_line' id='line_1_58' title="bbox 1069 941 1904 997; baseline -0.007 -10"><span class='ocrx_word' id='word_1_270' title='bbox 1069 946 1178 988; x_wconf 89' lang='lat' dir='ltr'><strong>illud</strong></span> <span class='ocrx_word' id='word_1_271' title='bbox 1200 944 1439 997; x_wconf 72' lang='lat' dir='ltr'><strong>Prophetae</strong></span> <span class='ocrx_word' id='word_1_272' title='bbox 1467 943 1634 984; x_wconf 91' lang='lat' dir='ltr'><strong>dictum</strong></span> <span class='ocrx_word' id='word_1_273' title='bbox 1661 941 1904 994; x_wconf 80' lang='lat' dir='ltr'><strong>usurpavit:</strong></span> 
     </span>
     <span class='ocr_line' id='line_1_59' title="bbox 1069 998 1904 1055; baseline -0.006 -11"><span class='ocrx_word' id='word_1_274' title='bbox 1069 1003 1115 1044; x_wconf 92' lang='lat' dir='ltr'><strong>Si</strong></span> <span class='ocrx_word' id='word_1_275' title='bbox 1146 1007 1332 1055; x_wconf 89' lang='lat' dir='ltr'><strong>propter</strong></span> <span class='ocrx_word' id='word_1_276' title='bbox 1363 1013 1434 1042; x_wconf 90' lang='lat' dir='ltr'><strong>me</strong></span> <span class='ocrx_word' id='word_1_277' title='bbox 1467 1000 1690 1041; x_wconf 83' lang='lat' dir='ltr'><strong>commota</strong></span> <span class='ocrx_word' id='word_1_278' title='bbox 1721 1003 1789 1040; x_wconf 89' lang='lat' dir='ltr'><strong>est</strong></span> <span class='ocrx_word' id='word_1_279' title='bbox 1819 998 1904 1039; x_wconf 86' lang='lat' dir='ltr'><strong>ista</strong></span> 
     </span>
     <span class='ocr_line' id='line_1_60' title="bbox 1069 1055 1904 1112; baseline -0.007 -11"><span class='ocrx_word' id='word_1_280' title='bbox 1069 1064 1327 1112; x_wconf 78' lang='lat' dir='ltr'><strong>tempestas,</strong></span> <span class='ocrx_word' id='word_1_281' title='bbox 1353 1056 1526 1109; x_wconf 84' lang='lat' dir='ltr'><strong>dejicite</strong></span> <span class='ocrx_word' id='word_1_282' title='bbox 1545 1068 1616 1097; x_wconf 91' lang='lat' dir='ltr'><strong>me</strong></span> <span class='ocrx_word' id='word_1_283' title='bbox 1631 1055 1677 1096; x_wconf 90' lang='lat' dir='ltr'><strong>in</strong></span> <span class='ocrx_word' id='word_1_284' title='bbox 1693 1067 1832 1104; x_wconf 89' lang='lat' dir='ltr'><strong>mare,</strong></span> <span class='ocrx_word' id='word_1_285' title='bbox 1856 1060 1904 1096; x_wconf 91' lang='lat' dir='ltr'><strong>ut</strong></span> 
     </span>
     <span class='ocr_line' id='line_1_61' title="bbox 1070 1110 1903 1167; baseline -0.007 -10"><span class='ocrx_word' id='word_1_286' title='bbox 1070 1128 1151 1157; x_wconf 90' lang='lat' dir='ltr'><strong>vos</strong></span> <span class='ocrx_word' id='word_1_287' title='bbox 1182 1114 1335 1167; x_wconf 77' lang='lat' dir='ltr'><strong>jactari</strong></span> <span class='ocrx_word' id='word_1_288' title='bbox 1368 1112 1590 1156; x_wconf 77' lang='lat' dir='ltr'><strong>desinatis,</strong></span> <span class='ocrx_word' id='word_1_289' title='bbox 1644 1112 1790 1162; x_wconf 86' lang='lat' dir='ltr'><strong>Quare</strong></span> <span class='ocrx_word' id='word_1_290' title='bbox 1817 1110 1903 1152; x_wconf 87' lang='lat' dir='ltr'><strong>Na-</strong></span> 
     </span>
     <span class='ocr_line' id='line_1_62' title="bbox 1069 1166 1903 1216; baseline -0.006 -3"><span class='ocrx_word' id='word_1_291' title='bbox 1069 1172 1270 1213; x_wconf 73' lang='lat' dir='ltr'><strong>zianzum</strong></span> <span class='ocrx_word' id='word_1_292' title='bbox 1298 1172 1519 1216; x_wconf 80' lang='lat' dir='ltr'><strong>reversus,</strong></span> <span class='ocrx_word' id='word_1_293' title='bbox 1552 1181 1652 1210; x_wconf 90' lang='lat' dir='ltr'><strong>cum</strong></span> <span class='ocrx_word' id='word_1_294' title='bbox 1679 1167 1741 1209; x_wconf 86' lang='lat' dir='ltr'><strong>illi</strong></span> <span class='ocrx_word' id='word_1_295' title='bbox 1767 1166 1903 1209; x_wconf 75' lang='lat' dir='ltr'><strong>eccle-</strong></span> 
     </span>
     <span class='ocr_line' id='line_1_63' title="bbox 1070 1223 1903 1280; baseline -0.005 -11"><span class='ocrx_word' id='word_1_296' title='bbox 1070 1228 1146 1269; x_wconf 88' lang='lat' dir='ltr'><strong>siae</strong></span> <span class='ocrx_word' id='word_1_297' title='bbox 1165 1228 1386 1269; x_wconf 80' lang='lat' dir='ltr'><strong>Eulalium</strong></span> <span class='ocrx_word' id='word_1_298' title='bbox 1406 1223 1740 1280; x_wconf 79' lang='lat' dir='ltr'><strong>praeficiendum</strong></span> <span class='ocrx_word' id='word_1_299' title='bbox 1758 1225 1903 1266; x_wconf 75' lang='lat' dir='ltr'><strong>curas-</strong></span> 
     </span>
     <span class='ocr_line' id='line_1_64' title="bbox 1070 1280 1904 1334; baseline -0.005 -9"><span class='ocrx_word' id='word_1_300' title='bbox 1070 1289 1152 1334; x_wconf 82' lang='lat' dir='ltr'><strong>set,</strong></span> <span class='ocrx_word' id='word_1_301' title='bbox 1178 1290 1322 1327; x_wconf 90' lang='lat' dir='ltr'><strong>totum</strong></span> <span class='ocrx_word' id='word_1_302' title='bbox 1341 1297 1388 1325; x_wconf 91' lang='lat' dir='ltr'><strong>se</strong></span> <span class='ocrx_word' id='word_1_303' title='bbox 1408 1282 1466 1325; x_wconf 92' lang='lat' dir='ltr'><strong>ad</strong></span> <span class='ocrx_word' id='word_1_304' title='bbox 1485 1280 1904 1334; x_wconf 84' lang='lat' dir='ltr'><strong>contemplationem</strong></span> 
     </span>
     <span class='ocr_line' id='line_1_65' title="bbox 1070 1338 1904 1393; baseline -0.007 -10"><span class='ocrx_word' id='word_1_305' title='bbox 1070 1347 1114 1383; x_wconf 91' lang='lat' dir='ltr'><strong>et</strong></span> <span class='ocrx_word' id='word_1_306' title='bbox 1149 1341 1434 1393; x_wconf 69' lang='lat' dir='ltr'><strong>scriptionem</strong></span> <span class='ocrx_word' id='word_1_307' title='bbox 1477 1338 1723 1382; x_wconf 76' lang='lat' dir='ltr'><strong>divinarum</strong></span> <span class='ocrx_word' id='word_1_308' title='bbox 1757 1349 1904 1378; x_wconf 90' lang='lat' dir='ltr'><strong>rerum</strong></span> 
     </span>
     <span class='ocr_line' id='line_1_66' title="bbox 1070 1397 1267 1439; baseline -0.005 0"><span class='ocrx_word' id='word_1_309' title='bbox 1070 1397 1267 1439; x_wconf 80' lang='lat' dir='ltr'><strong>contulit.</strong></span> 
     </span>
    </p>

    <p class='ocr_par' dir='ltr' id='par_1_14' title="bbox 1068 1465 1904 1795">
     <span class='ocr_line' id='line_1_67' title="bbox 1126 1465 1903 1518; baseline -0.003 -12"><span class='ocrx_word' id='word_1_310' title='bbox 1126 1467 1177 1518; x_wconf 56' lang='lat' dir='ltr'><strong>Ru</strong></span> <span class='ocrx_word' id='word_1_311' title='bbox 1204 1466 1340 1508; x_wconf 81' lang='lat' dir='ltr'><strong>Posui</strong></span> <span class='ocrx_word' id='word_1_312' title='bbox 1372 1465 1638 1517; x_wconf 84' lang='lat' dir='ltr'><strong>adjut6rium</strong></span> <span class='ocrx_word' id='word_1_313' title='bbox 1666 1476 1800 1518; x_wconf 92' lang='lat' dir='ltr'><strong>super</strong></span> <span class='ocrx_word' id='word_1_314' title='bbox 1826 1476 1903 1516; x_wconf 93' lang='lat' dir='ltr'><strong>po-</strong></span> 
     </span>
     <span class='ocr_line' id='line_1_68' title="bbox 1069 1519 1904 1573; baseline -0.006 -7"><span class='ocrx_word' id='word_1_315' title='bbox 1069 1526 1247 1573; x_wconf 79' lang='lat' dir='ltr'><strong>tentem,</strong></span> <span class='ocrx_word' id='word_1_316' title='bbox 1266 1528 1310 1565; x_wconf 91' lang='lat' dir='ltr'><strong>et</strong></span> <span class='ocrx_word' id='word_1_317' title='bbox 1329 1522 1522 1565; x_wconf 77' lang='lat' dir='ltr'><strong>exaltavi</strong></span> <span class='ocrx_word' id='word_1_318' title='bbox 1540 1521 1729 1563; x_wconf 79' lang='lat' dir='ltr'><strong>electum</strong></span> <span class='ocrx_word' id='word_1_319' title='bbox 1745 1519 1801 1562; x_wconf 92' lang='lat' dir='ltr'><strong>de</strong></span> <span class='ocrx_word' id='word_1_320' title='bbox 1813 1520 1904 1573; x_wconf 88' lang='lat' dir='ltr'><strong>ple-</strong></span> 
     </span>
     <span class='ocr_line' id='line_1_69' title="bbox 1070 1577 1903 1622; baseline -0.006 0"><span class='ocrx_word' id='word_1_321' title='bbox 1070 1580 1126 1622; x_wconf 93' lang='lat' dir='ltr'><strong>be</strong></span> <span class='ocrx_word' id='word_1_322' title='bbox 1150 1593 1262 1622; x_wconf 91' lang='lat' dir='ltr'><strong>mea:</strong></span> <span class='ocrx_word' id='word_1_323' title='bbox 1282 1579 1305 1604; x_wconf 87' lang='lat'>*</span> <span class='ocrx_word' id='word_1_324' title='bbox 1339 1579 1496 1620; x_wconf 90' lang='lat' dir='ltr'><strong>Manus</strong></span> <span class='ocrx_word' id='word_1_325' title='bbox 1523 1578 1639 1620; x_wconf 91' lang='lat' dir='ltr'><strong>enim</strong></span> <span class='ocrx_word' id='word_1_326' title='bbox 1661 1589 1761 1618; x_wconf 89' lang='lat' dir='ltr'><strong>mea</strong></span> <span class='ocrx_word' id='word_1_327' title='bbox 1785 1577 1903 1618; x_wconf 82' lang='lat' dir='ltr'><strong>auxi-</strong></span> 
     </span>
     <span class='ocr_line' id='line_1_70' title="bbox 1069 1628 1904 1687; baseline -0.004 -9"><span class='ocrx_word' id='word_1_328' title='bbox 1069 1636 1248 1678; x_wconf 77' lang='lat' dir='ltr'><strong>liabitur</strong></span> <span class='ocrx_word' id='word_1_329' title='bbox 1273 1636 1327 1683; x_wconf 82' lang='lat' dir='ltr'><strong>ei,</strong></span> <span class='ocrx_word' id='word_1_330' title='bbox 1353 1635 1537 1687; x_wconf 84' lang='lat' dir='ltr'><strong>alleluja.</strong></span> <span class='ocrx_word' id='word_1_331' title='bbox 1574 1628 1625 1679; x_wconf 65' lang='lat' dir='ltr'><strong>V.</strong></span> <span class='ocrx_word' id='word_1_332' title='bbox 1647 1633 1801 1675; x_wconf 78' lang='lat' dir='ltr'><strong>Inveni</strong></span> <span class='ocrx_word' id='word_1_333' title='bbox 1818 1633 1904 1675; x_wconf 90' lang='lat' dir='ltr'><strong>Da-</strong></span> 
     </span>
     <span class='ocr_line' id='line_1_71' title="bbox 1069 1690 1903 1740; baseline -0.005 -6"><span class='ocrx_word' id='word_1_334' title='bbox 1069 1692 1145 1734; x_wconf 89' lang='lat' dir='ltr'><strong>vid</strong></span> <span class='ocrx_word' id='word_1_335' title='bbox 1186 1705 1363 1734; x_wconf 88' lang='lat' dir='ltr'><strong>servum</strong></span> <span class='ocrx_word' id='word_1_336' title='bbox 1401 1704 1563 1740; x_wconf 91' lang='lat' dir='ltr'><strong>meum,</strong></span> <span class='ocrx_word' id='word_1_337' title='bbox 1607 1690 1707 1731; x_wconf 82' lang='lat' dir='ltr'><strong>oleo</strong></span> <span class='ocrx_word' id='word_1_338' title='bbox 1750 1694 1903 1731; x_wconf 90' lang='lat' dir='ltr'><strong>sancto</strong></span> 
     </span>
     <span class='ocr_line' id='line_1_72' title="bbox 1068 1746 1758 1795; baseline -0.004 -5"><span class='ocrx_word' id='word_1_339' title='bbox 1068 1761 1169 1791; x_wconf 91' lang='lat' dir='ltr'><strong>meo</strong></span> <span class='ocrx_word' id='word_1_340' title='bbox 1189 1749 1294 1790; x_wconf 84' lang='lat' dir='ltr'><strong>unxi</strong></span> <span class='ocrx_word' id='word_1_341' title='bbox 1314 1761 1424 1789; x_wconf 89' lang='lat' dir='ltr'><strong>eum.</strong></span> <span class='ocrx_word' id='word_1_342' title='bbox 1451 1747 1607 1788; x_wconf 89' lang='lat' dir='ltr'><strong>Manus</strong></span> <span class='ocrx_word' id='word_1_343' title='bbox 1626 1746 1758 1795; x_wconf 58' lang='lat' dir='ltr'><strong>enim,</strong></span> 
     </span>
    </p>
   </div>
   <div class='ocr_carea' id='block_1_6' title="bbox 1069 1830 1905 2740">
    <p class='ocr_par' dir='ltr' id='par_1_15' title="bbox 1378 1830 1603 1871">
     <span class='ocr_line' id='line_1_73' title="bbox 1378 1830 1603 1871; baseline -0.013 0"><span class='ocrx_word' id='word_1_344' title='bbox 1378 1830 1530 1871; x_wconf 86' lang='lat' dir='ltr'><strong>Lectio</strong></span> <span class='ocrx_word' id='word_1_345' title='bbox 1551 1830 1603 1869; x_wconf 80' lang='lat' dir='ltr'><strong>vi.</strong></span> 
     </span>
    </p>

    <p class='ocr_par' dir='ltr' id='par_1_16' title="bbox 1073 1895 1903 2002">
     <span class='ocr_line' id='line_1_74' title="bbox 1073 1895 1903 2002; baseline -0.005 -56"><span class='ocrx_word' id='word_1_346' title='bbox 1073 1895 1291 2002; x_wconf 83' lang='lat' dir='ltr'><strong>Scripsit</strong></span> <span class='ocrx_word' id='word_1_347' title='bbox 1327 1907 1474 1945; x_wconf 86' lang='lat' dir='ltr'><strong>autem</strong></span> <span class='ocrx_word' id='word_1_348' title='bbox 1510 1902 1647 1944; x_wconf 88' lang='lat' dir='ltr'><strong>multa</strong></span> <span class='ocrx_word' id='word_1_349' title='bbox 1684 1907 1727 1944; x_wconf 91' lang='lat' dir='ltr'><strong>et</strong></span> <span class='ocrx_word' id='word_1_350' title='bbox 1759 1901 1903 1943; x_wconf 79' lang='lat' dir='ltr'><strong>soluta</strong></span> 
     </span>
    </p>

    <p class='ocr_par' dir='ltr' id='par_1_17' title="bbox 1069 1957 1905 2740">
     <span class='ocr_line' id='line_1_75' title="bbox 1157 1957 1905 2008; baseline -0.005 -6"><span class='ocrx_word' id='word_1_351' title='bbox 1157 1961 1372 2008; x_wconf 82' lang='lat' dir='ltr'><strong>oratione,</strong></span> <span class='ocrx_word' id='word_1_352' title='bbox 1400 1964 1444 2001; x_wconf 89' lang='lat' dir='ltr'><strong>et</strong></span> <span class='ocrx_word' id='word_1_353' title='bbox 1467 1957 1684 2007; x_wconf 79' lang='lat' dir='ltr'><strong>versibus,</strong></span> <span class='ocrx_word' id='word_1_354' title='bbox 1716 1957 1905 1999; x_wconf 72' lang='lat' dir='ltr'><strong>mirabili</strong></span> 
     </span>
     <span class='ocr_line' id='line_1_76' title="bbox 1069 2012 1904 2071; baseline -0.007 -11"><span class='ocrx_word' id='word_1_355' title='bbox 1069 2018 1236 2071; x_wconf 75' lang='lat' dir='ltr'><strong>pietate</strong></span> <span class='ocrx_word' id='word_1_356' title='bbox 1265 2021 1309 2058; x_wconf 91' lang='lat' dir='ltr'><strong>et</strong></span> <span class='ocrx_word' id='word_1_357' title='bbox 1338 2015 1603 2068; x_wconf 81' lang='lat' dir='ltr'><strong>eloquentia:</strong></span> <span class='ocrx_word' id='word_1_358' title='bbox 1636 2013 1795 2067; x_wconf 92' lang='lat' dir='ltr'><strong>quibus</strong></span> <span class='ocrx_word' id='word_1_359' title='bbox 1828 2012 1904 2055; x_wconf 92' lang='lat' dir='ltr'><strong>do-</strong></span> 
     </span>
     <span class='ocr_line' id='line_1_77' title="bbox 1071 2072 1905 2123; baseline -0.006 -7"><span class='ocrx_word' id='word_1_360' title='bbox 1071 2077 1242 2117; x_wconf 82' lang='lat' dir='ltr'><strong>ctorum</strong></span> <span class='ocrx_word' id='word_1_361' title='bbox 1276 2072 1516 2121; x_wconf 84' lang='lat' dir='ltr'><strong>h6minum,</strong></span> <span class='ocrx_word' id='word_1_362' title='bbox 1562 2073 1905 2123; x_wconf 78' lang='lat' dir='ltr'><strong>sanctorumque</strong></span> 
     </span>
     <span class='ocr_line' id='line_1_78' title="bbox 1070 2125 1905 2183; baseline -0.007 -11"><span class='ocrx_word' id='word_1_363' title='bbox 1070 2130 1232 2183; x_wconf 87' lang='lat' dir='ltr'><strong>judicio</strong></span> <span class='ocrx_word' id='word_1_364' title='bbox 1251 2129 1298 2171; x_wconf 91' lang='lat' dir='ltr'><strong>id</strong></span> <span class='ocrx_word' id='word_1_365' title='bbox 1316 2131 1546 2170; x_wconf 81' lang='lat' dir='ltr'><strong>assecutus</strong></span> <span class='ocrx_word' id='word_1_366' title='bbox 1566 2132 1650 2175; x_wconf 90' lang='lat' dir='ltr'><strong>est,</strong></span> <span class='ocrx_word' id='word_1_367' title='bbox 1669 2131 1717 2168; x_wconf 93' lang='lat' dir='ltr'><strong>ut</strong></span> <span class='ocrx_word' id='word_1_368' title='bbox 1734 2125 1843 2167; x_wconf 91' lang='lat' dir='ltr'><strong>nihil</strong></span> <span class='ocrx_word' id='word_1_369' title='bbox 1860 2125 1905 2166; x_wconf 86' lang='lat' dir='ltr'><strong>in</strong></span> 
     </span>
     <span class='ocr_line' id='line_1_79' title="bbox 1070 2181 1902 2238; baseline -0.005 -11"><span class='ocrx_word' id='word_1_370' title='bbox 1070 2186 1164 2238; x_wconf 82' lang='lat' dir='ltr'><strong>illis,</strong></span> <span class='ocrx_word' id='word_1_371' title='bbox 1183 2186 1267 2227; x_wconf 90' lang='lat' dir='ltr'><strong>nisi</strong></span> <span class='ocrx_word' id='word_1_372' title='bbox 1286 2198 1341 2227; x_wconf 84' lang='lat' dir='ltr'><strong>ex</strong></span> <span class='ocrx_word' id='word_1_373' title='bbox 1356 2197 1473 2226; x_wconf 88' lang='lat' dir='ltr'><strong>verae</strong></span> <span class='ocrx_word' id='word_1_374' title='bbox 1494 2183 1672 2236; x_wconf 81' lang='lat' dir='ltr'><strong>pietatis</strong></span> <span class='ocrx_word' id='word_1_375' title='bbox 1693 2187 1736 2224; x_wconf 88' lang='lat' dir='ltr'><strong>et</strong></span> <span class='ocrx_word' id='word_1_376' title='bbox 1755 2181 1902 2224; x_wconf 82' lang='lat' dir='ltr'><strong>catho-</strong></span> 
     </span>
     <span class='ocr_line' id='line_1_80' title="bbox 1069 2238 1904 2293; baseline -0.007 -9"><span class='ocrx_word' id='word_1_377' title='bbox 1069 2242 1167 2284; x_wconf 86' lang='lat' dir='ltr'><strong>licae</strong></span> <span class='ocrx_word' id='word_1_378' title='bbox 1198 2241 1423 2293; x_wconf 83' lang='lat' dir='ltr'><strong>religionis</strong></span> <span class='ocrx_word' id='word_1_379' title='bbox 1459 2239 1610 2291; x_wconf 79' lang='lat' dir='ltr'><strong>regula</strong></span> <span class='ocrx_word' id='word_1_380' title='bbox 1642 2238 1904 2291; x_wconf 78' lang='lat' dir='ltr'><strong>reperiatur:</strong></span> 
     </span>
     <span class='ocr_line' id='line_1_81' title="bbox 1070 2294 1905 2349; baseline -0.007 -9"><span class='ocrx_word' id='word_1_381' title='bbox 1070 2311 1200 2340; x_wconf 89' lang='lat' dir='ltr'><strong>nemo</strong></span> <span class='ocrx_word' id='word_1_382' title='bbox 1221 2296 1462 2349; x_wconf 90' lang='lat' dir='ltr'><strong>quidquam</strong></span> <span class='ocrx_word' id='word_1_383' title='bbox 1479 2297 1571 2348; x_wconf 89' lang='lat' dir='ltr'><strong>jure</strong></span> <span class='ocrx_word' id='word_1_384' title='bbox 1586 2295 1747 2339; x_wconf 71' lang='lat' dir='ltr'><strong>vocate</strong></span> <span class='ocrx_word' id='word_1_385' title='bbox 1761 2294 1905 2347; x_wconf 89' lang='lat' dir='ltr'><strong>possit</strong></span> 
     </span>
     <span class='ocr_line' id='line_1_82' title="bbox 1070 2350 1904 2395; baseline -0.005 0"><span class='ocrx_word' id='word_1_386' title='bbox 1070 2354 1114 2395; x_wconf 89' lang='lat' dir='ltr'><strong>in</strong></span> <span class='ocrx_word' id='word_1_387' title='bbox 1168 2353 1361 2395; x_wconf 84' lang='lat' dir='ltr'><strong>dubium.</strong></span> <span class='ocrx_word' id='word_1_388' title='bbox 1425 2350 1904 2394; x_wconf 73' lang='lat' dir='ltr'><strong>Consubstantialitatis</strong></span> 
     </span>
     <span class='ocr_line' id='line_1_83' title="bbox 1070 2408 1904 2460; baseline -0.005 -9"><span class='ocrx_word' id='word_1_389' title='bbox 1070 2410 1168 2451; x_wconf 84' lang='lat' dir='ltr'><strong>Filii</strong></span> <span class='ocrx_word' id='word_1_390' title='bbox 1199 2409 1280 2451; x_wconf 89' lang='lat' dir='ltr'><strong>fuit</strong></span> <span class='ocrx_word' id='word_1_391' title='bbox 1312 2409 1550 2450; x_wconf 80' lang='lat' dir='ltr'><strong>acerrimus</strong></span> <span class='ocrx_word' id='word_1_392' title='bbox 1588 2408 1904 2460; x_wconf 78' lang='lat' dir='ltr'><strong>propugnator.</strong></span> 
     </span>
     <span class='ocr_line' id='line_1_84' title="bbox 1070 2462 1904 2514; baseline -0.005 -7"><span class='ocrx_word' id='word_1_393' title='bbox 1070 2466 1130 2507; x_wconf 88' lang='lat' dir='ltr'><strong>Ut</strong></span> <span class='ocrx_word' id='word_1_394' title='bbox 1149 2471 1295 2507; x_wconf 87' lang='lat' dir='ltr'><strong>autem</strong></span> <span class='ocrx_word' id='word_1_395' title='bbox 1315 2464 1417 2506; x_wconf 84' lang='lat' dir='ltr'><strong>vitae</strong></span> <span class='ocrx_word' id='word_1_396' title='bbox 1435 2463 1566 2505; x_wconf 91' lang='lat' dir='ltr'><strong>laude</strong></span> <span class='ocrx_word' id='word_1_397' title='bbox 1585 2475 1714 2504; x_wconf 91' lang='lat' dir='ltr'><strong>nemo</strong></span> <span class='ocrx_word' id='word_1_398' title='bbox 1735 2462 1775 2504; x_wconf 91' lang='lat' dir='ltr'><strong>ei</strong></span> <span class='ocrx_word' id='word_1_399' title='bbox 1794 2475 1904 2514; x_wconf 88' lang='lat' dir='ltr'><strong>prae-</strong></span> 
     </span>
     <span class='ocr_line' id='line_1_85' title="bbox 1070 2518 1903 2575; baseline -0.005 -12"><span class='ocrx_word' id='word_1_400' title='bbox 1070 2522 1243 2575; x_wconf 82' lang='lat' dir='ltr'><strong>positus</strong></span> <span class='ocrx_word' id='word_1_401' title='bbox 1263 2525 1345 2570; x_wconf 81' lang='lat' dir='ltr'><strong>est3</strong></span> <span class='ocrx_word' id='word_1_402' title='bbox 1369 2520 1432 2561; x_wconf 89' lang='lat' dir='ltr'><strong>sic</strong></span> <span class='ocrx_word' id='word_1_403' title='bbox 1459 2525 1503 2561; x_wconf 88' lang='lat' dir='ltr'><strong>et</strong></span> <span class='ocrx_word' id='word_1_404' title='bbox 1527 2518 1739 2560; x_wconf 83' lang='lat' dir='ltr'><strong>orationis</strong></span> <span class='ocrx_word' id='word_1_405' title='bbox 1763 2518 1903 2569; x_wconf 87' lang='lat' dir='ltr'><strong>gravi-</strong></span> 
     </span>
     <span class='ocr_line' id='line_1_86' title="bbox 1071 2575 1904 2628; baseline -0.005 -9"><span class='ocrx_word' id='word_1_406' title='bbox 1071 2580 1162 2619; x_wconf 76' lang='lat' dir='ltr'><strong>tate</strong></span> <span class='ocrx_word' id='word_1_407' title='bbox 1183 2589 1336 2619; x_wconf 90' lang='lat' dir='ltr'><strong>omnes</strong></span> <span class='ocrx_word' id='word_1_408' title='bbox 1359 2576 1487 2617; x_wconf 80' lang='lat' dir='ltr'><strong>facile</strong></span> <span class='ocrx_word' id='word_1_409' title='bbox 1507 2575 1743 2628; x_wconf 75' lang='lat' dir='ltr'><strong>superavit.</strong></span> <span class='ocrx_word' id='word_1_410' title='bbox 1774 2576 1825 2616; x_wconf 93' lang='lat' dir='ltr'><strong>In</strong></span> <span class='ocrx_word' id='word_1_411' title='bbox 1851 2575 1904 2616; x_wconf 93' lang='lat' dir='ltr'><strong>iis</strong></span> 
     </span>
     <span class='ocr_line' id='line_1_87' title="bbox 1072 2630 1905 2683; baseline -0.004 -8"><span class='ocrx_word' id='word_1_412' title='bbox 1072 2632 1292 2676; x_wconf 78' lang='lat' dir='ltr'><strong>scribendi</strong></span> <span class='ocrx_word' id='word_1_413' title='bbox 1329 2645 1382 2674; x_wconf 88' lang='lat' dir='ltr'><strong>ac</strong></span> <span class='ocrx_word' id='word_1_414' title='bbox 1417 2630 1592 2683; x_wconf 77' lang='lat' dir='ltr'><strong>legendi</strong></span> <span class='ocrx_word' id='word_1_415' title='bbox 1624 2630 1783 2673; x_wconf 81' lang='lat' dir='ltr'><strong>studiis</strong></span> <span class='ocrx_word' id='word_1_416' title='bbox 1815 2632 1905 2672; x_wconf 94' lang='lat' dir='ltr'><strong>ruri</strong></span> 
     </span>
     <span class='ocr_line' id='line_1_88' title="bbox 1072 2688 1904 2740; baseline -0.004 -8"><span class='ocrx_word' id='word_1_417' title='bbox 1072 2690 1208 2732; x_wconf 90' lang='lat' dir='ltr'><strong>vitam</strong></span> <span class='ocrx_word' id='word_1_418' title='bbox 1233 2689 1439 2731; x_wconf 85' lang='lat' dir='ltr'><strong>monachi</strong></span> <span class='ocrx_word' id='word_1_419' title='bbox 1466 2689 1692 2736; x_wconf 79' lang='lat' dir='ltr'><strong>exercens,</strong></span> <span class='ocrx_word' id='word_1_420' title='bbox 1719 2688 1904 2740; x_wconf 87' lang='lat' dir='ltr'><strong>impera·</strong></span> 
     </span>
    </p>
   </div>
   <div class='ocr_carea' id='block_1_7' title="bbox 122 117 1970 2789">
    <p class='ocr_par' dir='ltr' id='par_1_18' title="bbox 122 117 1970 2789">
     <span class='ocr_line' id='line_1_89' title="bbox 122 117 1970 2789; baseline 0 0"><span class='ocrx_word' id='word_1_421' title='bbox 122 117 1970 2789; x_wconf 95' lang='lat' dir='ltr'><strong> </strong></span> 
     </span>
    </p>
   </div>
  </div>
 </body>
</html>
