2028 2892
814 178 984 211 Sabbato
1010 178 1048 210 in
1074 178 1195 211 Albis.

153 268 311 310 ceteris
326 269 593 317 amaverunt,
608 266 812 308 videlicet
824 267 980 309 Petrus

154 329 198 367 et
214 325 240 366 J
242 326 419 366 oannes.

206 384 257 436 R.
289 380 488 422 Christus
518 383 753 430 resurgens
783 392 837 421 ex
867 381 980 421 mot-

151 437 257 487 tuis,
293 437 379 488 jam
410 449 499 478 non
530 436 733 486 meritur,
769 448 888 477 mors
919 436 982 477 illi

152 493 267 535 ultra
285 505 374 534 non
393 492 702 534 dominabitur:
729 493 849 544 quod
868 493 982 534 enim

152 550 351 590 mertuus
376 553 443 590 est
466 551 668 601 peccato,
693 550 891 590 mertuus
916 554 982 591 est

153 605 307 646 semel:
334 610 356 633 *
388 604 520 655 Quod
547 609 695 646 autem
721 605 846 655 vivit,
874 605 981 646 vivit

152 662 261 711 Deo,
285 661 468 713 alleluia,
489 661 671 713 alleluja.
704 657 755 708 V.
781 661 981 704 Mortuus

153 722 222 760 est
253 717 390 759 semel
421 722 605 770 propter
632 717 792 759 delicta
819 723 981 768 nostra,

153 778 197 816 et
227 774 468 816 resurrexit
498 778 683 826 propter
714 773 979 825 justificatio-

152 842 253 871 nem
271 834 480 871 nostram.
508 829 638 880 Quod
656 834 814 871 autem.

206 889 368 930 Bened.
396 885 603 928 Divinum
621 885 840 928 auxilium.

463 944 615 986 Lectio
636 946 674 984 ii.

226 997 435 1039 urrebant
455 1002 602 1039 autem
621 997 710 1039 duo
732 997 874 1039 simul:
901 998 980 1039 sed

242 1054 268 1094 J
270 1055 435 1096 oannes
453 1054 743 1106 praecucurrit
762 1054 888 1095 citius
902 1055 980 1096 Pe-

150 1114 232 1151 tro.
259 1109 394 1151 Venit
416 1110 538 1163 prior
561 1110 619 1151 ad
638 1112 980 1160 monumentum,

152 1170 196 1208 et
219 1165 390 1217 ingredi
411 1179 501 1208 non
522 1166 819 1218 praesumpsit.
847 1166 981 1208 Venit

152 1234 258 1273 ergo
281 1223 503 1275 posterior
522 1223 695 1272 Petrus,
724 1227 768 1264 et
791 1222 980 1264 intravit.

152 1277 269 1328 Quid
294 1278 471 1328 fratres,
504 1278 610 1331 quid
638 1291 792 1320 cursus
820 1278 980 1329 signifi-

151 1333 247 1376 cat?
291 1334 518 1387 Numquid
549 1335 646 1376 haec
681 1339 772 1376 tam
810 1334 981 1376 subtilis

151 1390 447 1442 Evangelistae
462 1390 702 1443 descriptio
719 1403 745 1431 a
763 1391 980 1442 mysteriis

152 1449 310 1488 vacere
327 1446 549 1488 credenda
565 1445 653 1488 est?
680 1446 869 1487 Minime.
896 1446 980 1488 Ne-

154 1515 239 1555 que
258 1503 374 1544 enim
391 1515 438 1544 se
452 1503 478 1543 J
480 1505 644 1544 oannes
664 1507 709 1544 et
723 1505 917 1555 praeisse,
937 1507 981 1544 et

153 1571 242 1600 non
261 1558 451 1600 intrasse
471 1558 653 1608 diceret,
677 1559 715 1599 si
734 1558 778 1599 in
798 1558 895 1610 ipsa
913 1558 980 1599 sui

152 1614 448 1667 trepidatiene
491 1614 750 1667 mysterium
790 1614 980 1656 defuisse

153 1670 426 1712 credidisset.
469 1670 585 1721 Quid
612 1683 717 1722 ergo
745 1683 825 1722 per
851 1670 980 1711 10311-

151 1739 268 1777 nem,
295 1727 380 1768 nisi
403 1728 641 1779 synagega:
670 1726 776 1778 quid
799 1739 880 1778 per
901 1727 979 1767 Pe-

150 1786 278 1833 trurm
296 1783 379 1823 nisi
396 1782 597 1824 Ecclesia
616 1780 894 1833 designatur?

206 1845 258 1894 R
281 1838 361 1880 Isti
381 1843 482 1879 sunt
501 1838 602 1888 agni
620 1837 792 1887 novelli,
816 1838 890 1890 qui
909 1850 980 1879 an-

152 1894 477 1944 nuntiaverunt,
496 1894 682 1946 alleluja:
700 1869 835 1935 modo
854 1895 980 1935 vene-

153 1954 254 1991 runt
277 1949 335 1992 ad
353 1951 513 2000 fontes,
539 1954 560 1977 *
577 1950 761 2017 Repleti
776 1954 877 1991 sunt
897 1950 980 1991 cla-

152 2006 291 2056 ritate,
313 2006 496 2059 alleluia,
513 2006 698 2058 alleluja.
737 2001 786 2052 V.
808 2006 860 2046 In
880 2018 980 2046 con-

154 2063 310 2114 spectu
329 2061 446 2113 Agni
471 2062 619 2104 amicti
644 2066 745 2103 sunt
771 2061 899 2103 stolis
923 2061 980 2102 31-

153 2117 238 2167 bis,
266 2121 310 2159 et
334 2117 493 2170 palmae
521 2118 566 2158 in
590 2117 790 2159 manibus
818 2119 980 2158 eerum.

154 2174 342 2226 Repleti.
372 2173 521 2215 Gloria
537 2174 670 2215 Patri.
697 2173 883 2225 Repleti.

210 2230 371 2272 Bened.
400 2229 470 2271 Ad
488 2230 755 2271 societatem.

458 2286 609 2327 Lectio
629 2286 683 2326 iii.

155 2337 301 2443 Nec
322 2341 480 2383 mirum
502 2353 599 2383 esse
622 2340 837 2390 videatur,
861 2339 981 2392 quod

269 2410 349 2450 per
380 2397 593 2449 junierem
624 2398 866 2449 synagoga,
901 2408 981 2448 per

154 2453 372 2495 seniorem
384 2466 491 2495 vero
502 2453 699 2494 Ecclesia
713 2452 873 2503 signari
885 2464 981 2504 per-

153 2509 347 2551 hibetur:
381 2509 483 2561 quia
510 2509 593 2550 etsi
621 2508 679 2550 ad
705 2508 789 2549 Dei
817 2507 981 2549 cultum

153 2565 275 2617 prior
295 2569 362 2606 est
381 2567 614 2618 synagega,
636 2577 766 2616 quam
785 2562 981 2604 Ecclesia

155 2621 382 2671 Gentium,
414 2620 471 2662 ad
498 2633 626 2662 usum
657 2625 803 2661 tamen
831 2618 981 2660 saeculi

154 2677 278 2729 prior
293 2681 360 2719 est
372 2676 607 2720 multitudo
620 2676 835 2725 Gentium,
849 2686 981 2726 quam

1792 174 1858 209 267

1034 270 1267 321 synagega‚
1280 269 1417 311 Paulo
1433 273 1678 321 attestante,
1695 271 1769 323 qui
1782 271 1857 313 ait:

1034 325 1145 374 Quia
1167 337 1256 366 non
1278 326 1400 377 prius
1421 326 1540 378 quod
1563 327 1758 379 spiritale
1779 333 1856 377 est,

1033 381 1114 423 sed
1142 380 1261 432 quod
1289 382 1483 423 animale.
1529 383 1614 424 Per
1641 384 1857 425 senierem

1034 449 1139 488 ergo
1162 437 1340 478 Petrum
1368 438 1636 488 significatur
1659 439 1857 481 Ecclesia

1035 493 1255 534 Gentium:
1278 506 1358 545 per
1375 494 1586 545 junierem
1604 507 1709 536 vero
1729 496 1856 536 ,10311-

1033 562 1133 590 nem
1148 551 1372 601 synagega
1385 550 1409 590 J
1412 549 1648 591 udaeorum.
1669 550 1858 593 Currunt

1034 605 1164 647 ambo
1184 605 1326 646 simul:
1346 606 1447 657 quia
1462 606 1516 647 ab
1532 611 1653 647 ortus
1674 607 1739 648 sui
1751 609 1855 648 tem-

1032 674 1142 714 pore
1174 675 1315 714 usque
1347 661 1404 703 ad
1436 664 1659 712 occasum,
1689 663 1785 714 pari
1814 668 1858 705 et

1034 718 1254 758 communi
1269 717 1350 767 via,
1369 717 1450 759 etsi
1468 730 1557 758 non
1571 718 1667 770 pari
1683 723 1725 759 et
1744 731 1856 760 com-

1032 774 1152 815 muni
1178 786 1323 823 sensu,
1352 773 1583 815 Gentilitas
1609 787 1707 815 cum
1734 787 1856 826 syna-

1032 831 1147 880 gega
1193 830 1394 871 cucurrit.
1456 830 1591 871 Venit
1637 833 1857 882 synagega

1032 887 1155 937 prior
1180 885 1236 927 ad
1261 887 1605 936 monumentum,
1634 886 1712 928 sed
1737 887 1857 927 mini-

1032 955 1103 983 me
1146 942 1341 984 intravit:
1386 942 1487 993 quia
1530 942 1637 992 legis
1681 942 1857 994 quidem

1033 998 1239 1040 mandata
1270 998 1487 1050 percepit,
1518 998 1773 1050 prophetias
1802 999 1857 1041 de

1032 1054 1329 1096 incarnatiene
1357 1067 1409 1095 ac
1435 1054 1641 1106 passione
1663 1055 1856 1096 Domini-

1034 1123 1086 1152 ca
1100 1110 1276 1160 audivit,
1293 1111 1373 1152 sed
1387 1110 1565 1152 credere
1580 1110 1624 1151 in
1637 1113 1857 1152 mertuum

1033 1167 1183 1209 noluit.

1087 1225 1152 1264 Te
1170 1224 1314 1265 Deum
1335 1221 1576 1263 laudamus.
1594 1222 1654 1262 15.

1088 1280 1159 1320 Ad
1180 1279 1337 1321 Bened.
1353 1280 1452 1319 Ant.
1473 1277 1714 1320 Currebant
1731 1279 1755 1305 *
1771 1278 1857 1319 duo

1034 1335 1176 1385 simul,
1201 1340 1244 1377 et
1266 1334 1338 1376 ille
1362 1334 1472 1376 alius
1493 1334 1731 1386 discipulus
1749 1348 1857 1387 prae-

1034 1391 1225 1433 cucurrit
1242 1391 1368 1432 citius
1382 1391 1526 1438 Petro,
1546 1394 1590 1431 et
1606 1391 1723 1432 venit
1738 1391 1859 1443 prior

1034 1447 1090 1489 ad
1108 1449 1446 1497 monumentum,
1466 1446 1647 1497 alleluja.

1369 1504 1531 1545 Oratio.

1112 1562 1278 1604 oncede
1307 1564 1556 1614 quaesumus
1581 1564 1857 1614 omnipotens

1128 1618 1269 1659 Deus:
1303 1623 1352 1660 ut
1386 1619 1459 1671 qui
1491 1618 1602 1660 festa
1633 1618 1857 1670 paschalia

1033 1674 1284 1715 venerando
1313 1675 1498 1725 egimus,
1528 1687 1608 1727 per
1634 1674 1731 1715 haec
1758 1686 1857 1715 con—

1033 1731 1201 1780 tingere
1229 1730 1286 1771 ad
1312 1730 1473 1781 gaudia
1503 1732 1667 1772 aeterna
1694 1733 1856 1772 merea-

1033 1799 1141 1827 mur.
1168 1787 1252 1828 Per
1270 1787 1517 1828 Deminum.

1265 1866 1344 1907 Ad.
1363 1866 1627 1917 vesperas.

1089 1925 1265 1960 Officium
1290 1926 1329 1959 fit
1353 1925 1506 1968 duplex.

1088 1979 1188 2018 Ant.
1212 1978 1409 2029 Alleluia,
1428 1978 1608 2030 alleluja,
1628 1978 1806 2029 alleluja.

1090 2034 1157 2074 Ps.
1193 2034 1458 2076 Benedictus
1490 2035 1704 2076 Dominus
1735 2035 1856 2075 Deus

1032 2102 1168 2132 meus.
1191 2102 1289 2130 cum
1310 2089 1430 2141 reliq.
1450 2089 1505 2130 de
1524 2088 1747 2128 Psalterio.
1777 2090 1855 2129 121.

1113 2153 1370 2205 Capitulum.
1528 2155 1556 2192 1.
1574 2152 1597 2192 J
1601 2164 1722 2192 oann.
1741 2152 1778 2190 5.

1037 2209 1315 2315 Carlssimi:
1360 2216 1518 2264 Omne,
1556 2212 1674 2266 quod
1706 2218 1855 2255 natum

1128 2276 1196 2314 est
1216 2285 1270 2314 ex
1286 2272 1395 2321 Deo,
1414 2270 1547 2313 vincit
1564 2269 1787 2311 mundum:
1811 2274 1855 2311 et

1032 2328 1129 2369 haee
1150 2332 1218 2370 est
1238 2327 1437 2376 victeria,
1463 2338 1560 2378 quae
1580 2325 1715 2366 vincit
1733 2338 1853 2366 mun-

1034 2383 1149 2434 dum,
1167 2383 1279 2425 fides
1297 2387 1457 2424 nostra.

1343 2436 1550 2485 Hymnus.

1139 2508 1168 2549 d
1185 2507 1326 2558 regias
1345 2505 1459 2556 Agni
1478 2504 1625 2556 dapes,

1170 2563 1300 2604 Stolis
1319 2560 1463 2602 amicti
1483 2560 1682 2601 candidis

1109 2620 1218 2660 Post
1236 2617 1466 2659 transitum
1485 2615 1618 2656 Maris
1638 2615 1758 2657 rubri

1110 2674 1282 2715 Christo
1302 2673 1507 2713 canamus
1525 2671 1726 2723 Principi.
