2066 2956
195 194 288 238 [328]

246 292 305 334 Ut
325 291 430 344 quid
450 291 611 332 avertis
631 304 807 332 manum
825 296 955 342 tuam,
978 297 1022 334 et

196 348 421 390 dexteram
447 353 584 398 tuam,
610 348 634 374 *
660 347 714 390 de
747 347 894 390 medio
926 349 1022 390 sinu

194 410 270 447 tuo
290 405 333 445 in
351 403 505 446 finem?

246 461 367 502 Deus
387 465 533 502 autem
556 473 634 502 rex
653 466 804 503 noster
823 466 924 503 ante
943 463 1021 502 sa'e-

196 517 307 559 cula:
322 519 346 544 *
361 519 570 570 operatus
590 522 658 559 est
676 517 863 559 salutem
878 518 921 558 in
935 520 1021 559 me-

195 573 268 615 dio
288 579 428 615 terrae.

247 630 315 671 Tu
356 630 627 672 confirmasti
668 630 712 671 in
749 631 910 673 virtute
947 636 1022 673 tua

194 699 329 728 mare:
357 688 380 713 *
410 686 715 729 contribulasti
748 687 893 740 capita
927 688 1022 729 dra-

195 745 353 785 cOnum
373 744 416 784 in
436 744 572 795 aquis.

246 800 315 841 Tu
349 800 601 851 confregisti
629 800 775 852 capita
803 799 1022 843 dracc'mis:

195 857 218 882 *
247 856 406 899 dedjsti
440 869 539 898 eum
567 869 713 898 escam
741 857 918 910 papulis
946 859 1020 899 AE-

194 912 406 966 thiopum.

246 969 315 1010 Tu
335 969 537 1022 dirupisti
555 969 710 1018 fontes,
731 974 774 1011 et
790 972 1022 1013 torrentes:

195 1027 218 1052 ¹⁸¹
236 1030 285 1066 tu
304 1026 478 1067 siccasti
498 1026 655 1067 flavios
674 1026 829 1068 Ethan.

247 1082 369 1123 Tuus
394 1088 460 1124 est
485 1081 593 1133 dies,
620 1088 663 1124 et
687 1088 763 1124 tua
786 1087 853 1125 est
876 1097 980 1125 nox:
998 1085 1022 1110 *

195 1144 243 1180 tu
262 1138 498 1180 fabricatus
518 1151 565 1180 es
585 1141 788 1180 auroram
810 1144 853 1181 et
872 1140 1021 1182 solem.

247 1195 315 1235 Tu
330 1195 470 1236 fecisti
486 1208 637 1236 omnes
652 1196 862 1237 terminos
878 1201 1023 1238 terrae:

197 1252 220 1278 *
239 1253 439 1293 aestatem
459 1256 502 1293 et
520 1264 598 1293 ver
615 1257 663 1293 tu
681 1252 910 1305 plasmasti
929 1266 991 1294 ea.

247 1307 416 1349 Memor
440 1313 535 1350 esto
559 1308 699 1360 hujus,
724 1309 923 1350 inimicus
946 1310 1021 1350 im-

195 1364 451 1416 properavit
477 1364 682 1406 Domino:
709 1365 733 1390 *
761 1370 804 1407 et
831 1366 1022 1418 populus

196 1420 404 1473 insipiens
422 1420 619 1462 incitavit
638 1434 798 1463 nomen
817 1427 950 1463 tuum.

249 1477 316 1518 Ne
343 1477 492 1519 tradas
519 1477 670 1519 bestiis
698 1478 864 1519 animas
890 1479 1021 1520 confi-

195 1534 337 1574 tentes
360 1533 454 1583 tibi,
473 1534 496 1559 *
517 1539 560 1575 et
587 1534 752 1575 animas
777 1539 1022 1588 pauperum

195 1591 370 1630 tuorum
389 1592 443 1632 1ie
464 1590 736 1632 obliviscaris
756 1591 799 1632 in
819 1591 961 1633 finem.

247 1646 436 1699 Respice
456 1647 500 1687 in
518 1649 827 1689 testamentum
846 1653 983 1690 tuum:
997 1649 1021 1675 *

198 1702 300 1755 quia
336 1702 491 1755 repleti
527 1708 643 1755 sunt,
688 1705 762 1756 qui
798 1704 1022 1747 obscurati

197 1764 296 1800 sunt
314 1764 444 1801 terrae
464 1759 665 1802 domibus
683 1761 969 1813 iniquitatum.
1011 1774 1014 1776 ·

247 1815 316 1857 Ne
336 1818 556 1858 avertatur
574 1817 748 1858 humilis
764 1818 903 1859 factus
922 1831 1020 1860 con-

198 1872 332 1913 fusus:
347 1872 370 1897 *
386 1885 554 1925 pauper
573 1878 616 1915 et
635 1874 761 1926 inops
781 1874 1022 1917 laudabunt

196 1941 354 1970 nomen
373 1933 506 1970 tuum.

247 1985 445 2036 Exsurge
482 1986 620 2037 Deus,
665 1988 809 2040 judica
844 2001 1022 2030 causam

195 2046 329 2083 tuam:
353 2042 376 2068 *
404 2055 573 2084 memor
606 2048 700 2086 esto
733 2044 1020 2098 improperio-

196 2110 291 2139 rum
312 2100 505 2149 tuorum,
540 2102 693 2142 eorum
719 2114 818 2153 quae
843 2101 897 2144 ab
922 2102 1020 2143 insi-

195 2154 342 2206 piente
361 2159 461 2197 sunt
479 2160 572 2197 tota
593 2156 674 2198 die.

248 2210 315 2252 Ne
352 2210 623 2254 obliviscaris
660 2225 792 2254 voces
828 2213 1021 2256 inimico-

197 2278 292 2307 rum
327 2269 515 2309 tuorum:
551 2270 575 2296 *
612 2269 818 2322 superbia
854 2272 1020 2326 eorum,

199 2322 271 2373 qui
290 2327 332 2364 te
353 2323 539 2366 oderunt
569 2325 765 2367 ascendit
783 2338 967 2378 semper.

249 2380 346 2421 Ant.
378 2380 524 2422 Exivit
553 2394 657 2433 ergo
684 2382 811 2423 Jesus
838 2387 1021 2434 portans

200 2436 405 2476 coronam
433 2439 645 2489 spineam,
682 2443 726 2479 et
752 2441 1022 2491 purpureum

200 2490 519 2543 vestimentum,
561 2499 604 2535 et
641 2493 751 2536 dixit
786 2494 866 2536 eis:
906 2496 1020 2537 Ecce

199 2544 342 2587 homo.

253 2604 348 2644 Ant.
392 2604 446 2645 Et
480 2604 676 2656 bajulans
716 2606 799 2648 sibi
831 2620 1020 2658 crucem,

199 2657 332 2699 exivit
350 2658 392 2698 in
407 2671 515 2709 eum,
536 2662 607 2713 qui
623 2661 781 2705 dicitur
798 2663 1021 2715 Calvariae‚

198 2713 356 2755 locum:
375 2714 448 2757 ubi
468 2718 774 2761 crucifixerunt
793 2732 903 2762 eum.

662 194 939 229 Pretiosissimi
963 194 1172 236 Sanguinis
1197 192 1241 227 D.
1267 194 1311 228 N.
1336 194 1369 228 J.
1396 194 1435 228 C.

1343 292 1544 333 Psalmus
1572 293 1636 334 87.

1164 349 1309 391 omine
1335 350 1458 392 Deus
1486 350 1640 392 salutis
1663 363 1790 393 meae:
1811 352 1836 379 *
1858 352 1902 393 in

1180 405 1252 447 die
1266 406 1463 457 clamavi,
1475 412 1519 448 et
1537 412 1668 449 nocte
1683 420 1832 449 coram
1846 412 1902 450 te.

1124 463 1267 505 Intret
1303 463 1347 503 in
1375 465 1616 516 conspectu
1647 469 1724 506 tuo
1759 465 1900 507 oratio

1073 532 1186 561 mea:
1205 521 1229 547 *
1247 519 1407 561 inclina
1423 532 1575 562 aurem
1592 525 1714 562 tuam
1733 520 1790 563 ad
1805 534 1901 574 pre-

1074 589 1169 618 cem
1196 588 1354 618 meam:

1124 633 1236 684 Quia
1281 632 1450 685 repleta
1487 637 1554 674 est
1590 632 1717 675 malis
1759 634 1903 675 anima

1074 702 1186 731 mea:
1211 690 1235 716 *
1259 694 1304 731 et
1326 689 1417 730 vita
1440 702 1538 731 mea
1555 689 1724 731 inferno
1745 703 1902 743 appro-

1074 746 1315 798 pinquavit.

1125 803 1390 844 AEstimatus
1409 815 1506 843 sum
1521 815 1621 844 cum
1638 802 1903 845 descenden-

1074 858 1193 900 tibus
1220 859 1263 899 in
1292 859 1451 900 lacum:
1478 860 1502 887 *
1530 859 1672 901 factus
1701 873 1798 901 sum
1824 860 1903 903 sic—

1074 921 1122 957 ut
1139 916 1271 957 homo
1291 916 1385 957 sine
1405 915 1636 968 adjut6rio,
1657 917 1771 959 inter
1790 919 1903 958 mor·

1074 977 1176 1014 tuos
1204 972 1326 1014 liber.

1126 1029 1247 1070 Sicut
1263 1029 1479 1071 vulnerati
1495 1029 1765 1073 dormientes
1780 1031 1824 1072 in
1840 1044 1904 1073 se-

1074 1085 1287 1137 pulchris,
1321 1098 1508 1138 quorum
1540 1099 1627 1128 non
1662 1100 1708 1129 es
1735 1100 1904 1129 memor

1075 1142 1277 1194 amplius:
1310 1143 1334 1169 *
1370 1147 1414 1184 et
1448 1143 1533 1195 ipsi
1570 1142 1626 1185 de
1662 1157 1794 1186 manu
1827 1149 1905 1186 tua

1074 1198 1239 1251 repulsi
1267 1203 1378 1240 sunt.

1125 1255 1373 1296 Posuerunt
1397 1268 1468 1297 me
1498 1256 1540 1296 in
1566 1256 1665 1298 lacu
1693 1257 1904 1299 inferi6ri:

1074 1311 1098 1338 *
1143 1311 1187 1351 in
1236 1311 1504 1362 tenebrosis,
1561 1316 1605 1354 et
1655 1313 1699 1354 in
1748 1313 1905 1355 umbra

1073 1367 1240 1409 mortis.

1126 1423 1266 1476 Super
1285 1436 1356 1465 me
1381 1424 1667 1467 confirmatus
1690 1430 1757 1468 est
1780 1425 1902 1467 furor

1073 1485 1192 1521 tuus:
1224 1482 1248 1508 *
1277 1485 1321 1522 θῖ
1349 1493 1502 1522 omnes
1530 1482 1690 1524 fluctus
1714 1487 1816 1524 tuos
1842 1482 1904 1523 in-

1074 1536 1239 1578 duxisti
1256 1550 1398 1590 >super
1424 1551 1505 1580 me.

1126 1593 1280 1645 Longe
1294 1594 1437 1636 fecisti
1450 1600 1583 1637 notos
1598 1608 1720 1638 meos
1735 1608 1762 1637 a
1779 1608 1864 1638 me:
1879 1597 1904 1625 *

1074 1652 1318 1702 posuerunt
1330 1664 1401 1692 me
1416 1651 1790 1695 abominationem
1809 1652 1905 1695 sibi.

1126 1706 1335 1748 Traditus
1363 1720 1476 1758 sum,
1511 1714 1556 1750 et
1587 1721 1676 1750 non
1709 1708 1903 1760 egredie-

1075 1761 1170 1803 bar:
1198 1764 1221 1790 *
1249 1763 1366 1804 oculi
1399 1765 1486 1806 mei
1519 1765 1781 1817 languerunt
1808 1778 1903 1818 prae

1074 1831 1234 1871 1n0p1a.

1126 1875 1321 1917 Clamavi
1336 1876 1393 1918 ad
1406 1881 1451 1919 te
1465 1878 1654 1920 Damine
1669 1882 1765 1921 tota
1780 1878 1904 1922 diez*

1077 1932 1266 1984 expandi
1293 1932 1350 1975 ad
1378 1938 1423 1975 te
1449 1947 1604 1976 manus
1631 1948 1764 1977 meas.

1125 1988 1352 2041 Numquid
1369 1991 1556 2033 mottuis
1575 1992 1710 2034 facies
1728 1992 1904 2035 mirabi-

1074 2044 1147 2085 lia:
1181 2046 1205 2073 *
1238 2052 1313 2088 aut
1340 2046 1500 2089 medici
1529 2048 1822 2100 suscitabunt,
1859 2054 1904 2093 et

1074 2102 1400 2145 confitebuntur
1427 2103 1532 2146 tibi?

1123 2159 1350 2211 Numquid
1371 2160 1567 2203 narrabit
1586 2161 1745 2214 aliquis
1768 2162 1813 2203 in
1837 2175 1901 2204 se-

1073 2215 1258 2267 pulchro
1285 2217 1634 2259 misericordiam
1654 2223 1786 2269 tuam,
1810 2220 1834 2246 *
1858 2224 1902 2261 et

1073 2272 1303 2314 veritatem
1329 2278 1451 2314 tuam
1479 2274 1524 2314 in
1547 2274 1823 2327 perditi6ne?

1124 2328 1351 2381 Numquid
1375 2332 1694 2381 cognoscentur
1715 2331 1759 2372 in
1783 2332 1901 2373 tene-

1074 2383 1164 2426 bris
1183 2385 1400 2426 mirabilia
1419 2390 1511 2427 tua:
1533 2389 1556 2414 *
1580 2392 1624 2429 et
1642 2388 1807 2440 justitia
1824 2392 1901 2429 tua

1075 2440 1118 2481 in
1144 2445 1262 2482 terra
1290 2441 1548 2483 oblivi6nis?

1125 2497 1182 2538 Et
1201 2509 1284 2549 ego
1311 2497 1368 2539 ad
1385 2503 1429 2539 te
1449 2498 1638 2541 Domine
1658 2500 1858 2542 clamavi:
1877 2502 1901 2528 *

1074 2558 1118 2594 et
1136 2566 1263 2595 mane
1290 2554 1432 2595 oratio
1459 2567 1558 2596 mea
1581 2556 1824 2608 praeveniet
1845 2561 1900 2599 te.

1124 2609 1183 2651 Ut
1209 2609 1315 2662 quid
1333 2610 1521 2652 Domine
1545 2612 1722 2664 repellis
1741 2613 1900 2654 oratio-

1073 2678 1173 2707 nem
1191 2680 1348 2709 meam:
1375 2668 1398 2694 *
1419 2668 1582 2709 avertis
1603 2668 1759 2711 faciem
1780 2674 1901 2712 tuam

1074 2734 1099 2763 a
1125 2722 1220 2764 me?
