2028 2892
924 202 984 235 Ad
1012 201 1169 235 Nonum.

260 298 437 340 Servavi
471 297 674 339 mandata
706 303 796 346 tua,
831 302 875 338 et
907 297 1023 338 testi·

210 355 352 396 monia
371 359 459 396 tua:
473 355 495 379 *
511 354 611 406 quia
632 366 782 396 omnes
808 354 889 395 viae
913 366 1022 395 meae

209 411 251 451 in
279 412 514 462 conspectu
540 415 627 451 tuo.

259 470 596 523 Appropinquet
638 469 888 523 deprecatio
927 481 1023 510 mea

208 526 249 566 in
277 528 514 579 conspectu
541 531 616 567 tuo
644 526 843 567 Domine:
863 526 887 551 *
906 526 1023 576 juxta

208 581 426 634 eloquium
436 587 557 623 tuum
568 582 624 623 da
633 581 737 622 mihi
747 581 1022 623 intellectum.

257 643 394 684 Intret
433 642 668 695 postulatio
705 655 801 684 mea
840 642 883 683 in
924 654 1021 683 con—

206 700 358 751 spectu
385 704 474 740 tuo:
494 700 516 724 *
538 698 774 740 secundum
803 698 1022 750 eloquium

205 759 326 796 tuum
355 755 473 807 eripe
499 768 579 796 me.

258 815 525 857 Eructabunt
550 815 663 857 labia
689 827 785 856 mea
804 814 1019 867 hymnum,

204 872 228 896 ¹⁸¹
256 884 353 912 cum
382 871 581 913 docueris
605 884 673 912 me
696 871 1019 923 justificationes

205 932 312 968 tuas.

255 988 555 1029 Pronuntiabit
579 988 723 1038 lingua
742 1000 838 1030 mea
858 987 1019 1040 eloqui-

203 1056 275 1084 um
302 1049 439 1085 tuum:
466 1045 489 1069 *
518 1045 617 1096 quia
645 1045 787 1085 omnia
815 1043 1019 1086 mandata

203 1104 276 1140 tua
303 1101 496 1152 aequitas.

253 1161 349 1202 Fiat
376 1174 527 1202 manus
554 1166 629 1202 tua
656 1166 703 1203 ut
724 1161 861 1203 salvet
887 1174 970 1203 me:
994 1162 1017 1187 *

203 1217 405 1268 quoniam
432 1217 636 1259 mandata
662 1223 736 1259 tua
764 1217 883 1269 elegi.

254 1277 491 1330 Concupivi
513 1278 702 1320 salutare
726 1284 847 1320 tuum
870 1279 1016 1320 Domi-

201 1345 268 1374 ne:
288 1334 311 1359 *
330 1338 373 1375 et
395 1334 465 1375 lex
483 1339 557 1376 tua
575 1334 799 1376 meditatio
818 1347 915 1376 mea
939 1340 1016 1376 est.

251 1394 381 1435 Vivet
401 1394 542 1435 anima
556 1407 663 1444 mea,
683 1400 726 1436 et
745 1394 940 1437 laudabit
958 1400 1015 1437 te:

199 1449 222 1474 *
250 1454 293 1491 et
319 1449 474 1501 judicia
500 1455 575 1492 tua
602 1450 865 1503 adjuvabunt
891 1464 972 1493 me.

248 1509 412 1560 Erravi,
440 1508 551 1553 sicut
572 1512 676 1561 ovis,
705 1525 802 1564 quae
828 1513 972 1565 periit:
990 1513 1014 1538 *

199 1579 345 1618 quaere
361 1579 533 1608 servum
546 1572 679 1617 tuum,
696 1569 796 1621 quia
808 1568 1014 1611 mandata

197 1626 272 1663 tua
298 1635 383 1664 non
412 1636 507 1664 sum
534 1623 705 1666 oblitus.

246 1693 284 1726 In
305 1694 513 1729 Dominicis
531 1696 719 1738 Oiladrug.
739 1699 821 1732 Aut.
841 1700 1006 1742 propriu.

243 1757 392 1809 Tcmp.
426 1759 636 1809 Quadrag.
672 1761 709 1799 in
748 1762 817 1802 fer.
854 1763 1007 1803 (anticio

197 1813 292 1853 Ant.
325 1814 403 1855 Per
417 1827 537 1855 arma
555 1815 728 1866 justitiae
744 1816 914 1858 virtutis
929 1817 1012 1859 Dei

197 1870 550 1912 commendemus
612 1874 903 1925 nosmetipsos
967 1874 1011 1915 in

196 1925 331 1967 multa
356 1926 573 1978 patientia.

320 2006 573 2057 Capitulum.
691 2010 740 2049 Is.
761 2012 825 2050 38.
845 2024 878 2051 c.

194 2070 405 2177 Frange
442 2077 645 2119 esurienti
681 2091 838 2131 panem
878 2085 1010 2131 tuum,

298 2138 342 2174 et
368 2134 529 2184 egenos
558 2136 779 2187 vagosque
807 2135 936 2178 induc
968 2138 1009 2178 in

194 2186 371 2230 domum
389 2194 522 2230 tuam:
542 2203 639 2232 cum
659 2189 817 2232 videris
836 2192 1010 2244 nudum,

194 2244 315 2295 operi
350 2258 468 2295 eum,
507 2251 551 2287 et
592 2259 766 2288 carnem
801 2252 920 2290 tuam
955 2263 1009 2292 ne

195 2297 456 2352 despexeris.

247 2363 293 2413 lit·
320 2363 380 2404 br.
428 2365 559 2407 Scuto
592 2367 878 2410 circumdabit
910 2373 953 2411 te
985 2374 1005 2396 *

193 2418 366 2460 Veritas
389 2423 489 2473 ejus.
516 2422 661 2464 Scuto.
691 2420 737 2470 ,Υ.
765 2423 864 2465 Non
888 2426 1007 2468 time-

192 2474 259 2516 bis
273 2488 298 2515 a
313 2476 467 2519 timore
476 2482 703 2521 nocturno.
718 2479 892 2522 Veritas
908 2483 1008 2534 ejus.

194 2528 347 2572 Gloria
365 2533 492 2574 Patri.
519 2535 662 2577 Scuto.

244 2582 290 2634 ‹V-
322 2592 497 2643 Angelis
525 2596 613 2637 suis
639 2597 760 2638 Deus
785 2598 1007 2640 mandavit

192 2645 247 2687 de
275 2653 328 2688 te.
372 2647 418 2697 Ru
459 2650 515 2691 Ut
542 2653 788 2694 custodiant
819 2659 862 2695 tc
890 2654 931 2695 in
963 2658 1006 2696 o·

190 2703 359 2745 mnibus
387 2705 466 2746 viis
493 2707 587 2748 tuis.

1118 297 1279 335 Quando
1314 297 1360 330 ud
1395 296 1621 330 Matutinum
1659 296 1773 330 dictae
1810 302 1897 331 sunt

1077 355 1218 386 preces,
1244 346 1353 378 flexis
1379 345 1541 386 genibus
1568 344 1706 378 dicitur

1171 405 1263 457 yrie
1296 405 1471 446 eleison.
1517 404 1690 446 Christe
1722 403 1898 447 eleison.

1206 461 1331 513 Kytie
1359 461 1533 503 eleison.

1135 522 1256 563 l‘ater
1281 526 1441 563 noster.
1467 530 1649 565 secreto.

1126 574 1174 625 δ”.
1200 582 1256 623 Et
1283 595 1336 624 ne
1365 595 1445 623 nos
1475 581 1656 623 inducas
1688 581 1732 623 in
1758 586 1896 625 tenta·

1072 638 1246 679 tionem.
1277 642 1322 692 R».
1347 638 1434 680 Sed
1452 638 1590 680 libera
1616 650 1698 680 nos
1725 651 1751 680 a
1768 639 1896 682 malo.

1126 695 1173 742 X'.
1200 695 1387 737 Domine
1412 695 1532 736 Deus
1559 695 1771 737 virtutum
1795 708 1895 738 con-

1072 752 1192 792 verte
1225 763 1317 792 nos.
1364 756 1412 806 Ιζι.
1440 751 1497 793 Et
1528 751 1712 794 ostende
1739 752 1896 794 faciem

1070 811 1200 857 tuam,
1229 812 1272 849 et
1299 808 1407 849 salvi
1436 808 1607 849 erimus.

1122 862 1170 913 ,Υ
1198 864 1398 916 Exsurge
1418 864 1599 915 Christe,
1627 865 1784 918 adjuva
1801 877 1895 907 nos.

1072 923 1118 974 Ιζι.
1147 920 1204 962 Et
1236 920 1373 962 libera
1405 933 1486 963 nos
1519 926 1704 974 propter
1733 934 1894 964 nomen

1070 981 1201 1017 tuum.

1123 1031 1169 1082 ,Υ’.
1215 1034 1401 1076 Domine
1446 1034 1606 1077 exaudi
1650 1035 1894 1078 orationem

1069 1102 1221 1131 meam,
1256 1093 1304 1144 Rg.
1333 1091 1390 1133 Et
1421 1091 1587 1134 clamor
1613 1104 1738 1134 meus
1765 1092 1824 1135 ad
1849 1097 1894 1135 te

1068 1146 1223 1188 veniat.

1120 1199 1167 1250 ,Υ’.
1213 1203 1427 1246 Dominus
1462 1204 1702 1247 vobiscum.
1749 1207 1800 1260 R.
1836 1205 1894 1248 Et

1069 1271 1166 1299 cum
1186 1260 1340 1312 spiritu
1358 1266 1445 1303 tuo.

1112 1320 1282 1356 Oremus.
1327 1321 1458 1355 Oratio
1484 1321 1731 1356 conveniens.

1118 1375 1268 1428 Temp.
1289 1378 1507 1419 Passionis
1534 1379 1575 1418 in
1602 1377 1739 1420 feriali
1766 1377 1891 1419 Offic.

1068 1431 1165 1472 Ant.
1195 1432 1417 1486 Numquid
1442 1434 1640 1477 redditur
1662 1447 1746 1489 pro
1771 1435 1890 1478 bono

1066 1489 1245 1539 malum,
1298 1490 1399 1543 quia
1452 1491 1659 1534 foderunt
1717 1492 1892 1534 foveam

1065 1545 1221 1587 animae
1250 1560 1372 1588 meae.

1167 1624 1422 1676 Capitulum.
1502 1626 1657 1667 Jercm.
1673 1626 1730 1666 18.
1747 1625 1786 1667 d.

1063 1686 1355 1793 Recordare
1375 1695 1495 1748 quod
1512 1696 1711 1739 steterim
1728 1694 1773 1738 in
1788 1709 1889 1740 con-

1166 1751 1320 1802 spectu
1334 1756 1421 1803 tuo,
1441 1757 1489 1794 ut
1502 1752 1708 1806 loquerer
1726 1766 1810 1807 pro
1825 1753 1888 1796 eis

1063 1803 1242 1856 bonum,
1280 1813 1323 1849 et
1354 1811 1598 1852 averterem
1631 1809 1888 1862 indignatio-

1061 1872 1162 1902 nem
1187 1866 1307 1905 tuam
1334 1864 1388 1907 ab
1417 1866 1491 1907 eis.

1118 1924 1166 1975 Ra
1191 1924 1251 1964 br.
1284 1925 1352 1967 Ne
1376 1926 1538 1979 perdas
1566 1940 1666 1969 cum
1692 1927 1838 1981 impiis
1863 1931 1886 1955 ¹*

1062 1979 1182 2041 Deus
1208 1981 1395 2024 animam
1425 1997 1578 2026 meam.
1618 1984 1686 2027 Ne
1713 1983 1887 2038 perdas.

1065 2034 1111 2080 Y.
1137 2035 1194 2077 Et
1217 2050 1316 2079 cum
1341 2039 1445 2081 viris
1469 2041 1730 2094 sanguinum
1750 2041 1887 2083 vitam

1061 2104 1213 2154 meam.
1241 2094 1372 2136 Deus.
1401 2095 1467 2138 Ne
1486 2097 1659 2150 perdas.

1114 2148 1163 2193 Υ.
1188 2149 1320 2203 Eripe
1339 2165 1409 2194 me
1424 2153 1613 2196 Domine
1633 2153 1688 2195 ab
1707 2153 1882 2196 homine

1060 2203 1186 2246 malo.
1220 2206 1270 2257 R'-
1300 2207 1341 2248 A
1365 2209 1459 2250 viro
1485 2210 1635 2263 iniquo
1661 2211 1781 2264 eripe
1803 2223 1885 2252 me.

1118 2263 1250 2317 Kyrie
1269 2267 1443 2311 eleison.
1459 2274 1505 2309 ut
1524 2283 1666 2322 supra.

1104 2324 1273 2362 Oremus.
1321 2327 1452 2363 Oratio
1471 2331 1718 2365 conveniens.

1112 2376 1160 2416 In
1205 2378 1442 2421 Dominicis
1486 2382 1638 2435 Temp.
1684 2381 1883 2423 Paschah’

1062 2433 1158 2473 Ant.
1205 2435 1409 2488 Alleluia,
1459 2439 1651 2491 alleluja,
1701 2440 1884 2493 alleluja,

1059 2489 1240 2542 alleluja.

1110 2550 1232 2593 Capit.
1258 2561 1386 2594 propr.
1412 2553 1458 2586 dc
1483 2554 1682 2598 Tempore.

1110 2601 1260 2653 Temp.
1281 2601 1477 2643 Paschuli
1500 2605 1539 2645 in
1567 2607 1701 2647 feriali
1723 2607 1881 2648 Officio

1062 2657 1157 2697 Ant.
1209 2659 1412 2711 Alleluia,
1460 2661 1650 2715 alleluja,
1699 2665 1881 2718 alleluja,

1059 2713 1237 2766 alleluja.
