2066 2956
531 206 705 240 Officium
734 206 903 240 votivum
930 205 976 239 dc
1002 207 1058 239 Ss.
1083 205 1337 240 Eucharistiae
1362 206 1619 239 Sacramento.

219 320 392 355 manna,
415 319 496 347 nos
517 305 648 347 aliud:
673 303 913 357 spiritalem
933 314 1049 351 vero,

220 375 351 414 quam
375 375 473 411 nos,
502 360 581 403 sed
604 366 753 414 patres
778 360 935 409 nostri,
962 371 1050 400 non

220 425 367 472 patres
387 419 577 467 illorum,
605 418 762 470 quibus
788 429 869 458 nos
888 415 1049 457 similes

220 489 386 525 sumuS,
419 489 506 517 non
534 475 691 527 quibus
717 474 778 515 illi
802 473 964 514 similes
988 471 1048 512 fu-

220 535 355 574 erunt.
385 533 440 574 Et
458 531 667 585 adjungit:
686 531 742 572 Et
762 542 913 572 omnes
934 531 1049 569 eum-

220 588 320 630 dem
362 595 517 642 potum
560 587 800 641 spiritalem
836 585 1050 627 biberunt.

221 646 354 688 Aliud
373 646 450 695 illi,
471 645 590 687 aliud
609 658 704 694 nos,
726 643 804 686 sed
825 642 971 696 specie
991 642 1049 682 vi-

221 702 334 744 sibili
355 702 550 755 quidem,
578 708 722 744 tamen
748 700 834 741 hoc
856 698 974 740 idem
998 698 1050 738 si-

220 760 452 810 gnificante
490 759 650 800 virtute
687 756 882 810 spiritali.
936 755 1050 805 Quo-

220 815 354 858 modo
389 816 502 857 enim
532 814 735 856 eumdem
763 810 940 866 potum?
982 811 1050 852 Bi—

222 873 394 922 be'bant,
414 872 564 923 inquit,
585 871 639 913 de
658 870 853 924 spiritali,
871 870 1051 920 sequen-

219 935 263 971 te
279 935 418 982 petra:
438 934 565 981 petra
580 934 725 969 autem
739 932 831 968 erat
843 925 1051 967 Christus.

220 985 328 1027 Inde
348 986 484 1038 panis,
504 983 604 1026 inde
620 989 767 1037 potus:
786 984 917 1024 Petra
933 981 1050 1022 Chri-

222 1048 314 1084 stus
351 1043 394 1083 in
432 1042 574 1093 signo,
610 1054 740 1082 verus
775 1039 972 1081 Christus
1009 1038 1052 1078 in

221 1098 373 1148 verbo,
409 1104 452 1140 et
484 1098 527 1138 in
560 1109 701 1139 carne.
740 1096 798 1137 Et
827 1093 1051 1147 quomodo

224 1153 451 1196 biberunt?
506 1155 721 1196 Permissa
749 1158 815 1194 est
843 1157 969 1204 petra
997 1149 1052 1192 de

222 1212 343 1261 virga
367 1211 445 1253 bis.
483 1211 667 1252 Gemina
691 1209 936 1262 permissio,
963 1207 1051 1249 duo

222 1267 337 1319 ligna
357 1268 497 1309 crucis
517 1266 742 1318 significat.

278 1335 328 1386 Ιζι.
352 1333 435 1383 Qui
453 1331 699 1374 manducat.
720 1330 836 1383 [250]

513 1410 663 1451 Lectio
684 1410 768 1449 viii.

225 1476 445 1582 Norunt
464 1484 618 1527 fideles
640 1497 801 1536 corpus
822 1482 997 1532 Christi,
1018 1483 1053 1524 si

335 1555 496 1595 corpus
527 1541 688 1582 Christi
719 1553 807 1581 non
834 1539 1054 1590 negligant

223 1612 330 1641 6886.
372 1599 498 1640 Fiant
522 1611 684 1650 corpus
709 1596 885 1646 Christi,
919 1596 954 1637 si
979 1608 1052 1637 vo-

222 1656 315 1698 lunt
339 1658 485 1697 vivere
513 1654 567 1696 de
592 1654 755 1706 Spiritu
775 1652 944 1695 Christi.
985 1652 1052 1693 De

223 1713 387 1765 Spiritu
407 1711 566 1753 Christi
591 1723 678 1751 non
704 1710 826 1759 vivit,
854 1709 936 1750 nisi
961 1721 1053 1750 601-

223 1782 307 1821 pus
329 1768 498 1810 Christi.
530 1767 764 1818 Intelligite
783 1766 939 1807 fratres
958 1765 1054 1815 mei,

226 1825 331 1876 quid
356 1824 550 1866 dixerim.
595 1825 744 1865 Homo
770 1836 832 1872 es,
864 1827 908 1863 et
931 1822 1053 1874 spiri-

224 1887 318 1923 tum
337 1881 484 1930 1131168,
505 1886 548 1922 61
567 1893 729 1932 60111118
747 1878 895 1921 1131168.
923 1877 1054 1930 Spiri-

224 1944 316 1979 tum
337 1937 448 1986 dico,
469 1950 568 1989 quae
589 1937 732 1977 anima
750 1937 945 1984 vocatur,
970 1946 1056 1986 qua

227 1999 403 2035 constas
441 1991 562 2045 quod
597 1992 730 2034 homo
773 2004 835 2033 es:
880 1995 1056 2032 constas

226 2050 340 2092 enim
361 2063 415 2092 ex
435 2050 588 2099 anima,
611 2054 655 2090 et
674 2051 873 2101 corpore.
905 2046 1057 2089 Habes

226 2107 341 2148 enim
364 2106 566 2159 spiritum
587 2104 866 2153 invisibilem,
894 2116 1057 2156 corpus

227 2162 409 2205 visibile.
441 2162 524 2203 Dic
543 2161 663 2211 mihi,
690 2160 795 2213 quid
815 2173 869 2201 ex
890 2172 977 2212 quo
998 2160 1056 2201 vi-

228 2217 322 2261 vat?
346 2219 532 2272 Spiritus
551 2223 652 2260 tuus
670 2217 777 2259 vivit
796 2230 851 2258 ex
870 2219 1057 2269 corpore

226 2282 315 2325 tuo,
331 2289 386 2316 an
401 2287 563 2328 corpus
578 2279 702 2316 tuum
716 2286 771 2315 ex
787 2273 941 2326 spiritu
956 2271 1057 2314 tuo?

229 2331 487 2384 Respondet
520 2331 678 2381 omnis,
719 2330 794 2382 qui
825 2329 946 2371 vivit:
986 2329 1059 2381 qui

230 2394 375 2429 autem
394 2387 480 2429 1106
503 2401 591 2429 11011
611 2392 760 2440 1101681
779 2384 1059 2439 respondere,

219 2444 378 2485 nescio
416 2444 450 2485 si
489 2445 607 2486 vivit.
669 2443 785 2493 Quid
820 2440 1060 2494 respondet

232 2500 385 2549 omnis,
419 2501 493 2551 qui
525 2499 655 2542 vivit?
703 2500 874 2552 Corpus
909 2498 1059 2550 utique

231 2569 376 2596 mcum
408 2557 513 2598 vivit
546 2556 601 2598 de
635 2557 791 2609 spiritu
822 2568 934 2596 meo.
979 2554 1060 2595 Vis

233 2624 338 2662 ergo
365 2618 407 2653 61
434 2618 481 2654 111
507 2615 653 2654 ν1ν616
678 2612 733 2655 (16
757 2612 920 2665 Spiritu
941 2610 1059 2652 Chri-

233 2666 312 2709 sti?
341 2668 390 2708 111
410 2671 596 2720 corpore
619 2675 714 2711 esto
735 2668 905 2709 Christi.

290 2729 340 2779 Rz.
362 2733 479 2775 Misit
499 2748 567 2775 me
587 2735 749 2776 vivens.
768 2732 885 2785 [250]

1402 299 1555 340 Lectio
1584 300 1637 338 ix.

1103 354 1380 460 Numquid
1399 361 1514 402 enim
1534 372 1695 412 corpus
1713 360 1860 400 meum'
1873 357 1931 399 vi-

1206 419 1269 460 vit
1289 417 1344 460 de
1364 417 1519 470 spiritu
1536 415 1636 458 tuo?
1661 415 1807 456 Meum
1826 413 1933 456 vivit

1104 474 1159 517 de
1179 475 1334 528 spiritu
1352 486 1469 524 meo,
1495 478 1539 515 et
1560 478 1684 515 tuum
1703 470 1758 514 de
1778 471 1934 525 spiritu

1103 537 1191 573 tuo.
1248 531 1349 573 Non
1394 535 1544 583 potest
1577 532 1725 570 vivere
1771 538 1933 581 corpus

1106 588 1280 638 Christi,
1303 587 1385 628 nisi
1405 587 1460 628 de
1478 586 1643 638 Spiritu
1663 583 1833 628 Christi.
1866 583 1933 624 In-

1105 639 1160 682 de
1179 646 1261 690 est,
1281 639 1401 692 quod
1421 641 1645 691 exponens
1664 637 1793 680 nobis
1808 637 1930 689 Apo-

1105 697 1243 739 stolus
1270 696 1432 738 Paulus
1461 695 1576 736 hunc
1603 707 1775 747 panem:
1811 693 1933 736 Unus

1104 755 1247 808 panis,
1274 754 1432 806 inquit,
1464 766 1598 794 unum
1623 764 1784 804 corpus
1809 749 1934 792 multi

1105 825 1264 853 sumus.
1293 811 1331 852 O
1353 811 1673 852 sacramentum
1689 807 1883 861 pietatiS‚
1906 819 1933 848 0

1105 869 1275 920 signum
1303 868 1499 917 unitatis,
1528 880 1554 908 o
1582 865 1803 908 vinculum
1829 863 1933 906 cari-

1104 925 1223 967 tatis!
1265 925 1349 976 Qui
1377 924 1471 966 vult
1498 926 1662 973 vivere,
1694 921 1828 964 habet
1858 919 1934 962 ubi

1105 982 1240 1031 vivat,
1267 981 1400 1023 habet
1423 979 1538 1022 unde
1558 980 1687 1022 vivat.
1727 976 1934 1027 Accedat,

1105 1037 1266 1089 credat,
1286 1038 1602 1090 incorporetur,
1617 1041 1666 1078 ut
1680 1034 1934 1077 vivificetur.

1104 1095 1206 1137 Non
1239 1094 1475 1137 abhorreat
1508 1106 1533 1134 a
1562 1094 1776 1145 compage
1803 1103 1934 1132 mem-

1104 1151 1303 1201 brorum,
1336 1164 1423 1192 non
1452 1150 1508 1192 sit
1534 1155 1664 1203 putre
1690 1147 1935 1190 membrum

1106 1208 1227 1260 quod
1259 1207 1450 1250 resecari
1481 1209 1719 1256 mereatur,
1760 1217 1849 1246 non
1880 1203 1936 1246 sit

1107 1264 1351 1314 distortum,
1372 1263 1427 1306 de
1445 1276 1532 1316 quo
1549 1261 1845 1304 erubescatur.
1869 1260 1935 1302 Sit

1105 1321 1352 1374 pulchrum,
1391 1320 1446 1362 sit
1480 1325 1647 1373 aptum,
1679 1318 1735 1360 sit
1767 1329 1935 1359 sanum:

1105 1378 1271 1419 haereat
1291 1376 1478 1430 corpori,
1497 1377 1616 1418 vivat
1635 1375 1732 1417 Deo
1753 1373 1808 1416 de
1825 1373 1935 1415 Deo.

1104 1435 1232 1476 Nunc
1263 1433 1435 1476 laboret
1467 1433 1511 1474 in
1537 1439 1671 1483 terra,
1702 1435 1751 1473 ut
1777 1433 1935 1484 postea

1106 1496 1259 1543 regnet
1278 1491 1321 1532 in
1342 1490 1469 1532 coelo.
1670 1494 1674 1496 ’
1842 1504 1845 1505 ’

1160 1560 1223 1600 Τ6
1243 1557 1386 1598 Deum
1403 1555 1645 1597 laudamus.
1663 1554 1723 1595 15.

1372 1644 1452 1686 Ad
1472 1643 1670 1686 Laudes

1316 1711 1335 1735 6
1353 1705 1367 1735 1
1406 1709 1430 1743 p
1448 1709 1468 1733 e
1484 1709 1503 1732 r
1539 1697 1576 1732 H
1594 1708 1616 1733 o
1634 1708 1652 1732 r
1668 1708 1690 1731 a
1707 1706 1735 1731 s.

1163 1765 1261 1804 Ant.
1279 1763 1306 1802 1.
1326 1759 1549 1813 Sapientia
1562 1760 1585 1784 *
1602 1756 1838 1799 aedificavit
1852 1754 1936 1799 sibi

1108 1818 1304 1867 domum,
1331 1815 1505 1858 miscuit
1528 1815 1692 1864 vinum,
1719 1818 1764 1855 et
1786 1812 1936 1866 posuit

1108 1887 1314 1916 mensam.

1161 1942 1229 1982 Ps.
1259 1938 1470 1981 Dominus
1495 1936 1707 1989 regnavit.
1728 1937 1788 1977 16.

1163 2007 1200 2046 2.
1234 2004 1501 2056 Angelorum
1530 2015 1631 2044 esca
1662 2003 1685 2028 *
1717 1999 1938 2042 nutrivisti

1109 2061 1322 2116 populum
1344 2066 1478 2111 tuum,
1502 2066 1547 2102 et
1568 2071 1728 2112 panem
1747 2057 1802 2099 de
1821 2055 1935 2099 coelo

1109 2117 1355 2172 praestitisti
1374 2118 1447 2160 eis.
1888 2130 1891 2133 “

1164 2186 1200 2223 3.
1228 2183 1402 2234 Pinguis
1423 2187 1489 2224 est
1509 2180 1635 2234 panis
1653 2181 1677 2206 *
1699 2178 1872 2227 Christi,
1893 2181 1937 2219 et

1110 2240 1326 2294 praebebit
1345 2238 1525 2281 delicias
1544 2235 1729 2288 regibus.

1165 2309 1203 2347 4.
1227 2304 1490 2346 Sacerdotes
1510 2301 1651 2344 sancti
1670 2302 1693 2328 *
1714 2301 1938 2341 incensum

1112 2369 1155 2404 ct
1174 2374 1311 2415 panes
1332 2359 1521 2402 offerunt
1539 2358 1648 2400 Deo.

1166 2428 1203 2466 5
1232 2425 1434 2466 Vincenti
1464 2423 1580 2465 dabo
1608 2425 1631 2450 *
1657 2434 1814 2463 manna
1842 2419 1937 2461 abs-

1112 2482 1348 2529 conditum,
1369 2486 1412 2523 et
1431 2493 1591 2522 nomen
1610 2491 1784 2520 novum.

1168 2558 1426 2611 Capitulum.
1630 2556 1658 2594 1.
1675 2554 1771 2594 Cor.
1788 2553 1836 2592 ll.
1852 2563 1886 2591 e.

1192 2623 1344 2660 ratres:
1372 2617 1466 2666 Ego
1490 2614 1603 2656 enim
1627 2612 1777 2664 accepi
1801 2624 1827 2651 3
1849 2611 1936 2651 Do-

1211 2675 1347 2723 mino,
1381 2671 1501 2725 quod
1533 2676 1577 2712 et
1607 2667 1769 2711 tradidi
1801 2666 1938 2715 vobis,

1115 2732 1320 2784 quoniam
1356 2728 1572 2770 Dominus
1606 2726 1734 2767 Jesus
1771 2724 1816 2764 in
1852 2735 1939 2774 qua
