2028 2892
734 171 844 205 Fer-ia
873 184 903 206 v.
932 174 965 206 in
994 174 1114 208 Coena
1140 176 1305 210 Domini.

176 265 328 307 mundi
373 265 500 314 dixit,
554 268 799 307 amatorum
843 267 1006 308 mundi:

176 321 328 362 mundi
355 321 480 370 dixit,
508 321 744 373 impiorum
773 327 815 363 et
840 323 1005 374 iniquo-

176 390 287 418 rum:
325 376 477 418 mundi
509 376 635 426 dixit,
678 377 733 419 de
772 390 859 430 quo
900 379 1007 420 dicit

175 432 476 484 Evangelium:
503 433 560 474 Et
582 433 771 474 mundus
796 446 895 475 eum
918 447 1006 476 non

175 489 393 540 cognovit.

224 545 276 596 Rz.
304 545 330 586 J
331 545 442 586 udas
466 547 686 587 mercator
704 546 918 598 pessimus
938 549 1005 587 os-

177 600 275 642 culo
295 601 423 653 petiit
440 601 692 642 Dominum:
711 601 783 643 ille
802 606 851 643 ut
870 615 1005 653 agnus
1062 602 1109 655 'gg
1125 604 1145 626 5‘·

175 658 387 698 innocens
414 670 502 698 non
528 658 705 708 negevit
729 658 753 698 J
756 657 856 698 udae
884 660 1005 699 escu-

175 711 281 752 lum:
303 712 325 735 *
353 713 647 754 Denariorum
674 716 857 754 numero
886 714 1005 755 Chri-

176 772 294 809 stum
308 768 332 809 J
334 768 472 810 udaeis
487 768 680 810 tradidit.
698 764 746 815 Y.
768 769 925 810 Melius
943 770 1005 810 illi

177 828 286 874 erat,
319 824 357 864 si
387 828 516 865 natus
543 836 632 865 non
659 825 823 866 fuisset.
862 826 1004 867 Dena-

174 878 350 921 riorum.

471 932 624 972 Lectio
650 932 703 971 vi.

261 992 439 1033 uoniam
449 991 539 1033 vidi
548 992 834 1043 iniquitatem,
850 997 894 1033 et
905 1004 1004 1034 con-

278 1048 586 1089 tradictionem
616 1048 660 1088 in
694 1048 881 1089 civitate.
928 1049 1004 1089 At-

175 1104 308 1146 tende
335 1104 520 1155 gleriam
548 1104 689 1145 crucis
716 1104 865 1156 ipsius.
909 1104 1005 1145 Jam

173 1160 219 1201 in
242 1160 386 1202 fronte
410 1172 563 1212 regum
588 1173 695 1201 crux
719 1159 793 1200 illa
815 1160 904 1200 fixa
928 1166 1004 1211 est,

174 1216 245 1257 cui
267 1216 431 1257 inimici
449 1215 777 1257 insultaverunt.
810 1216 1004 1257 Effectus

173 1271 382 1325 probavit
405 1272 626 1314 virtutem:
655 1271 825 1313 demuit
851 1272 1004 1314 orbem

172 1340 263 1370 non
282 1328 415 1379 ferro,
442 1328 522 1370 sed
539 1328 671 1379 ligno.
703 1328 891 1379 Lignum
911 1341 1003 1369 cru-

174 1385 237 1426 cis
265 1384 541 1426 contumeliis
567 1384 748 1435 dignum
771 1384 912 1425 visum
938 1389 1004 1426 est

173 1441 371 1490 inimicis,
387 1446 431 1482 et
445 1445 545 1482 ante
559 1440 704 1492 ipsum
714 1440 879 1490 lignum
889 1445 1002 1482 stan-

173 1501 240 1538 tes
268 1501 402 1548 caput
428 1495 669 1547 agitAbant,
707 1500 750 1537 et
783 1495 1003 1537 dicebant:

173 1552 219 1594 Si
253 1552 390 1593 Filius
426 1552 511 1593 Dei
548 1556 630 1601 est,
673 1551 912 1593 descendat
947 1551 1003 1593 de

175 1620 316 1650 cruce.
342 1607 623 1649 Extendebat
641 1607 714 1649 ille
732 1620 887 1648 manus
902 1621 1002 1648 suas

174 1664 232 1706 ad
249 1664 464 1717 populum
482 1676 571 1705 non
585 1663 837 1705 credentem
853 1669 896 1705 et
911 1675 1004 1704 con-

174 1719 471 1762 tradicentem.
489 1720 535 1761 Si
550 1720 666 1761 enim
679 1720 817 1771 justus
831 1723 908 1769 est,
930 1719 1004 1771 qui

176 1788 230 1817 ex
254 1775 343 1818 fide
367 1776 493 1825 vivit,
520 1775 697 1828 iniquus
724 1780 792 1816 est
817 1775 892 1827 qui
914 1788 1003 1816 non

173 1831 308 1873 habet
338 1831 483 1873 fidem.
529 1831 660 1881 Quod
692 1843 797 1881 ergo
829 1830 901 1872 hic
933 1831 1002 1881 ait,

174 1887 465 1940 iniquitetem3
518 1886 750 1940 perfidiam
798 1886 1004 1937 intellige.

174 1942 368 1985 Videbat
393 1956 495 1995 ergo
519 1943 735 1984 Dominus
758 1942 802 1982 in
825 1942 1003 1984 civitate

175 1998 453 2051 iniquitAtem
472 2003 517 2040 et
536 1997 939 2047 contradictionem,
960 2002 1003 2039 et

177 2053 444 2097 extendebat
472 2067 626 2096 manus
655 2066 756 2095 suas
782 2053 839 2095 ad
863 2056 1002 2106 popu-

175 2109 266 2151 lum
293 2123 382 2151 non
410 2110 679 2160 credentem,
716 2114 760 2151 et
787 2109 1002 2150 contradi-

176 2168 362 2208 centem:
391 2171 435 2208 et
462 2171 609 2208 tamen
637 2170 681 2207 et
705 2166 827 2218 ipsos
852 2166 1002 2216 exspe-

177 2226 300 2263 ctans
321 2220 510 2263 dicebat:
536 2222 683 2271 Pater,
711 2221 890 2272 ignosce
908 2220 1002 2269 illis,

177 2278 279 2330 quia
297 2278 496 2319 nesciunt
517 2277 622 2329 quid
640 2277 814 2318 faciunt.

228 2334 280 2384 Rz.
305 2334 429 2375 Unus
458 2346 513 2374 ex
537 2332 763 2384 discipulis
786 2332 894 2373 meis
919 2336 1002 2372 tra-

178 2389 253 2431 det
279 2401 351 2430 me
377 2388 526 2430 hodie:
561 2389 644 2430 Vae
675 2388 737 2428 illi
765 2400 844 2440 per
873 2399 1004 2438 quem

177 2444 327 2486 tradar
347 2457 445 2494 ego:
461 2445 482 2467 *
498 2443 654 2484 Melius
672 2443 734 2484 illi
754 2447 856 2491 erat,
877 2443 914 2482 si
932 2454 1001 2482 na-

176 2504 248 2541 tus
266 2512 354 2541 non
373 2500 535 2540 fuisset.
560 2494 609 2544 Y.
633 2499 716 2548 Qui
730 2498 905 2548 intingit
917 2509 1002 2538 me-

177 2566 277 2596 cum
295 2568 473 2596 manum
495 2555 538 2595 in
557 2553 813 2607 paropside,
840 2553 910 2593 hic
933 2565 1003 2593 me

177 2611 419 2652 traditurus
452 2616 518 2652 est
550 2611 594 2650 in
621 2623 774 2650 manus
802 2610 1003 2661 peccatos

177 2678 283 2707 rum.
316 2667 472 2707 Melius
491 2666 565 2706 illi.
601 2666 733 2707 Unus.

333 2805 397 2832 Pars
414 2806 507 2832 Verna.

1818 176 1883 211 221

1274 272 1321 309 In
1343 273 1412 311 III.
1435 275 1655 314 Nocturno.

1105 333 1203 374 Ant.
1246 332 1351 373 Dixi
1379 333 1553 385 iniquis:
1586 334 1734 376 Nolite
1762 335 1883 387 loqui

1060 387 1271 429 adversus
1289 389 1432 430 Deum
1450 390 1732 442 iniquitatem.

1330 463 1522 501 l‘salmus
1545 463 1607 502 74.

1063 521 1454 577 ,³“5,sonfitebimur
1478 523 1556 565 tibi
1581 523 1716 565 Deus:
1734 525 1758 550 *
1783 538 1881 566 con-

1093 563 1170 615 (9ιῖ1
1190 577 1419 629 fitebimur,
1438 584 1481 620 et
1495 579 1794 621 invocabimus
1808 593 1882 622 no-

1186 646 1286 674 men
1305 639 1438 676 tuum.

1109 688 1395 731 Narrabimus
1414 690 1627 732 mirabilia
1642 696 1732 732 tua:
1746 692 1769 717 *
1785 705 1882 733 cum

1059 746 1270 796 accepero
1295 751 1484 799 tempus,
1513 760 1594 798 ego
1618 748 1802 799 justitias
1825 748 1882 798 ju-

1059 799 1228 842 dicabo.

1110 856 1368 908 Liquefeicta
1396 863 1463 900 est
1490 863 1623 909 terra,
1661 865 1704 901 et
1732 872 1881 901 omnes

1060 912 1134 963 qui
1164 912 1363 955 habitant
1395 914 1439 954 in
1472 927 1537 956 ea:
1563 915 1587 941 *
1613 928 1695 966 ego
1730 916 1882 957 confir-

1057 969 1174 1009 mavi
1193 969 1417 1011 columnas
1439 971 1539 1021 eius.

1108 1024 1212 1064 Dixi
1227 1025 1401 1076 iniquis:
1415 1025 1563 1067 Nolite
1578 1027 1724 1078 inique
1739 1029 1884 1078 egere:

1058 1079 1081 1104 *
1110 1084 1154 1120 et
1183 1080 1553 1133 delinquentibus:
1592 1082 1739 1123 Nolite
1770 1083 1882 1124 exal-

1057 1137 1153 1176 tare
1173 1148 1325 1177 cornu:
1390 1135 1392 1141 ‘

1108 1190 1257 1233 Nolite
1282 1192 1492 1234 extoHere
1521 1193 1564 1233 in
1588 1193 1723 1234 altum
1747 1206 1882 1235 cornu

1058 1252 1265 1288 vestrum:
1297 1249 1321 1274 *
1353 1249 1487 1291 nolite
1519 1249 1641 1301 loqui
1673 1249 1881 1291 adversus

1056 1303 1200 1344 Deum
1219 1305 1502 1357 iniquitatem.

1109 1360 1221 1409 Quia
1239 1374 1380 1413 neque
1400 1362 1454 1403 ab
1468 1362 1654 1411 Oriente,
1673 1375 1814 1415 neque
1826 1362 1880 1404 ab

1057 1415 1313 1466 Occidente,
1341 1430 1483 1469 neque
1507 1431 1532 1458 a
1558 1418 1742 1459 desertis
1762 1421 1880 1459 men-

1055 1470 1190 1512 tibus:
1209 1472 1232 1497 *
1253 1472 1458 1524 queniam
1477 1473 1597 1514 Deus
1616 1472 1745 1525 judex
1765 1479 1841 1515 est.

1108 1527 1237 1568 Hunc
1261 1528 1473 1578 humiliat,
1500 1534 1543 1570 et
1564 1529 1679 1570 hunc
1703 1529 1879 1571 exffltat:

1055 1583 1079 1609 *
1105 1583 1206 1635 quia
1230 1584 1342 1624 calix
1367 1585 1411 1624 in
1434 1598 1565 1626 manu
1589 1585 1767 1626 Demini
1791 1585 1879 1626 vini

1054 1639 1163 1680 meri
1181 1639 1335 1691 plenus
1353 1641 1494 1682 misto.

1106 1696 1162 1736 Et
1185 1695 1407 1737 inclinavit
1433 1709 1487 1738 ex
1510 1696 1596 1738 hoc
1619 1696 1662 1737 in
1686 1696 1785 1738 hoc:
1810 1709 1878 1738 ve-

1055 1754 1299 1792 rumtamen
1322 1752 1408 1792 faex
1431 1753 1522 1804 ejus
1544 1765 1632 1793 non
1652 1757 1718 1794 est
1737 1752 1878 1794 exina-

1054 1809 1160 1848 nita:
1192 1807 1216 1833 *
1247 1807 1398 1849 bibent
1437 1820 1588 1849 omnes
1620 1810 1877 1860 peccateres

1055 1867 1195 1904 terrae.

1106 1919 1202 1970 Ego
1226 1924 1371 1961 autem
1395 1919 1659 1961 annuntiabo
1682 1920 1725 1960 in
1745 1921 1877 1960 saecu-

1054 1974 1158 2015 lum:
1176 1975 1200 2000 *
1220 1974 1407 2017 cantabo
1426 1975 1524 2016 Deo
1542 1975 1691 2016 Jacob.

1106 2031 1163 2072 Et
1204 2031 1349 2072 emnia
1393 2033 1557 2072 cernua
1596 2032 1877 2082 peccaterum

1055 2086 1339 2137 confringam:
1358 2087 1381 2113 *
1401 2091 1445 2128 et
1463 2086 1766 2129 exaltabuntur
1785 2087 1876 2126 cor-

1054 2155 1141 2183 nua
1157 2143 1269 2194 justi.
1289 2199 1298 2207 ·
1335 2198 1344 2207 ⁶
1381 2197 1389 2207 ο
1429 2200 1438 2210 ‚

1055 2252 1266 2295 adversus
1284 2254 1427 2295 Deum
1445 2253 1724 2304 iniquitatem.

1109 2311 1209 2351 Ant.
1248 2311 1384 2351 Terra
1413 2308 1590 2350 tremuit
1622 2312 1666 2348 et
1699 2307 1877 2359 quievit,

1056 2364 1160 2405 dum
1179 2368 1433 2415 exsurgeret
1451 2364 1494 2404 in
1512 2362 1670 2414 judicio
1689 2363 1821 2404 Deus.

1330 2435 1526 2474 Psalmus
1548 2434 1610 2472 75.

1059 2489 1249 2593 Notus
1267 2499 1310 2538 in
1325 2498 1350 2538 J
1351 2496 1478 2538 udaea
1491 2496 1627 2561 Deus:
1641 2496 1664 2522 *
1679 2496 1722 2536 in
1741 2495 1877 2537 Israel

1158 2566 1361 2603 magnum
1378 2564 1536 2592 nomen
1556 2564 1657 2602 elus.

1106 2609 1163 2649 Et
1186 2609 1325 2649 factus
1350 2612 1416 2647 est
1435 2607 1478 2646 in
1500 2619 1610 2658 pace
1629 2607 1752 2648 locus
1772 2607 1877 2657 ejus:

1055 2664 1079 2690 *
1098 2669 1143 2705 et
1160 2663 1370 2704 habitatio
1391 2663 1480 2713 ejus
1499 2663 1542 2702 in
1561 2662 1675 2703 Sion.

1608 2789 1673 2823 15*
