2028 2892
542 168 611 201 Die
633 169 680 202 12.
703 168 837 201 Martii.
868 168 902 202 S.
928 168 1103 210 Gregorii
1123 168 1238 211 Papae
1262 168 1367 202 Conf.
1392 173 1427 201 ct
1449 168 1555 201 Doct.

211 263 261 303 In
280 262 537 314 pontificatu
555 261 691 303 multa
706 263 1031 305 successeribus

213 318 421 360 doctrinae
463 331 514 359 ac
554 318 797 360 sanctitatis
833 319 1032 372 exempla

213 375 398 427 reliquit.
450 375 710 426 Peregrinos
748 376 943 427 quotidie
976 375 1032 418 ad

211 444 406 472 mensam
437 431 685 473 adhibebat:
726 432 769 472 in
801 432 957 484 quibus
989 437 1033 474 et

212 487 437 539 Angelum,
458 494 501 530 et
515 488 749 530 Deminum
763 488 1032 539 Angelorum

212 545 430 597 peregrini
456 545 564 586 facie
591 545 770 597 accepit.
809 546 1031 598 Pauperes

215 606 258 642 et
289 601 478 642 urbanos
513 606 555 642 et
587 603 808 650 externos,
846 614 1032 654 quorum

212 660 438 699 numerum
458 656 720 710 descriptum
742 657 940 708 habebat,
960 658 1030 700 be-

211 716 339 764 nigne
366 713 649 756 sustentabat.
690 714 959 756 Catholicam
985 716 1031 756 fi-

213 770 312 812 dem
336 770 482 812 multis
506 770 614 812 locis
639 770 945 812 labefactatam
968 785 1030 813 re-

214 827 363 868 stituit.
394 827 507 868 Nam
532 827 785 869 Donatistas
808 827 853 868 in
872 828 1031 879 Africa,

212 883 399 925 Arianos
452 884 494 924 in
547 884 759 936 Hispania
810 887 1031 937 repressit:

214 940 424 991 Agnoitas
459 940 725 982 Alexandria
758 941 892 992 ejecit.
936 942 1030 983 Pal-

211 995 316 1037 lium
335 997 515 1049 Syagrio
535 997 921 1048 Augustodunensi
946 1001 1032 1051 epi-

213 1065 349 1105 scopo
371 1053 474 1095 dare
498 1053 653 1102 noluit,
680 1053 762 1094 nisi
785 1054 1032 1107 neephytos

211 1108 443 1151 haereticos
493 1110 732 1163 expeHeret
781 1123 834 1152 ex
879 1111 1032 1152 Gallia.

215 1165 387 1207 Gothos
431 1166 634 1208 haeresim
677 1167 870 1208 arianam
906 1167 1030 1209 relin-

215 1234 347 1274 quere
367 1223 519 1274 coegit.
546 1223 690 1264 Missis
705 1223 749 1263 in
763 1223 1031 1264 Britanniam

215 1278 357 1320 doctis
389 1284 433 1320 et
465 1280 625 1321 sanctis
656 1280 759 1321 viris
786 1280 1032 1330 Augustino

214 1334 258 1376 et
277 1334 371 1376 aliis
390 1335 629 1385 menachis,
652 1335 836 1377 insulam
855 1336 911 1378 ad
929 1337 954 1377 J
957 1349 1033 1378 esu

215 1390 374 1432 Christi
392 1391 524 1433 fidem
543 1393 769 1441 convertit,
788 1405 890 1434 vere
909 1405 934 1433 a
952 1393 1031 1434 Be-

214 1447 271 1488 da
318 1448 576 1500 presbytero
628 1449 798 1499 Angliae
850 1451 1032 1491 vocatus

215 1504 466 1556 Apestolus.
494 1505 518 1545 J
521 1505 642 1546 oafiis
656 1505 915 1558 patriarchae
932 1506 1034 1547 Con·

163 1599 166 1604 .
215 1561 589 1614 stantinopolitani
628 1561 855 1603 audaciam
890 1562 1033 1613 fregit,

215 1617 288 1670 qui
316 1617 398 1659 sibi
424 1618 679 1660 universalis
706 1618 916 1660 Ecclesiae
947 1621 1032 1671 epi-

214 1674 338 1726 scopi
376 1686 534 1716 nomen
577 1674 821 1725 arrogabat.
878 1675 1032 1716 Mauri-

213 1730 322 1772 tium
341 1730 660 1783 imperatorem,
685 1743 761 1772 eos
782 1731 856 1783 qui
875 1731 1034 1773 milites

213 1786 411 1837 fuissent,
434 1786 673 1828 monachos
692 1787 786 1829 fieri
804 1787 1033 1840 prohiben-

214 1847 313 1894 tem,
332 1856 357 1885 a
376 1844 589 1885 sententia
607 1843 829 1886 deterruit.

265 1900 316 1951 R.
350 1900 482 1941 Pesui
510 1899 771 1952 adjutorium
799 1912 929 1953 super
958 1913 1033 1953 po-

164 1956 166 1958 ’
212 1958 387 2006 tentem,
432 1961 476 1998 et
520 1956 708 1998 exaltavi
753 1957 938 1998 electum
979 1957 1034 1998 de

212 2012 341 2066 plebe
376 2025 488 2054 mea:
528 2011 549 2033 *
584 2012 738 2054 Manus
780 2013 894 2054 enim
933 2026 1031 2054 mea

213 2069 488 2111 auxiliabitur
522 2070 571 2111 ei.
613 2063 663 2114 V.
699 2070 851 2111 Inveni
885 2069 1029 2112 David

215 2138 387 2167 servum
418 2139 577 2176 meum,
614 2125 712 2167 eleo
749 2131 900 2168 sancto
933 2139 1032 2168 meo

214 2183 317 2223 unxi
345 2195 453 2224 eum.
494 2182 659 2224 Manus.

513 2237 661 2277 Lectio
682 2237 733 2277 vi.

213 2288 494 2393 Ecclesiam
540 2294 711 2337 ornavit
752 2295 1033 2336 sanctissimis

303 2352 508 2394 institutis
528 2357 571 2393 et
589 2351 768 2402 legibus.
790 2350 922 2403 Apud
940 2364 1034 2392 san-

215 2412 332 2448 ctum
346 2409 523 2450 Petrum
539 2410 691 2450 coacta
706 2406 885 2460 syrnon
899 2408 1034 2449 multa

215 2465 452 2506 constituit:
470 2465 512 2505 in
531 2465 593 2515 iis,
612 2465 671 2507 Ut
688 2465 730 2505 in
751 2463 882 2504 Missa
899 2464 1033 2516 Kyrie

215 2519 378 2561 eleison
402 2522 553 2563 nevies
577 2523 863 2574 repeteretur:
891 2526 938 2561 ut
964 2533 1033 2562 ex-

215 2580 282 2616 tra
301 2575 345 2617 id
363 2581 546 2630 tempus,
567 2578 685 2630 quod
705 2577 948 2619 continetur
962 2577 1033 2618 Se·
1090 2581 1151 2632 τῖῗῗ,

215 2633 487 2684 ptuagesima
506 2639 548 2675 et
568 2634 746 2683 Pascha,
769 2632 954 2684 Alleluia
973 2633 1032 2674 di-

214 2689 396 2729 ceretur:
428 2695 475 2731 ut
508 2690 742 2732 adderetur
774 2690 817 2730 in
848 2690 1033 2740 Canone⁷
1091 2682 1183 2709 ζ,

1083 260 1276 313 Diesque
1293 266 1469 303 nostros
1487 262 1530 303 in
1545 267 1621 303 tua
1634 275 1743 315 pace
1758 262 1901 316 dispe—

1083 330 1171 359 nas.
1206 318 1411 369 Litanias,
1438 319 1670 369 Stati6nes,
1698 324 1742 361 et
1767 320 1900 362 eccle-

1084 374 1305 416 siasticum
1328 375 1519 418 officium
1542 375 1672 417 auxit.
1705 376 1902 426 Quatuor

1084 431 1294 480 conciliis,
1318 432 1515 482 Nicaeno,
1540 432 1902 485 Constantinopo-

1082 487 1233 538 litano,
1269 488 1506 541 Ephesino,
1542 488 1901 539 Chalcedonensi‚

1083 548 1305 596 tamquam
1336 548 1523 598 quatuor
1548 546 1795 597 Evangeliis
1827 545 1902 587 ho-

1083 602 1236 643 norem
1254 601 1404 644 haberi
1422 603 1570 645 veluit.
1594 603 1828 656 Episcopis
1841 602 1901 644 Si-

1085 658 1214 708 ciliae,
1244 659 1317 711 qui
1342 671 1396 700 ex
1420 662 1598 712 antiqua
1621 659 1902 701 ecclesiarum

1085 715 1399 758 consuetudine
1418 717 1605 758 Romam
1628 717 1806 767 singulis
1830 717 1902 758 tri-

1085 772 1221 813 enniis
1250 772 1584 823 conveniebant,
1617 774 1767 825 quinto
1797 786 1900 826 quo-

1085 841 1169 881 que
1205 841 1318 870 anno
1356 830 1490 872 semel
1525 832 1672 872 venire
1710 829 1901 872 indulsit.

1084 885 1245 927 Multos
1270 885 1406 927 libros
1430 886 1631 928 confecit:
1664 899 1775 939 quos
1803 899 1902 928 cum

1085 941 1279 992 dictaret,
1298 945 1485 984 testatus
1503 948 1571 985 est
1583 943 1739 985 Petrus
1758 943 1902 986 diaco-

1083 1011 1182 1049 nus,
1215 1011 1262 1040 se
1285 999 1493 1051 Spiritum
1520 1006 1717 1042 sanctum
1741 1001 1901 1042 colum-

1084 1055 1152 1096 bae
1179 1056 1324 1108 specie
1349 1056 1393 1096 in
1417 1057 1507 1108 ejus
1532 1057 1676 1110 capite
1700 1069 1819 1110 saepe
1843 1058 1902 1099 vi-

1085 1111 1212 1154 disse.
1239 1112 1526 1154 Admirabilia
1545 1118 1645 1156 sunt
1664 1126 1762 1166 quae
1782 1114 1903 1165 dixit,

1084 1168 1202 1217 fecit,
1220 1169 1409 1221 scripsit,
1429 1169 1638 1219 decrevit,
1657 1171 1903 1223 praesertim

1083 1224 1253 1266 infirma
1269 1238 1441 1278 semper
1456 1231 1499 1268 et
1513 1239 1629 1278 aegra
1643 1227 1903 1269 valetudine.

1085 1281 1169 1331 Qui
1193 1280 1380 1334 denique
1404 1282 1551 1324 multis
1574 1283 1702 1325 editis
1722 1284 1903 1326 miracu-

1083 1338 1155 1387 lis,
1182 1338 1462 1390 pontificatus
1486 1352 1599 1381 anno
1625 1339 1796 1382 decimo
1819 1343 1903 1382 ter-

1083 1395 1158 1443 tio,
1176 1407 1324 1437 mense
1340 1401 1476 1446 sexto,
1495 1395 1566 1438 die
1581 1396 1763 1448 decimo,
1779 1410 1903 1449 quar-

1083 1456 1131 1493 to
1157 1451 1261 1493 Idus
1285 1452 1445 1502 Martii,
1485 1453 1558 1505 qui
1588 1452 1682 1495 dies
1714 1453 1851 1496 festus
1878 1467 1904 1496 a

1085 1508 1254 1549 Graecis
1300 1509 1428 1550 etiam
1472 1515 1656 1562 propter
1691 1510 1904 1562 insignem

1083 1564 1208 1617 hujus
1223 1565 1446 1608 Pontificis
1465 1566 1722 1619 sapientiam
1739 1579 1790 1609 ac
1809 1580 1903 1609 san-

1085 1621 1279 1663 ctitatem
1294 1625 1517 1676 praecipuo
1532 1623 1698 1666 honere
1713 1624 1903 1666 celebra-

1084 1682 1170 1728 tur,
1220 1678 1277 1720 ad
1322 1678 1546 1721 coelestem
1589 1679 1903 1723 beatitudinem
1927 1691 1934 1698 “

1085 1736 1292 1776 evocatus
1311 1740 1388 1777 est.
1425 1735 1553 1787 Cujus
1573 1748 1734 1789 corpus
1761 1738 1903 1791 sepul-

1083 1796 1177 1833 tum
1214 1796 1280 1833 est
1315 1792 1358 1833 in
1393 1792 1574 1835 basilica
1609 1794 1747 1836 sancti
1773 1795 1902 1845 Petri,

1085 1861 1223 1901 prope
1241 1848 1541 1891 Secretarium.

1137 1909 1186 1960 R.
1212 1905 1303 1947 Iste
1331 1911 1398 1948 est
1425 1907 1508 1959 qui.
1535 1906 1610 1959 [71]

1307 1978 1356 2016 In
1376 1978 1446 2017 III.
1468 1978 1688 2017 Nocturno.

1086 2040 1236 2082 Lectio
1260 2041 1398 2083 sancti
1420 2041 1642 2093 Evangelii
1666 2043 1903 2086 secundum

1363 2098 1630 2141 Matthaeum.

1187 2158 1337 2198 Lectio
1358 2157 1425 2195 vii.
1594 2155 1694 2206 Cap.
1710 2156 1746 2194 5.
1763 2154 1798 2194 b.

1083 2215 1159 2322 In
1176 2220 1251 2262 illo
1266 2222 1479 2274 tempore:
1497 2221 1618 2263 Dixit
1632 2222 1657 2262 J
1659 2234 1760 2263 esus
1777 2221 1902 2264 disci-

1145 2277 1257 2331 pulis
1283 2278 1385 2319 suis:
1418 2277 1512 2319 Vos
1540 2278 1643 2320 estis
1672 2279 1736 2320 sal
1762 2284 1902 2321 terrae.

1085 2333 1213 2385 Quod
1238 2334 1274 2375 si
1299 2334 1364 2375 sal
1390 2335 1628 2384 evanuerit,
1660 2335 1703 2376 in
1728 2347 1814 2388 quo
1838 2347 1902 2376 sa-

1083 2389 1233 2432 lietur?
1262 2391 1319 2432 Et
1337 2390 1513 2443 reliqua.

1128 2459 1319 2501 Homilia
1338 2459 1478 2501 sancti
1499 2460 1701 2511 Gregorii
1720 2460 1863 2512 Papae.

1086 2524 1140 2557 Ex
1163 2520 1330 2555 Homilia
1352 2519 1399 2553 17.
1422 2519 1459 2553 in
1481 2519 1594 2553 Lucre
1618 2518 1673 2552 10.
1696 2523 1781 2551 ante
1804 2518 1897 2552 med.

1140 2573 1535 2623 ssonsiderandum
1571 2571 1696 2614 nobis
1734 2576 1813 2622 est,
1854 2576 1902 2613 ut

1217 2631 1290 2683 qui
1322 2643 1407 2671 una
1434 2629 1673 2682 eademque
1702 2628 1901 2670 exhorta-

1215 2687 1345 2729 tionis
1363 2700 1472 2729 voce
1491 2699 1577 2728 non
1596 2685 1756 2727 sufficit
1776 2684 1901 2726 simul
