2028 2892
718 174 871 218 Septem
896 160 1082 209 Dolorum
1105 175 1146 209 B.
1172 175 1218 209 M.
1243 175 1285 208 V.

156 275 416 317 Sanctorum
457 273 575 315 cruci
614 272 804 314 fideliter
841 276 980 315 astan-

155 332 263 373 tium
274 329 653 380 intercedentibus,
662 330 881 382 passi6nis
891 335 980 372 tuae

157 388 360 430 effectum
370 387 541 429 felicem
551 388 881 439 consequamur:
897 387 980 438 Qui
1042 418 1064 449 δ’.

156 445 266 487 vivis
285 449 329 486 et
346 456 512 496 regnas.

203 511 251 546 Et
273 511 314 545 fit
338 508 649 544 commemoratio
676 507 807 541 Fcrize.

206 564 304 605 Ant.
352 561 584 603 Desiderio
618 559 863 603 desideravi
897 560 982 603 hoc

157 618 325 661 Pascha
336 617 600 660 manducare
614 617 853 667 vobiscum,
865 619 980 659 ante-

158 688 289 728 quam
306 676 459 728 patiar.

204 729 257 781 V.
283 732 414 784 Eripe
434 744 502 773 me
523 731 710 773 Domine
729 730 784 772 ab
804 730 980 772 homine

157 788 283 830 malo.
309 790 358 840 Κι.
379 789 421 829 A
438 789 532 830 viro
552 788 702 840 iniquo
719 788 839 841 eripe
858 801 939 830 me.

487 846 650 887 Oratio.

242 905 321 952 sto,
348 902 597 953 quaesumus
615 901 814 952 Demine,
836 903 982 954 propi-

254 957 339 998 tius
353 957 473 1010 plebi
486 962 589 1000 tuae:
607 963 666 1008 ut,
683 971 781 1011 quae
801 958 881 1000 tibi
895 971 983 999 non

156 1013 340 1066 placent,
359 1016 627 1067 respuentes,
646 1016 821 1056 tuorum
834 1015 982 1067 potius

156 1069 406 1122 repleantur
425 1070 786 1114 delectationibus
807 1071 982 1112 manda-

155 1128 311 1168 torum.
339 1127 423 1169 Per
441 1127 687 1169 Dominum.

204 1188 269 1228 Ad
292 1188 605 1232 Completorium,
630 1192 666 1223 ct
689 1188 816 1223 Horas
842 1189 880 1222 in
904 1189 977 1222 fine

153 1236 394 1281 Hymnorum
418 1236 572 1271 dicitur:

259 1289 283 1329 J
285 1300 372 1338 esu,
391 1288 471 1330 tibi
490 1288 546 1330 sit
564 1288 714 1339 gloria,

311 1344 396 1395 Qui
414 1349 541 1386 natus
561 1357 607 1386 es
630 1345 684 1386 de
704 1345 898 1396 Virgine.

319 1416 406 1458 Ad.
430 1418 821 1459 matutinum.

205 1478 374 1518 Invitat.
416 1475 602 1517 Dolores
630 1475 834 1527 gloriosae
862 1482 981 1517 reco-

155 1529 295 1572 lentes
313 1531 521 1583 Virginis,
545 1532 783 1573 Daminum
808 1545 889 1584 pro
909 1544 982 1573 no-

156 1585 223 1628 bis
241 1599 430 1639 passum,
446 1590 470 1614 *
491 1588 650 1630 Venite
669 1587 913 1631 adoremus.

205 1645 273 1687 Ps.
307 1645 473 1695 Venite,
493 1644 771 1687 exsultemus.
790 1646 827 1686 2.

458 1702 668 1755 Hymnus.

304 1762 433 1799 ancta
450 1757 603 1808 Mater,
621 1757 741 1800 istud
759 1771 874 1810 agas,

326 1813 533 1856 Crucifixi
550 1814 635 1866 fige
653 1815 806 1868 plagas

288 1870 421 1913 Cordi
438 1884 538 1913 meo
560 1871 715 1914 valide.

237 1936 321 1976 Tui
340 1936 430 1977 nati
448 1936 673 1986 vulnerati,

286 1992 398 2034 Tam
416 1991 581 2044 dignati
598 2006 680 2046 pro
700 2005 770 2034 me
787 1993 891 2045 pati,

223 2085 229 2091 .
284 2048 446 2090 Poenas
462 2062 635 2092 mecum
654 2049 811 2091 divide.

240 2114 326 2154 Fac
342 2126 413 2156 me
430 2118 576 2157 tecum
594 2114 666 2167 pie
685 2115 801 2164 flere,

287 2169 508 2213 Crucifixo
529 2170 776 2220 condolere,

285 2227 440 2269 Donec
459 2240 541 2279 ego
561 2230 724 2269 vixero.

235 2294 365 2334 Juxta
384 2305 559 2334 crucem
575 2297 721 2335 tecum
739 2297 867 2342 stare,

286 2348 344 2390 Et
361 2362 432 2390 me
451 2348 530 2391 tibi
549 2349 719 2391 sociare

285 2405 336 2446 In
354 2405 533 2458 planctu
551 2405 766 2448 desidero.
795 2407 947 2447 Amen.

397 2481 446 2519 In
466 2481 496 2519 Ι.
516 2480 551 2519 N
554 2480 738 2519 octurno.

211 2539 310 2581 Ant.
338 2540 586 2582 Astiterunt
612 2553 738 2592 reges
765 2545 910 2589 terrae,
938 2544 982 2580 et

161 2596 379 2649 principes
425 2598 724 2639 convenerunt
768 2597 812 2637 in
848 2609 981 2637 unum

160 2650 370 2695 adversus
399 2654 655 2704 Dominum,
696 2659 739 2695 et
771 2652 981 2694 adversus

162 2706 380 2751 Christum
400 2712 502 2762 ejus

312 2852 376 2877 Pars
391 2852 484 2876 Vema.

1318 272 1518 312 Psalmus
1536 274 1571 312 2.

1043 344 1053 355 ,a
1092 337 1154 367 ‘³1²
1434 332 1443 342 '
1737 341 1740 345 ·
1772 332 1796 357 *

1067 355 1117 413 ³5³
1147 330 1551 441 ussgssfffflssffii
1569 331 1859 430 ffiffiamssss

1139 446 1155 465 ²¹
1226 444 1471 485 Astiterunt
1493 457 1619 495 reges
1642 450 1789 495 terrae,
1817 450 1860 487 et

1033 500 1254 554 principes
1283 502 1582 543 convenerunt
1608 501 1651 542 in
1678 515 1811 543 unum
1837 503 1861 529 ¹⁸¹

1034 557 1244 599 adversus
1276 557 1530 607 Dominum,
1572 562 1616 599 et
1650 558 1861 600 adversus

1035 614 1255 656 Christum
1275 615 1376 666 ejus.

1085 671 1397 723 Dirumpamus
1430 670 1602 712 vincula
1640 674 1806 713 eorum:
1838 672 1861 697 *

1035 733 1078 770 et
1096 727 1375 780 projiciamus
1395 740 1420 769 a
1438 727 1566 769 nobis
1585 729 1730 779 jugum
1746 728 1861 781 ipso-

1035 797 1141 826 rum.

1087 841 1171 892 Qui
1202 840 1370 882 habitat
1406 841 1450 881 in
1486 841 1626 890 coelis,
1666 840 1863 883 irridebit

1036 910 1127 939 eos:
1142 898 1165 923 *
1181 902 1224 939 et
1238 897 1454 939 Dominus
1474 897 1759 939 subsannabit
1776 911 1862 939 eos.

1087 954 1212 995 Tunc
1231 954 1437 1007 loquetur
1456 954 1513 996 ad
1533 967 1610 996 eos
1630 955 1673 995 in
1693 955 1756 996 ira
1775 968 1863 1005 sua,

1035 1011 1058 1036 *
1078 1016 1121 1052 et
1144 1011 1186 1051 in
1207 1011 1354 1053 furore
1374 1024 1454 1052 suo
1476 1011 1756 1053 conturbabit
1776 1024 1863 1053 eos.

1086 1067 1182 1118 Ego
1209 1072 1356 1109 autem
1383 1069 1644 1110 constitutus
1671 1082 1767 1109 sum
1785 1081 1863 1110 rex

1035 1123 1091 1165 ab
1109 1136 1161 1165 eo
1182 1137 1315 1176 super
1330 1125 1434 1166 Sion
1451 1129 1646 1166 montem
1665 1130 1863 1166 sanctum

1036 1181 1143 1232 ejus,
1162 1181 1185 1206 *
1204 1181 1451 1233 praedicans
1470 1183 1743 1235 praeceptum
1762 1182 1863 1233 ejus.

1085 1237 1300 1287 D6minus
1332 1237 1442 1280 dixit
1473 1238 1529 1280 ad
1560 1251 1644 1280 me:
1673 1239 1696 1264 *
1729 1238 1863 1279 Filius

1034 1306 1159 1335 meus
1179 1306 1225 1335 es
1244 1299 1303 1344 tu,
1323 1307 1405 1346 ego
1426 1294 1557 1336 hodie
1577 1295 1706 1347 genui
1725 1300 1779 1337 te.

1086 1350 1267 1391 Postula
1286 1364 1311 1392 a
1329 1364 1415 1401 me,
1445 1357 1488 1393 et
1514 1351 1629 1393 dabo
1650 1351 1729 1393 tibi
1750 1352 1862 1393 Gen-

1034 1411 1101 1448 tes
1120 1407 1424 1449 haereditatem
1442 1413 1573 1458 tuam,
1588 1409 1612 1434 *
1628 1413 1671 1450 et
1689 1421 1862 1461 posses—

1035 1463 1203 1504 si6nem
1221 1469 1341 1505 tuam
1360 1465 1569 1506 terminos
1588 1470 1729 1507 terrae.

1087 1520 1234 1571 Reges
1263 1533 1339 1562 eos
1367 1522 1410 1562 in
1438 1522 1559 1573 virga
1587 1522 1737 1571 ferrea,
1766 1522 1789 1547 *
1819 1526 1877 1571 εἴ,

1034 1582 1258 1629 tamquam
1276 1591 1354 1619 vas
1373 1578 1496 1629 figuli
1513 1578 1759 1629 confringes
1775 1590 1862 1619 eos.

1086 1634 1143 1675 Et
1167 1647 1283 1676 nunc
1308 1647 1433 1686 reges
1459 1635 1701 1686 intelligite:
1721 1635 1744 1660 *
1769 1647 1861 1676 eru-

1036 1689 1186 1732 dimini
1206 1691 1279 1743 qui
1298 1690 1497 1743 judicatis
1517 1697 1688 1734 terram.

1085 1747 1253 1789 Servite
1280 1748 1472 1790 D6mino
1502 1749 1545 1789 in
1572 1749 1745 1790 timore:
1771 1748 1794 1773 *
1820 1754 1863 1789 et

1036 1803 1251 1846 exsultate
1270 1805 1309 1846 ei
1330 1818 1428 1847 cum
1446 1807 1648 1847 tremore,

1086 1860 1419 1914 Apprehendite
1455 1862 1746 1915 disciplinam,
1792 1874 1862 1903 ne-

1036 1916 1214 1968 quando
1254 1918 1469 1960 irascatur
1498 1919 1731 1967 Dominus,
1763 1919 1786 1943 *
1820 1923 1862 1959 et

1034 1974 1225 2025 pereatis
1244 1974 1299 2017 de
1319 1976 1390 2016 via
1407 1976 1530 2028 justa.

1089 2031 1198 2072 Cum
1223 2033 1435 2074 exarserit
1458 2033 1502 2073 in
1527 2033 1649 2074 brevi
1673 2032 1736 2072 ira
1761 2032 1860 2083 ejus,

1035 2087 1059 2113 *
1077 2086 1196 2129 beati
1220 2101 1371 2130 omnes
1398 2090 1472 2142 qui
1490 2089 1715 2131 confidunt
1733 2088 1776 2128 in
1796 2100 1860 2129 eo.

1089 2146 1187 2186 Ant.
1222 2146 1465 2187 Astiterunt
1490 2158 1615 2197 reges
1644 2150 1787 2194 terrae,
1816 2149 1860 2185 et

1034 2201 1254 2253 principes
1301 2204 1599 2244 convenerunt
1642 2202 1685 2242 in
1727 2214 1861 2241 unum

1035 2256 1245 2299 adversus
1280 2259 1536 2309 Dominum,
1574 2262 1617 2300 et
1650 2257 1860 2299 adversus

1036 2312 1258 2355 Christum
1277 2316 1378 2367 ejus.

1088 2370 1185 2410 Ant.
1245 2371 1364 2413 Voce
1399 2384 1497 2413 mea
1533 2370 1590 2412 ad
1623 2370 1859 2411 Dominum

1035 2425 1234 2477 clamavi,
1263 2433 1307 2470 et
1331 2427 1552 2470 exaudivit
1575 2439 1644 2468 me
1665 2426 1720 2468 de
1738 2439 1858 2468 mon-

1033 2487 1077 2524 te
1096 2489 1248 2526 sancto
1267 2497 1359 2526 suo.

1318 2539 1513 2580 Psalmus
1536 2540 1572 2578 3.

1121 2597 1265 2638 omine
1305 2596 1410 2648 quid
1449 2595 1723 2648 multiplicati
1758 2602 1859 2638 sunt

1142 2654 1216 2706 qui
1242 2652 1450 2694 tribulant
1475 2650 1568 2693 me?
1594 2653 1617 2678 *
1641 2653 1765 2695 multi
1796 2654 1855 2694 in-

1034 2712 1216 2760 surgunt
1233 2708 1463 2751 adversum
1479 2721 1560 2750 me.

1587 2842 1628 2874 28
