<?xml version="1.0" encoding="UTF-8"?>
<!DOCTYPE html PUBLIC "-//W3C//DTD XHTML 1.0 Transitional//EN"
    "http://www.w3.org/TR/xhtml1/DTD/xhtml1-transitional.dtd">
<html xmlns="http://www.w3.org/1999/xhtml" xml:lang="en" lang="en">
 <head>
  <title>
</title>
<meta http-equiv="Content-Type" content="text/html;charset=utf-8" />
  <meta name='ocr-system' content='tesseract 3.04.00' />
  <meta name='ocr-capabilities' content='ocr_page ocr_carea ocr_par ocr_line ocrx_word'/>
</head>
<body>
  <div class='ocr_page' id='page_1' title='image "./p2breviariumroma00cathuoft_0862.png"; bbox 0 0 2066 2956; ppageno 0'>
   <div class='ocr_carea' id='block_1_1' title="bbox 230 203 330 247">
    <p class='ocr_par' dir='ltr' id='par_1_1' title="bbox 230 203 330 247">
     <span class='ocr_line' id='line_1_1' title="bbox 230 203 330 247; baseline 0.01 -10"><span class='ocrx_word' id='word_1_1' title='bbox 230 203 330 247; x_wconf 82' lang='lat'>[290]</span> 
     </span>
    </p>
   </div>
   <div class='ocr_carea' id='block_1_2' title="bbox 436 296 850 339">
    <p class='ocr_par' dir='ltr' id='par_1_2' title="bbox 436 296 850 339">
     <span class='ocr_line' id='line_1_2' title="bbox 436 296 850 339; baseline -0.007 0"><span class='ocrx_word' id='word_1_2' title='bbox 436 297 518 339; x_wconf 90' lang='lat' dir='ltr'>Die</span> <span class='ocrx_word' id='word_1_3' title='bbox 538 297 595 338; x_wconf 89' lang='lat'>13.</span> <span class='ocrx_word' id='word_1_4' title='bbox 614 296 850 338; x_wconf 84' lang='lat' dir='ltr'>Februarii.</span> 
     </span>
    </p>
   </div>
   <div class='ocr_carea' id='block_1_3' title="bbox 255 363 1024 467">
    <p class='ocr_par' dir='ltr' id='par_1_3' title="bbox 255 363 1024 467">
     <span class='ocr_line' id='line_1_3' title="bbox 255 363 1024 457; baseline -0.008 -49"><span class='ocrx_word' id='word_1_5' title='bbox 255 366 297 407; x_wconf 88' lang='lat' dir='ltr'>S.</span> <span class='ocrx_word' id='word_1_6' title='bbox 318 365 605 457; x_wconf 61' lang='lat' dir='ltr'>catharinlae</span> <span class='ocrx_word' id='word_1_7' title='bbox 628 365 689 406; x_wconf 86' lang='lat' dir='ltr'>de</span> <span class='ocrx_word' id='word_1_8' title='bbox 707 364 889 406; x_wconf 82' lang='lat' dir='ltr'>Ricciis</span> <span class='ocrx_word' id='word_1_9' title='bbox 907 363 946 404; x_wconf 90' lang='lat' dir='ltr'>V</span> <span class='ocrx_word' id='word_1_10' title='bbox 950 363 1024 411; x_wconf 72' lang='lat' dir='ltr'>irg.</span> 
     </span>
     <span class='ocr_line' id='line_1_4' title="bbox 577 425 719 467; baseline 0.014 -11"><span class='ocrx_word' id='word_1_11' title='bbox 577 425 719 467; x_wconf 72' lang='lat' dir='ltr'>mplex.</span> 
     </span>
    </p>
   </div>
   <div class='ocr_carea' id='block_1_4' title="bbox 223 480 1054 1187">
    <p class='ocr_par' dir='ltr' id='par_1_4' title="bbox 223 480 1054 1187">
     <span class='ocr_line' id='line_1_5' title="bbox 277 480 1052 526; baseline 0.003 -12"><span class='ocrx_word' id='word_1_12' title='bbox 277 480 412 515; x_wconf 76' lang='lat' dir='ltr'>Omnia</span> <span class='ocrx_word' id='word_1_13' title='bbox 442 481 488 515; x_wconf 79' lang='lat' dir='ltr'>dc</span> <span class='ocrx_word' id='word_1_14' title='bbox 511 481 674 515; x_wconf 63' lang='lat' dir='ltr'>Cortiuni</span> <span class='ocrx_word' id='word_1_15' title='bbox 693 480 795 522; x_wconf 58' lang='lat' dir='ltr'>virg.</span> <span class='ocrx_word' id='word_1_16' title='bbox 823 482 929 526; x_wconf 91' lang='lat'>[100]</span> <span class='ocrx_word' id='word_1_17' title='bbox 957 493 1052 525; x_wconf 73' lang='lat' dir='ltr'>prze—</span> 
     </span>
     <span class='ocr_line' id='line_1_6' title="bbox 225 534 409 573; baseline 0.005 -11"><span class='ocrx_word' id='word_1_18' title='bbox 225 534 281 563; x_wconf 82' lang='lat' dir='ltr'>tcr</span> <span class='ocrx_word' id='word_1_19' title='bbox 306 540 409 573; x_wconf 77' lang='lat' dir='ltr'>sequ.</span> 
     </span>
     <span class='ocr_line' id='line_1_7' title="bbox 562 570 723 612; baseline 0.006 -3"><span class='ocrx_word' id='word_1_20' title='bbox 562 570 723 612; x_wconf 80' lang='lat' dir='ltr'>Oratio.</span> 
     </span>
     <span class='ocr_line' id='line_1_8' title="bbox 313 624 1054 679; baseline 0 -12"><span class='ocrx_word' id='word_1_21' title='bbox 313 625 456 667; x_wconf 91' lang='lat' dir='ltr'>omine</span> <span class='ocrx_word' id='word_1_22' title='bbox 484 626 588 667; x_wconf 86' lang='lat' dir='ltr'>Jesu</span> <span class='ocrx_word' id='word_1_23' title='bbox 621 624 808 676; x_wconf 84' lang='lat' dir='ltr'>Christe,</span> <span class='ocrx_word' id='word_1_24' title='bbox 848 626 921 679; x_wconf 93' lang='lat' dir='ltr'>qui</span> <span class='ocrx_word' id='word_1_25' title='bbox 953 625 1054 667; x_wconf 87' lang='lat' dir='ltr'>bea-</span> 
     </span>
     <span class='ocr_line' id='line_1_9' title="bbox 326 681 1052 734; baseline 0.001 -11"><span class='ocrx_word' id='word_1_26' title='bbox 326 687 417 723; x_wconf 89' lang='lat' dir='ltr'>tam</span> <span class='ocrx_word' id='word_1_27' title='bbox 434 681 711 723; x_wconf 88' lang='lat' dir='ltr'>Catharinam</span> <span class='ocrx_word' id='word_1_28' title='bbox 724 682 961 734; x_wconf 83' lang='lat' dir='ltr'>Virginem,</span> <span class='ocrx_word' id='word_1_29' title='bbox 976 687 1052 724; x_wconf 91' lang='lat' dir='ltr'>tuo</span> 
     </span>
     <span class='ocr_line' id='line_1_10' title="bbox 225 739 1052 792; baseline 0 -12"><span class='ocrx_word' id='word_1_30' title='bbox 225 741 373 780; x_wconf 91' lang='lat' dir='ltr'>amore</span> <span class='ocrx_word' id='word_1_31' title='bbox 402 740 671 789; x_wconf 79' lang='lat' dir='ltr'>succensam,</span> <span class='ocrx_word' id='word_1_32' title='bbox 704 739 923 792; x_wconf 90' lang='lat' dir='ltr'>passionis</span> <span class='ocrx_word' id='word_1_33' title='bbox 952 752 1052 781; x_wconf 92' lang='lat' dir='ltr'>con-</span> 
     </span>
     <span class='ocr_line' id='line_1_11' title="bbox 224 795 1053 848; baseline 0.001 -12"><span class='ocrx_word' id='word_1_34' title='bbox 224 795 509 848; x_wconf 89' lang='lat' dir='ltr'>templatione</span> <span class='ocrx_word' id='word_1_35' title='bbox 564 795 805 838; x_wconf 80' lang='lat' dir='ltr'>clarescere</span> <span class='ocrx_word' id='word_1_36' title='bbox 860 795 1053 838; x_wconf 88' lang='lat' dir='ltr'>voluisti:</span> 
     </span>
     <span class='ocr_line' id='line_1_12' title="bbox 224 852 1051 906; baseline 0.001 -13"><span class='ocrx_word' id='word_1_37' title='bbox 224 853 314 904; x_wconf 89' lang='lat' dir='ltr'>ejus</span> <span class='ocrx_word' id='word_1_38' title='bbox 333 852 644 894; x_wconf 70' lang='lat' dir='ltr'>intercessione</span> <span class='ocrx_word' id='word_1_39' title='bbox 665 852 873 903; x_wconf 91' lang='lat' dir='ltr'>concede;</span> <span class='ocrx_word' id='word_1_40' title='bbox 893 858 940 895; x_wconf 93' lang='lat' dir='ltr'>ut</span> <span class='ocrx_word' id='word_1_41' title='bbox 954 866 1051 906; x_wconf 91' lang='lat' dir='ltr'>pas-</span> 
     </span>
     <span class='ocr_line' id='line_1_13' title="bbox 223 909 1052 963; baseline 0.001 -13"><span class='ocrx_word' id='word_1_42' title='bbox 223 909 357 951; x_wconf 88' lang='lat' dir='ltr'>sionis</span> <span class='ocrx_word' id='word_1_43' title='bbox 381 911 588 963; x_wconf 91' lang='lat' dir='ltr'>mysteria</span> <span class='ocrx_word' id='word_1_44' title='bbox 611 909 771 951; x_wconf 92' lang='lat' dir='ltr'>devote</span> <span class='ocrx_word' id='word_1_45' title='bbox 796 910 1052 961; x_wconf 91' lang='lat' dir='ltr'>recolentes,</span> 
     </span>
     <span class='ocr_line' id='line_1_14' title="bbox 223 966 1051 1020; baseline 0 -12"><span class='ocrx_word' id='word_1_46' title='bbox 223 967 313 1018; x_wconf 91' lang='lat' dir='ltr'>ejus</span> <span class='ocrx_word' id='word_1_47' title='bbox 333 966 520 1009; x_wconf 89' lang='lat' dir='ltr'>fructum</span> <span class='ocrx_word' id='word_1_48' title='bbox 544 969 774 1020; x_wconf 83' lang='lat' dir='ltr'>percipere</span> <span class='ocrx_word' id='word_1_49' title='bbox 792 969 1051 1008; x_wconf 86' lang='lat' dir='ltr'>mereamur:</span> 
     </span>
     <span class='ocr_line' id='line_1_15' title="bbox 223 1024 687 1076; baseline 0 -12"><span class='ocrx_word' id='word_1_50' title='bbox 223 1024 306 1074; x_wconf 80' lang='lat' dir='ltr'>Qui</span> <span class='ocrx_word' id='word_1_51' title='bbox 324 1024 434 1065; x_wconf 84' lang='lat' dir='ltr'>vivis</span> <span class='ocrx_word' id='word_1_52' title='bbox 458 1030 502 1066; x_wconf 91' lang='lat' dir='ltr'>et</span> <span class='ocrx_word' id='word_1_53' title='bbox 521 1037 687 1076; x_wconf 91' lang='lat' dir='ltr'>regnas.</span> 
     </span>
     <span class='ocr_line' id='line_1_16' title="bbox 274 1082 758 1118; baseline 0.006 -3"><span class='ocrx_word' id='word_1_54' title='bbox 274 1082 318 1116; x_wconf 82' lang='lat' dir='ltr'>Et</span> <span class='ocrx_word' id='word_1_55' title='bbox 343 1083 382 1116; x_wconf 79' lang='lat' dir='ltr'>iit</span> <span class='ocrx_word' id='word_1_56' title='bbox 406 1093 600 1117; x_wconf 80' lang='lat' dir='ltr'>commem.</span> <span class='ocrx_word' id='word_1_57' title='bbox 626 1083 758 1118; x_wconf 57' lang='lat' dir='ltr'>Feriam</span> 
     </span>
     <span class='ocr_line' id='line_1_17' title="bbox 276 1140 1046 1187; baseline 0.006 -15"><span class='ocrx_word' id='word_1_58' title='bbox 276 1140 316 1173; x_wconf 85' lang='lat' dir='ltr'>lu</span> <span class='ocrx_word' id='word_1_59' title='bbox 336 1140 358 1173; x_wconf 89' lang='lat' dir='ltr'>I.</span> <span class='ocrx_word' id='word_1_60' title='bbox 378 1140 486 1175; x_wconf 80' lang='lat' dir='ltr'>Noct.</span> <span class='ocrx_word' id='word_1_61' title='bbox 507 1141 605 1175; x_wconf 85' lang='lat' dir='ltr'>Lcct.</span> <span class='ocrx_word' id='word_1_62' title='bbox 628 1141 685 1178; x_wconf 85' lang='lat' dir='ltr'>De</span> <span class='ocrx_word' id='word_1_63' title='bbox 701 1142 927 1187; x_wconf 83' lang='lat' dir='ltr'>virginibus.</span> <span class='ocrx_word' id='word_1_64' title='bbox 948 1141 1046 1186; x_wconf 84' lang='lat'>[104]</span> 
     </span>
    </p>
   </div>
   <div class='ocr_carea' id='block_1_5' title="bbox 210 1203 1050 2785">
    <p class='ocr_par' dir='ltr' id='par_1_5' title="bbox 444 1203 820 1303">
     <span class='ocr_line' id='line_1_18' title="bbox 444 1203 820 1242; baseline -0.003 -2"><span class='ocrx_word' id='word_1_65' title='bbox 444 1203 491 1241; x_wconf 92' lang='lat' dir='ltr'>In</span> <span class='ocrx_word' id='word_1_66' title='bbox 519 1203 569 1241; x_wconf 91' lang='grc' dir='ltr'>ΙΙ.</span> <span class='ocrx_word' id='word_1_67' title='bbox 598 1203 820 1242; x_wconf 77' lang='lat' dir='ltr'>Nocturno.</span> 
     </span>
     <span class='ocr_line' id='line_1_19' title="bbox 521 1262 746 1303; baseline -0.013 -1"><span class='ocrx_word' id='word_1_68' title='bbox 521 1262 673 1303; x_wconf 82' lang='lat' dir='ltr'>Lectio</span> <span class='ocrx_word' id='word_1_69' title='bbox 695 1263 746 1301; x_wconf 79' lang='lat' dir='ltr'>iv.</span> 
     </span>
    </p>

    <p class='ocr_par' dir='ltr' id='par_1_6' title="bbox 213 1320 1050 2452">
     <span class='ocr_line' id='line_1_20' title="bbox 604 1320 1048 1363; baseline 0.004 -1.628"><span class='ocrx_word' id='word_1_70' title='bbox 604 1320 740 1362; x_wconf 93' lang='lat' dir='ltr'>nobili</span> <span class='ocrx_word' id='word_1_71' title='bbox 785 1321 948 1362; x_wconf 88' lang='lat' dir='ltr'>familia</span> <span class='ocrx_word' id='word_1_72' title='bbox 993 1321 1048 1363; x_wconf 93' lang='lat' dir='ltr'>de</span> 
     </span>
     <span class='ocr_line' id='line_1_21' title="bbox 227 1362 1050 1428; baseline 0 -9"><span class='ocrx_word' id='word_1_73' title='bbox 227 1395 228 1398; x_wconf 44' lang='lat'>¹</span> <span class='ocrx_word' id='word_1_74' title='bbox 258 1362 333 1426; x_wconf 45' lang='lat'>52:455]</span> <span class='ocrx_word' id='word_1_75' title='bbox 359 1378 518 1420; x_wconf 90' lang='lat' dir='ltr'>Ricciis</span> <span class='ocrx_word' id='word_1_76' title='bbox 553 1377 787 1419; x_wconf 88' lang='lat' dir='ltr'>Florentiae</span> <span class='ocrx_word' id='word_1_77' title='bbox 820 1383 940 1428; x_wconf 90' lang='lat' dir='ltr'>nata,</span> <span class='ocrx_word' id='word_1_78' title='bbox 979 1378 1050 1419; x_wconf 91' lang='lat' dir='ltr'>vel</span> 
     </span>
     <span class='ocr_line' id='line_1_22' title="bbox 226 1401 1048 1487; baseline -0.001 -11"><span class='ocrx_word' id='word_1_79' title='bbox 226 1401 333 1459; x_wconf 29' lang='lat'>&amp;⁸3⁴⁴</span> <span class='ocrx_word' id='word_1_80' title='bbox 357 1434 411 1476; x_wconf 90' lang='lat' dir='ltr'>ab</span> <span class='ocrx_word' id='word_1_81' title='bbox 449 1435 624 1476; x_wconf 82' lang='lat' dir='ltr'>ineunte</span> <span class='ocrx_word' id='word_1_82' title='bbox 666 1437 798 1476; x_wconf 86' lang='lat' dir='ltr'>aetate</span> <span class='ocrx_word' id='word_1_83' title='bbox 834 1435 953 1487; x_wconf 90' lang='lat' dir='ltr'>piam</span> <span class='ocrx_word' id='word_1_84' title='bbox 988 1437 1048 1475; x_wconf 91' lang='lat' dir='ltr'>in-</span> 
     </span>
     <span class='ocr_line' id='line_1_23' title="bbox 219 1490 1049 1544; baseline -0.001 -11"><span class='ocrx_word' id='word_1_85' title='bbox 219 1490 366 1533; x_wconf 91' lang='lat' dir='ltr'>dolem</span> <span class='ocrx_word' id='word_1_86' title='bbox 410 1494 676 1544; x_wconf 80' lang='lat' dir='ltr'>praemature</span> <span class='ocrx_word' id='word_1_87' title='bbox 724 1490 927 1534; x_wconf 78' lang='lat' dir='ltr'>ostendit.</span> <span class='ocrx_word' id='word_1_88' title='bbox 998 1492 1049 1532; x_wconf 93' lang='lat' dir='ltr'>In</span> 
     </span>
     <span class='ocr_line' id='line_1_24' title="bbox 218 1548 1047 1590; baseline 0 0"><span class='ocrx_word' id='word_1_89' title='bbox 218 1548 470 1590; x_wconf 87' lang='lat' dir='ltr'>suburbano</span> <span class='ocrx_word' id='word_1_90' title='bbox 506 1548 772 1590; x_wconf 87' lang='lat' dir='ltr'>monasterio</span> <span class='ocrx_word' id='word_1_91' title='bbox 803 1549 943 1590; x_wconf 87' lang='lat' dir='ltr'>sancti</span> <span class='ocrx_word' id='word_1_92' title='bbox 970 1548 1047 1590; x_wconf 91' lang='lat' dir='ltr'>Pe-</span> 
     </span>
     <span class='ocr_line' id='line_1_25' title="bbox 216 1604 1047 1655; baseline -0.001 -9"><span class='ocrx_word' id='word_1_93' title='bbox 216 1605 273 1646; x_wconf 94' lang='lat' dir='ltr'>tri</span> <span class='ocrx_word' id='word_1_94' title='bbox 301 1605 356 1647; x_wconf 94' lang='lat' dir='ltr'>de</span> <span class='ocrx_word' id='word_1_95' title='bbox 378 1604 656 1655; x_wconf 91' lang='lat' dir='ltr'>Monticellis,</span> <span class='ocrx_word' id='word_1_96' title='bbox 684 1604 759 1646; x_wconf 92' lang='lat' dir='ltr'>ubi</span> <span class='ocrx_word' id='word_1_97' title='bbox 787 1617 958 1646; x_wconf 90' lang='lat' dir='ltr'>morum</span> <span class='ocrx_word' id='word_1_98' title='bbox 987 1604 1047 1647; x_wconf 94' lang='lat' dir='ltr'>di-</span> 
     </span>
     <span class='ocr_line' id='line_1_26' title="bbox 217 1661 1047 1715; baseline 0 -12"><span class='ocrx_word' id='word_1_99' title='bbox 217 1662 402 1715; x_wconf 89' lang='lat' dir='ltr'>sciplina</span> <span class='ocrx_word' id='word_1_100' title='bbox 463 1661 747 1711; x_wconf 89' lang='lat' dir='ltr'>imbueretur,</span> <span class='ocrx_word' id='word_1_101' title='bbox 816 1661 1047 1712; x_wconf 86' lang='lat' dir='ltr'>collocata,</span> 
     </span>
     <span class='ocr_line' id='line_1_27' title="bbox 218 1718 1046 1771; baseline -0.001 -11"><span class='ocrx_word' id='word_1_102' title='bbox 218 1718 415 1771; x_wconf 86' lang='lat' dir='ltr'>quotidie</span> <span class='ocrx_word' id='word_1_103' title='bbox 448 1718 504 1760; x_wconf 90' lang='lat' dir='ltr'>ad</span> <span class='ocrx_word' id='word_1_104' title='bbox 533 1718 694 1760; x_wconf 88' lang='lat' dir='ltr'>Christi</span> <span class='ocrx_word' id='word_1_105' title='bbox 722 1718 919 1760; x_wconf 78' lang='lat' dir='ltr'>crucifixi</span> <span class='ocrx_word' id='word_1_106' title='bbox 943 1718 1046 1759; x_wconf 86' lang='lat' dir='ltr'>ima-</span> 
     </span>
     <span class='ocr_line' id='line_1_28' title="bbox 217 1774 1046 1826; baseline 0 -11"><span class='ocrx_word' id='word_1_107' title='bbox 217 1775 362 1826; x_wconf 90' lang='lat' dir='ltr'>ginem</span> <span class='ocrx_word' id='word_1_108' title='bbox 400 1788 545 1826; x_wconf 89' lang='lat' dir='ltr'>orans,</span> <span class='ocrx_word' id='word_1_109' title='bbox 586 1788 674 1816; x_wconf 94' lang='lat' dir='ltr'>non</span> <span class='ocrx_word' id='word_1_110' title='bbox 714 1774 806 1816; x_wconf 91' lang='lat' dir='ltr'>sine</span> <span class='ocrx_word' id='word_1_111' title='bbox 846 1774 1046 1825; x_wconf 73' lang='lat' dir='ltr'>lacrimis,</span> 
     </span>
     <span class='ocr_line' id='line_1_29' title="bbox 217 1830 1046 1874; baseline -0.001 -2"><span class='ocrx_word' id='word_1_112' title='bbox 217 1831 337 1873; x_wconf 92' lang='lat' dir='ltr'>horis</span> <span class='ocrx_word' id='word_1_113' title='bbox 367 1832 497 1874; x_wconf 87' lang='lat' dir='ltr'>etiam</span> <span class='ocrx_word' id='word_1_114' title='bbox 531 1832 662 1872; x_wconf 83' lang='lat' dir='ltr'>animi</span> <span class='ocrx_word' id='word_1_115' title='bbox 689 1830 947 1873; x_wconf 83' lang='lat' dir='ltr'>relaxationi</span> <span class='ocrx_word' id='word_1_116' title='bbox 974 1830 1046 1872; x_wconf 92' lang='lat' dir='ltr'>ad-</span> 
     </span>
     <span class='ocr_line' id='line_1_30' title="bbox 218 1886 1045 1942; baseline -0.002 -12"><span class='ocrx_word' id='word_1_117' title='bbox 218 1887 365 1939; x_wconf 83' lang='lat' dir='ltr'>dictis,</span> <span class='ocrx_word' id='word_1_118' title='bbox 403 1889 492 1940; x_wconf 91' lang='lat' dir='ltr'>ejus</span> <span class='ocrx_word' id='word_1_119' title='bbox 525 1888 775 1942; x_wconf 83' lang='lat' dir='ltr'>passionem</span> <span class='ocrx_word' id='word_1_120' title='bbox 807 1886 1045 1929; x_wconf 87' lang='lat' dir='ltr'>meditaba-</span> 
     </span>
     <span class='ocr_line' id='line_1_31' title="bbox 215 1944 1045 1997; baseline -0.001 -11"><span class='ocrx_word' id='word_1_121' title='bbox 215 1950 297 1986; x_wconf 90' lang='lat' dir='ltr'>tur.</span> <span class='ocrx_word' id='word_1_122' title='bbox 338 1944 410 1986; x_wconf 92' lang='lat' dir='ltr'>Ad</span> <span class='ocrx_word' id='word_1_123' title='bbox 435 1945 748 1986; x_wconf 88' lang='lat' dir='ltr'>monasterium</span> <span class='ocrx_word' id='word_1_124' title='bbox 771 1946 928 1997; x_wconf 88' lang='lat' dir='ltr'>postea</span> <span class='ocrx_word' id='word_1_125' title='bbox 952 1957 1045 1986; x_wconf 89' lang='lat' dir='ltr'>san-</span> 
     </span>
     <span class='ocr_line' id='line_1_32' title="bbox 217 2000 1044 2052; baseline -0.001 -9"><span class='ocrx_word' id='word_1_126' title='bbox 217 2002 276 2043; x_wconf 91' lang='lat' dir='ltr'>cti</span> <span class='ocrx_word' id='word_1_127' title='bbox 295 2001 528 2052; x_wconf 88' lang='lat' dir='ltr'>Vincentii,</span> <span class='ocrx_word' id='word_1_128' title='bbox 553 2000 717 2043; x_wconf 90' lang='lat' dir='ltr'>ordinis</span> <span class='ocrx_word' id='word_1_129' title='bbox 740 2001 879 2043; x_wconf 90' lang='lat' dir='ltr'>sancti</span> <span class='ocrx_word' id='word_1_130' title='bbox 897 2001 1044 2042; x_wconf 88' lang='lat' dir='ltr'>Domi-</span> 
     </span>
     <span class='ocr_line' id='line_1_33' title="bbox 215 2057 1044 2111; baseline 0.001 -12"><span class='ocrx_word' id='word_1_131' title='bbox 215 2059 311 2109; x_wconf 92' lang='lat' dir='ltr'>nici,</span> <span class='ocrx_word' id='word_1_132' title='bbox 329 2059 373 2099; x_wconf 91' lang='lat' dir='ltr'>in</span> <span class='ocrx_word' id='word_1_133' title='bbox 393 2059 569 2101; x_wconf 89' lang='lat' dir='ltr'>civitate</span> <span class='ocrx_word' id='word_1_134' title='bbox 588 2059 708 2100; x_wconf 91' lang='lat' dir='ltr'>Prati</span> <span class='ocrx_word' id='word_1_135' title='bbox 729 2057 951 2107; x_wconf 82' lang='lat' dir='ltr'>translata,</span> <span class='ocrx_word' id='word_1_136' title='bbox 971 2072 1044 2111; x_wconf 92' lang='lat' dir='ltr'>pa-</span> 
     </span>
     <span class='ocr_line' id='line_1_34' title="bbox 214 2114 1043 2168; baseline 0.001 -12"><span class='ocrx_word' id='word_1_137' title='bbox 214 2117 364 2157; x_wconf 90' lang='lat' dir='ltr'>ternos</span> <span class='ocrx_word' id='word_1_138' title='bbox 394 2115 508 2157; x_wconf 88' lang='lat' dir='ltr'>lares</span> <span class='ocrx_word' id='word_1_139' title='bbox 540 2114 596 2157; x_wconf 89' lang='lat' dir='ltr'>ad</span> <span class='ocrx_word' id='word_1_140' title='bbox 628 2121 801 2168; x_wconf 90' lang='lat' dir='ltr'>tempus</span> <span class='ocrx_word' id='word_1_141' title='bbox 833 2117 1043 2167; x_wconf 90' lang='lat' dir='ltr'>repetere,</span> 
     </span>
     <span class='ocr_line' id='line_1_35' title="bbox 214 2170 1043 2225; baseline 0.001 -13"><span class='ocrx_word' id='word_1_142' title='bbox 214 2172 296 2213; x_wconf 89' lang='lat' dir='ltr'>nisi</span> <span class='ocrx_word' id='word_1_143' title='bbox 317 2177 436 2214; x_wconf 87' lang='lat' dir='ltr'>certa</span> <span class='ocrx_word' id='word_1_144' title='bbox 460 2185 538 2225; x_wconf 91' lang='lat' dir='ltr'>spe</span> <span class='ocrx_word' id='word_1_145' title='bbox 562 2171 728 2214; x_wconf 88' lang='lat' dir='ltr'>reditus</span> <span class='ocrx_word' id='word_1_146' title='bbox 749 2170 915 2222; x_wconf 85' lang='lat' dir='ltr'>habita,</span> <span class='ocrx_word' id='word_1_147' title='bbox 944 2184 1043 2213; x_wconf 93' lang='lat' dir='ltr'>con-</span> 
     </span>
     <span class='ocr_line' id='line_1_36' title="bbox 215 2228 1042 2271; baseline 0 -1"><span class='ocrx_word' id='word_1_148' title='bbox 215 2231 381 2271; x_wconf 75' lang='lat' dir='ltr'>stanter</span> <span class='ocrx_word' id='word_1_149' title='bbox 413 2228 641 2271; x_wconf 89' lang='lat' dir='ltr'>recusavit.</span> <span class='ocrx_word' id='word_1_150' title='bbox 695 2228 894 2270; x_wconf 91' lang='lat' dir='ltr'>Tandem</span> <span class='ocrx_word' id='word_1_151' title='bbox 928 2242 1042 2270; x_wconf 91' lang='lat' dir='ltr'>anno</span> 
     </span>
     <span class='ocr_line' id='line_1_37' title="bbox 215 2283 1040 2336; baseline 0 -10"><span class='ocrx_word' id='word_1_152' title='bbox 215 2283 385 2327; x_wconf 91' lang='lat' dir='ltr'>decimo</span> <span class='ocrx_word' id='word_1_153' title='bbox 405 2286 552 2336; x_wconf 89' lang='lat' dir='ltr'>tertio,</span> <span class='ocrx_word' id='word_1_154' title='bbox 581 2285 731 2327; x_wconf 83' lang='lat' dir='ltr'>saeculi</span> <span class='ocrx_word' id='word_1_155' title='bbox 755 2284 922 2326; x_wconf 92' lang='lat' dir='ltr'>deliciis</span> <span class='ocrx_word' id='word_1_156' title='bbox 942 2298 1040 2327; x_wconf 91' lang='lat' dir='ltr'>con-</span> 
     </span>
     <span class='ocr_line' id='line_1_38' title="bbox 214 2340 1041 2395; baseline 0.001 -13"><span class='ocrx_word' id='word_1_157' title='bbox 214 2343 402 2395; x_wconf 70' lang='lat' dir='ltr'>tempus,</span> <span class='ocrx_word' id='word_1_158' title='bbox 422 2342 585 2384; x_wconf 89' lang='lat' dir='ltr'>ibidem</span> <span class='ocrx_word' id='word_1_159' title='bbox 604 2342 857 2394; x_wconf 89' lang='lat' dir='ltr'>religiosum</span> <span class='ocrx_word' id='word_1_160' title='bbox 874 2340 1041 2383; x_wconf 82' lang='lat' dir='ltr'>institu-</span> 
     </span>
     <span class='ocr_line' id='line_1_39' title="bbox 213 2399 623 2452; baseline 0.002 -14"><span class='ocrx_word' id='word_1_161' title='bbox 213 2402 305 2438; x_wconf 90' lang='lat' dir='ltr'>tum</span> <span class='ocrx_word' id='word_1_162' title='bbox 326 2399 526 2452; x_wconf 87' lang='lat' dir='ltr'>professa</span> <span class='ocrx_word' id='word_1_163' title='bbox 546 2404 623 2441; x_wconf 93' lang='lat' dir='ltr'>est.</span> 
     </span>
    </p>

    <p class='ocr_par' dir='ltr' id='par_1_7' title="bbox 210 2454 1040 2785">
     <span class='ocr_line' id='line_1_40' title="bbox 266 2454 1040 2508; baseline 0.003 -16"><span class='ocrx_word' id='word_1_164' title='bbox 266 2454 317 2504; x_wconf 70' lang='lat' dir='ltr'>R.</span> <span class='ocrx_word' id='word_1_165' title='bbox 351 2455 538 2508; x_wconf 88' lang='lat' dir='ltr'>Propter</span> <span class='ocrx_word' id='word_1_166' title='bbox 565 2456 815 2505; x_wconf 88' lang='lat' dir='ltr'>veritatem,</span> <span class='ocrx_word' id='word_1_167' title='bbox 852 2459 895 2496; x_wconf 90' lang='lat' dir='ltr'>et</span> <span class='ocrx_word' id='word_1_168' title='bbox 925 2467 1040 2495; x_wconf 90' lang='lat' dir='ltr'>man-</span> 
     </span>
     <span class='ocr_line' id='line_1_41' title="bbox 214 2510 1038 2563; baseline 0.002 -13"><span class='ocrx_word' id='word_1_169' title='bbox 214 2510 502 2562; x_wconf 80' lang='lat' dir='ltr'>suetudinem,</span> <span class='ocrx_word' id='word_1_170' title='bbox 531 2518 574 2554; x_wconf 92' lang='lat' dir='ltr'>et</span> <span class='ocrx_word' id='word_1_171' title='bbox 596 2512 816 2563; x_wconf 87' lang='lat' dir='ltr'>justitiam:</span> <span class='ocrx_word' id='word_1_172' title='bbox 841 2512 862 2534; x_wconf 81' lang='lat'>*</span> <span class='ocrx_word' id='word_1_173' title='bbox 888 2511 944 2552; x_wconf 90' lang='lat' dir='ltr'>Et</span> <span class='ocrx_word' id='word_1_174' title='bbox 968 2510 1038 2552; x_wconf 92' lang='lat' dir='ltr'>de-</span> 
     </span>
     <span class='ocr_line' id='line_1_42' title="bbox 215 2564 1039 2610; baseline 0.002 -4"><span class='ocrx_word' id='word_1_175' title='bbox 215 2564 346 2608; x_wconf 81' lang='lat' dir='ltr'>ducet</span> <span class='ocrx_word' id='word_1_176' title='bbox 375 2573 419 2609; x_wconf 91' lang='lat' dir='ltr'>te</span> <span class='ocrx_word' id='word_1_177' title='bbox 453 2568 707 2610; x_wconf 85' lang='lat' dir='ltr'>mirabiliter</span> <span class='ocrx_word' id='word_1_178' title='bbox 743 2568 924 2610; x_wconf 82' lang='lat' dir='ltr'>dextera</span> <span class='ocrx_word' id='word_1_179' title='bbox 954 2572 1039 2608; x_wconf 85' lang='lat' dir='ltr'>tua.</span> 
     </span>
     <span class='ocr_line' id='line_1_43' title="bbox 214 2613 1039 2677; baseline -0.001 -12"><span class='ocrx_word' id='word_1_180' title='bbox 214 2613 265 2665; x_wconf 61' lang='lat' dir='ltr'>Y*-</span> <span class='ocrx_word' id='word_1_181' title='bbox 287 2622 440 2674; x_wconf 89' lang='lat' dir='ltr'>Specie</span> <span class='ocrx_word' id='word_1_182' title='bbox 464 2630 539 2665; x_wconf 88' lang='lat' dir='ltr'>tua</span> <span class='ocrx_word' id='word_1_183' title='bbox 560 2630 602 2666; x_wconf 90' lang='lat' dir='ltr'>et</span> <span class='ocrx_word' id='word_1_184' title='bbox 621 2622 944 2677; x_wconf 80' lang='lat' dir='ltr'>pulchritudine</span> <span class='ocrx_word' id='word_1_185' title='bbox 965 2628 1039 2664; x_wconf 85' lang='lat' dir='ltr'>tua</span> 
     </span>
     <span class='ocr_line' id='line_1_44' title="bbox 213 2678 1037 2734; baseline 0 -15"><span class='ocrx_word' id='word_1_186' title='bbox 213 2678 406 2729; x_wconf 86' lang='lat' dir='ltr'>intende,</span> <span class='ocrx_word' id='word_1_187' title='bbox 434 2683 646 2733; x_wconf 90' lang='lat' dir='ltr'>prospere</span> <span class='ocrx_word' id='word_1_188' title='bbox 669 2680 879 2734; x_wconf 89' lang='lat' dir='ltr'>procede,</span> <span class='ocrx_word' id='word_1_189' title='bbox 908 2684 951 2721; x_wconf 91' lang='lat' dir='ltr'>et</span> <span class='ocrx_word' id='word_1_190' title='bbox 975 2692 1037 2720; x_wconf 87' lang='lat' dir='ltr'>re-</span> 
     </span>
     <span class='ocr_line' id='line_1_45' title="bbox 210 2734 606 2785; baseline 0.005 -10"><span class='ocrx_word' id='word_1_191' title='bbox 210 2747 306 2785; x_wconf 88' lang='lat' dir='ltr'>gna.</span> <span class='ocrx_word' id='word_1_192' title='bbox 334 2735 389 2776; x_wconf 91' lang='lat' dir='ltr'>Et</span> <span class='ocrx_word' id='word_1_193' title='bbox 408 2734 606 2778; x_wconf 76' lang='lat' dir='ltr'>deducet.</span> 
     </span>
    </p>
   </div>
   <div class='ocr_carea' id='block_1_6' title="bbox 597 204 1571 248">
    <p class='ocr_par' dir='ltr' id='par_1_8' title="bbox 597 204 1571 248">
     <span class='ocr_line' id='line_1_46' title="bbox 597 204 1571 248; baseline 0.001 -10"><span class='ocrx_word' id='word_1_194' title='bbox 597 205 665 238; x_wconf 78' lang='lat' dir='ltr'>Dic</span> <span class='ocrx_word' id='word_1_195' title='bbox 695 205 740 238; x_wconf 71' lang='lat'>13.</span> <span class='ocrx_word' id='word_1_196' title='bbox 768 205 872 238; x_wconf 74' lang='lat' dir='ltr'>Febr.</span> <span class='ocrx_word' id='word_1_197' title='bbox 922 205 955 238; x_wconf 65' lang='lat' dir='ltr'>S.</span> <span class='ocrx_word' id='word_1_198' title='bbox 982 204 1201 238; x_wconf 58' lang='lat' dir='ltr'>(lutharinae</span> <span class='ocrx_word' id='word_1_199' title='bbox 1228 205 1273 238; x_wconf 84' lang='lat' dir='ltr'>dc</span> <span class='ocrx_word' id='word_1_200' title='bbox 1301 205 1442 239; x_wconf 72' lang='lat' dir='ltr'>Ricciis</span> <span class='ocrx_word' id='word_1_201' title='bbox 1468 206 1571 248; x_wconf 67' lang='lat' dir='ltr'>Virg.</span> 
     </span>
    </p>
   </div>
   <div class='ocr_carea' id='block_1_7' title="bbox 1096 299 1938 2449">
    <p class='ocr_par' dir='ltr' id='par_1_9' title="bbox 1419 299 1627 343">
     <span class='ocr_line' id='line_1_47' title="bbox 1419 299 1627 343; baseline 0 -2"><span class='ocrx_word' id='word_1_202' title='bbox 1419 299 1570 343; x_wconf 86' lang='lat' dir='ltr'>Lectio</span> <span class='ocrx_word' id='word_1_203' title='bbox 1591 316 1627 341; x_wconf 83' lang='lat' dir='ltr'>v.</span> 
     </span>
    </p>

    <p class='ocr_par' dir='ltr' id='par_1_10' title="bbox 1099 353 1938 1941">
     <span class='ocr_line' id='line_1_48' title="bbox 1185 353 1937 407; baseline 0.007 -13"><span class='ocrx_word' id='word_1_204' title='bbox 1185 353 1340 396; x_wconf 88' lang='lat' dir='ltr'>aritate</span> <span class='ocrx_word' id='word_1_205' title='bbox 1371 355 1415 396; x_wconf 92' lang='lat' dir='ltr'>in</span> <span class='ocrx_word' id='word_1_206' title='bbox 1446 355 1591 397; x_wconf 91' lang='lat' dir='ltr'>Deum</span> <span class='ocrx_word' id='word_1_207' title='bbox 1622 355 1811 407; x_wconf 90' lang='lat' dir='ltr'>fervens,</span> <span class='ocrx_word' id='word_1_208' title='bbox 1843 370 1937 399; x_wconf 86' lang='lat' dir='ltr'>ora·</span> 
     </span>
     <span class='ocr_line' id='line_1_49' title="bbox 1199 410 1938 467; baseline 0.005 -16"><span class='ocrx_word' id='word_1_209' title='bbox 1199 410 1307 452; x_wconf 91' lang='lat' dir='ltr'>tioni</span> <span class='ocrx_word' id='word_1_210' title='bbox 1323 411 1412 453; x_wconf 90' lang='lat' dir='ltr'>fere</span> <span class='ocrx_word' id='word_1_211' title='bbox 1428 411 1605 454; x_wconf 87' lang='lat' dir='ltr'>assidue</span> <span class='ocrx_word' id='word_1_212' title='bbox 1615 412 1811 462; x_wconf 89' lang='lat' dir='ltr'>vacabat,</span> <span class='ocrx_word' id='word_1_213' title='bbox 1823 413 1938 467; x_wconf 93' lang='lat' dir='ltr'>quid-</span> 
     </span>
     <span class='ocr_line' id='line_1_50' title="bbox 1110 466 1936 523; baseline 0.005 -16"><span class='ocrx_word' id='word_1_214' title='bbox 1110 466 1215 519; x_wconf 92' lang='lat' dir='ltr'>quid</span> <span class='ocrx_word' id='word_1_215' title='bbox 1234 468 1447 521; x_wconf 89' lang='lat' dir='ltr'>temporis</span> <span class='ocrx_word' id='word_1_216' title='bbox 1470 469 1730 510; x_wconf 88' lang='lat' dir='ltr'>necessariis</span> <span class='ocrx_word' id='word_1_217' title='bbox 1751 482 1936 523; x_wconf 90' lang='lat' dir='ltr'>occupa-</span> 
     </span>
     <span class='ocr_line' id='line_1_51' title="bbox 1107 522 1936 579; baseline 0.005 -15"><span class='ocrx_word' id='word_1_218' title='bbox 1107 522 1301 565; x_wconf 81' lang='lat' dir='ltr'>tionibus</span> <span class='ocrx_word' id='word_1_219' title='bbox 1329 529 1373 566; x_wconf 88' lang='lat' dir='ltr'>et</span> <span class='ocrx_word' id='word_1_220' title='bbox 1402 523 1591 566; x_wconf 86' lang='lat' dir='ltr'>modicae</span> <span class='ocrx_word' id='word_1_221' title='bbox 1619 525 1756 578; x_wconf 90' lang='lat' dir='ltr'>quieti</span> <span class='ocrx_word' id='word_1_222' title='bbox 1788 527 1936 579; x_wconf 90' lang='lat' dir='ltr'>super-</span> 
     </span>
     <span class='ocr_line' id='line_1_52' title="bbox 1109 580 1936 637; baseline 0.005 -16"><span class='ocrx_word' id='word_1_223' title='bbox 1109 584 1212 630; x_wconf 85' lang='lat' dir='ltr'>erat,</span> <span class='ocrx_word' id='word_1_224' title='bbox 1231 580 1275 621; x_wconf 91' lang='lat' dir='ltr'>in</span> <span class='ocrx_word' id='word_1_225' title='bbox 1295 593 1346 623; x_wconf 91' lang='lat' dir='ltr'>ea</span> <span class='ocrx_word' id='word_1_226' title='bbox 1363 581 1603 632; x_wconf 81' lang='lat' dir='ltr'>insumens3</span> <span class='ocrx_word' id='word_1_227' title='bbox 1621 586 1756 634; x_wconf 86' lang='lat' dir='ltr'>utque</span> <span class='ocrx_word' id='word_1_228' title='bbox 1774 595 1936 637; x_wconf 88' lang='lat' dir='ltr'>corpus</span> 
     </span>
     <span class='ocr_line' id='line_1_53' title="bbox 1107 637 1935 690; baseline 0.006 -13"><span class='ocrx_word' id='word_1_229' title='bbox 1107 637 1150 678; x_wconf 93' lang='lat' dir='ltr'>in</span> <span class='ocrx_word' id='word_1_230' title='bbox 1170 638 1425 680; x_wconf 81' lang='lat' dir='ltr'>servitutem</span> <span class='ocrx_word' id='word_1_231' title='bbox 1445 637 1680 690; x_wconf 89' lang='lat' dir='ltr'>redigeret,</span> <span class='ocrx_word' id='word_1_232' title='bbox 1709 639 1849 682; x_wconf 88' lang='lat' dir='ltr'>ferrea</span> <span class='ocrx_word' id='word_1_233' title='bbox 1868 653 1935 682; x_wconf 92' lang='lat' dir='ltr'>ca-</span> 
     </span>
     <span class='ocr_line' id='line_1_54' title="bbox 1106 695 1935 748; baseline 0.006 -13"><span class='ocrx_word' id='word_1_234' title='bbox 1106 695 1208 736; x_wconf 86' lang='lat' dir='ltr'>tena</span> <span class='ocrx_word' id='word_1_235' title='bbox 1239 700 1284 736; x_wconf 92' lang='lat' dir='ltr'>et</span> <span class='ocrx_word' id='word_1_236' title='bbox 1315 695 1499 748; x_wconf 85' lang='lat' dir='ltr'>flagellis</span> <span class='ocrx_word' id='word_1_237' title='bbox 1530 695 1638 738; x_wconf 92' lang='lat' dir='ltr'>illud</span> <span class='ocrx_word' id='word_1_238' title='bbox 1672 698 1935 740; x_wconf 88' lang='lat' dir='ltr'>macerabat.</span> 
     </span>
     <span class='ocr_line' id='line_1_55' title="bbox 1108 751 1935 808; baseline 0.005 -16"><span class='ocrx_word' id='word_1_239' title='bbox 1108 751 1204 793; x_wconf 93' lang='lat' dir='ltr'>Cibi</span> <span class='ocrx_word' id='word_1_240' title='bbox 1231 753 1506 806; x_wconf 89' lang='lat' dir='ltr'>parcissima,</span> <span class='ocrx_word' id='word_1_241' title='bbox 1540 758 1640 795; x_wconf 93' lang='lat' dir='ltr'>octo</span> <span class='ocrx_word' id='word_1_242' title='bbox 1670 767 1804 808; x_wconf 91' lang='lat' dir='ltr'>supra</span> <span class='ocrx_word' id='word_1_243' title='bbox 1833 767 1935 807; x_wconf 88' lang='lat' dir='ltr'>qua-</span> 
     </span>
     <span class='ocr_line' id='line_1_56' title="bbox 1106 807 1935 862; baseline 0.005 -13"><span class='ocrx_word' id='word_1_244' title='bbox 1106 807 1307 860; x_wconf 85' lang='lat' dir='ltr'>draginta</span> <span class='ocrx_word' id='word_1_245' title='bbox 1330 822 1468 851; x_wconf 89' lang='lat' dir='ltr'>annos</span> <span class='ocrx_word' id='word_1_246' title='bbox 1493 810 1697 852; x_wconf 85' lang='lat' dir='ltr'>carnibus</span> <span class='ocrx_word' id='word_1_247' title='bbox 1716 810 1935 862; x_wconf 89' lang='lat' dir='ltr'>abstinuit,</span> 
     </span>
     <span class='ocr_line' id='line_1_57' title="bbox 1104 863 1936 920; baseline 0.005 -15"><span class='ocrx_word' id='word_1_248' title='bbox 1104 863 1396 915; x_wconf 85' lang='lat' dir='ltr'>leguminibus</span> <span class='ocrx_word' id='word_1_249' title='bbox 1429 866 1688 920; x_wconf 78' lang='lat' dir='ltr'>plerumque</span> <span class='ocrx_word' id='word_1_250' title='bbox 1715 872 1759 909; x_wconf 87' lang='lat' dir='ltr'>et</span> <span class='ocrx_word' id='word_1_251' title='bbox 1786 867 1936 910; x_wconf 87' lang='lat' dir='ltr'>herbis</span> 
     </span>
     <span class='ocr_line' id='line_1_58' title="bbox 1105 923 1935 977; baseline 0.004 -14"><span class='ocrx_word' id='word_1_252' title='bbox 1105 934 1306 973; x_wconf 89' lang='lat' dir='ltr'>vescens,</span> <span class='ocrx_word' id='word_1_253' title='bbox 1332 923 1552 965; x_wconf 91' lang='lat' dir='ltr'>interdum</span> <span class='ocrx_word' id='word_1_254' title='bbox 1575 936 1681 965; x_wconf 91' lang='lat' dir='ltr'>vero</span> <span class='ocrx_word' id='word_1_255' title='bbox 1706 923 1802 966; x_wconf 90' lang='lat' dir='ltr'>solo</span> <span class='ocrx_word' id='word_1_256' title='bbox 1822 937 1935 977; x_wconf 90' lang='lat' dir='ltr'>pane</span> 
     </span>
     <span class='ocr_line' id='line_1_59' title="bbox 1105 980 1934 1031; baseline 0.004 -11"><span class='ocrx_word' id='word_1_257' title='bbox 1105 983 1149 1020; x_wconf 91' lang='lat' dir='ltr'>et</span> <span class='ocrx_word' id='word_1_258' title='bbox 1171 992 1286 1031; x_wconf 90' lang='lat' dir='ltr'>aqua</span> <span class='ocrx_word' id='word_1_259' title='bbox 1305 982 1520 1022; x_wconf 89' lang='lat' dir='ltr'>contenta.</span> <span class='ocrx_word' id='word_1_260' title='bbox 1553 980 1861 1023; x_wconf 82' lang='lat' dir='ltr'>Proximorum</span> <span class='ocrx_word' id='word_1_261' title='bbox 1879 993 1934 1023; x_wconf 89' lang='lat' dir='ltr'>ae-</span> 
     </span>
     <span class='ocr_line' id='line_1_60' title="bbox 1104 1036 1934 1090; baseline 0.004 -14"><span class='ocrx_word' id='word_1_262' title='bbox 1104 1037 1273 1077; x_wconf 89' lang='lat' dir='ltr'>ternam</span> <span class='ocrx_word' id='word_1_263' title='bbox 1301 1037 1488 1079; x_wconf 73' lang='lat' dir='ltr'>saltitem</span> <span class='ocrx_word' id='word_1_264' title='bbox 1516 1039 1750 1090; x_wconf 88' lang='lat' dir='ltr'>exoptans,</span> <span class='ocrx_word' id='word_1_265' title='bbox 1782 1036 1934 1079; x_wconf 90' lang='lat' dir='ltr'>arden-</span> 
     </span>
     <span class='ocr_line' id='line_1_61' title="bbox 1103 1092 1935 1146; baseline 0.004 -14"><span class='ocrx_word' id='word_1_266' title='bbox 1103 1092 1295 1134; x_wconf 90' lang='lat' dir='ltr'>tissimas</span> <span class='ocrx_word' id='word_1_267' title='bbox 1314 1092 1371 1135; x_wconf 92' lang='lat' dir='ltr'>ad</span> <span class='ocrx_word' id='word_1_268' title='bbox 1384 1093 1528 1135; x_wconf 93' lang='lat' dir='ltr'>Deum</span> <span class='ocrx_word' id='word_1_269' title='bbox 1547 1106 1630 1146; x_wconf 90' lang='lat' dir='ltr'>pro</span> <span class='ocrx_word' id='word_1_270' title='bbox 1650 1095 1935 1146; x_wconf 90' lang='lat' dir='ltr'>peccatorum</span> 
     </span>
     <span class='ocr_line' id='line_1_62' title="bbox 1104 1149 1936 1203; baseline 0.002 -13"><span class='ocrx_word' id='word_1_271' title='bbox 1104 1149 1392 1191; x_wconf 87' lang='lat' dir='ltr'>conversione</span> <span class='ocrx_word' id='word_1_272' title='bbox 1410 1162 1567 1203; x_wconf 90' lang='lat' dir='ltr'>preces</span> <span class='ocrx_word' id='word_1_273' title='bbox 1582 1149 1803 1192; x_wconf 84' lang='lat' dir='ltr'>fundebat.</span> <span class='ocrx_word' id='word_1_274' title='bbox 1829 1150 1936 1192; x_wconf 92' lang='lat' dir='ltr'>Tan-</span> 
     </span>
     <span class='ocr_line' id='line_1_63' title="bbox 1103 1206 1934 1249; baseline 0.001 -2"><span class='ocrx_word' id='word_1_275' title='bbox 1103 1210 1150 1246; x_wconf 91' lang='lat' dir='ltr'>to</span> <span class='ocrx_word' id='word_1_276' title='bbox 1192 1206 1323 1248; x_wconf 91' lang='lat' dir='ltr'>etiam</span> <span class='ocrx_word' id='word_1_277' title='bbox 1365 1206 1757 1249; x_wconf 89' lang='lat' dir='ltr'>commiserationis</span> <span class='ocrx_word' id='word_1_278' title='bbox 1802 1219 1934 1248; x_wconf 87' lang='lat' dir='ltr'>sensu</span> 
     </span>
     <span class='ocr_line' id='line_1_64' title="bbox 1103 1263 1934 1316; baseline 0.004 -14"><span class='ocrx_word' id='word_1_279' title='bbox 1103 1274 1206 1313; x_wconf 89' lang='lat' dir='ltr'>erga</span> <span class='ocrx_word' id='word_1_280' title='bbox 1224 1265 1486 1316; x_wconf 81' lang='lat' dir='ltr'>purgantem</span> <span class='ocrx_word' id='word_1_281' title='bbox 1505 1263 1693 1304; x_wconf 88' lang='lat' dir='ltr'>animam</span> <span class='ocrx_word' id='word_1_282' title='bbox 1713 1265 1934 1306; x_wconf 88' lang='lat' dir='ltr'>commota</span> 
     </span>
     <span class='ocr_line' id='line_1_65' title="bbox 1103 1319 1932 1369; baseline 0.001 -9"><span class='ocrx_word' id='word_1_283' title='bbox 1103 1325 1187 1369; x_wconf 90' lang='lat' dir='ltr'>est,</span> <span class='ocrx_word' id='word_1_284' title='bbox 1218 1325 1266 1362; x_wconf 91' lang='lat' dir='ltr'>ut</span> <span class='ocrx_word' id='word_1_285' title='bbox 1298 1320 1606 1362; x_wconf 88' lang='lat' dir='ltr'>acerbissimos</span> <span class='ocrx_word' id='word_1_286' title='bbox 1639 1319 1817 1362; x_wconf 94' lang='lat' dir='ltr'>dolores</span> <span class='ocrx_word' id='word_1_287' title='bbox 1849 1319 1932 1362; x_wconf 92' lang='lat' dir='ltr'>sibi</span> 
     </span>
     <span class='ocr_line' id='line_1_66' title="bbox 1103 1374 1933 1430; baseline 0.004 -15"><span class='ocrx_word' id='word_1_288' title='bbox 1103 1374 1308 1418; x_wconf 88' lang='lat' dir='ltr'>divinitus</span> <span class='ocrx_word' id='word_1_289' title='bbox 1332 1377 1522 1419; x_wconf 89' lang='lat' dir='ltr'>inflictos</span> <span class='ocrx_word' id='word_1_290' title='bbox 1546 1376 1588 1418; x_wconf 94' lang='lat' dir='ltr'>in</span> <span class='ocrx_word' id='word_1_291' title='bbox 1614 1378 1848 1430; x_wconf 88' lang='lat' dir='ltr'>poenarum</span> <span class='ocrx_word' id='word_1_292' title='bbox 1870 1376 1933 1418; x_wconf 93' lang='lat' dir='ltr'>illi</span> 
     </span>
     <span class='ocr_line' id='line_1_67' title="bbox 1103 1430 1931 1486; baseline 0.002 -13"><span class='ocrx_word' id='word_1_293' title='bbox 1103 1430 1350 1474; x_wconf 89' lang='lat' dir='ltr'>debitarum</span> <span class='ocrx_word' id='word_1_294' title='bbox 1375 1433 1671 1486; x_wconf 87' lang='lat' dir='ltr'>expiationem</span> <span class='ocrx_word' id='word_1_295' title='bbox 1697 1433 1931 1486; x_wconf 81' lang='lat' dir='ltr'>pertulisse</span> 
     </span>
     <span class='ocr_line' id='line_1_68' title="bbox 1101 1489 1930 1544; baseline 0.004 -15"><span class='ocrx_word' id='word_1_296' title='bbox 1101 1489 1195 1530; x_wconf 89' lang='lat' dir='ltr'>visa</span> <span class='ocrx_word' id='word_1_297' title='bbox 1222 1489 1288 1531; x_wconf 92' lang='lat' dir='ltr'>sit.</span> <span class='ocrx_word' id='word_1_298' title='bbox 1332 1490 1503 1532; x_wconf 84' lang='lat' dir='ltr'>Eximia</span> <span class='ocrx_word' id='word_1_299' title='bbox 1534 1489 1769 1544; x_wconf 87' lang='lat' dir='ltr'>prudentia</span> <span class='ocrx_word' id='word_1_300' title='bbox 1796 1495 1840 1532; x_wconf 90' lang='lat' dir='ltr'>et</span> <span class='ocrx_word' id='word_1_301' title='bbox 1865 1503 1930 1532; x_wconf 90' lang='lat' dir='ltr'>re-</span> 
     </span>
     <span class='ocr_line' id='line_1_69' title="bbox 1100 1545 1929 1597; baseline 0.002 -11"><span class='ocrx_word' id='word_1_302' title='bbox 1100 1545 1263 1597; x_wconf 83' lang='lat' dir='ltr'>gularis</span> <span class='ocrx_word' id='word_1_303' title='bbox 1289 1546 1580 1589; x_wconf 84' lang='lat' dir='ltr'>observantiae</span> <span class='ocrx_word' id='word_1_304' title='bbox 1600 1545 1696 1589; x_wconf 86' lang='lat' dir='ltr'>zelo</span> <span class='ocrx_word' id='word_1_305' title='bbox 1716 1546 1929 1589; x_wconf 85' lang='lat' dir='ltr'>moniales</span> 
     </span>
     <span class='ocr_line' id='line_1_70' title="bbox 1101 1602 1930 1657; baseline 0.001 -13"><span class='ocrx_word' id='word_1_306' title='bbox 1101 1602 1175 1644; x_wconf 88' lang='lat' dir='ltr'>diu</span> <span class='ocrx_word' id='word_1_307' title='bbox 1194 1603 1322 1653; x_wconf 83' lang='lat' dir='ltr'>rexit,</span> <span class='ocrx_word' id='word_1_308' title='bbox 1348 1616 1423 1645; x_wconf 89' lang='lat' dir='ltr'>eas</span> <span class='ocrx_word' id='word_1_309' title='bbox 1447 1616 1536 1645; x_wconf 92' lang='lat' dir='ltr'>non</span> <span class='ocrx_word' id='word_1_310' title='bbox 1559 1604 1703 1645; x_wconf 92' lang='lat' dir='ltr'>minus</span> <span class='ocrx_word' id='word_1_311' title='bbox 1727 1602 1930 1657; x_wconf 83' lang='lat' dir='ltr'>exemplo</span> 
     </span>
     <span class='ocr_line' id='line_1_71' title="bbox 1101 1659 1931 1712; baseline 0.001 -11"><span class='ocrx_word' id='word_1_312' title='bbox 1101 1673 1232 1712; x_wconf 89' lang='lat' dir='ltr'>quam</span> <span class='ocrx_word' id='word_1_313' title='bbox 1261 1660 1641 1703; x_wconf 86' lang='lat' dir='ltr'>adhortationibus</span> <span class='ocrx_word' id='word_1_314' title='bbox 1673 1659 1730 1703; x_wconf 91' lang='lat' dir='ltr'>ad</span> <span class='ocrx_word' id='word_1_315' title='bbox 1755 1672 1931 1702; x_wconf 91' lang='lat' dir='ltr'>omnem</span> 
     </span>
     <span class='ocr_line' id='line_1_72' title="bbox 1100 1717 1930 1768; baseline 0 -10"><span class='ocrx_word' id='word_1_316' title='bbox 1100 1717 1433 1759; x_wconf 89' lang='lat' dir='ltr'>sanctimoniam</span> <span class='ocrx_word' id='word_1_317' title='bbox 1464 1717 1712 1760; x_wconf 88' lang='lat' dir='ltr'>informans.</span> <span class='ocrx_word' id='word_1_318' title='bbox 1759 1718 1856 1768; x_wconf 90' lang='lat' dir='ltr'>Quo</span> <span class='ocrx_word' id='word_1_319' title='bbox 1885 1717 1930 1758; x_wconf 91' lang='lat' dir='ltr'>in</span> 
     </span>
     <span class='ocr_line' id='line_1_73' title="bbox 1099 1773 1930 1824; baseline 0.002 -10"><span class='ocrx_word' id='word_1_320' title='bbox 1099 1773 1243 1815; x_wconf 89' lang='lat' dir='ltr'>officio</span> <span class='ocrx_word' id='word_1_321' title='bbox 1264 1773 1553 1816; x_wconf 89' lang='lat' dir='ltr'>humilitatem</span> <span class='ocrx_word' id='word_1_322' title='bbox 1573 1774 1686 1816; x_wconf 92' lang='lat' dir='ltr'>adeo</span> <span class='ocrx_word' id='word_1_323' title='bbox 1707 1773 1856 1824; x_wconf 92' lang='lat' dir='ltr'>coluit,</span> <span class='ocrx_word' id='word_1_324' title='bbox 1881 1779 1930 1816; x_wconf 90' lang='lat' dir='ltr'>ut</span> 
     </span>
     <span class='ocr_line' id='line_1_74' title="bbox 1099 1830 1928 1884; baseline 0 -12"><span class='ocrx_word' id='word_1_325' title='bbox 1099 1830 1391 1883; x_wconf 87' lang='lat' dir='ltr'>abjectissima</span> <span class='ocrx_word' id='word_1_326' title='bbox 1411 1838 1598 1884; x_wconf 83' lang='lat' dir='ltr'>quaeque</span> <span class='ocrx_word' id='word_1_327' title='bbox 1618 1833 1754 1884; x_wconf 89' lang='lat' dir='ltr'>opera</span> <span class='ocrx_word' id='word_1_328' title='bbox 1769 1836 1928 1884; x_wconf 91' lang='lat' dir='ltr'>sponte</span> 
     </span>
     <span class='ocr_line' id='line_1_75' title="bbox 1099 1886 1927 1941; baseline -0.001 -12"><span class='ocrx_word' id='word_1_329' title='bbox 1099 1886 1259 1938; x_wconf 91' lang='lat' dir='ltr'>obiret,</span> <span class='ocrx_word' id='word_1_330' title='bbox 1287 1901 1338 1929; x_wconf 87' lang='lat' dir='ltr'>ac</span> <span class='ocrx_word' id='word_1_331' title='bbox 1363 1887 1545 1929; x_wconf 89' lang='lat' dir='ltr'>infirmis</span> <span class='ocrx_word' id='word_1_332' title='bbox 1570 1890 1796 1941; x_wconf 88' lang='lat' dir='ltr'>praecipua</span> <span class='ocrx_word' id='word_1_333' title='bbox 1821 1887 1927 1929; x_wconf 87' lang='lat' dir='ltr'>cari-</span> 
     </span>
    </p>

    <p class='ocr_par' dir='ltr' id='par_1_11' title="bbox 1096 1943 1927 2223">
     <span class='ocr_line' id='line_1_76' title="bbox 1097 1943 1869 1986; baseline 0 0"><span class='ocrx_word' id='word_1_334' title='bbox 1097 1946 1188 1986; x_wconf 87' lang='lat' dir='ltr'>tate</span> <span class='ocrx_word' id='word_1_335' title='bbox 1208 1949 1251 1986; x_wconf 92' lang='lat' dir='ltr'>et</span> <span class='ocrx_word' id='word_1_336' title='bbox 1270 1957 1440 1986; x_wconf 91' lang='lat' dir='ltr'>summo</span> <span class='ocrx_word' id='word_1_337' title='bbox 1461 1943 1608 1986; x_wconf 83' lang='lat' dir='ltr'>studio</span> <span class='ocrx_word' id='word_1_338' title='bbox 1628 1944 1869 1986; x_wconf 89' lang='lat' dir='ltr'>inserviret.</span> 
     </span>
     <span class='ocr_line' id='line_1_77' title="bbox 1150 1999 1927 2053; baseline 0 -12"><span class='ocrx_word' id='word_1_339' title='bbox 1150 2000 1199 2051; x_wconf 54' lang='lat' dir='ltr'>Ry-</span> <span class='ocrx_word' id='word_1_340' title='bbox 1235 2000 1440 2043; x_wconf 84' lang='lat' dir='ltr'>Dilexisti</span> <span class='ocrx_word' id='word_1_341' title='bbox 1467 2001 1688 2053; x_wconf 89' lang='lat' dir='ltr'>justitiam,</span> <span class='ocrx_word' id='word_1_342' title='bbox 1723 2005 1767 2043; x_wconf 90' lang='lat' dir='ltr'>et</span> <span class='ocrx_word' id='word_1_343' title='bbox 1794 1999 1927 2043; x_wconf 92' lang='lat' dir='ltr'>odisti</span> 
     </span>
     <span class='ocr_line' id='line_1_78' title="bbox 1096 2056 1926 2110; baseline 0.001 -13"><span class='ocrx_word' id='word_1_344' title='bbox 1096 2056 1387 2109; x_wconf 86' lang='lat' dir='ltr'>iniquitatem:</span> <span class='ocrx_word' id='word_1_345' title='bbox 1414 2056 1436 2079; x_wconf 89' lang='lat'>*</span> <span class='ocrx_word' id='word_1_346' title='bbox 1461 2057 1704 2110; x_wconf 91' lang='lat' dir='ltr'>Propterea</span> <span class='ocrx_word' id='word_1_347' title='bbox 1730 2057 1854 2099; x_wconf 85' lang='lat' dir='ltr'>unxit</span> <span class='ocrx_word' id='word_1_348' title='bbox 1881 2061 1926 2099; x_wconf 92' lang='lat' dir='ltr'>te</span> 
     </span>
     <span class='ocr_line' id='line_1_79' title="bbox 1096 2112 1926 2164; baseline 0.001 -10"><span class='ocrx_word' id='word_1_349' title='bbox 1096 2112 1232 2164; x_wconf 92' lang='lat' dir='ltr'>Deus,</span> <span class='ocrx_word' id='word_1_350' title='bbox 1284 2114 1406 2156; x_wconf 92' lang='lat' dir='ltr'>Deus</span> <span class='ocrx_word' id='word_1_351' title='bbox 1455 2118 1557 2155; x_wconf 91' lang='lat' dir='ltr'>tuus</span> <span class='ocrx_word' id='word_1_352' title='bbox 1603 2113 1702 2155; x_wconf 93' lang='lat' dir='ltr'>oleo</span> <span class='ocrx_word' id='word_1_353' title='bbox 1747 2113 1926 2155; x_wconf 81' lang='lat' dir='ltr'>laetitiae.</span> 
     </span>
     <span class='ocr_line' id='line_1_80' title="bbox 1097 2163 1923 2223; baseline -0.002 -10"><span class='ocrx_word' id='word_1_354' title='bbox 1097 2163 1147 2214; x_wconf 67' lang='lat' dir='ltr'>Y·</span> <span class='ocrx_word' id='word_1_355' title='bbox 1174 2170 1363 2223; x_wconf 90' lang='lat' dir='ltr'>Propter</span> <span class='ocrx_word' id='word_1_356' title='bbox 1384 2170 1628 2221; x_wconf 86' lang='lat' dir='ltr'>veritatem,</span> <span class='ocrx_word' id='word_1_357' title='bbox 1658 2174 1701 2211; x_wconf 91' lang='lat' dir='ltr'>et</span> <span class='ocrx_word' id='word_1_358' title='bbox 1726 2182 1923 2211; x_wconf 85' lang='lat' dir='ltr'>mansue-</span> 
     </span>
    </p>

    <p class='ocr_par' dir='ltr' id='par_1_12' title="bbox 1096 2226 1889 2322">
     <span class='ocr_line' id='line_1_81' title="bbox 1096 2226 1889 2322; baseline -0.001 -54"><span class='ocrx_word' id='word_1_359' title='bbox 1096 2226 1303 2278; x_wconf 81' lang='lat' dir='ltr'>tudinem,</span> <span class='ocrx_word' id='word_1_360' title='bbox 1332 2232 1375 2269; x_wconf 93' lang='lat' dir='ltr'>et</span> <span class='ocrx_word' id='word_1_361' title='bbox 1392 2227 1611 2322; x_wconf 72' lang='lat' dir='ltr'>qustitiam.</span> <span class='ocrx_word' id='word_1_362' title='bbox 1638 2226 1889 2280; x_wconf 91' lang='lat' dir='ltr'>Propterea.</span> 
     </span>
    </p>

    <p class='ocr_par' dir='ltr' id='par_1_13' title="bbox 1419 2283 1623 2324">
     <span class='ocr_line' id='line_1_82' title="bbox 1419 2283 1623 2324; baseline 0.005 -2"><span class='ocrx_word' id='word_1_363' title='bbox 1419 2283 1550 2324; x_wconf 63' lang='lat' dir='ltr'>,ectio</span> <span class='ocrx_word' id='word_1_364' title='bbox 1571 2283 1623 2323; x_wconf 80' lang='lat' dir='ltr'>vi.</span> 
     </span>
    </p>

    <p class='ocr_par' dir='ltr' id='par_1_14' title="bbox 1097 2334 1923 2449">
     <span class='ocr_line' id='line_1_83' title="bbox 1097 2334 1923 2442; baseline -0.002 -60"><span class='ocrx_word' id='word_1_365' title='bbox 1097 2334 1430 2442; x_wconf 84' lang='lat' dir='ltr'>Supernorum</span> <span class='ocrx_word' id='word_1_366' title='bbox 1457 2339 1767 2382; x_wconf 90' lang='lat' dir='ltr'>charismatum</span> <span class='ocrx_word' id='word_1_367' title='bbox 1794 2339 1923 2392; x_wconf 87' lang='lat' dir='ltr'>copia</span> 
     </span>
     <span class='ocr_line' id='line_1_84' title="bbox 1177 2396 1920 2449; baseline -0.004 -10"><span class='ocrx_word' id='word_1_368' title='bbox 1177 2397 1407 2449; x_wconf 88' lang='lat' dir='ltr'>singularis</span> <span class='ocrx_word' id='word_1_369' title='bbox 1434 2397 1477 2438; x_wconf 94' lang='lat' dir='ltr'>in</span> <span class='ocrx_word' id='word_1_370' title='bbox 1506 2409 1557 2438; x_wconf 88' lang='lat' dir='ltr'>ea</span> <span class='ocrx_word' id='word_1_371' title='bbox 1583 2397 1735 2438; x_wconf 88' lang='lat' dir='ltr'>enituit</span> <span class='ocrx_word' id='word_1_372' title='bbox 1760 2396 1920 2437; x_wconf 87' lang='lat' dir='ltr'>annulo</span> 
     </span>
    </p>
   </div>
   <div class='ocr_carea' id='block_1_8' title="bbox 1094 2452 2066 2507">
    <p class='ocr_par' dir='ltr' id='par_1_15' title="bbox 1094 2452 2066 2507">
     <span class='ocr_line' id='line_1_85' title="bbox 1094 2452 2066 2507; baseline -0.003 -11"><span class='ocrx_word' id='word_1_373' title='bbox 1094 2454 1464 2507; x_wconf 88' lang='lat' dir='ltr'>desponsationis,</span> <span class='ocrx_word' id='word_1_374' title='bbox 1494 2455 1718 2506; x_wconf 86' lang='lat' dir='ltr'>sacrisque</span> <span class='ocrx_word' id='word_1_375' title='bbox 1747 2452 1921 2503; x_wconf 89' lang='lat' dir='ltr'>stigma·</span> <span class='ocrx_word' id='word_1_376' title='bbox 1996 2459 2000 2462; x_wconf 70' lang='lat'>·</span> <span class='ocrx_word' id='word_1_377' title='bbox 2064 2493 2066 2503; x_wconf 63' lang='lat'>,</span> 
     </span>
    </p>
   </div>
   <div class='ocr_carea' id='block_1_9' title="bbox 1090 2507 1921 2790">
    <p class='ocr_par' dir='ltr' id='par_1_16' title="bbox 1090 2507 1921 2790">
     <span class='ocr_line' id='line_1_86' title="bbox 1091 2507 1920 2563; baseline -0.005 -10"><span class='ocrx_word' id='word_1_378' title='bbox 1091 2511 1227 2561; x_wconf 83' lang='lat' dir='ltr'>tibus,</span> <span class='ocrx_word' id='word_1_379' title='bbox 1261 2523 1359 2563; x_wconf 88' lang='lat' dir='ltr'>quae</span> <span class='ocrx_word' id='word_1_380' title='bbox 1392 2523 1479 2551; x_wconf 93' lang='lat' dir='ltr'>non</span> <span class='ocrx_word' id='word_1_381' title='bbox 1511 2509 1647 2551; x_wconf 90' lang='lat' dir='ltr'>semel</span> <span class='ocrx_word' id='word_1_382' title='bbox 1679 2507 1920 2562; x_wconf 84' lang='lat' dir='ltr'>spectanda</span> 
     </span>
     <span class='ocr_line' id='line_1_87' title="bbox 1093 2565 1921 2619; baseline -0.005 -10"><span class='ocrx_word' id='word_1_383' title='bbox 1093 2581 1139 2609; x_wconf 89' lang='lat' dir='ltr'>se</span> <span class='ocrx_word' id='word_1_384' title='bbox 1159 2567 1461 2615; x_wconf 82' lang='lat' dir='ltr'>exhibuerunt,</span> <span class='ocrx_word' id='word_1_385' title='bbox 1486 2566 1689 2619; x_wconf 89' lang='lat' dir='ltr'>acceptis.</span> <span class='ocrx_word' id='word_1_386' title='bbox 1726 2565 1921 2606; x_wconf 81' lang='lat' dir='ltr'>Plurium</span> 
     </span>
     <span class='ocr_line' id='line_1_88' title="bbox 1092 2623 1920 2676; baseline -0.004 -10"><span class='ocrx_word' id='word_1_387' title='bbox 1092 2627 1303 2666; x_wconf 91' lang='lat' dir='ltr'>annorum</span> <span class='ocrx_word' id='word_1_388' title='bbox 1336 2623 1496 2676; x_wconf 91' lang='lat' dir='ltr'>spatio,</span> <span class='ocrx_word' id='word_1_389' title='bbox 1537 2623 1688 2676; x_wconf 87' lang='lat' dir='ltr'>quinta</span> <span class='ocrx_word' id='word_1_390' title='bbox 1720 2627 1763 2664; x_wconf 93' lang='lat' dir='ltr'>et</span> <span class='ocrx_word' id='word_1_391' title='bbox 1795 2627 1920 2664; x_wconf 82' lang='lat' dir='ltr'>sexta</span> 
     </span>
     <span class='ocr_line' id='line_1_89' title="bbox 1091 2678 1918 2731; baseline -0.002 -9"><span class='ocrx_word' id='word_1_392' title='bbox 1091 2681 1198 2722; x_wconf 92' lang='lat' dir='ltr'>feria</span> <span class='ocrx_word' id='word_1_393' title='bbox 1230 2681 1274 2721; x_wconf 92' lang='lat' dir='ltr'>in</span> <span class='ocrx_word' id='word_1_394' title='bbox 1302 2680 1559 2722; x_wconf 90' lang='lat' dir='ltr'>altissimam</span> <span class='ocrx_word' id='word_1_395' title='bbox 1587 2678 1918 2731; x_wconf 90' lang='lat' dir='ltr'>contemplatio-</span> 
     </span>
     <span class='ocr_line' id='line_1_90' title="bbox 1090 2734 1918 2790; baseline -0.005 -11"><span class='ocrx_word' id='word_1_396' title='bbox 1090 2750 1191 2779; x_wconf 92' lang='lat' dir='ltr'>nem</span> <span class='ocrx_word' id='word_1_397' title='bbox 1216 2742 1357 2790; x_wconf 89' lang='lat' dir='ltr'>rapta,</span> <span class='ocrx_word' id='word_1_398' title='bbox 1386 2735 1581 2788; x_wconf 88' lang='lat' dir='ltr'>singulos</span> <span class='ocrx_word' id='word_1_399' title='bbox 1605 2734 1918 2789; x_wconf 90' lang='lat' dir='ltr'>Redemptoris</span> 
     </span>
    </p>
   </div>
   <div class='ocr_carea' id='block_1_10' title="bbox 157 136 1992 2849">
    <p class='ocr_par' dir='ltr' id='par_1_17' title="bbox 157 136 1992 2849">
     <span class='ocr_line' id='line_1_91' title="bbox 157 136 1992 2849; baseline 0 0"><span class='ocrx_word' id='word_1_400' title='bbox 157 136 1992 2849; x_wconf 95' lang='lat' dir='ltr'> </span> 
     </span>
    </p>
   </div>
  </div>
 </body>
</html>
