2066 2956
580 206 649 239 Die
674 207 725 238 2⁴¹».
751 203 908 247 Aprilis.
959 202 996 235 B.
1024 201 1068 234 M.
1096 200 1138 233 V.
1164 199 1210 232 dc
1236 198 1346 232 Bono
1372 196 1558 231 Consilio.

516 302 664 342 Lectio
688 302 736 340 vi.

316 358 406 396 aria
437 367 567 406 quam
594 351 943 406 praeclarissimis
967 351 1040 392 tri-

214 357 315 461 M
329 412 412 452 bus
431 410 558 452 bonis
578 409 851 458 sublimetur,
875 406 1041 449 auscul-

213 474 275 517 ta,
308 467 581 509 salutationis
608 465 836 516 angelicae,
867 462 1041 506 benedi-

214 525 372 566 ctienis
392 523 563 571 divinae,
584 527 628 563 et
646 519 931 573 plenitudinis
947 521 1042 570 gra-

213 581 297 622 tiae.
318 580 387 621 Sic
405 579 519 620 enim
537 591 634 620 eam
644 577 803 628 legitur
813 576 1043 618 salutasse:

215 637 308 678 Ave
324 636 472 683 Maria,
491 635 631 686 gratia
650 634 792 686 plena:
811 631 1043 675 benedicta

213 694 325 735 inter
339 692 555 733 mulieres.
574 691 631 731 Et
648 696 696 731 ut
715 689 822 730 nihil
840 702 927 730 non
945 688 1043 730 sub-

214 748 314 790 lime
340 753 456 790 esset
482 748 524 788 in
546 747 630 788 hac
654 746 927 787 sanctissima
947 745 1043 786 Vir-

213 806 324 856 gine,
346 817 476 857 quam
495 803 691 854 Angelus
710 803 849 853 gratia
868 802 1044 854 plenam

215 861 436 910 salutavit,
463 873 551 901 non
578 860 669 900 sine
690 859 838 900 divino
859 858 1043 900 consilio

215 918 377 959 factum
397 922 479 962 est.
505 920 553 957 ut
574 916 664 967 ejus
685 916 815 957 etiam
834 915 1044 965 imagines

215 986 386 1015 summo
421 978 567 1014 essent
599 973 643 1013 in
675 971 844 1013 honere
874 976 918 1012 et
946 983 1044 1023 pro-

215 1030 342 1081 digiis
388 1028 698 1080 miraculisque
744 1028 1045 1069 clarescerent.

216 1087 334 1135 Quas
358 1086 471 1127 inter
496 1097 548 1126 ea
571 1084 712 1129 tribus
733 1083 891 1125 abhinc
911 1086 1045 1124 saecu-

215 1142 268 1181 lis
293 1144 519 1193 praecipuo
544 1141 713 1181 honore
738 1140 910 1188 celitur,
947 1152 1045 1191 quae

216 1197 354 1238 Paulo
375 1196 569 1238 secundo
589 1195 770 1237 sedente
789 1195 1046 1237 mirabiliter

219 1255 475 1305 apparuisse
494 1252 537 1292 in
556 1254 723 1304 pariete
741 1251 951 1293 Ecclesiae
968 1251 1046 1291 Pa-

217 1315 333 1350 trum
367 1308 545 1350 Ordinis
576 1308 870 1349 Eremitarum
907 1307 1047 1348 sancti

219 1365 452 1416 Augustini
502 1365 545 1404 in
592 1364 760 1416 oppido
807 1363 1047 1405 Genestani

218 1422 501 1463 Praenestinae
512 1420 726 1469 dioecesis,
743 1432 798 1461 ex
807 1419 1047 1472 pontificiis

219 1476 532 1529 diplomatibus
553 1481 596 1517 et
616 1476 882 1528 supparibus
897 1488 1046 1517 monu-

218 1533 374 1574 mentis
394 1532 720 1585 comprobatur.
757 1532 926 1582 Quibus
951 1545 1046 1584 per·
1108 1542 1113 1578 ζ
1139 1531 1205 1589 ‚li-..3515

218 1592 364 1630 motus
390 1589 494 1630 Pius
521 1589 643 1641 Papa
671 1593 821 1629 sextus
850 1588 1047 1640 praefatis

219 1645 411 1695 ejusdem
456 1644 609 1697 Oppidi
653 1644 897 1686 Coenobitis
944 1643 1047 1685 Offi-

219 1702 334 1742 cium
359 1701 587 1753 preprium
614 1701 833 1742 concessit
857 1701 1047 1753 septimo

221 1756 443 1798 Kalendas
467 1757 620 1807 Maias,
646 1758 743 1809 ipso
771 1757 939 1798 scilicet
959 1757 1047 1808 Ap-

220 1813 450 1865 paritionis
470 1812 558 1860 die,
582 1812 873 1862 recitandum,
900 1826 952 1853 ac
976 1812 1047 1854 de-

220 1867 320 1909 inde
335 1867 441 1909 illud
459 1868 539 1917 die,
561 1882 659 1920 quae
678 1868 929 1921 immediate
949 1869 1047 1909 sub-

220 1925 415 1976 sequitur
454 1937 537 1976 pro
580 1926 670 1976 ejus
711 1925 969 1966 recitatione
1005 1924 1048 1964 in

220 1982 448 2032 pesterum
471 1980 692 2031 assignata
717 1980 774 2022 ad
797 1981 1048 2021 universum

221 2035 481 2088 praedictum
514 2035 712 2077 erdinem
746 2036 827 2078 sub
859 2036 944 2077 ritu
973 2036 1048 2077 du-

222 2092 347 2143 plicis
375 2092 551 2142 majeris
578 2092 784 2133 extendit.
824 2092 916 2133 Leo
943 2105 1047 2133 vero

222 2147 416 2188 decimus
439 2148 595 2189 tertius
619 2147 675 2189 ad
695 2148 943 2198 augendum
962 2149 1047 2189 cul-

222 2208 314 2244 tum
351 2216 454 2254 erga
492 2203 791 2245 beatissimam
824 2204 1049 2254 Virginem

223 2259 303 2300 sub
323 2259 451 2301 titulo
470 2260 622 2301 Matris
641 2260 754 2302 Boni
774 2260 953 2301 Consilii
975 2273 1048 2302 no-

225 2328 325 2355 vum
344 2315 428 2357 hoc
448 2315 639 2357 officium
659 2315 934 2369 approbavit.

280 2372 330 2421 R*-
355 2371 566 2413 Ausculta
592 2374 816 2413 sermenes
841 2385 981 2421 meOS,
1008 2378 1051 2414 ct

228 2425 283 2465 ad
311 2426 483 2478 eloquia
508 2440 605 2468 mea
631 2428 788 2469 inclina
813 2441 963 2469 aurem
986 2433 1049 2469 tu-

228 2493 311 2520 am:
332 2482 354 2504 *
379 2481 446 2522 Ne
472 2483 679 2525 recedant
705 2483 760 2524 ab
786 2483 925 2524 eculis
950 2484 1051 2525 tuis:

229 2535 399 2577 custodi
424 2549 475 2578 ea
498 2538 539 2578 in
558 2537 705 2580 medio
725 2538 871 2580 cordis
890 2539 969 2587 tui,
993 2539 1050 2580 al-

228 2590 365 2641 leluja.
393 2590 442 2638 Y.
462 2593 564 2634 Vita
583 2595 696 2635 enirn
717 2600 817 2635 sunt
835 2595 1050 2636 invenien-

229 2646 346 2687 tibus
366 2659 427 2694 ea‚
448 2652 491 2688 et
509 2650 721 2690 universae
741 2650 859 2691 carni
879 2651 1051 2692 sanitas.

229 2701 297 2742 Ne
317 2702 532 2744 recedant.
562 2703 720 2746 Gloria.
747 2706 815 2747 Ne
835 2706 1052 2747 recedant.

1318 291 1368 329 In
1386 290 1457 328 ΙΙΙ.
1477 289 1701 328 Nocturno.

1150 355 1249 393 Ant.
1287 352 1372 394 Via
1405 351 1525 394 stulti
1555 354 1677 392 recta
1708 349 1754 389 in
1786 346 1925 389 eculis

1095 409 1204 459 eiuS,
1234 408 1307 460 qui
1326 414 1474 450 autem
1492 407 1669 460 sapiens
1688 410 1773 454 est,
1802 403 1925 445 audit

1095 464 1287 515 consilia,
1308 464 1491 516 alleluja.

1147 523 1197 575 V.
1228 525 1402 566 Corona
1426 523 1654 577 sapientiae
1678 521 1812 564 timor
1836 521 1924 562 De-

1095 581 1218 631 mini,
1247 581 1428 632 alleluja.
1466 583 1516 634 Ην.
1542 578 1737 632 Replens
1760 589 1927 630 pacem,

1097 642 1141 679 et
1161 637 1315 679 salutis
1334 637 1533 686 fructum,
1553 634 1739 687 alleluja.

1097 711 1251 753 Lectio
1277 711 1418 752 sancti
1437 709 1666 762 Evangelii
1685 706 1928 749 secundum

1424 767 1602 809 Lucam.

1201 823 1353 864 Lectio
1373 822 1442 862 vii.
1625 820 1728 872 Cap.
1744 820 1773 859 1.
1790 831 1824 859 c.

1147 899 1174 926 n
1192 884 1268 926 illo
1287 886 1504 937 tempore:
1521 884 1683 925 Missus
1703 887 1771 924 est
1785 883 1928 932 Ange-

1163 942 1231 983 lus
1256 941 1436 982 Gabriel
1464 954 1490 982 a
1514 941 1612 982 Deo
1639 940 1684 980 in
1709 939 1931 981 civitatem

1100 998 1298 1040 Galilaeae
1323 998 1393 1040 cui
1418 1010 1578 1039 nomen
1601 994 1841 1044 Nazareth,
1874 994 1932 1036 ad

1099 1055 1327 1105 Virginem
1360 1053 1676 1107 desponsatam
1705 1053 1818 1102 viro,
1862 1051 1932 1093 cui

1098 1124 1259 1152 nomen
1275 1116 1368 1152 erat
1377 1111 1402 1151 J
1404 1110 1545 1163 oseph
1562 1109 1617 1151 de
1629 1109 1764 1151 domo
1775 1106 1931 1157 David,

1100 1172 1143 1208 et
1170 1179 1330 1208 nomen
1357 1167 1551 1218 Virginis
1580 1166 1729 1207 Maria.
1783 1164 1840 1206 Et
1867 1165 1931 1204 re-

1100 1223 1229 1274 liqua.

1218 1296 1410 1338 Homilia
1438 1297 1578 1338 sancti
1604 1293 1819 1337 Bernardi

1418 1352 1617 1395 Abbatis.

1102 1421 1159 1454 Ex
1177 1419 1318 1454 Homil.
1335 1419 1365 1452 2.
1389 1429 1505 1462 super
1523 1418 1668 1453 Missus
1690 1416 1792 1451 circa
1808 1415 1932 1450 finem.

1104 1478 1123 1514 .-
1135 1479 1186 1527 15?ss
1194 1478 1233 1519 -q
1251 1487 1427 1525 nomen,
1450 1475 1608 1527 inquit,
1627 1473 1824 1525 Virginis
1843 1472 1931 1514 Ma-

1156 1576 1169 1586 „
1234 1533 1312 1582 ria,
1340 1531 1461 1583 quod
1483 1531 1823 1583 interpretatum
1844 1542 1932 1570 ma-

1104 1587 1183 1611 —5'2
1233 1588 1293 1628 ris
1321 1587 1448 1629 stella
1473 1587 1642 1629 dicitur.
1682 1587 1789 1640 Ipsa
1814 1599 1932 1627 nam-

1102 1656 1187 1696 que
1213 1649 1280 1685 est
1303 1643 1463 1685 nebilis
1482 1643 1556 1685 illa
1574 1643 1702 1685 stella
1721 1655 1776 1684 ex
1793 1641 1932 1683 Jacob

1102 1706 1216 1749 orta,
1248 1700 1369 1751 cujus
1402 1699 1552 1741 radius
1583 1699 1838 1740 universum
1865 1710 1932 1739 or-

1100 1756 1202 1798 bem
1231 1756 1455 1798 illuminat.
1499 1757 1618 1808 Ipsa,
1644 1755 1838 1806 inquam,
1866 1758 1934 1795 est

1101 1812 1314 1865 praeclara
1357 1818 1400 1854 et
1440 1812 1598 1853 eximia
1638 1811 1766 1853 stella
1801 1822 1934 1863 super

1101 1868 1187 1909 hoc
1220 1880 1579 1919 mare·magnum
1611 1873 1654 1909 et
1689 1866 1933 1920 spatiosum

1101 1925 1353 1966 necessario
1382 1924 1626 1974 sublevata,
1653 1923 1819 1964 micans
1846 1923 1932 1964 me-

1102 1980 1213 2030 ritis,
1242 1980 1465 2022 illustrans
1490 1979 1715 2032 exemplis.
1756 1979 1794 2020 O
1819 1978 1933 2030 quis-

1103 2037 1201 2088 quis
1232 2042 1276 2078 te
1308 2036 1515 2088 intelligis
1546 2036 1591 2076 in
1622 2035 1749 2088 hujus
1783 2034 1934 2076 saeculi

1102 2092 1323 2145 profluvio
1347 2093 1487 2143 magis
1509 2092 1622 2134 inter
1644 2091 1864 2144 procellas
1890 2095 1934 2132 et

1102 2151 1389 2201 tempestates
1421 2149 1653 2198 fluctuare,
1690 2160 1821 2200 quam
1853 2159 1934 2200 per

1103 2211 1264 2246 terram
1290 2205 1528 2246 ambulare:
1555 2217 1610 2246 ne
1635 2206 1807 2245 avertas
1832 2205 1932 2245 ocu-

1102 2261 1170 2302 los
1194 2274 1219 2302 a
1244 2261 1414 2312 fulgore
1436 2260 1563 2312 hujus
1588 2259 1762 2310 sideris,
1791 2260 1828 2300 si
1845 2272 1934 2301 non

1104 2317 1169 2358 vis
1201 2316 1326 2358 obrui
1358 2317 1575 2369 procellis.
1633 2317 1679 2357 Si
1709 2317 1935 2366 insurgant

1103 2373 1221 2414 venti
1240 2373 1550 2422 tentatienum,
1570 2373 1607 2414 si
1625 2373 1822 2413 incurras
1840 2373 1933 2413 sco-

1103 2429 1233 2481 pulos
1260 2428 1608 2478 tribulationum,
1636 2427 1806 2480 respice
1833 2427 1933 2468 stel-

1103 2484 1207 2534 lam,
1234 2497 1343 2526 voca
1367 2483 1562 2525 Mariam.
1597 2484 1642 2525 Si
1667 2482 1841 2535 jactaris
1867 2495 1934 2523 su·

1103 2540 1269 2592 perbiae
1288 2538 1434 2588 undis,
1459 2540 1496 2580 si
1515 2539 1780 2587 ambitienis‚
1806 2539 1843 2579 si
1861 2537 1933 2579 de-

1103 2596 1346 2645 tractionis,
1372 2596 1409 2636 si
1428 2595 1738 2643 aemulatiOnis,
1764 2595 1935 2646 respice

1105 2652 1285 2702 stellam,
1303 2664 1414 2693 voca
1427 2651 1621 2692 Mariam.
1649 2651 1693 2691 Si
1708 2650 1936 2691 criminum

1105 2708 1374 2749 immanitate
1401 2706 1622 2756 turbatus,
1652 2706 1934 2748 conscientiae
