2066 2956
502 202 571 235 Dic
595 203 645 234 22.
674 201 807 234 Martii.
855 203 889 233 S.
916 200 1136 234 Camarina:
1163 199 1300 233 Fliscu:
1326 199 1497 233 Adurna:
1523 198 1607 231 vid.

258 295 515 346 Capitulum.
766 294 873 334 Dan.
888 295 925 333 9.
940 306 978 343 g.

275 358 362 399 cito
391 369 513 407 ergo,
546 362 589 399 et
617 356 929 399 animadverte:
964 357 1035 399 Ab

285 414 403 454 exitu
422 413 653 463 sermonis,
678 419 726 455 ut
749 415 908 455 iterum
933 413 1034 455 aedi-

205 471 359 511 ficetur
382 469 643 518 Jerusalem,
671 482 811 521 usque
835 469 892 511 ad
916 469 1036 511 Chri-

206 532 321 568 stum
340 524 510 575 ducem,
530 524 833 567 hebdemades
853 530 1034 579 septem,

206 587 250 624 et
302 579 604 623 hebdomades
657 583 884 633 sexaginta
935 581 1034 623 duae

205 642 342 680 erunt.

257 698 303 748 lx‘g.
330 698 390 737 br.
420 698 471 738 In
498 699 739 750 conspectu
764 697 1034 749 Angelorum

203 755 223 777 *
247 753 438 795 Psallam
457 753 536 795 tibi
556 753 677 794 Deus
697 767 830 795 meus.
863 754 914 793 In
934 766 1032 794 con-

207 811 373 862 spectu,
410 803 459 854 δ”.
496 807 709 851 Adorabo
737 808 793 851 ad
821 809 1034 861 templum

204 871 402 906 sanctum
420 871 554 915 tuum,
574 871 618 907 et
635 864 879 907 confitebor
898 865 1032 906 nomi-

203 922 246 961 ni
271 926 360 963 tuo.
394 921 594 963 Psallam.
628 921 781 962 (ileria
806 921 936 962 Patri.
971 921 1032 961 In.

256 979 303 1029 Y·
344 985 542 1027 Adorate
574 985 728 1026 Deum.
783 984 831 1034 Ix'g.
867 985 1031 1026 Omnes

203 1041 361 1092 Angeli
381 1041 482 1092 ejus.

409 1122 470 1162 In
491 1120 550 1161 11.
573 1120 824 1171 vesperis.

257 1186 418 1225 Quando
439 1186 613 1220 dicenda:
632 1191 729 1226 sunt,
748 1187 834 1220 Ant.
854 1190 889 1220 ct
907 1186 1030 1229 Cupit.

207 1234 251 1267 dc
282 1233 398 1267 Laud.
424 1239 462 1267 ut
489 1245 615 1276 supra.
642 1233 736 1276 [338]
784 1234 844 1267 Ps.
875 1239 914 1268 ut
939 1234 976 1267 in
1005 1234 1030 1267 I.

208 1281 322 1323 Vesp.
352 1281 397 1314 de
426 1282 530 1315 Corn.
555 1283 690 1325 Apost.
719 1280 766 1323 [1]
793 1286 828 1316 ct
852 1283 916 1316 ult.
943 1282 1030 1315 loco

208 1328 267 1361 Ps.
290 1328 357 1361 1:37.
383 1328 624 1364 Confitebor.
643 1356 650 1363 .
667 1356 674 1363 .
692 1328 884 1372 quoniam.
905 1328 978 1363 119.

259 1388 463 1437 Hymnus.
494 1388 674 1430 Christe.
693 1388 803 1441 [334]

258 1449 306 1499 Y.
325 1454 376 1494 In
391 1455 632 1505 conspectu
643 1454 915 1504 Angelerum
927 1455 1034 1507 psal-

204 1509 290 1550 lam
314 1509 394 1551 tibi
419 1510 540 1550 Deus
565 1522 699 1550 meus.
739 1512 788 1562 K.
818 1510 1033 1552 Adorabo

205 1564 262 1606 ad
280 1565 492 1618 templum
507 1571 705 1607 sanctum
719 1570 853 1616 tuum,
873 1571 917 1608 et
933 1579 1032 1608 con-

205 1620 365 1663 fitebor
383 1621 547 1663 nemini
564 1626 653 1663 tuo.

258 1687 326 1727 Ad
357 1687 526 1736 Magnif.
578 1688 675 1727 Ant.
728 1686 1030 1738 Archangelus

207 1741 387 1783 Gabriel
415 1742 475 1784 ait
502 1742 559 1784 ad.
586 1742 782 1783 Mariam:
823 1743 924 1784 Non
953 1744 1034 1785 erit

206 1797 475 1849 impossibile
495 1798 613 1851 apud
627 1799 771 1839 Deum
791 1811 920 1840 omne
940 1811 1032 1840 ver-

205 1851 321 1894 bum.
348 1853 469 1895 Dixit
489 1859 635 1895 autem
652 1854 806 1895 Maria:
823 1854 941 1895 Ecce
962 1868 1032 1895 an—

206 1908 305 1949 cilla
334 1908 528 1958 Demini,
557 1910 633 1951 fiat
660 1910 764 1951 mihi
792 1909 1033 1952 secundum

206 1964 388 2005 verbum
414 1970 547 2006 tuum.
587 1967 642 2008 Et
669 1965 870 2008 discessit
898 1966 953 2007 ab
982 1979 1033 2008 ea

206 2019 410 2070 Angelus.

448 2134 532 2175 Die
549 2134 614 2174 22.
633 2133 789 2175 Martii.

224 2204 266 2244 S.
290 2205 574 2248 catharinae
597 2205 773 2248 Pliscae
791 2206 1013 2249 Adurnae

539 2258 705 2298 Viduae.

516 2322 546 2354 Ι)
559 2333 581 2355 u
597 2333 620 2365 p
634 2323 642 2355 l
656 2334 675 2356 c
689 2333 721 2356 x.

265 2384 397 2417 omnia
425 2384 469 2418 dc
493 2386 694 2420 Communi
718 2398 792 2421 non
814 2388 915 2429 Virg.
940 2393 1030 2436 [116]

213 2435 350 2471 practer
374 2442 476 2474 sequ.

416 2508 477 2547 In
502 2508 537 2548 Ι.
565 2509 814 2559 vesperis.

316 2567 572 2617 Capitulum.
760 2571 880 2611 Cant.
895 2572 932 2609 8.

286 2647 384 2686 quae
408 2636 555 2678 multae
580 2651 666 2679 non
694 2643 932 2691 potuerunt
958 2654 1028 2682 ex-

316 2693 532 2742 stinguere
564 2695 806 2745 caritatem,
838 2709 919 2738 nec
951 2698 1027 2738 flu-

1087 293 1204 334 mina
1223 292 1410 335 ebruent
1428 292 1561 333 illam:
1587 292 1623 332 si
1647 290 1819 333 dederit
1843 291 1918 333 ho-

1087 362 1160 390 mo
1208 361 1383 390 omnem
1429 348 1719 390 substantiam
1761 347 1920 389 domus

1088 417 1180 446 suae
1199 417 1282 457 pro
1303 404 1556 453 dilectione,
1576 404 1703 456 quasi
1721 403 1827 445 nihil
1846 403 1918 446 de-

1087 461 1244 514 spiciet
1263 473 1370 503 eam.

1401 542 1607 592 Hymnus.

1181 616 1338 657 ummis
1358 614 1415 657 ad
1435 620 1552 656 astra
1571 613 1775 657 laudibus

1203 671 1432 713 Tollamus
1453 684 1606 713 omnes
1626 671 1841 723 feminam,

1166 729 1276 778 Quae
1296 727 1541 769 sanctitatis
1560 727 1700 778 gleria

1166 784 1312 834 Auget
1332 783 1467 825 decus
1486 783 1688 834 Liguriae.

1121 858 1266 906 Beata,
1288 857 1408 908 cujus
1427 856 1581 898 intimo

1163 913 1322 954 Latere
1341 913 1542 954 nesciens
1562 912 1670 962 sinu,

1167 969 1294 1010 Foris
1313 967 1496 1010 inundat
1516 968 1687 1019 caritas,

1167 1025 1383 1077 Totisque
1402 1024 1611 1066 membris
1630 1027 1800 1067 aestuat.

1118 1099 1289 1140 Menses
1308 1110 1389 1150 per
1408 1098 1509 1139 anni
1530 1097 1741 1139 circulum

1164 1155 1188 1196 J
1191 1155 1317 1206 ejuna
1335 1153 1485 1206 plures
1503 1154 1717 1205 transigit,

1165 1211 1270 1252 Solo
1291 1209 1563 1260 Angelorum
1580 1209 1745 1262 pabulo

1163 1267 1315 1309 Vitam
1333 1265 1557 1308 labantem
1576 1266 1807 1309 sustinens.

1116 1341 1209 1382 Deo
1228 1339 1349 1381 Patri
1367 1339 1424 1380 sit
1442 1338 1593 1390 gleria,

1163 1396 1358 1448 Eiusque
1380 1394 1465 1436 soli
1482 1394 1607 1445 Filio,

1166 1452 1277 1494 Cum
1295 1451 1460 1504 Spiritu
1478 1451 1712 1502 Paraclito,

1163 1508 1302 1559 Nunc,
1322 1513 1366 1550 et
1384 1520 1488 1605 pgrn
1485 1520 1614 1550 omne
1634 1508 1855 1551 saeculum.

1490 1576 1556 1605 en.

1141 1637 1191 1686 V.
1225 1637 1382 1691 Specie
1413 1642 1491 1679 tua
1521 1642 1566 1678 et
1592 1637 1918 1690 pulchritudine

1086 1699 1172 1736 tua.
1198 1696 1248 1747 R.
1266 1692 1462 1744 Intende,
1482 1695 1698 1747 prespere
1714 1694 1920 1748 procede,

1088 1755 1131 1792 et
1151 1763 1295 1802 regna.

1143 1823 1203 1856 Ad
1230 1823 1386 1866 Magnis.
1411 1824 1451 1857 in
1476 1824 1650 1866 utrisque
1673 1823 1870 1867 Vesperis.

1144 1888 1241 1928 Ant.
1264 1889 1378 1930 Pone
1397 1901 1468 1930 me
1487 1893 1535 1930 ut
1555 1888 1827 1939 signaculum
1846 1903 1914 1932 su-

1086 1957 1166 1995 per
1199 1956 1275 1985 cor
1305 1950 1445 1986 tuum:
1479 1945 1581 1997 quia
1613 1945 1738 1987 fortis
1770 1950 1838 1988 est
1869 1952 1918 1989 ut

1086 2012 1205 2041 mors
1232 1999 1424 2043 dilectio:
1453 2001 1565 2043 dura
1587 2001 1701 2043 sicut
1725 2001 1917 2044 infernus

1086 2057 1326 2107 aemulatio,
1359 2057 1590 2110 lampades
1618 2058 1726 2109 ejus,
1753 2058 1916 2112 lampa-

1087 2111 1166 2154 des
1185 2113 1296 2164 ignis
1316 2119 1449 2166 atque
1468 2114 1753 2156 flammarum.

1427 2185 1590 2225 Oratio.

1090 2243 1265 2347 Deus,
1284 2252 1359 2304 qui
1374 2251 1550 2294 beatam
1565 2253 1855 2304 Catharinam‚
1874 2254 1916 2295 in

1185 2308 1527 2361 contemplanda
1546 2309 1644 2350 Filii
1662 2309 1725 2350 tui
1744 2309 1915 2352 Passie-

1085 2377 1159 2414 ne,
1185 2364 1321 2406 divini
1345 2365 1507 2406 amoris
1530 2365 1629 2416 igne
1650 2365 1837 2417 flagrare
1855 2366 1915 2407 fe-

1085 2421 1196 2461 cisti:
1223 2422 1490 2472 quaesumus3
1513 2426 1578 2471 ut,
1610 2421 1707 2474 ipsa
1732 2421 1915 2464 interce-

1085 2476 1227 2526 dente,
1250 2481 1341 2518 tuae
1359 2477 1402 2517 in
1421 2477 1549 2518 nobis
1569 2478 1789 2519 flammam
1809 2478 1914 2519 cari-

1084 2532 1188 2574 tatis
1206 2532 1438 2582 accendas,
1463 2538 1506 2574 et
1530 2533 1726 2584 ejusdem
1747 2533 1914 2586 passio-

1084 2588 1151 2628 nis
1190 2589 1430 2641 participes
1472 2587 1702 2639 dignanter
1738 2589 1916 2631 efficias.

1082 2643 1166 2684 Pcr
1186 2644 1390 2686 eumdem
1409 2645 1655 2686 Deminum.

1144 2699 1190 2732 Et
1215 2700 1255 2734 fit
1279 2710 1475 2734 commem.
1501 2700 1635 2735 Feriae.
