2066 2956
823 218 997 251 Officium
1024 218 1306 252 Dcsunctorum.

267 316 364 354 Ant.
384 310 552 352 Delicta
576 310 810 362 juventutis
832 324 957 361 meae,
982 316 1026 353 et

202 366 468 465 {ggor-argtias
513 380 634 409 meas
677 380 732 409 ne
776 368 1024 409 memineris

275 436 362 463 mm
391 455 400 464 .

261 495 358 535 Ant.
390 491 538 534 Credo
566 491 716 534 videre
744 494 767 520 *
794 492 911 534 bona
937 493 1024 535 Do-

201 548 305 589 mini
324 548 366 589 in
386 553 502 590 terra
519 549 768 591 viventium.

476 634 670 674 Psalmus
698 636 761 674 126.

291 705 462 746 ominus
484 705 741 747 illuminatio
762 718 873 756 mea,
899 710 942 747 01
962 719 1025 747 sa—

305 761 372 803 lus
390 774 498 812 mea,
517 763 541 788 *
562 775 691 814 quem
710 760 897 803 timebo?

253 818 467 860 Dominus
488 820 713 871 protector
733 819 835 859 vitae
854 832 980 868 meae,
1003 819 1027 844 *

203 888 228 916 a
249 887 335 927 quo
354 874 609 927 trepidabo?

254 932 371 972 Dum
403 932 667 984 appropiant
695 944 828 984 super
854 943 925 972 me
952 943 1026 972 no-

204 989 363 1038 centes,
381 989 405 1013 *
424 993 472 1029 111
491 987 622 1029 edant
641 1000 793 1029 carnes
811 1001 942 1030 meas.

255 1045 339 1094 Qui
366 1044 575 1103 tribulant
598 1057 667 1086 me
694 1044 855 1086 inimici
877 1045 977 1094 mei,
1003 1046 1027 1071 *

203 1101 287 1153 ipsi
306 1101 512 1143 infirmati
532 1107 641 1151 sunt,
662 1106 706 1142 et
724 1101 986 1143 ceciderunt.

255 1157 299 1198 Si
331 1161 572 1200 consistant
603 1157 836 1200 adversum
862 1171 932 1200 me
960 1171 1026 1200 ca-

204 1218 305 1263 stra,
323 1215 347 1239 *
365 1227 452 1256 11011
471 1214 643 1256 timebit
662 1228 739 1256 cor
756 1227 912 1256 meum.

256 1271 301 1312 Si
329 1274 534 1322 exsurgat
560 1269 793 1312 adversum
820 1284 889 1313 me
917 1273 1027 1324 prae-

203 1326 319 1377 lium,
338 1329 361 1353 *
381 1328 424 1368 111
443 1327 528 1369 hoc
548 1340 630 1378 ego
651 1327 851 1380 sperabo.

255 1383 396 1425 Unam
419 1384 525 1437 petii
550 1397 575 1425 a
593 1385 802 1434 Domino,
828 1384 940 1426 hanc
963 1397 1026 1426 re-

205 1442 392 1491 quiram,
425 1442 448 1467 *
480 1446 527 1482 111
554 1440 794 1482 inhabitem
821 1441 865 1482 in
894 1440 1027 1482 domo

204 1497 382 1538 Domini
400 1497 600 1539 Omnibus
616 1497 771 1539 diebus
786 1498 888 1539 vitae
902 1510 1028 1539 meae:

254 1554 314 1595 Ut
342 1553 515 1595 videam
542 1554 815 1606 voluptatem
841 1554 1028 1604 Domini,

204 1610 228 1635 *
248 1615 291 1651 et
310 1611 482 1652 visitem
499 1610 712 1663 templum
731 1611 831 1662 ejus.

257 1667 472 1716 Quoniam
492 1667 722 1709 abscondit
737 1680 808 1709 me
826 1668 870 1708 in
887 1667 1028 1709 taber-

204 1723 361 1764 naculo
380 1736 475 1764 suo:
498 1724 522 1750 *
543 1723 587 1764 111
607 1723 678 1767 die
697 1723 912 1765 maldrum
930 1737 1028 1777 pro-

203 1780 312 1820 texit
329 1792 399 1821 me
417 1780 462 1820 in
481 1778 741 1822 abscondito
760 1780 1029 1822 tabernaculi

204 1849 281 1876 sul.

255 1892 306 1932 In
325 1896 451 1944 petra
470 1892 678 1934 exaltavit
698 1905 782 1934 me:
805 1893 828 1918 *
853 1898 896 1935 et
914 1906 1029 1934 nunc

205 1948 414 1990 exaltavit
433 1954 563 2001 caput
578 1961 724 1990 meum
742 1962 875 2002 super
892 1950 1029 1991 inimi-

204 2017 281 2046 cos
300 2017 435 2046 meos.

257 2061 464 2111 Circuivi‚
497 2067 540 2103 et
566 2061 788 2103 immolavi
816 2062 859 2102 in
887 2062 1028 2104 taber·

204 2117 360 2159 naculo
376 2119 466 2170 ejus
483 2118 671 2170 bestiam
691 2118 1028 2160 vociferatic'mis:

203 2175 226 2199 *
251 2174 454 2224 cantabo,
479 2180 522 2216 et
543 2174 759 2227 psalmum
778 2174 921 2216 dicam
940 2175 1027 2216 Do-

202 2231 332 2272 mino.

254 2287 425 2330 Exaudi
460 2287 648 2329 Demine
684 2301 839 2330 vocem
875 2301 1028 2339 meam,

205 2354 289 2394 qua
309 2344 493 2386 clamavi
511 2343 566 2386 ad
585 2349 644 2386 te:
662 2345 685 2371 *
704 2344 911 2386 miserere
930 2346 1026 2395 mei,

205 2403 248 2439 et
267 2399 424 2442 exaudi
443 2413 523 2442 me.

256 2455 354 2497 Tibi
374 2456 483 2499 dixit
507 2470 584 2498 cor
606 2470 767 2507 meum,
793 2458 1027 2510 exquisivit

205 2514 248 2551 te
273 2511 404 2553 facies
431 2526 542 2554 mea:
568 2514 591 2539 *
616 2513 770 2555 faciem
795 2519 915 2556 tuam
939 2515 1027 2555 Do-

204 2566 319 2608 mine
338 2571 565 2621 requiram.

256 2623 323 2664 Ne
348 2626 517 2666 avertas
540 2626 696 2668 faciem
714 2631 833 2668 tuam
853 2639 878 2668 a
896 2640 980 2668 me:
1003 2628 1026 2653 *

206 2691 259 2720 ne
280 2678 470 2721 declines
489 2682 531 2722 in
550 2683 613 2724 ira
632 2696 657 2724 a
676 2695 804 2725 servo
823 2688 912 2724 tuo.

257 2733 442 2787 Adjutor
460 2750 582 2779 meus
601 2744 711 2781 esto:
730 2741 753 2765 *
772 2752 827 2781 ne
846 2738 1026 2782 derelin-

1079 325 1187 364 quas
1206 325 1287 363 me,
1305 326 1447 366 neque
1463 313 1680 366 despicias
1697 327 1766 356 me
1780 314 1900 356 Deus

1077 368 1279 411 salutaris
1297 383 1433 411 meus.

1129 430 1347 480 Queniam
1373 436 1500 483 pater
1526 443 1666 481 meuS,
1696 436 1740 473 et
1762 435 1902 473 mater

1077 499 1174 528 mea
1193 485 1521 540 dereliquerunt
1538 501 1622 530 me:
1646 489 1670 514 *
1689 488 1902 529 Dominus

1078 548 1223 585 autem
1244 544 1482 596 assumpsit
1498 557 1579 586 me.

1129 604 1292 656 Legem
1310 617 1427 657 pone
1445 603 1549 646 mihi
1562 605 1750 647 Domine
1769 605 1812 646 in
1831 605 1902 647 via

1078 665 1167 702 tua:
1189 661 1213 687 *
1238 666 1281 702 et
1304 660 1440 712 dirige
1464 674 1533 703 me
1555 661 1600 702 in
1619 662 1818 704 semitam
1838 674 1902 703 re-

1079 723 1194 760 ctam
1213 723 1395 771 propter
1412 718 1611 760 inimicos
1630 731 1764 760 meos.

1130 778 1197 821 Ne
1222 778 1454 821 tradideris
1476 792 1547 821 me
1570 779 1614 820 in
1641 779 1807 820 animas
1829 779 1903 822 tri-

1078 835 1320 877 bulantium
1338 849 1422 878 me:
1441 837 1464 862 *
1490 836 1694 888 quoniam
1717 836 1903 878 insurre-

1078 893 1235 933 xerunt
1253 891 1297 932 in
1315 905 1385 934 me
1403 897 1539 934 testes
1557 892 1770 945 iniqui‚'et
1787 905 1903 934 men-

1078 951 1159 990 tita
1179 953 1245 990 est
1263 949 1468 1001 iniquitas
1489 949 1581 991 sibi.

1133 1010 1276 1051 Credo
1302 1010 1452 1052 videre
1475 1010 1592 1052 bona
1610 1009 1788 1051 Demini
1812 1010 1836 1036 *
1860 1009 1904 1050 in

1079 1070 1197 1108 terra
1215 1067 1463 1108 viventium.

1130 1127 1350 1180 Exspecta
1359 1128 1607 1178 Deminum‚
1618 1127 1800 1170 viriliter
1810 1139 1905 1178 age:

1079 1184 1103 1208 *
1120 1189 1164 1225 et
1183 1184 1453 1226 confortetur
1473 1198 1549 1226 cor
1562 1189 1697 1234 tuum,
1717 1189 1760 1226 et
1779 1183 1904 1225 susti-

1079 1253 1134 1281 ne
1153 1240 1399 1282 Deminum.

1132 1301 1346 1354 Requiem
1365 1304 1582 1344 aeternam.

1136 1372 1235 1413 Ant.
1258 1371 1404 1414 Credo
1423 1371 1573 1414 videre
1591 1371 1707 1414 bona
1728 1371 1906 1413 Demini

1080 1429 1123 1469 in
1142 1433 1259 1470 terra
1279 1429 1526 1470 viventium.

1136 1488 1185 1540 V.
1220 1493 1417 1535 Collocet
1449 1506 1527 1536 eos
1558 1494 1773 1535 Dominus
1807 1507 1905 1536 cum

1080 1549 1382 1602 principibus.1
1411 1551 1459 1603 R.
1497 1550 1605 1592 Cum
1636 1551 1904 1604 principibus

1080 1606 1234 1659 pepuli
1255 1607 1332 1647 sui.

1139 1672 1264 1714 Pater
1280 1677 1441 1714 noster.
1463 1679 1603 1715 totum
1623 1678 1805 1714 secreto.

1186 1759 1336 1801 Lectiv
1356 1760 1407 1800 iv.
1581 1760 1605 1800 J
1609 1758 1665 1801 ob
1685 1760 1742 1800 13.
1763 1758 1802 1800 d.

1090 1842 1200 1900 3593}
1211 1836 1407 1889 esponde
1442 1837 1564 1879 mihi:
1604 1838 1799 1888 Quantas
1831 1838 1904 1880 ha-

1091 1899 1194 1939 s·
1227 1892 1312 1934 beo
1344 1893 1599 1946 iniquitates
1635 1898 1678 1935 et
1710 1897 1904 1947 peccata,

1091 1947 1176 1974 Ψ*
1188 1947 1205 1974 ²²³
1226 1950 1393 1992 scelera
1411 1963 1509 1992 mea
1527 1955 1571 1992 et
1585 1950 1745 1992 delicta
1760 1953 1903 1992 osten-

1082 2007 1136 2048 de
1155 2006 1271 2047 mihi.
1305 2007 1391 2048 Cur
1411 2007 1566 2050 faciem
1584 2011 1704 2048 tuam
1723 2006 1903 2050 abscon-

1082 2063 1164 2112 dis,
1193 2068 1237 2104 et
1262 2063 1487 2105 arbitraris
1511 2077 1581 2105 me
1601 2064 1822 2105 inimicum
1839 2069 1903 2106 tu-

1081 2119 1175 2160 um?
1217 2120 1381 2161 Contra
1413 2120 1580 2169 felium,
1618 2120 1738 2173 quod
1769 2126 1902 2163 vento

1081 2176 1264 2229 rapitur,
1293 2176 1488 2218 ostendis
1512 2177 1754 2229 potentiam
1773 2182 1903 2227 tuam,

1082 2238 1126 2274 et
1166 2233 1371 2285 stipulam
1412 2234 1571 2275 siccam
1610 2234 1904 2286 persequeris:

1081 2289 1235 2331 scribis
1259 2290 1373 2331 enim
1397 2294 1550 2332 contra
1567 2302 1638 2332 me
1657 2290 1904 2332 amaritadi-

1079 2359 1172 2395 nes,
1197 2350 1241 2387 et
1259 2349 1518 2388 consumere
1536 2359 1605 2388 me
1626 2347 1691 2387 vis
1709 2347 1902 2399 peccatis

1080 2401 1388 2444 adolescentiae
1438 2415 1559 2444 meae.
1620 2403 1811 2445 Posuisti
1859 2404 1902 2444 in

1079 2471 1213 2500 nervo
1233 2458 1392 2511 pedem
1410 2471 1571 2508 meum,
1595 2464 1638 2500 et
1658 2458 1903 2501 observasti

1080 2527 1231 2556 omnes
1263 2515 1439 2557 semitas
1471 2528 1609 2565 meas,
1642 2520 1687 2557 et
1718 2517 1902 2566 vestigia

1078 2572 1241 2624 pedum
1269 2573 1467 2612 meerum
1495 2571 1798 2613 considerasti:
1828 2573 1902 2624 qui

1081 2628 1204 2680 quasi
1231 2627 1418 2680 putredo
1446 2627 1767 2669 consumendus
1795 2641 1901 2679 sum,

1080 2692 1122 2726 01
1147 2685 1270 2736 quasi
1293 2685 1615 2734 vestimentum,
1640 2684 1759 2736 quod
1785 2697 1900 2726 com-

1079 2740 1222 2782 editur
1240 2753 1265 2782 a
1283 2743 1408 2782 tinea.
