2028 2892
802 167 861 199 Aci
887 166 1199 209 Completorium.

208 256 256 308 V.
281 259 343 301 Os
370 259 472 311 justi
499 258 782 301 meditabitur
810 260 979 312 sapien-

150 316 267 357 tiam.
323 317 374 368 R.
396 315 454 356 Et
480 315 628 366 lingua
658 315 748 367 ejus
775 315 980 367 loquetur

149 371 368 423 judicium.

276 433 479 473 Oremus.
692 434 853 474 Oratio.

243 501 335 538 eus,
365 488 439 540 qui
468 488 678 530 ineffabili
704 487 981 541 providentia

258 543 438 586 beatum
481 545 506 585 J
509 544 649 597 oseph
693 543 980 585 sanctissimae

152 600 387 642 Genitricis
428 605 517 642 tuae
563 614 776 654 sponsum
821 599 981 650 eligere

152 656 356 708 dignatus
376 670 438 699 es:
461 662 626 710 praesta
646 658 911 708 quaesumus3
934 659 982 695 ut

153 726 284 766 quem
312 716 612 766 protectorem
647 715 908 755 veneramur
938 711 982 751 in

150 770 295 820 terris,
331 770 670 812 intercessorem
702 768 864 810 habere
894 780 981 808 me-

151 829 327 868 reamur
344 826 389 867 in
409 826 544 868 coelis.

405 898 473 935 De
499 898 735 946 Apostolis.

206 960 278 1001 Ad
299 960 432 1012 Vesp.
471 962 569 1000 Ant.
608 960 763 1000 Petrus
790 957 981 1010 Aposto-

153 1015 231 1067 lus,
252 1021 295 1058 et
308 1016 470 1058 Paulus
480 1017 652 1057 Doctor
663 1014 881 1063 Gentium,
898 1013 942 1065 ip
948 1013 983 1053 si

153 1085 234 1114 nos
246 1072 491 1115 docuerunt
500 1072 643 1123 legem
652 1075 773 1112 tuam
782 1069 983 1110 Domine.

206 1122 257 1174 V.
286 1129 537 1171 Constitues
567 1141 645 1170 eos
669 1126 892 1180 principes
916 1136 982 1166 su-

151 1199 231 1239 per
258 1199 435 1228 omnem
465 1190 640 1227 terram.
684 1184 732 1235 R.
764 1182 983 1223 Memores

151 1246 278 1284 erunt
296 1242 485 1283 nominis
503 1241 567 1283 tui
583 1240 785 1282 Domine.

206 1298 276 1339 Ad
295 1298 431 1339 Laud.
471 1301 566 1340 Ant.
607 1299 798 1341 Gloridsi
824 1297 982 1351 princi-

150 1372 231 1412 pes
262 1363 410 1408 terrae,
449 1356 674 1410 quomodo
706 1356 750 1396 in
782 1355 872 1396 vita
904 1366 983 1394 sua

151 1414 399 1457 dilexerunt
422 1427 486 1464 se,
510 1414 571 1455 ita
597 1417 640 1454 et
662 1412 706 1452 in
729 1415 871 1452 morte
894 1422 983 1450 non

152 1475 252 1512 sunt
274 1471 477 1523 separati.

207 1523 256 1575 V'.
281 1527 333 1568 In
362 1539 538 1568 omnem
566 1529 729 1566 terram
757 1521 891 1564 exivit
915 1533 982 1562 so-

152 1597 234 1625 nus
267 1585 431 1625 eorum.
477 1584 526 1636 R.
553 1582 612 1622 Et
641 1581 685 1621 in
720 1580 831 1620 fines
863 1577 982 1618 orbis

151 1644 283 1682 terrae
301 1638 438 1681 verba
457 1640 621 1680 eorum.

284 1698 484 1741 Oremus.
693 1702 856 1741 Oratio.

245 1769 338 1806 eus,
362 1756 490 1807 cujus·
508 1754 690 1796 dextera
707 1752 886 1794 beatum
904 1751 982 1792 Pe-

256 1817 373 1853 trum
391 1810 688 1853 ambulantem
705 1809 750 1849 in
767 1807 984 1855 fluctibus,

153 1881 208 1910 ne
220 1870 504 1920 mergeretur,
523 1867 672 1915 erexit,
692 1869 736 1907 et
751 1866 983 1916 coap6sto-

152 1924 242 1966 lum
262 1925 353 1976 ejus
370 1923 557 1965 Paulum
577 1922 707 1964 tertio
727 1920 983 1970 naufragan-

153 1985 243 2022 tem
266 1980 322 2022 de
344 1979 567 2033 profundo
594 1977 740 2031 pelagi
766 1975 983 2017 liberavit:

155 2036 315 2078 exaudi
335 2049 417 2077 nos
440 2035 675 2089 propitius,
707 2037 751 2074 et
772 2030 983 2080 concede3

154 2097 202 2134 ut
238 2092 469 2134 amborum
508 2090 690 2139 meritis,
728 2087 984 2130 aeternitatis

153 2149 339 2200 gloriam
359 2150 692 2200 consequamur.

429 2221 498 2256 De
522 2221 713 2255 Patrono

156 2277 218 2311 vel
231 2277 395 2312 Titulari
410 2275 584 2310 ccclesiae
598 2277 663 2309 fiat
676 2276 881 2309 Commem.
896 2283 983 2306 con-

156 2330 265 2359 sueta
278 2331 365 2359 ante
376 2325 439 2358 vel
451 2329 540 2367 post
549 2323 755 2358 Commem.
765 2321 983 2365 praedictas,

211 2383 281 2416 pro
300 2373 486 2415 dignitate
506 2371 620 2406 illius.
639 2376 674 2404 et
692 2371 825 2404 ultimo
843 2369 929 2402 loco

459 2444 527 2479 De
553 2444 683 2478 Pace.

203 2501 278 2560 ,Ad
300 2502 434 2552 Vesp.
454 2507 495 2541 et
518 2500 650 2540 Laud.
686 2501 783 2539 Ant.
818 2498 887 2538 Da
910 2510 983 2550 pa-

157 2572 253 2600 cem
263 2560 452 2600 Domine
466 2559 511 2598 in
525 2557 680 2599 diebus
690 2555 862 2603 nostris,
883 2554 984 2604 quia

157 2628 245 2656 non
259 2620 326 2657 est
340 2614 460 2664 alius,
481 2614 554 2665 qui
568 2617 734 2665 pugnet
750 2623 831 2663 pro
846 2608 983 2657 nobis,
996 2621 999 2624 ·

158 2671 240 2711 nisi
257 2676 306 2712 tu
324 2671 446 2712 Deus
466 2674 628 2710 noster.

312 2812 376 2836 Pars
392 2811 486 2835 Verna.

1793 164 1857 199 125

1091 259 1139 309 V.
1154 259 1252 300 Fiat
1271 272 1358 311 pax
1375 259 1418 299 in
1437 260 1596 301 virtute
1615 264 1700 300 tua.
1737 264 1783 314 Rg.
1801 260 1857 300 Et

1032 314 1300 356 abundantia
1316 315 1359 355 in
1377 315 1568 356 turribus
1589 316 1685 356 tuis.

1157 380 1193 419 O
1204 381 1360 420 remus.
1571 384 1731 423 Oratio.

1038 437 1215 542 Deus,
1235 452 1260 480 a
1280 451 1366 491 quo
1383 444 1534 480 sancta
1549 439 1774 488 desideria,
1794 453 1856 481 re-

1137 500 1208 537 cta
1219 495 1411 543 consilia,
1425 500 1467 537 et
1476 496 1587 547 justa
1598 500 1698 536 sunt
1708 498 1857 548 Opera:

1035 552 1092 593 da
1111 552 1248 593 servis
1267 551 1352 592 tuis
1371 551 1505 601 illam,
1525 564 1654 603 quam
1670 551 1856 592 mundus

1035 608 1140 649 dare
1151 621 1238 649 non
1250 612 1409 660 potest,
1423 620 1592 659 pacem3
1611 612 1659 648 ut
1669 612 1711 648 et
1723 606 1857 648 corda

1033 669 1185 705 nostra
1203 663 1420 704 mandatis
1439 664 1525 704 tuis
1545 663 1703 711 dedita,
1722 668 1765 704 et
1783 663 1857 704 ho-

1035 720 1166 761 stium
1190 719 1361 760 sublata
1386 719 1632 767 formidine,
1659 721 1858 771 tempora

1035 777 1120 817 sint
1134 781 1209 817 tua
1223 775 1498 828 protectione
1513 774 1756 826 tranquilla.
1774 775 1859 815 Per

1034 833 1282 873 Dominum.
1316 831 1365 882 R.
1382 832 1535 872 Amen.

1093 884 1141 935 V.
1176 888 1391 929 Dominus
1427 886 1666 928 vobiscum.
1724 888 1771 938 R.
1803 887 1858 927 Et

1035 958 1134 985 cum
1162 944 1318 997 spiritu
1344 948 1433 985 tuo.
1496 958 1505 968 ·

1092 997 1141 1047 V
1151 999 1470 1041 Benedicamus
1481 998 1682 1039 Domino.
1709 1000 1754 1050 R».
1762 998 1858 1039 Deo

1035 1057 1209 1107 gratias.

1091 1108 1140 1159 Y.
1164 1112 1379 1153 Fidelium
1407 1111 1562 1151 animae
1592 1122 1671 1162 per
1698 1110 1859 1151 miseri-

1037 1168 1233 1209 cordiam
1256 1168 1339 1209 Dei
1366 1167 1642 1218 requiescant
1669 1166 1711 1206 in
1740 1178 1859 1218 pace.

1040 1226 1090 1277 R.
1110 1225 1262 1265 Amen.

1094 1288 1242 1321 Deinde
1269 1287 1340 1321 dic.
1366 1296 1458 1320 scer.
1486 1286 1595 1322 Pater
1618 1291 1757 1321 noster.

1095 1344 1157 1378 Sic
1183 1344 1406 1377 terminatur
1431 1342 1555 1378 offic,
1588 1342 1652 1375 ubi
1683 1342 1756 1375 alia
1788 1351 1861 1374 non

1042 1397 1225 1435 sequatur
1250 1391 1370 1427 Hora,
1402 1395 1441 1424 ut
1472 1390 1611 1423 dicitur
1636 1390 1670 1422 in
1701 1390 1862 1422 Rubi-ica

1041 1440 1086 1473 dc
1112 1439 1293 1473 Oratione
1319 1438 1532 1471 Dominica.

1094 1492 1217 1525 Dietae
1251 1491 1455 1525 Commem.
1490 1500 1557 1523 scu
1588 1489 1776 1531 Suffragia
1809 1488 1862 1521 di-

1040 1544 1175 1573 cuntur
1216 1540 1263 1573 ab
1300 1539 1445 1572 Octava
1480 1537 1618 1580 Epiph.
1657 1546 1777 1579 usque
1815 1536 1862 1569 ad

1039 1587 1282 1621 Dominieam
1300 1586 1512 1622 Passionis,
1538 1585 1709 1627 exceptis
1732 1583 1862 1626 Dupli-

1040 1636 1168 1671 cibus,
1194 1639 1229 1668 et
1254 1635 1350 1668 infra
1376 1633 1553 1667 Octavus.

1096 1687 1258 1728 Quando
1284 1687 1424 1720 dicitur
1441 1685 1545 1719 Oftic.
1564 1685 1604 1718 B.
1622 1684 1764 1718 Mariae.
1789 1694 1862 1716 non

1040 1737 1080 1769 fit
1105 1736 1180 1769 alia
1206 1735 1411 1768 Commem.
1438 1734 1484 1767 de
1510 1743 1563 1766 ea.

1190 1903 1269 1943 Ad
1297 1901 1701 1953 completorium.

1093 1970 1251 2010 Lector
1281 1969 1445 2020 incipit:
1489 1963 1535 2013 V.
1559 1966 1670 2007 Jube
1701 1965 1859 2006 domne

1036 2026 1309 2068 benedicere.

1095 2085 1357 2126 Benedictio.
1386 2083 1570 2125 Noctem
1594 2082 1793 2134 quietam,
1816 2084 1859 2121 et

1036 2143 1168 2184 finem
1204 2141 1447 2194 perfectum
1483 2137 1696 2180 concedat
1731 2135 1859 2176 nobis

1036 2198 1251 2240 Dominus
1272 2198 1559 2248 omnipotens.
1591 2192 1639 2243 R
1654 2193 1806 2232 Amen.

1091 2262 1241 2301 Lectio
1264 2260 1418 2300 brevis.
1544 2259 1569 2296 1.
1589 2256 1700 2295 Petr.
1720 2255 1758 2292 5.
1777 2266 1811 2293 c.

1039 2378 1040 2385 ἵ
1086 2334 1308 2370 ratres:
1335 2327 1477 2369 Sdbrii
1505 2327 1660 2374 estote,
1688 2329 1732 2366 et
1755 2324 1857 2375 vigi-

1038 2392 1048 2445 ⁴¹J
1084 2379 1145 2439 ἶζῖἷὲ,
1171 2385 1273 2426 late:
1298 2384 1399 2436 quia
1418 2380 1694 2423 adversarius
1713 2385 1858 2421 vester

1038 2465 1042 2468 -
1092 2436 1145 2469 “³2³
1172 2435 1858 2488 diabolustamquamleorligiens

1037 2497 1200 2545 circuit,
1221 2506 1418 2547 quaerens
1435 2504 1563 2543 quem
1578 2490 1773 2532 devoret:
1789 2491 1859 2531 cui

1035 2553 1224 2594 resistite
1251 2551 1387 2591 fortes
1414 2548 1456 2587 in
1484 2546 1582 2588 fide.
1621 2545 1685 2586 Tu
1712 2550 1858 2586 autem

1036 2608 1223 2649 Demine
1242 2605 1448 2646 miserere
1466 2602 1603 2644 nobis.

1090 2668 1139 2717 R.
1156 2663 1253 2703 Deo
1271 2659 1445 2711 gratias.

1609 2786 1651 2818 9*
