2066 2904
629 138 839 173 Commune
866 140 1112 175 Confessoris
1137 150 1214 174 non
1240 141 1450 176 Pontifieis.

180 236 378 278 natalitia
411 237 611 286 eclimus,
649 237 781 278 etiam
813 237 1010 278 acti6nes

180 292 412 333 imitemur.
443 293 529 334 Per
552 292 801 333 Dominum.

454 361 553 402 Alia
573 362 737 403 Oratio.

257 421 384 463 desto
437 421 626 462 Domine
680 420 1009 473 supplicationi—

291 477 373 519 bus
398 477 580 526 nostris,
611 490 719 529 quas
745 477 789 517 in
814 476 935 518 beati
956 477 1009 517 N.

181 533 456 574 Confessoris
474 533 539 574 tui
558 533 836 574 solemnitate
856 532 1008 573 deferi-

178 601 290 629 mus:
322 594 371 630 ut
401 589 476 641 qui
505 594 670 630 nostrae
696 589 874 640 justitiae
900 587 1009 628 fidu-

180 644 291 685 ciam
315 657 404 686 non
432 644 661 694 habemus,
691 645 799 696 ejus,
829 644 903 696 qui
929 642 1010 684 tibi

178 699 361 752 placuit,
386 700 591 753 precibus
619 699 884 752 adjuvemur.
924 699 1009 740 Per

177 756 416 798 Dotninum
434 762 645 798 nostrum.

260 824 306 864 Si
325 824 459 865 -fuerit
482 824 647 865 Abbas.
757 826 919 867 Oratio.

228 885 470 926 ntercessio
504 899 603 935 nos,
641 888 892 938 quaesumus
920 885 1008 926 Do-

237 941 363 990 mine,
383 941 505 982 beati
519 942 561 983 N
563 975 570 982 .
583 942 773 983 Abbatis
791 942 1007 983 comman-

178 996 266 1038 det:
300 1002 349 1038 ut
385 997 505 1049 quod
532 998 696 1039 nostris
724 998 892 1039 meritis
919 1009 1008 1038 non

176 1052 388 1103 valemus,
418 1054 508 1106 ejus
532 1054 778 1106 patrocinio
802 1054 1007 1104 assequa-

177 1121 285 1149 mur.
322 1108 406 1150 Per
425 1109 674 1151 Dominum.

356 1193 442 1234 Ad
468 1194 833 1236 matutinum.

225 1260 350 1301 Invit.
381 1261 547 1310 Regem
579 1260 893 1301 Confessorum
919 1259 1008 1299 Do-

176 1314 352 1363 minum,
370 1316 394 1341 ²⁸¹
412 1315 573 1357 Venite
593 1315 840 1356 adoremus.

231 1371 300 1412 Ps.
323 1372 491 1421 Venite,
512 1371 791 1412 exsultemus.
810 1372 847 1411 2.

226 1428 438 1479 Hymnus.
466 1429 556 1468 Iste
578 1427 825 1468 Confessor.
844 1425 928 1478 [84]

419 1506 469 1545 In
488 1507 517 1545 Ι.
537 1507 762 1547 Nocturno.

226 1572 327 1614 Ant.
363 1574 530 1615 Beatus
566 1574 652 1623 vir,
679 1574 703 1599 *
730 1574 805 1625 qui
837 1573 882 1613 in
909 1573 1007 1624 lege

174 1629 352 1670 Domini
383 1629 639 1671 meditatur:
678 1629 882 1671 voluntas
915 1630 1006 1681 ejus

174 1686 404 1737 permanet
433 1685 504 1727 die
532 1699 584 1727 ac
610 1691 759 1735 nocte,
789 1690 832 1726 et
861 1686 1007 1726 omnia

176 1745 467 1794 quaecumque
481 1742 623 1791 faciet,
638 1754 812 1794 semper
824 1754 1005 1793 prospe-

173 1796 396 1838 rabuntur.

462 1844 663 1886 Psalmus
684 1848 713 1885 1.

186 1943 189 1960 ἶ
278 1910 411 1959 eatus
426 1909 502 1958 vir,
521 1909 596 1961 qui
613 1922 702 1950 non
721 1909 827 1951 abiit
846 1910 890 1950 in
905 1922 1004 1951 con-

186 1972 189 1990 1
210 1966 252 2016 [ᾗ
271 1966 279 1996 ³1
303 1964 400 2006 silio
419 1965 670 2017 impiorum,
690 1969 735 2006 et
753 1966 798 2006 in
816 1966 887 2007 via
905 1978 1004 2018 pec-

187 2020 190 2028 ’
214 2017 242 2043 ‘³
278 2019 279 2022 ’
304 2022 505 2061 catorum
532 2033 621 2062 non
661 2021 798 2070 stetit,
830 2022 854 2047 *
887 2026 931 2063 et
960 2022 1004 2062 in

174 2075 383 2117 cathedra
403 2076 669 2128 pestilentiae
688 2089 777 2118 non
797 2076 926 2118 sedit:

225 2131 314 2172 Sed
327 2132 372 2172 in
386 2131 484 2183 lege
492 2132 671 2173 D6mini
681 2133 886 2174 voluntas
902 2134 1004 2184 ejus,

173 2188 197 2214 *
226 2192 270 2228 et
300 2187 471 2239 in·lege
501 2189 591 2239 eius
619 2187 903 2229 meditabitur
933 2188 1004 2230 die

173 2255 226 2284 ac
243 2248 385 2285 nocte.
789 2257 795 2261 “

224 2299 281 2340 Et
307 2300 390 2341 erit
417 2304 642 2351 tamquam
668 2299 852 2350 lignum,
883 2300 1004 2352 quod

173 2350 419 2402 plantatum
431 2355 498 2391 est
509 2363 636 2392 secus
647 2351 860 2392 decursus
872 2354 1002 2403 aqua—

172 2409 314 2456 rum‚*
326 2406 445 2458 quod
464 2407 653 2448 fructum
673 2420 799 2448 suum
819 2407 940 2449 dabit
959 2408 1003 2448 in

172 2463 374 2514 tempore
394 2475 489 2504 suo:

224 2518 281 2559 Et
306 2518 458 2559 folium
484 2518 574 2570 ejus
599 2531 688 2560 non
714 2518 894 2560 defluet:
914 2521 938 2546 *
958 2525 1002 2560 et

174 2574 319 2614 omnia
338 2577 627 2626 quaecumque
646 2574 794 2624 faciet,
819 2587 1001 2627 prospe-

172 2627 395 2670 rabuntur.

1113 234 1215 275 Non
1234 234 1296 275 sic
1316 236 1448 288 impii,
1467 249 1556 277 non
1571 236 1647 277 sic:
1658 237 1683 262 ¹⁸¹
1694 234 1774 276 sed
1788 239 1895 275 tam-

1065 303 1195 343 quam
1213 290 1374 342 pulvis,
1396 304 1526 343 quem
1543 292 1718 343 pr6jicit
1737 295 1895 332 ventus

1063 359 1089 387 a
1107 346 1217 388 facie
1236 351 1378 388 terrae.

1114 402 1223 443 Ideo
1248 415 1338 444 non
1365 406 1596 454 restirgent
1622 403 1744 455 impii
1768 403 1812 443 in
1838 403 1895 453 ju-

1063 458 1194 500 dicio:
1219 460 1243 485 *
1268 471 1413 510 neque
1438 460 1698 511 peccatOres
1723 459 1767 499 in
1795 471 1894 499 con-

1063 514 1164 556 cilio
1183 515 1408 566 justorum.

1115 570 1332 620 Quossiam
1355 571 1478 612 novit
1502 570 1597 611 Dfis
1623 571 1740 611 viam
1764 572 1896 622 justo-

1063 639 1175 667 rum:
1198 628 1223 653 *
1250 631 1293 667 et
1317 626 1399 667 iter
1423 626 1659 678 impiorum
1682 626 1854 679 peribit.

1115 694 1215 733 Ant.
1245 691 1409 731 Beatus
1429 690 1510 740 vir,
1535 691 1609 742 qui
1629 691 1672 730 in
1692 690 1790 741 lege
1809 690 1895 730 Dfii

1062 744 1316 786 meditatur:
1336 746 1540 787 voluntas
1562 747 1651 798 ejus
1668 748 1896 798 permanet

1063 799 1134 841 die
1155 813 1207 841 ac
1221 806 1364 851 nocte,
1380 807 1423 843 et
1443 802 1588 843 omnia
1605 805 1895 854 quaecumque

1061 856 1204 906 faciet,
1231 870 1406 910 semper
1432 858 1826 910 prosperabuntur.

1114 925 1214 965 Ant.
1244 924 1410 964 Beatus
1436 923 1521 963 iste
1548 927 1743 972 sanctus,
1770 924 1794 949 *
1821 923 1895 974 qui

1062 977 1256 1018 confisus
1273 983 1340 1019 est
1354 978 1398 1018 in
1412 978 1615 1027 D6mino,
1636 978 1896 1030 praedicavit

1060 1035 1336 1085 praeceptum
1346 1034 1534 1083 Domini,
1552 1035 1816 1075 constitutus
1828 1039 1896 1075 est

1060 1089 1104 1128 in
1121 1094 1271 1130 monte
1291 1094 1445 1130 sancto
1466 1091 1568 1142 ejus.

1352 1176 1551 1216 Psalmus
1571 1178 1607 1216 2.

1145 1252 1250 1281 uare
1284 1240 1554 1282 fremuerunt
1584 1242 1770 1291 Gentes,
1799 1243 1822 1269 *
1851 1246 1895 1283 et

1155 1296 1310 1348 populi
1330 1296 1530 1338 meditati
1550 1303 1651 1338 sunt
1667 1298 1833 1338 inania?

1111 1352 1359 1393 Astiterunt
1386 1365 1513 1403 reges
1537 1358 1683 1402 terrae,
1713 1359 1757 1395 et
1779 1356 1894 1406 prin-

1061 1407 1182 1459 cipes
1211 1410 1511 1449 convenerunt
1536 1410 1580 1449 in
1606 1423 1740 1450 unum
1769 1412 1792 1437 *
1821 1410 1893 1451 ad-

1059 1465 1212 1504 versus
1223 1464 1471 1513 Dominum,
1488 1470 1532 1505 et
1546 1465 1758 1506 adversus
1775 1465 1893 1506 Chri-

1060 1524 1175 1560 stum
1196 1520 1298 1571 ejus.

1110 1575 1424 1627 Dirumpamus
1439 1577 1613 1617 vincula
1629 1579 1795 1618 eorum:
1810 1579 1834 1604 *
1850 1583 1893 1619 et

1058 1631 1340 1682 projiciamus
1352 1645 1377 1672 a
1387 1632 1515 1673 nobis
1527 1634 1674 1684 jugum
1683 1633 1893 1685 ipsorum.

1112 1687 1197 1736 Qui
1233 1687 1404 1728 habitat
1438 1688 1483 1728 in
1524 1689 1650 1729 coelis
1691 1689 1893 1731 irridebit

1060 1751 1151 1780 eos:
1166 1740 1189 1766 *
1206 1744 1250 1780 et
1265 1740 1482 1780 Dominus
1498 1740 1788 1782 subsannabit
1805 1754 1892 1782 eos.

1110 1795 1236 1836 Tunc
1256 1795 1462 1846 loquetur
1482 1796 1540 1837 ad
1560 1809 1638 1837 eos
1658 1797 1703 1836 in
1721 1797 1787 1837 ira
1802 1810 1891 1847 sua,

1058 1850 1081 1875 *
1102 1855 1146 1891 et
1165 1851 1210 1891 in
1229 1851 1378 1892 fur6re
1398 1864 1478 1893 suo
1500 1852 1784 1894 conturbabit
1805 1865 1891 1894 eos.

1109 1906 1205 1958 Ego
1231 1911 1379 1948 autem
1402 1908 1672 1949 constitutus
1696 1922 1794 1949 sum
1812 1922 1891 1949 rex

1057 1961 1112 2002 ab
1133 1975 1186 2003 eo
1207 1975 1340 2014 super
1354 1963 1461 2004 Sion
1478 1969 1675 2005 montem
1690 1970 1891 2006 sanctum

1058 2019 1160 2069 ejus,
1178 2019 1202 2044 *
1221 2018 1469 2070 praedicans
1491 2022 1766 2072 praeceptum
1788 2021 1889 2071 ejus.

1107 2074 1325 2115 Dominus
1358 2075 1470 2116 dixit
1499 2075 1556 2117 ad
1583 2088 1673 2116 me:
1700 2076 1724 2101 *
1751 2075 1888 2116 Filius

1055 2142 1180 2170 meus
1200 2143 1246 2171 es
1264 2135 1327 2180 tu,
1352 2143 1435 2182 ego
1453 2131 1587 2172 hOdie
1605 2131 1736 2182 genui
1755 2135 1810 2172 te.

1106 2186 1291 2227 Postula
1310 2199 1336 2227 a
1354 2199 1441 2236 me,
1468 2192 1512 2228 et
1532 2186 1649 2228 dabo
1672 2186 1754 2228 tibi
1774 2187 1887 2228 Gen-

1055 2245 1123 2282 tes
1155 2241 1464 2284 haereditatem
1498 2247 1638 2292 tuam,
1665 2243 1688 2268 *
1716 2247 1760 2283 et
1787 2255 1887 2295 pos-

1055 2297 1299 2339 sessionem
1318 2303 1439 2339 tuam
1459 2298 1672 2339 terminos
1691 2302 1835 2340 terrae.

1108 2353 1256 2404 Reges
1285 2366 1362 2395 eos
1390 2354 1434 2394 in
1463 2354 1587 2405 virga
1611 2354 1769 2404 ferrea,
1792 2355 1816 2380 *
1843 2360 1887 2396 et

1055 2412 1282 2460 tamquam
1296 2422 1374 2450 vas
1390 2409 1512 2459 figuli
1529 2409 1778 2462 confringes
1797 2423 1886 2452 eos.

1105 2464 1163 2505 Et
1186 2477 1301 2505 nunc
1327 2477 1453 2516 reges
1480 2465 1728 2517 intelligite:
1747 2467 1771 2492 *
1791 2479 1885 2508 eru-

1055 2519 1207 2560 dimini
1227 2521 1302 2572 qui
1320 2520 1524 2571 judicatis
1543 2525 1716 2562 terram.

1105 2576 1276 2617 Servite
1301 2576 1494 2617 Domino
1521 2576 1565 2616 in
1591 2577 1765 2620 timore:
1791 2579 1815 2604 *
1840 2583 1884 2620 et

1055 2632 1273 2672 exsultate
1293 2632 1333 2672 ei
1350 2644 1450 2672 cum
1469 2635 1671 2678 tremore,
