2028 2892
757 166 958 201 Dominicu
984 168 1030 201 ad
1058 168 1261 211 vesperas.

200 256 414 298 Excelsus
453 268 586 308 super
626 268 777 297 omnes
812 257 979 298 Gentes

148 312 376 362 Dominus,
395 312 419 337 *
440 316 483 352 et
512 324 644 364 super
674 312 812 353 coelos
840 313 980 364 gloria

151 369 251 421 ejus.

202 428 309 479 Quis
325 428 439 469 sieut
452 428 669 469 D6minus
680 429 802 470 Deus
816 435 979 481 noster,

150 485 224 537 qui
253 485 297 525 in
325 484 426 525 altis
455 484 641 534 habitat,
670 485 693 509 *
723 489 766 526 et
800 485 980 527 humilia

148 541 330 593 respicit
349 541 393 581 in
413 540 528 582 coelo
548 546 592 582 et
610 541 654 581 in
674 540 816 582 terra?

200 597 426 638 suscitans
455 610 480 638 a
507 602 626 638 terra
659 599 855 650 inopem,
884 599 907 624 *
937 603 980 640 et

150 653 206 695 de
225 655 422 694 stercore
443 653 615 705 erigens
635 657 893 706 pauperem:

199 710 260 752 Ut
271 709 461 751 collocet
474 722 572 751 eum
586 722 685 750 cum
695 710 979 763 principibus,

147 766 171 792 *
192 779 292 807 cum
310 765 585 818 principibus
604 766 759 818 populi
780 767 857 807 sui.

201 823 286 873 Qui
304 821 505 863 habitare
520 822 624 863 facit
640 823 834 864 sterilem
844 823 888 863 in
904 823 979 864 do-

147 891 232 929 mo,
247 878 271 904 *
289 883 476 920 matrem
495 878 687 920 filiorum
706 879 940 920 laetantem.

205 934 304 974 Ant.
325 934 394 976 Sit
416 947 577 976 nomen
600 935 780 976 1)όωίῃὶ
803 935 980 977 benedi-

149 994 269 1032 ctum
288 991 332 1031 in
353 991 526 1032 saecula.

202 1046 302 1086 Ant.
335 1046 428 1088 Nos
447 1048 522 1099 qui
542 1048 740 1089 vivimus.

415 1105 613 1146 Psalmus
636 1107 711 1145 113.

201 1174 230 1200 n
251 1160 371 1201 exitu
392 1159 532 1200 Isra‘el
554 1159 610 1201 de
628 1160 846 1212 AEgypto,
862 1160 885 1186 *
904 1160 979 1201 do-

216 1230 314 1257 mus
336 1215 475 1257 Jacob
503 1215 559 1257 de
584 1216 752 1269 pdpulo
771 1216 978 1258 barbaro:

198 1272 335 1314 Facta
381 1277 448 1314 est
484 1273 509 1313 J
511 1272 640 1314 udaea
687 1273 977 1314 sanctificatio

148 1329 249 1380 ejus,
267 1329 291 1354 *
309 1328 448 1370 Israel
466 1330 666 1381 potestas
687 1329 789 1381 ejus.

198 1385 322 1426 Mare
350 1384 479 1434 vidit,
508 1390 552 1426 et
580 1384 705 1436 fugit:
730 1385 753 1410 *
774 1384 979 1426 Jordanis

148 1442 387 1483 conversus
407 1446 475 1482 est
494 1443 747 1482 retrorsum.

198 1497 375 1538 Montes
393 1496 724 1538 exsultaverunt
743 1502 791 1538 ut
808 1499 978 1545 arietes,

146 1553 170 1579 *
191 1557 235 1594 et
254 1553 390 1594 colles
410 1553 524 1594 sieut
543 1553 644 1604 agni
665 1553 823 1595 ovium.

201 1609 318 1660 Quid
338 1614 406 1650 est
424 1609 506 1650 tibi
526 1622 648 1650 mare
675 1609 794 1661 quod
814 1609 979 1660 fugisti:

147 1666 171 1691 *
189 1670 232 1707 et
248 1670 297 1706 tu
311 1666 335 1706 J
338 1665 527 1715 ordanis‚
549 1665 651 1717 quia
671 1667 911 1707 conversus
932 1677 978 1706 es

147 1720 415 1763 retrorsum?

199 1778 375 1819 Montes
397 1777 652 1819 exsultAstis
673 1778 786 1818 sicut
807 1779 978 1826 arietes,

148 1834 172 1859 *
191 1838 236 1875 et
255 1833 392 1875 colles
411 1834 525 1875 sicut
545 1834 645 1885 agni
665 1834 824 1874 ovium.

199 1890 240 1930 A
259 1890 369 1931 facie
388 1890 567 1931 Domini
589 1894 710 1931 mota
727 1894 794 1931 est
811 1894 940 1939 terra,
955 1889 978 1914 *

148 1958 173 1986 a
191 1946 302 1987 faeie
321 1946 406 1987 Dei
425 1945 576 1987 Jacob.

201 2002 285 2052 Qui
313 2002 532 2043 convertit
561 2007 732 2054 petram
760 2002 804 2042 in
824 2005 978 2052 stagna

149 2060 377 2110 aquarum,
395 2058 418 2084 *
439 2062 483 2100 et
510 2071 665 2110 rupem
693 2058 736 2098 in
764 2058 907 2098 fontes
936 2070 977 2098 a-

148 2116 344 2165 quarum.

199 2170 302 2210 Non
318 2169 449 2211 nobis
466 2170 667 2220 Domine,
686 2183 775 2211 non
794 2168 939 2210 nobis:
954 2169 977 2194 *

149 2225 229 2266 sed
247 2226 413 2267 nomini
430 2231 508 2267 tuo
529 2226 586 2267 da
604 2226 800 2277 gloriam.

200 2281 341 2334 Super
362 2282 666 2323 misericordia
684 2287 776 2331 tua,
806 2285 850 2322 et
869 2280 976 2322 veri-

148 2340 240 2379 tate
267 2342 357 2378 tua:
377 2338 401 2363 *
421 2337 656 2389 nequando
686 2338 834 2379 dicant
863 2336 975 2377 Gen-

147 2397 233 2434 tes:
261 2393 349 2435 Ubi
370 2400 437 2435 est
456 2394 577 2435 Deus
599 2392 775 2435 eorum?

199 2450 322 2491 Deus
355 2455 503 2491 autem
535 2455 687 2491 noster
720 2450 764 2490 in
793 2448 923 2489 eoelo:
953 2448 976 2473 *

149 2505 296 2546 omnia
318 2509 609 2557 quaecumque
630 2505 780 2554 voluit,
802 2504 916 2545 feeit.

201 2561 443 2602 Simulacra
488 2561 696 2602 Gentium
737 2561 975 2611 argentum,

150 2621 195 2658 et
214 2630 384 2666 aurum,
403 2618 426 2642 *
447 2619 583 2669 Opera
606 2619 812 2658 manuum
840 2615 976 2655 homi-

148 2684 263 2713 num*-

304 2814 368 2838 Pars
384 2815 478 2840 Verna-

1785 158 1856 205 109

1086 259 1147 300 05
1171 260 1350 311 habent,
1379 267 1422 303 et
1450 276 1536 304 non
1565 264 1813 315 loquentur:
1833 266 1855 291 *

1033 315 1185 357 oeulos
1205 316 1378 367 habent,
1400 323 1443 359 et
1460 332 1544 360 non
1565 320 1786 362 videbunt.

1083 376 1426 431 Aures0habent‚
1448 384 1491 420 et
1510 393 1596 421 non
1616 380 1810 423 audient:
1832 382 1855 407 *

1032 445 1160 474 nares
1179 433 1352 483 habent,
1373 440 1416 476 et
1435 448 1522 476 non
1543 435 1800 478 odorabunt.

1085 493 1240 534 Manus
1255 494 1428 544 habent,
1445 500 1487 537 et
1501 509 1588 537 non
1599 497 1856 549 palpabunt:

1032 549 1170 601 pedes
1191 550 1365 599 habent,
1388 557 1432 593 et
1450 565 1538 593 non
1558 553 1855 595 ambulabunt:

1032 605 1056 630 *
1075 618 1163 646 non
1182 606 1432 648 clamabunt
1452 609 1495 648 in
1517 612 1691 659 gutture
1711 623 1799 651 suo.

1085 666 1257 708 Similes
1276 667 1363 708 illis
1385 668 1492 710 fiant
1514 669 1586 721 qui
1606 669 1769 711 faciunt
1790 684 1856 712 ea:

1033 722 1056 747 *
1076 728 1118 763 et
1138 736 1290 764 omnes
1311 724 1384 776 qui
1405 725 1631 766 confidunt
1651 726 1695 766 in
1715 727 1788 767 eis.

1084 783 1254 824 Domus
1290 785 1428 825 Israel
1466 787 1658 838 speravit
1691 787 1734 827 in
1770 788 1856 828 Do-

1032 839 1169 879 mino:
1196 840 1219 864 *
1249 840 1422 892 adjutor
1454 843 1606 883 eorum
1638 848 1682 883 et
1713 845 1856 895 prote-

1034 900 1129 936 ctor
1152 897 1303 937 eorum
1324 902 1401 938 est.

1085 957 1255 998 Domus
1288 957 1438 999 Aaron
1472 959 1665 1010 speravit
1697 959 1740 999 in
1769 960 1857 1000 Do-

1033 1013 1167 1054 mino:
1195 1014 1219 1039 *
1248 1013 1421 1065 adjutor
1456 1016 1607 1055 eorum
1642 1020 1685 1056 et
1713 1018 1856 1067 prote-

1033 1074 1130 1110 ctor
1151 1071 1303 1110 eorum
1323 1075 1399 1120 est,

1086 1130 1170 1179 Qui
1195 1131 1350 1172 timent
1378 1131 1630 1181 DOminum,
1659 1133 1857 1183 sperave-

1032 1191 1134 1227 runt
1159 1187 1203 1226 in
1231 1187 1436 1228 D6mino:
1459 1188 1482 1213 *
1510 1187 1681 1239 adjutor
1708 1190 1858 1229 eorum

1034 1247 1078 1283 et
1104 1245 1333 1294 protector
1363 1245 1513 1284 eorum
1543 1248 1619 1284 est.

1085 1302 1300 1343 D6minus
1333 1316 1500 1344 memor
1535 1304 1615 1344 fuit
1649 1304 1803 1344 nostri:
1834 1304 1857 1328 *

1034 1364 1078 1399 et
1105 1358 1331 1400 benedixit
1359 1359 1502 1400 nobis:

1083 1419 1318 1460 Benedixit
1347 1419 1497 1460 domui
1516 1419 1666 1460 Israel:
1686 1421 1709 1445 *
1729 1419 1855 1461 bene-

1034 1474 1144 1515 dixit
1172 1475 1322 1516 d6mui
1349 1475 1509 1516 Aaron.

1084 1535 1318 1577 Benedixit
1347 1535 1567 1585 omnibus,
1600 1536 1674 1587 qui
1702 1535 1856 1576 timent

1031 1591 1284 1639 Dominum,
1312 1592 1335 1617 *
1363 1591 1533 1644 pusillis
1562 1605 1661 1632 curn
1688 1592 1856 1643 majori·

1036 1648 1125 1688 bus.
1353 1655 1359 1661 “

1084 1708 1275 1760 Adjieiat
1302 1708 1517 1749 Dominus
1551 1720 1682 1760 super
1710 1720 1806 1748 vos:
1833 1707 1856 1731 *

1033 1777 1165 1816 super
1193 1777 1284 1815 vos,
1311 1769 1354 1806 et
1383 1777 1514 1817 super
1538 1764 1654 1805 filios
1674 1768 1856 1805 vestros.

1085 1824 1315 1866 Benedicti
1343 1837 1423 1866 vos
1452 1838 1476 1865 a
1501 1824 1703 1873 Domino,
1731 1824 1754 1849 *
1783 1823 1855 1874 qui

1032 1880 1136 1922 fecit
1164 1881 1339 1931 coelum,
1367 1886 1411 1922 et
1430 1886 1601 1922 terram.

1086 1941 1255 1982 Coelum
1284 1941 1385 1982 coeli
1410 1941 1617 1981 Domino:
1645 1940 1668 1965 *
1696 1944 1855 1980 terram

1033 2002 1180 2038 autem
1208 1996 1331 2038 dedit
1359 1997 1460 2037 filiis
1488 1996 1722 2037 h6minum.

1084 2058 1185 2098 Non
1220 2057 1382 2098 mortui
1418 2056 1658 2098 laudabunt
1690 2060 1734 2096 te
1767 2055 1853 2094 Do-

1031 2114 1165 2154 mine:
1183 2113 1207 2139 *
1226 2126 1369 2165 neque
1389 2125 1556 2161 omnes,
1585 2112 1658 2162 qui
1677 2111 1852 2152 descen-

1034 2169 1143 2210 dunt
1165 2169 1210 2209 in
1238 2169 1463 2210 infernum.
1503 2191 1510 2199 ·

1083 2229 1172 2271 Sed
1198 2242 1280 2270 nos
1308 2229 1381 2280 qui
1409 2228 1609 2276 vivimus,
1636 2225 1852 2267 benedici-

1031 2299 1128 2326 mus
1164 2285 1372 2334 D6mino‚
1399 2285 1423 2309 *
1451 2296 1504 2324 ex
1540 2282 1625 2323 hoc
1658 2294 1772 2323 nunc
1810 2286 1853 2323 et

1031 2354 1171 2393 usque
1198 2342 1242 2381 in
1267 2340 1484 2382 saeculum.

1088 2415 1185 2454 Ant.
1222 2414 1313 2454 Nos
1342 2411 1415 2463 qui
1442 2409 1644 2459 vivimus,
1677 2409 1851 2450 benedi-

1031 2469 1169 2511 cimus
1196 2469 1398 2510 Domino.

1081 2548 1231 2598 Temp.
1275 2543 1477 2584 lff‘asehali.
1522 2544 1618 2583 Ant.
1657 2541 1850 2593 Alleluja‚

1031 2602 1216 2653 alleluja,
1245 2599 1424 2650 alleluja.

1081 2680 1204 2722 Capit.
1229 2682 1268 2711 ut
1293 2677 1329 2709 in
1359 2676 1518 2718 l'roprio
1545 2676 1590 2728 dc
1616 2676 1814 2716 Tempore.

1601 2795 1646 2828 8*
