2066 2956
203 185 293 230 [334]

638 188 703 221 Die
734 189 782 221 18.
811 188 943 221 Martii.
993 191 1026 221 S.
1050 188 1244 221 ‹iuni-ielis
1272 189 1460 228 Archuuu.

202 280 465 331 gregationis
483 280 805 332 Episcoporum
825 286 868 322 et
882 281 1023 331 Regu·
1076 281 1371 322 Sanctissimae
1386 281 1613 323 Trinitatis
1633 293 1745 322 anno
1764 281 1900 323 mille-

203 337 355 378 larium
400 337 518 388 jussu
563 339 783 377 assumere
829 339 1024 385 coactus,
1077 337 1186 377 simo
1208 337 1567 388 octingentesimo
1586 338 1809 389 trigesimo
1827 350 1902 379 no-

203 391 376 434 difficile
395 391 535 433 relatu
554 397 635 441 est,
660 397 767 444 quot
787 392 1024 444 qualesque
1077 406 1133 433 no
1152 394 1409 435 Sanct6rum
1430 394 1552 436 fastis
1571 394 1816 447 adscripsit.

203 448 438 489 calumnias
475 449 558 490 Dei
602 448 765 489 famulo
813 447 1025 490 devorare

203 518 313 557 opus
338 504 484 554 fuerit,
509 509 556 546 ut
575 504 774 546 Italicam
794 504 1024 546 Excalcea-

202 563 345 602 t6rum
370 560 552 602 fratrum
577 560 785 601 familiam
810 560 1024 602 constabi-

202 617 309 658 liret.
355 616 505 658 Rebus
536 617 810 669 compositis,
843 629 896 658 eo
928 629 1025 658 sese

201 678 342 715 totum
361 673 589 722 convertit,
609 678 656 714 ut
676 672 838 725 duplex
855 672 928 714 ille
947 673 1024 714 Pe-

201 730 256 771 tri
284 729 339 771 de
367 729 602 771 Alcantara
634 728 1025 781 contemplationis,

203 790 246 827 et
272 786 543 838 poenitentiae
572 786 750 838 spiritus
778 785 888 826 altas
913 785 1025 826 inter

202 855 306 883 suos
325 841 495 883 radices
519 843 683 892 ageret,
711 854 822 893 quos
846 841 1025 894 praecla-

202 899 380 939 rissimis
417 898 626 940 virtutum
663 898 872 950 exemplis
909 903 1025 939 ante-

202 955 303 1004 ibat,
321 954 562 995 humilitate
576 954 783 1007 inprimis,
799 953 1025 1005 rigidaque

202 1010 443 1053 claustralis
455 1009 696 1063 disciplinae
706 1010 915 1051 cust6dia.
925 1010 1027 1051 Pau-

202 1069 388 1121 pertate,
417 1072 461 1108 et
490 1067 753 1108 abstinentia
778 1066 930 1108 enituit
953 1066 1024 1108 ad-

202 1123 398 1165 mirabili.
439 1123 623 1164 Unicum
654 1122 711 1164 ad
742 1122 904 1164 nudam
936 1136 1025 1164 car-

202 1193 301 1221 nem
329 1181 554 1230 sexaginta
582 1181 768 1231 quatuor
800 1179 922 1219 annis
953 1179 1026 1220 ha-

202 1237 341 1278 bitum
355 1235 563 1284 adhibuit,
578 1248 743 1288 perque
757 1235 908 1286 viginti
924 1238 1025 1288 qua-

202 1299 302 1334 tuor
324 1305 476 1341 annOS‚
500 1292 745 1345 priscorum
762 1292 1025 1333 Eremicola-

202 1362 298 1389 rum
316 1348 412 1398 ritu,
430 1361 543 1401 pane
562 1353 730 1390 tantum
749 1360 800 1389 ac
815 1347 1026 1389 fructibus

202 1405 433 1454 victitavit,
476 1403 595 1457 quod
632 1403 764 1445 edulii
800 1416 937 1454 genus
972 1417 1027 1445 ex

203 1460 451 1503 obedientia
477 1461 521 1501 in
547 1462 811 1501 nauseosum
836 1472 1025 1501 commu-

202 1517 311 1559 tavit
343 1517 565 1558 ferculum.
605 1516 811 1567 Flagellis
843 1517 1026 1569 asperri-

203 1573 302 1623 mis,
327 1573 494 1622 ciliciis,
520 1578 564 1614 et
581 1585 708 1614 cruce
727 1572 867 1614 ferrea
887 1573 1026 1614 acutis

202 1630 413 1671 instructa
441 1628 679 1678 claviculis,
711 1641 872 1681 corpus
900 1642 1025 1671 suum

204 1684 448 1727 dilaniabat.
483 1684 598 1726 Illud
626 1685 758 1727 etiam
785 1684 840 1727 de
868 1697 920 1726 eo
945 1685 1024 1726 fer-

203 1746 288 1791 tur,
317 1740 436 1793 quod
459 1740 745 1783 creberrimas
767 1741 879 1783 inter
903 1743 1026 1782 oran-

204 1797 308 1839 dum
333 1799 505 1839 extases
527 1810 684 1850 passus
708 1802 790 1848 est,
819 1797 1026 1850 quodque

204 1853 411 1906 raptibus,
422 1854 663 1906 prophetia,
674 1853 904 1903 miraculis,
915 1854 1026 1895 aliis-

205 1922 289 1961 que
334 1909 580 1961 hujusmodi
624 1909 1026 1963 supernaturalibus

205 1964 331 2007 donis
366 1966 516 2007 vivens
552 1966 764 2008 claruerit.
826 1967 1027 2019 Denique

205 2021 300 2063 zelo
332 2022 571 2063 animarum
602 2021 876 2075 absumptuS,
909 2027 1026 2064 octo-

204 2078 420 2129 genarius,
448 2077 724 2131 apoplectico
751 2078 907 2120 morbo
935 2091 1026 2120 cor-

206 2136 373 2187 reptus,
417 2135 548 2176 tertio
583 2134 735 2175 Nonas
771 2135 950 2176 Martias
985 2136 1027 2176 in

206 2190 357 2232 osculo
381 2191 558 2231 Domini
583 2190 849 2232 obdormivit
876 2191 918 2231 in
942 2204 1026 2233 coe-

205 2246 337 2288 n6bio
366 2252 527 2288 sanctae
549 2247 698 2288 Luciae
719 2247 880 2288 Montis
908 2247 1028 2289 urbis

205 2302 417 2355 Neapolis
432 2315 544 2344 anno
561 2303 947 2356 septingentesimo
966 2305 1030 2346 tri·

205 2359 370 2407 gesimo
399 2364 554 2411 quarto
583 2372 715 2412 supra
743 2359 1029 2401 millesimum.

205 2414 419 2456 Eumdem
428 2415 553 2456 novis
567 2415 789 2457 miraculis
800 2418 1028 2458 coruscan-

205 2475 305 2521 tem,
332 2484 445 2513 anno
473 2471 528 2513 ab
555 2471 668 2513 illius
696 2471 882 2514 decessu
910 2473 1028 2524 quin-

208 2527 461 2579 quagesimo
482 2533 617 2577 sexto,
636 2528 738 2569 Pius
755 2534 904 2570 sextus
918 2529 1028 2569 Pon-

206 2582 314 2625 tifex
339 2583 553 2625 Maximus
580 2583 809 2627 beatorum
838 2584 939 2626 albo
967 2598 1029 2626 re-

206 2639 389 2681 censuit:
421 2645 464 2681 et
496 2640 736 2691 Gregorius
763 2641 886 2694 Papa
917 2640 1029 2682 deci-

206 2709 301 2736 mus
320 2701 469 2738 sextus
489 2696 671 2737 solemni
695 2697 779 2738 ritu
799 2697 1027 2738 Dominica

1133 458 1179 507 Ιςν.
1205 459 1293 500 Iste
1312 458 1456 500 homo.
1476 458 1560 511 [89]

1133 530 1170 563 Iu
1201 530 1260 562 111.
1287 530 1482 563 metm-no
1510 528 1676 562 llomiliu
1705 528 1739 562 in
1761 529 1902 571 Ex'ung.

1080 578 1203 614 Nolite
1223 579 1366 614 timere.
1396 577 1441 610 (lc
1464 577 1627 610 Comuni
1658 576 1687 610 2.
1711 577 1806 610 loco.
1830 581 1902 625 [96]

1080 626 1179 660 Lcet.
1207 626 1253 659 ix.
1284 630 1320 659 ct
1349 635 1543 659 commem.
1570 624 1692 659 Feriae
1721 624 1758 658 in
1787 625 1902 659 Laud.

1334 731 1417 773 Die
1436 733 1495 773 18.
1514 731 1672 774 Martii.

1185 805 1228 846 S.
1253 804 1501 846 Gabrielis
1530 802 1800 851 Archangeli.

1339 873 1488 916 Duplex
1515 871 1646 911 muiuS.

1299 948 1360 988 In
1377 948 1413 989 Ι.
1432 947 1680 998 Vesperis.

1137 1020 1220 1051 Ant.
1244 1025 1278 1051 ct
1298 1017 1421 1059 Cupit.
1445 1016 1490 1050 dc
1510 1016 1626 1050 Laud.
1650 1013 1759 1057 [338];
1785 1016 1842 1050 l's.
1866 1022 1904 1050 ut

1083 1068 1117 1100 iu
1147 1067 1169 1100 1.
1198 1066 1310 1108 X'csp.
1338 1066 1382 1099 de
1410 1064 1610 1099 Communi
1635 1065 1770 1107 Apost.
1794 1061 1841 1105 [1]

1391 1131 1600 1181 Hymnus.

1155 1195 1307 1247 hriste,
1333 1198 1583 1238 sanctorum
1608 1195 1743 1238 decus
1762 1195 1903 1246 Ange-

1386 1252 1539 1303 lorum,

1130 1308 1285 1350 Gentis
1308 1308 1510 1350 humanae
1533 1313 1653 1351 sator
1677 1313 1721 1350 et
1738 1307 1905 1350 redem-

1131 1421 1336 1463 Co'elitum
1354 1371 1668 1463 ngffisr'tribuas
1686 1421 1840 1464 beatas

1232 1477 1450 1541 Scandere
1470 1478 1610 1520 sedes.

1084 1556 1274 1607 Angelus
1292 1556 1415 1609 pacis
1434 1555 1622 1597 Michael
1639 1555 1684 1596 in
1703 1554 1823 1598 aedes

1131 1612 1314 1654 Co'elitus
1333 1617 1506 1654 nostras
1526 1612 1682 1663 veniat,
1702 1614 1870 1654 serenae

1129 1671 1298 1712 Auctor
1316 1675 1365 1712 ut
1382 1671 1505 1724 pacis
1524 1671 1757 1713 lacrimosa
1774 1671 1819 1712 in
1838 1684 1904 1713 or-

1232 1784 1357 1826 Bella
1374 1741 1550 1835 rcellgget.

1086 1863 1276 1914 Angelus
1295 1863 1421 1905 fortis
1440 1862 1631 1914 Gabriel,
1649 1867 1699 1905 ut
1716 1862 1868 1905 hostes

1131 1920 1270 1962 Pellat
1290 1922 1505 1972 antiquOS,
1525 1924 1570 1962 et
1589 1921 1728 1961 amica
1747 1919 1872 1970 coelo,

1131 1977 1239 2027 Quae
1257 1976 1552 2030 triumphator
1571 1976 1723 2019 statuit
1741 1973 1906 2030 peror-

1234 2033 1613 2143 Templlaeirelvisat.

1088 2168 1277 2219 Angelus
1297 2173 1458 2210 nostrae
1477 2168 1674 2211 medicus
1694 2167 1846 2210 salutis

1132 2224 1263 2267 Adsit
1282 2238 1306 2267 e
1325 2225 1439 2267 coelo
1459 2225 1671 2278 Raphael,
1690 2229 1738 2267 ut
1757 2237 1909 2266 omnes

1132 2282 1264 2323 Sanet
1283 2283 1488 2332 aegr6tos,
1509 2281 1755 2335 dubiosque
1774 2281 1877 2323 vitae

1236 2337 1406 2388 Dirigat
1425 2343 1560 2380 actus.

1090 2415 1218 2464 Virgo
1234 2413 1324 2457 dux
1337 2415 1472 2467 pacis,
1487 2414 1774 2467 Genitrixque
1788 2414 1908 2465 lucis,

1134 2472 1190 2513 Et
1222 2483 1346 2513 sacer
1377 2470 1505 2513 nobis
1533 2471 1692 2514 chorus
1719 2470 1908 2523 Angelo-

1134 2585 1317 2638 Semper
1333 2540 1520 2648 assriffit,
1540 2584 1668 2626 simul
1688 2589 1732 2626 et
1749 2584 1908 2626 mican-

1237 2697 1376 2747 Regia
1392 2646 1506 2738 ῗιῗεϋ.
