2066 2904
609 197 678 229 Dic
703 197 756 228 2&
786 195 939 237 Aprilis.

194 293 474 346 peccatorem
506 288 834 342 nequissimum,
874 300 899 328 a
932 286 1016 327 dae-

194 348 349 390 moniis
385 359 560 400 quoque
593 343 937 387 conculcandum
970 355 1017 383 se

194 404 423 456 judicabat.
460 403 677 452 Tandem,
705 399 934 453 asperrimi
959 399 1017 439 vi-

193 467 250 503 tae
269 461 440 512 generis
465 459 522 501 ad
541 459 717 509 longam
738 469 877 509 usque
897 468 1016 497 sene-

196 520 360 559 ctutem
392 515 708 564 tenacissimus,
741 525 854 555 anno
883 511 1016 553 mille-

195 574 305 614 simo
334 572 719 626 septingentesimo
752 568 1016 622 septuagesi-

193 643 264 671 mo
286 629 454 682 quinto,
482 642 580 670 cum
603 626 819 680 praeclara
842 625 1016 674 monita,

194 686 326 728 veluti
357 686 423 727 sui
449 686 628 738 spiritus
652 684 906 726 transmissa
931 681 1016 722 hae-

194 742 395 791 reditate‚
427 742 611 783 alumnis
635 738 903 787 tradidisset,
934 738 1014 779 Ec-

194 798 339 840 clesiae
368 797 649 839 sacramentis
683 809 735 837 ac
761 795 931 837 coelesti
956 795 1015 835 vi-

194 855 316 896 sione
335 856 573 903 recreatus,
598 854 772 902 Romae,
799 864 884 904 qua
907 863 1016 903 prae-

194 911 364 953 dixerat
400 910 487 961 die,
530 909 732 961 migravit
767 909 811 949 in
847 907 1016 949 coelum.

192 968 305 1009 Eum
336 967 439 1008 Pius
474 979 615 1008 nonus
648 965 848 1007 Pontifex
881 964 1015 1005 Maxi-

191 1037 287 1065 mus
305 1024 349 1064 in
368 1023 607 1071 beatorum,
626 1024 838 1074 novisque
858 1019 1015 1062 deinde

192 1080 428 1130 fulgentem
448 1080 591 1131 signis,
610 1079 654 1119 in
673 1080 923 1119 sanctorum
941 1080 1015 1118 nu-

191 1149 359 1178 merum
379 1137 536 1178 retulit.

255 1211 301 1260 R„
319 1206 409 1247 Iste
426 1205 571 1247 homo.
590 1205 674 1258 [89]

421 1295 467 1332 In
487 1294 557 1332 111.
578 1294 798 1332 Nocturno.

201 1362 350 1403 Lectio
374 1360 758 1459 sanctiLEvangelii
777 1361 1014 1403 secandum

546 1430 684 1459 ucam.

301 1489 448 1530 Lectio
471 1490 535 1529 vii.
732 1492 835 1541 Cap.
856 1491 917 1529 lO.

239 1568 267 1594 n
293 1554 367 1595 illo
395 1555 609 1606 tempore:
640 1552 900 1604 Designavit
926 1554 1014 1595 Do-

252 1611 392 1651 minus
417 1615 460 1652 et
475 1610 583 1651 alios
599 1612 875 1661 septuaginta
890 1609 1015 1652 duos:

193 1672 236 1707 et
253 1666 371 1708 misit
389 1666 487 1707 illos
506 1665 633 1707 binos
654 1671 754 1707 ante
772 1666 927 1708 faciem
948 1680 1015 1708 su-

193 1735 277 1772 am,
301 1736 343 1763 in
364 1735 537 1764 omnem
557 1722 777 1763 civitatem
796 1728 840 1764 et
858 1722 1015 1773 locum,

195 1791 281 1831 quo
302 1783 394 1820 erat
412 1779 506 1831 ipse
524 1782 741 1820 venturus.
767 1779 823 1821 Et
837 1779 1015 1832 reliqua.

245 1863 432 1905 Homilia
451 1865 588 1906 sancti
608 1864 809 1916 Gregorii
827 1866 973 1919 Papae.

387 1930 550 1963 llomilia
572 1931 618 1964 17.
638 1931 673 1964 in
692 1932 834 1973 Evang.

300 1982 494 2023 ominus
535 1987 579 2023 et
613 1983 813 2025 Salvator
853 1988 1014 2034 noster,

315 2073 317 2077 .
340 2038 497 2080 fratres
524 2040 749 2089 carissimi,
777 2040 1012 2093 aliquando

340 2107 421 2136 nos
455 2095 745 2146 sermonibus,
780 2097 1015 2149 aliquando

194 2163 299 2192 vero
329 2150 534 2204 operibus
563 2151 780 2194 admonet.
827 2154 930 2205 Ipsa
958 2156 1016 2195 et-

195 2207 306 2249 enim
349 2208 464 2249 facta
505 2208 594 2259 ejus
637 2211 860 2261 praecepta
901 2215 1017 2252 sunt:

196 2264 296 2315 quia
311 2263 414 2305 dum
429 2264 594 2317 aliquid
609 2266 767 2307 tacitus
781 2266 893 2313 facit,
914 2267 1018 2318 quid

198 2322 328 2370 agere
354 2319 591 2362 debeamus
620 2322 862 2364 innotescit.
903 2323 1018 2366 Ecce

197 2377 310 2417 enim
323 2376 451 2418 binos
465 2378 509 2418 in
523 2378 883 2431 praedicationem
893 2379 1017 2422 disci-

197 2431 323 2484 pulos
340 2433 485 2475 mittit:
511 2435 612 2486 quia
632 2434 720 2477 duo
740 2441 840 2477 sunt
858 2439 1018 2488 praece-

198 2493 275 2540 pta
301 2490 506 2540 caritatis,
540 2491 623 2533 Dei
652 2491 855 2534 videlicet
885 2506 1018 2543 amor,
1083 2506 1144 2556 ψ(

199 2548 243 2585 et
268 2545 468 2596 proximi:
501 2553 544 2589 et
577 2548 718 2589 minus
752 2561 882 2600 quam
909 2549 1019 2591 inter

200 2598 310 2641 duos
351 2603 508 2643 caritas
547 2603 697 2646 haberi
737 2617 824 2646 non
860 2611 1019 2657 potest.

199 2655 340 2697 Nemo
374 2658 487 2699 enim
518 2661 695 2712 proprie
730 2660 786 2702 ad
820 2664 1019 2714 semetip—

199 2724 295 2752 sum
314 2711 474 2755 habere
496 2716 720 2758 caritatem
744 2716 916 2759 dicitur:
942 2718 1020 2760 sed

987 196 1020 226 S.
1049 193 1155 226 l‘auli
1182 204 1203 225 a
1229 194 1349 226 (Irucc
1376 192 1483 225 (jons.

1070 284 1247 327 dilectio
1267 285 1309 326 in
1329 285 1515 327 alterum
1533 283 1688 334 tendit,
1716 289 1765 326 ut
1788 285 1895 326 cari—

1069 346 1136 383 tas
1157 354 1254 383 esse
1272 342 1423 394 possit.

1128 406 1175 456 Rg.
1203 402 1294 444 Iste
1322 407 1389 444 est
1414 402 1487 455 qui
1512 408 1612 444 ante
1638 402 1780 444 Deum
1808 414 1896 443 ma-

1069 471 1177 509 gnas
1205 459 1391 501 virtutes
1420 461 1630 511 operatus
1658 464 1741 508 est,
1770 463 1813 500 et
1841 457 1896 500 de

1070 515 1187 556 omni
1230 514 1363 557 corde
1401 528 1481 556 suo
1517 514 1713 557 laudavit
1748 515 1896 557 Domi-

1069 584 1187 612 num:
1211 575 1233 596 *
1249 573 1351 625 Ipse
1374 570 1617 614 intercedat
1639 584 1722 625 pro
1742 574 1896 625 pecca-

1070 627 1127 669 tis
1159 629 1351 669 omnium
1383 627 1659 681 populorum.
1707 624 1757 676 V.
1781 628 1898 670 Ecce

1070 683 1202 726 homo
1221 685 1313 726 sine
1339 684 1532 737 querela,
1556 697 1686 726 verus
1702 685 1787 726 Dei
1810 684 1896 726 cul-

1069 746 1157 790 tor,
1191 740 1414 783 abstinens
1447 754 1495 782 se
1526 740 1582 782 ab
1617 740 1735 782 omni
1762 743 1898 794 opere

1069 797 1201 847 malo,
1231 802 1274 839 et
1296 799 1557 850 permanens
1580 798 1624 838 in
1648 797 1898 839 innocentia

1070 866 1159 894 sua.
1186 854 1289 906 Ipse
1308 853 1560 896 intercedat.

1364 921 1514 962 Lectio
1534 921 1616 960 viii.

1157 996 1233 1026 cce
1262 983 1376 1026 enim
1404 983 1534 1026 binos
1566 983 1623 1026 ad
1654 983 1897 1037 praedican-

1164 1040 1269 1082 dum
1298 1039 1538 1093 discipulos
1560 1040 1776 1083 Dominus
1802 1041 1897 1082 mit-

1068 1097 1135 1139 tit:
1162 1099 1377 1149 quatenus
1401 1097 1486 1139 hoc
1508 1097 1636 1139 nobis
1659 1097 1818 1139 tacitus
1836 1099 1897 1138 in-

1069 1159 1189 1203 nuat,
1211 1154 1311 1206 quia
1332 1155 1406 1207 qui
1426 1154 1653 1196 caritatem
1670 1166 1774 1206 erga
1793 1153 1896 1196 alte-

1069 1224 1164 1251 rum
1185 1223 1271 1252 non
1289 1210 1437 1261 habet,
1456 1210 1786 1264 praedicationis
1806 1209 1896 1253 offi-

1069 1267 1183 1308 cium
1217 1270 1440 1321 suscipere
1474 1267 1720 1309 nullatenus
1753 1266 1895 1309 debet.

1068 1323 1189 1365 Bene
1207 1329 1353 1366 autem
1372 1324 1541 1374 dicitur,
1562 1323 1663 1377 quia
1680 1323 1799 1366 misit
1817 1335 1895 1365 eos

1067 1385 1167 1422 ante
1193 1380 1351 1422 faciem
1378 1394 1502 1423 suam
1529 1381 1573 1422 in
1599 1393 1774 1423 omnem
1794 1379 1895 1422 civi·

1066 1439 1204 1478 tatem
1223 1442 1267 1479 et
1284 1437 1441 1489 locum,
1463 1451 1551 1491 quo
1571 1443 1665 1480 erat
1681 1438 1777 1491 ipse
1795 1449 1896 1479 ven-

1067 1496 1201 1534 turus.
1224 1494 1546 1537 praedicatores
1562 1495 1676 1537 enim
1690 1506 1795 1536 suos
1807 1493 1896 1535 Do-

1069 1550 1210 1591 minus
1246 1551 1478 1603 sequitur:.
1500 1552 1601 1604 quia
1636 1550 1897 1605 praedicatio

1067 1607 1291 1659 praevenit,
1311 1612 1355 1650 et
1371 1612 1475 1650 tunc
1490 1607 1547 1650 ad
1560 1608 1719 1650 mentis
1733 1612 1897 1649 nostrae

1068 1662 1365 1706 habitaculum
1379 1665 1595 1706 Dominus
1615 1664 1744 1714 venit,
1765 1676 1897 1717 quan-

1068 1718 1126 1761 do
1167 1720 1303 1762 verba
1350 1721 1667 1763 exhortationis
1707 1722 1897 1773 praecur-

1068 1780 1184 1817 runt:
1232 1782 1365 1830 atque
1406 1790 1487 1831 per
1525 1777 1612 1819 hoc
1651 1777 1814 1819 veritas
1853 1775 1898 1816 in

1067 1837 1213 1874 mente
1232 1834 1478 1887 suscipitur.

1128 1897 1176 1947 Ru
1201 1895 1296 1937 Sint
1328 1894 1464 1937 lumbi
1494 1894 1629 1936 vestri
1661 1893 1898 1947 praecincti,

1069 1956 1112 1994 et
1147 1952 1340 1994 lucernae
1378 1951 1583 1993 ardentes
1620 1951 1664 1992 in
1697 1949 1899 1992 manibus

1069 2009 1242 2051 vestris:
1282 2010 1302 2031 *
1326 2009 1383 2050 Et
1411 2021 1491 2050 vos
1519 2007 1684 2050 similes
1715 2006 1899 2049 homini-

1068 2064 1150 2107 bus
1183 2065 1541 2118 exspectantibus
1574 2064 1800 2106 dominum
1831 2077 1899 2106 su-

1068 2135 1158 2171 um,
1192 2121 1368 2175 quando
1398 2123 1645 2164 revertatur
1672 2134 1698 2162 a
1724 2121 1899 2174 miptiis.

1076 2172 1125 2223 Υ.
1146 2178 1336 2229 Vigilate
1356 2191 1473 2231 ergo,
1497 2179 1598 2231 quia
1616 2177 1794 2220 nescitis
1813 2189 1899 2229 qua

1069 2234 1179 2276 hora
1196 2235 1413 2277 Dominus
1433 2240 1579 2277 vester
1598 2237 1809 2277 ventarus
1830 2233 1899 2277 sit.

1070 2292 1127 2333 Et
1147 2303 1237 2332 vos.
1267 2291 1417 2333 Gloria
1434 2292 1565 2333 Patri.
1592 2292 1649 2333 Et
1665 2303 1757 2333 vos.

1244 2374 1318 2408 Pro
1344 2375 1378 2409 S.
1404 2374 1530 2409 Vitale
1554 2374 1731 2416 Martyre.

1377 2431 1529 2472 Lectio
1550 2430 1604 2471 ix.

1168 2506 1175 2548 f
1187 2494 1302 2536 italis
1332 2494 1474 2544 miles,
1508 2495 1761 2536 sanctorum
1793 2494 1898 2535 Ger-

1082 2550 1137 2593 '*-¹2<'3J-,
1162 2566 1168 2576 ¹
1203 2551 1314 2592 vasii
1347 2556 1390 2593 et
1417 2551 1608 2594 Protasii
1638 2556 1782 2603 pater,
1814 2564 1899 2592 una

1072 2619 1170 2647 cum
1189 2607 1370 2649 Paulino
1395 2607 1537 2659 judice
1560 2607 1815 2648 Ravennam
1838 2607 1898 2647 in-

1071 2665 1263 2714 gressus,
1300 2677 1398 2705 cum
1435 2664 1617 2706 vidisset
1653 2662 1898 2704 Ursicinum

1071 2719 1290 2761 medicum
1314 2720 1371 2762 ob
1397 2720 1645 2762 christianae
1669 2719 1773 2761 fidei
1798 2733 1898 2762 con-
