2066 2956
639 189 681 222 In
706 189 833 222 Festis
858 189 899 222 B.
924 188 1057 222 Mariae
1081 188 1126 222 V.
1151 198 1220 230 per
1245 199 1395 222 annum.

222 285 362 326 Beata
378 284 520 326 Mater
537 287 728 334 munere,

271 340 402 392 Cujus
422 342 638 393 supernus
658 340 817 382 artifex

270 395 482 438 Mundum
500 396 667 448 pugillo
687 397 926 444 cOntinens,

270 452 450 494 Ventris
471 451 551 493 sub
572 464 674 493 arca
696 452 869 493 clausus
890 456 967 493 est.

221 526 358 566 Beata
377 523 479 565 coeli
498 524 662 574 nuntio,

268 579 497 621 Foecunda
517 585 671 621 sancto
691 580 866 632 Spiritu,

270 636 562 678 Desideratus
581 635 794 686 gentibus,

270 692 401 744 Cujus
419 704 500 744 per
518 692 665 733 alvum
683 692 806 732 fusus
826 696 904 733 est.

223 771 324 811 Jesu
341 769 423 811 tibi
442 769 499 810 sit
516 768 666 821 gloria,

272 825 357 876 Qui
375 830 503 866 natus
524 838 570 866 es
590 825 646 866 de
664 825 859 876 Virgine,

271 881 381 922 Cum
398 881 539 931 Patre,
559 886 603 922 et
622 881 737 922 almo
758 881 922 933 Spiritu

269 937 321 977 In
344 937 611 989 sempiterna
635 937 807 978 saecula.
843 937 997 978 Amen.

407 1040 456 1079 In
479 1040 508 1079 Ι.
532 1040 755 1079 Nocturno.

221 1112 321 1152 Ant.
348 1108 592 1151 Benedicta
619 1113 668 1150 tu
692 1110 716 1136 *
738 1109 782 1149 in
811 1109 998 1150 mulieri-

166 1165 265 1263 ἷξε,
290 1169 335 1207 et
358 1164 617 1207 benedictus
641 1164 809 1206 fructus
832 1165 998 1206 ventris

449 1283 649 1324 Psalmus
678 1285 715 1324 8.

277 1350 446 1392 emine
495 1350 711 1391 Dominus
764 1355 931 1399 noster,
976 1351 1000 1377 *

212 1407 250 1462 ass
293 1431 295 1444 ι
321 1419 451 1458 quam
471 1405 729 1448 admirabile
750 1411 817 1448 est
839 1418 999 1447 nomen

212 1512 217 1516 ,
250 1462 295 1488 Α
316 1467 441 1504 tuum
457 1462 501 1502 in
519 1463 723 1505 universa
740 1462 872 1503 terra!

221 1518 439 1569 Quoniam
481 1519 653 1561 elevata
696 1522 765 1560 est
805 1518 1000 1570 magnifi-

170 1574 314 1617 centia
340 1579 427 1624 tua,
447 1576 471 1602 *
500 1588 633 1628 super
660 1574 812 1616 coelos.

220 1630 289 1671 Ex
317 1643 394 1672 ore
421 1631 653 1673 infantium
676 1635 720 1672 et
745 1630 1001 1671 lactentium

169 1686 394 1738 perfecisti
412 1686 590 1729 laudem
602 1690 786 1740 propter
800 1686 1001 1727 inimicos

169 1746 288 1792 tuos,
315 1743 340 1769 *
375 1747 424 1784 ut
463 1742 664 1784 destruas
699 1742 922 1783 inimicum
958 1746 1001 1783 et

170 1797 371 1840 ultorem.

223 1854 440 1904 Quoniam
489 1854 650 1896 videbo
701 1853 841 1895 coelos
889 1858 1001 1903 tuos,

173 1911 309 1962 epera
334 1909 572 1962 digitorum
595 1912 787 1952 tuorum:
806 1910 830 1936 *
855 1909 1003 1950 lunam

173 1970 217 2007 et
236 1965 397 2016 stellas,
427 1979 526 2018 quae
545 1971 595 2007 tu
614 1965 820 2007 fundasti.

225 2020 342 2072 Quid
361 2026 428 2063 est
446 2021 595 2072 homo,
625 2021 745 2073 quod
763 2033 932 2062 memor
952 2032 999 2061 es

173 2075 285 2129 ejus?
305 2078 329 2104 *
347 2082 422 2119 aut
440 2077 556 2118 filius
575 2077 775 2126 heminis,
795 2076 1001 2128 quoniam

172 2133 325 2174 visitas
345 2131 469 2174 eum?

225 2188 422 2230 Minuisti
458 2201 557 2229 eum
594 2188 728 2241 paulo
765 2188 909 2229 minus
947 2188 1002 2229 ab

173 2244 368 2296 Angelis,
384 2243 524 2294 gleria
540 2248 584 2285 et
598 2244 766 2285 honere
782 2244 1003 2285 coronasti

175 2312 288 2341 eum:
315 2301 339 2327 *
367 2304 411 2341 et
445 2300 710 2341 constituisti
741 2312 841 2340 eum
871 2312 1003 2351 super

175 2357 311 2408 (Spera
329 2357 536 2396 manuum
553 2357 738 2396 tuarum.

228 2411 386 2452 Omnia
427 2410 650 2463 subjecisti
692 2411 773 2452 sub
816 2410 1004 2463 pedibus

176 2467 286 2518 ejus,
313 2469 338 2495 *
374 2480 482 2508 oves
515 2472 559 2508 et
590 2466 730 2508 boves
759 2467 1004 2507 universas:

175 2524 353 2575 insuper
372 2528 416 2564 et
434 2524 597 2575 pecora
617 2523 771 2575 campi.

227 2578 445 2619 Volucres
464 2578 576 2627 coeli,
598 2583 641 2619 et
659 2579 805 2630 pisces
824 2577 967 2625 maris,
981 2577 1005 2602 *

180 2634 254 2685 qui
270 2634 578 2685 perambulant
596 2634 773 2674 semitas
791 2633 934 2673 maris.

228 2688 418 2730 Demine
432 2690 647 2730 Deminus
664 2690 858 2738 noster‚*
873 2700 1005 2739 quam

1790 185 1882 230 [155]

1050 284 1308 326 admirabile
1317 272 1392 326 'est
1406 297 1566 326 nomen
1584 289 1708 325 tuum
1728 283 1772 324 in
1790 283 1881 324 uni-

1050 342 1178 381 versa
1195 341 1327 382 terra!
1412 343 1414 345 ’

1102 408 1202 446 Ant.
1224 405 1466 447 Benedicta
1485 410 1534 447 tu
1553 406 1597 445 in
1615 403 1882 453 mulieribus,

1052 466 1096 502 et
1114 460 1375 502 benedictus
1394 461 1562 503 fructus
1580 460 1746 502 ventris
1765 459 1838 500 tui.

1102 524 1201 563 Ant.
1243 525 1365 567 Sicut
1397 525 1575 578 myrrha
1607 525 1631 551 *
1665 524 1806 565 electa
1839 536 1882 564 o-

1051 581 1206 622 derem
1250 581 1411 623 dedisti
1459 581 1686 623 suavitatis
1732 584 1884 621 sancta

1049 638 1135 678 Dei
1160 637 1371 679 Genitrix.

1329 714 1527 753 Psalmus
1548 714 1604 752 13.

1127 789 1202 830 oeli
1229 790 1434 830 enarrant
1460 788 1646 838 gloriam
1669 790 1768 838 Dei,
1792 790 1816 815 *
1841 794 1885 830 et

1142 847 1278 898 epera
1305 846 1514 885 manuum
1543 846 1633 897 eius
1657 845 1885 886 annuntiat

1050 901 1384 942 firmamentum.

1102 957 1209 998 Dies
1242 957 1328 998 diei
1361 959 1531 998 eructat
1563 957 1763 1007 verbum,
1788 958 1811 983 *
1841 962 1885 998 et

1050 1025 1139 1054 nox
1158 1013 1278 1054 nocti
1295 1012 1459 1054 indicat
1479 1013 1715 1055 scientiam.

1102 1069 1205 1110 Non
1224 1074 1325 1110 sunt
1343 1069 1544 1122 loquelae,
1563 1082 1706 1121 neque
1722 1071 1884 1111 sermo-

1050 1138 1145 1175 nes,
1169 1126 1193 1151 *
1219 1138 1406 1177 quorum
1435 1140 1524 1168 non
1551 1126 1783 1167 audiantur
1810 1137 1882 1166 vo-

1052 1194 1126 1222 ces
1146 1183 1309 1222 eorum.

1104 1238 1156 1278 In
1187 1250 1363 1279 omnem
1395 1243 1559 1280 terram
1588 1237 1722 1279 exivit
1751 1249 1885 1278 sonus

1053 1295 1221 1335 eorum:
1251 1294 1275 1319 *
1309 1299 1353 1335 et
1383 1294 1427 1335 in
1460 1295 1570 1336 fines
1603 1293 1723 1335 orbis
1754 1298 1885 1334 terrae

1052 1349 1188 1391 verba
1208 1351 1371 1391 eorum.

1104 1406 1156 1445 In
1180 1405 1273 1446 sole
1297 1405 1446 1457 pesuit
1467 1405 1799 1447 tabernaculum
1819 1418 1886 1445 su-

1054 1475 1146 1502 um:
1177 1462 1201 1487 *
1234 1466 1278 1502 et
1308 1461 1404 1513 ipse
1440 1466 1665 1513 tamquam
1698 1473 1887 1513 sponsus

1053 1517 1301 1569 procedens
1320 1517 1376 1558 de
1394 1517 1589 1558 thalamo
1610 1530 1705 1558 suo:

1106 1573 1356 1614 Exsultavit
1387 1578 1435 1614 ut
1467 1574 1589 1624 gigas
1625 1573 1681 1614 ad
1713 1574 1885 1614 curren-

1055 1629 1157 1670 dam
1175 1629 1306 1678 viam,
1325 1630 1349 1655 *
1368 1642 1394 1670 a
1413 1642 1584 1670 summo
1608 1628 1723 1670 coelo
1744 1630 1886 1679 egres-

1055 1686 1120 1726 sio
1141 1685 1248 1737 ejus:

1106 1742 1164 1782 Et
1189 1743 1399 1782 occursus
1424 1742 1515 1793 ejus
1538 1753 1678 1793 usque
1698 1739 1755 1781 ad
1775 1753 1887 1780 sum-

1054 1810 1175 1838 mum
1190 1798 1295 1849 ejus:
1313 1798 1337 1823 *
1356 1810 1438 1838 nec
1457 1802 1525 1839 est
1545 1798 1619 1849 qui
1638 1809 1685 1838 se
1705 1796 1886 1837 abscon-

1055 1853 1132 1895 dat
1151 1866 1177 1894 a
1195 1853 1342 1895 calore
1361 1854 1463 1905 ejus.

1106 1909 1201 1950 Lex
1214 1909 1393 1950 Domini
1409 1909 1689 1950 immaculata
1708 1910 1886 1950 conver-

1054 1970 1153 2006 tens
1172 1965 1353 2006 animas:
1363 1966 1387 1991 *
1397 1965 1695 2007 testimonium
1709 1963 1888 2005 Demini

1059 2020 1206 2071 fidele,
1242 2021 1501 2073 sapientiam
1537 2026 1754 2073 praestans
1789 2021 1886 2071 par-

1056 2077 1179 2118 vulis.

1107 2133 1133 2173 J
1134 2133 1295 2174 ustitiae
1310 2133 1489 2174 Demini
1502 2137 1646 2181 rectae,
1665 2131 1886 2172 laetifican-

1056 2193 1124 2230 tes
1160 2187 1312 2230 corda:
1343 2189 1368 2215 *
1400 2191 1673 2241 praeceptum
1709 2186 1885 2227 Domini

1056 2243 1265 2294 lucidum3
1283 2243 1530 2285 illuminans
1550 2242 1714 2284 oculos.

1109 2300 1262 2340 Timor
1288 2300 1467 2340 Demini
1494 2303 1685 2347 sanctus,
1717 2299 1886 2349 perma-

1057 2368 1165 2396 nens
1191 2355 1236 2395 in
1264 2355 1473 2396 saeculum
1501 2354 1664 2395 saeculi:
1682 2354 1706 2379 *
1729 2352 1888 2405 judicia

1056 2411 1234 2451 Demini
1258 2423 1379 2460 vera,
1407 2410 1640 2461 justificata
1661 2409 1706 2449 in
1732 2413 1886 2450 semet-

1056 2479 1163 2518 1psa.

1108 2521 1428 2563 Desiderabilia
1447 2533 1581 2573 super,
1597 2533 1751 2561 aurum
1767 2525 1811 2561 et
1827 2520 1886 2560 la-

1057 2577 1206 2629 pidem
1223 2578 1466 2630 preti6sum
1484 2576 1683 2617 multum:
1697 2577 1721 2602 *
1737 2581 1781 2617 et
1795 2575 1886 2617 dul-

1058 2633 1178 2673 ciara
1198 2645 1329 2685 super
1347 2631 1434 2672 mel
1453 2637 1497 2672 et
1515 2631 1673 2672 favum.

1109 2689 1283 2730 Etenim
1306 2700 1459 2745 servus
1482 2692 1584 2728 tuus
1608 2686 1801 2728 custodit
1824 2699 1887 2735 ea,
