2028 2892
204 163 276 199 340

206 261 340 300 ratur:
366 262 414 298 ut
439 258 606 298 veniret
631 255 930 310 postmodum,
960 255 1032 307 qui

206 327 286 356 nec
304 313 554 363 translatus,
580 326 661 354 nec
679 312 929 361 subvectus,
950 325 1034 353 coe-

205 370 295 411 lum
327 369 565 424 aethereum
603 382 681 411 sua
712 370 871 411 virtute
904 381 1032 421 pene-

206 429 352 468 traret.

259 491 321 529 Te
341 488 483 528 Deum
503 486 742 529 laudamus.
762 487 820 527 15.

423 613 584 650 Feria
617 612 817 648 Tertia.

449 682 496 719 In
517 683 544 720 Ι.
566 683 787 722 Nocturno.

212 746 275 786 De
307 743 507 797 Epistola
538 743 678 796 prima
708 743 827 784 beati
853 743 1032 784 Joz'mnis

514 799 731 853 Apostoli.

308 859 457 898 Lectio
485 860 505 898 i.
767 860 868 920 Cap.
890 862 924 899 4.

216 913 527 972 ζξειῑίεείῐῐιὶ,
555 912 689 954 nolite
719 925 836 953 omni
864 912 1034 965 spiritui

212 965 319 1050 kxl}
345 969 534 1018 credere,
555 968 634 1011 sed
649 968 836 1022 probate
856 969 1034 1021 spiritus

212 1027 318 1053 ³1⁴-
346 1027 382 1068 si
397 1040 451 1068 ex
463 1027 560 1068 Deo
577 1026 675 1067 sint':
691 1025 897 1077 quoniam
910 1025 1034 1066 multi

206 1083 610 1137 pseudoprophetae
630 1082 827 1124 exierunt
849 1082 891 1123 in
915 1095 1034 1123 mun-

207 1140 322 1182 dum.
359 1141 408 1181 In
436 1139 522 1181 hoc
549 1139 827 1190 cognoscitur
856 1139 1033 1192 spiritus

206 1192 305 1238 Dei:
334 1197 473 1238 omnis
499 1196 677 1249 spiritus
703 1195 778 1248 qui
802 1195 1034 1237 confitetur

205 1253 229 1295 J
233 1267 355 1295 esum
381 1253 599 1294 Christum
626 1252 669 1292 in
697 1265 825 1294 carne
851 1254 1033 1302 venisse,

206 1321 260 1351 ex
284 1311 382 1352 Deo
409 1315 491 1351 est:
520 1315 563 1351 et
589 1309 728 1350 omnis
755 1309 932 1362 spiritus
959 1309 1033 1360 qui

206 1366 337 1408 solvit
363 1367 527 1415 Jesum,
557 1379 611 1407 ex
638 1366 735 1407 Deo
763 1378 850 1406 non
879 1370 962 1415 est,
991 1370 1034 1407 et

205 1422 275 1464 hic
301 1428 368 1464 est
393 1422 688 1472 antichristus,
717 1421 771 1463 de
799 1434 886 1474 quo
915 1420 1033 1463 audi-

205 1480 283 1521 stis
305 1480 510 1532 quoniam
529 1479 660 1529 venit,
685 1484 728 1520 et
750 1491 863 1519 nunc
882 1479 966 1531 jam
989 1478 1033 1519 in

204 1535 367 1578 mundo
384 1540 461 1577 est.
485 1536 579 1577 Vos
595 1548 650 1576 ex
666 1535 762 1576 Deo
779 1534 884 1576 estis
899 1534 1032 1583 filioli,

205 1598 248 1634 et
266 1593 431 1634 vicistis
451 1605 567 1638 eum,
588 1591 792 1643 quoniam
810 1591 947 1643 major
966 1596 1033 1633 est

206 1649 279 1700 qui
298 1649 340 1689 in
360 1648 486 1690 vobis
506 1654 586 1698 est,
608 1661 738 1700 quam
759 1647 832 1699 qui
851 1647 893 1687 in
912 1660 1032 1688 mun-

206 1705 275 1747 do.
312 1705 403 1759 Ipsi
431 1704 485 1747 de
513 1703 676 1746 mundo
707 1710 820 1745 sunt:
846 1702 947 1745 ideo
977 1703 1031 1745 de

204 1761 367 1803 mundo
391 1761 643 1814 loquuntur,
672 1766 715 1802 et
742 1758 929 1801 mundus
955 1772 1031 1801 eos

205 1817 338 1860 audit.
382 1818 478 1859 Nos
515 1831 569 1859 ex
604 1817 701 1858 Deo
738 1829 897 1858 sumus.
948 1816 1032 1866 Qui

206 1874 327 1916 novit
341 1874 495 1924 Deum,
515 1873 635 1915 audit
653 1886 751 1914 nos:
771 1873 845 1924 qui
863 1885 950 1914 non
966 1878 1032 1914 est

207 1943 261 1971 ex
281 1931 388 1980 Deo,
407 1943 494 1971 non
513 1928 635 1971 audit
653 1942 750 1971 nos:
768 1929 810 1969 in
829 1928 915 1970 hoc
934 1941 1033 1978 cog-

206 1986 427 2028 noscimus
442 1986 648 2039 Spiritum
663 1985 869 2034 νθτίῖέιῖίε,
885 1990 928 2026 et
948 1987 1032 2038 spi-

206 2043 336 2084 ritum
355 2042 526 2084 erroris.

260 2105 310 2155 R.
335 2104 443 2145 Post
461 2102 720 2156 passionem.
748 2102 847 2143 320.

515 2171 665 2212 Lectio
686 2171 725 2210 ii.

209 2228 478 2336 Carissimi‚
493 2233 724 2284 diligamus
740 2245 820 2274 nos
835 2233 1033 2274 invicem:

314 2290 414 2343 quia
447 2290 605 2332 caritas
637 2302 691 2330 ex
723 2289 819 2330 Deo
853 2295 929 2330 est.
979 2290 1034 2330 Et

211 2347 367 2396 omnis,
401 2347 473 2399 qui
506 2346 659 2397 diligit,
693 2358 747 2386 ex
778 2346 875 2386 Deo
908 2351 1033 2387 natus

211 2408 293 2451 θεῖ,
322 2409 364 2444 et
392 2403 618 2454 cognoscit
644 2401 797 2443 Deum.
837 2402 919 2452 Qui
947 2415 1033 2443 non

211 2457 363 2508 diligit,
389 2473 474 2501 non
501 2460 622 2501 novit
645 2460 803 2500 Deum:
830 2459 1033 2510 quoniam

211 2515 330 2555 Deus
354 2517 512 2557 caritas
537 2522 614 2557 est.
648 2516 698 2556 In
721 2515 806 2556 hoc
831 2516 1034 2567 apparuit

211 2571 369 2611 caritas
394 2572 476 2613 Dei
502 2573 544 2612 in
569 2572 710 2622 nobis,
738 2572 941 2623 quoniam
968 2572 1035 2612 Fi-

211 2626 314 2667 lium
339 2640 462 2667 suum
486 2629 753 2679 unigenitum
776 2628 894 2669 misit
914 2628 1034 2668 Deus

212 2683 254 2722 in
279 2682 502 2732 mundum,
528 2691 574 2726 ut
599 2685 796 2725 vivamus
821 2696 900 2736 per
926 2696 1036 2724 eum.

756 166 852 198 Intra
881 168 1062 199 (onmium
1093 166 1353 199 ixscensionis.

1085 256 1134 296 In
1160 254 1246 297 hoc
1271 261 1337 297 est
1363 256 1538 298 coritas:
1565 269 1652 297 non
1679 256 1803 308 quasi
1826 269 1908 298 nos

1086 310 1362 353 dilexerimus
1394 313 1553 362 Deum,
1589 311 1669 354 sed
1705 312 1910 364 quoniam

1085 369 1179 422 ipse
1202 368 1323 421 prior
1346 368 1497 410 dilexit
1519 382 1614 419 nos,
1640 374 1682 410 et
1706 369 1822 410 misit
1843 369 1911 410 Fi-

1085 425 1190 466 lium
1204 438 1331 466 suum
1343 426 1701 478 propitiationem
1716 438 1798 478 pro
1812 438 1911 478 pec-

1086 481 1194 523 eatis
1209 482 1380 524 nostris.
1409 482 1639 532 Carissimi‚
1659 482 1694 523 si
1713 482 1776 523 sic
1789 481 1911 523 Deus

1087 537 1239 580 dilexit
1260 551 1357 580 nos:
1383 544 1426 580 et
1447 551 1528 580 nos
1552 538 1762 581 debemus
1787 537 1912 580 alter-

1086 599 1230 636 utrum
1255 594 1446 645 diligere.
1485 595 1630 636 Deum
1650 607 1779 636 nemo
1802 594 1912 636 vidit

1085 663 1302 703 umquam.
1355 651 1399 692 Si
1439 650 1670 702 diligamus
1714 651 1910 700 invicem,

1085 707 1205 749 Deus
1241 707 1285 748 in
1321 706 1448 749 nobis
1479 712 1641 758 manet,
1678 712 1722 749 et
1753 707 1911 748 caritas

1086 765 1176 816 ejus
1202 764 1244 804 in
1270 763 1397 806 nobis
1423 764 1619 817 perfecta
1644 769 1720 805 est.
1752 763 1803 804 In
1826 762 1912 805 hoc

1086 821 1391 872 cognoscimus
1413 821 1618 872 quoniam
1636 820 1679 861 in
1698 833 1751 861 eo
1770 821 1913 861 mane-

1085 890 1197 927 mus,
1217 882 1261 919 et
1279 877 1374 930 ipse
1396 877 1440 917 in
1459 876 1602 919 nobis:
1627 876 1834 929 quoniam
1857 874 1911 917 de

1086 933 1249 985 Spiritu
1268 946 1347 974 suo
1369 932 1490 975 dedit
1509 933 1647 975 nobis.
1674 933 1730 974 Et
1752 945 1833 974 nos
1852 934 1912 972 vi-

1088 989 1247 1039 dimus,
1293 995 1336 1032 et
1381 989 1666 1031 testificamur
1708 988 1913 1041 quoniam

1086 1047 1217 1088 Pater·
1243 1047 1359 1088 misit
1385 1046 1543 1087 Filium
1569 1059 1695 1087 suum
1717 1044 1914 1087 Salvato-

1086 1115 1178 1144 rem
1197 1103 1358 1145 mundi.

1137 1163 1186 1214 R.
1217 1159 1368 1201 Omnis
1393 1157 1672 1213 pulchritudo
1696 1158 1793 1200 Dfii.
1813 1158 1912 1199 320.

1384 1216 1534 1257 Lectio
1555 1216 1609 1256 iii.

1172 1273 1340 1325 uisquis
1377 1273 1604 1314 confessus
1640 1271 1770 1314 fuerit
1805 1273 1910 1324 quo-

1197 1330 1312 1371 niam
1355 1329 1482 1371 Jesus
1529 1334 1595 1371 est
1638 1328 1776 1369 Filius
1817 1328 1911 1379 Dei,

1085 1386 1206 1427 Deus
1229 1387 1272 1427 in
1296 1399 1349 1428 eo
1368 1390 1528 1435 manet,
1554 1390 1598 1427 et
1620 1385 1716 1438 ipse
1739 1384 1783 1425 in
1803 1384 1912 1426 Deo.

1085 1443 1142 1484 Et
1161 1456 1241 1485 nos
1266 1443 1565 1494 cognovimus,
1586 1446 1629 1483 et
1647 1439 1911 1483 credidimus

1086 1499 1265 1550 caritati,
1282 1512 1412 1552 quam
1425 1498 1558 1541 habet
1571 1499 1692 1540 Deus
1710 1498 1754 1538 in
1773 1496 1910 1540 nobis.

1084 1556 1205 1598 Deus
1231 1556 1389 1598 caritas
1416 1561 1498 1606 est,
1527 1561 1570 1597 et
1597 1554 1670 1608 qui
1696 1559 1843 1596 manet
1866 1554 1911 1595 in

1085 1613 1281 1662 caritate,
1304 1613 1349 1652 in
1369 1612 1465 1654 Deo
1484 1617 1647 1661 manet,
1667 1616 1710 1653 et
1730 1612 1849 1653 Deus
1868 1609 1910 1652 in

1085 1681 1150 1710 eo.
1178 1669 1228 1709 In
1247 1668 1332 1710 hoc
1349 1668 1544 1721 perfecta
1566 1673 1633 1710 est
1651 1668 1810 1710 ceritas
1828 1667 1912 1708 Dei

1084 1724 1328 1774 nobiscum,
1358 1730 1406 1766 ut
1441 1723 1647 1766 fiduciam
1672 1723 1911 1766 habeamus

1084 1781 1127 1822 in
1146 1779 1217 1822 die
1237 1779 1399 1833 judicii:
1426 1781 1526 1832 quia
1546 1780 1657 1822 sicut
1675 1779 1747 1821 ille
1767 1784 1848 1830 θεῖ,
1868 1784 1912 1821 et

1085 1850 1165 1879 nos
1190 1850 1338 1878 sumus
1364 1837 1407 1878 in
1430 1837 1516 1879 hoc
1538 1835 1714 1878 mundo.
1759 1836 1911 1878 Timor

1085 1906 1172 1935 non
1205 1899 1272 1936 est
1303 1894 1347 1934 in
1379 1893 1574 1935 caritate:
1606 1891 1685 1934 sed
1717 1892 1912 1945 perfecta

1086 1950 1244 1992 caritas
1258 1950 1375 1992 foras
1389 1950 1520 1992 mittit
1532 1950 1747 1991 timorem:
1762 1948 1910 2001 quoni-
1927 1946 1934 1954 '

1086 2020 1157 2049 am
1170 2008 1299 2049 timor
1314 2020 1490 2060 poenam
1502 2006 1646 2048 habet.
1668 2006 1751 2056 Qui
1767 2011 1912 2047 autem

1086 2065 1218 2114 timet,
1237 2077 1325 2105 non
1345 2069 1411 2106 est
1427 2063 1648 2117 perfectus
1662 2063 1706 2103 in
1721 2062 1911 2104 caritate.

1086 2121 1180 2162 Nos
1213 2133 1317 2171 ergo
1351 2119 1580 2171 diligamus
1612 2119 1773 2168 Deum,
1806 2120 1910 2170 quo-

1086 2177 1201 2218 niam
1231 2177 1352 2218 Deus
1388 2176 1508 2229 prior
1544 2175 1695 2218 dilexit
1730 2187 1822 2218 nos.
1865 2174 1910 2216 Si

1088 2233 1184 2285 quis
1203 2232 1370 2281 dixerit,
1386 2232 1591 2285 quoniam
1609 2231 1743 2283 diligo
1757 2231 1910 2280 Deum,

1087 2295 1131 2331 et
1166 2289 1342 2330 fratrem
1375 2302 1499 2330 suum
1533 2287 1688 2336 oderit,
1723 2286 1911 2329 mendax

1088 2350 1165 2387 est.
1202 2345 1285 2395 Qui
1314 2345 1426 2386 enim
1454 2358 1542 2386 non
1569 2343 1708 2395 diligit
1734 2343 1912 2385 fratrem

1088 2415 1213 2443 suum
1249 2414 1378 2453 quem
1413 2400 1549 2450 videt,
1584 2400 1744 2448 Deum,
1781 2411 1911 2450 quem

1088 2471 1174 2499 non
1206 2457 1344 2507 videt,
1383 2456 1606 2509 quomodo
1638 2461 1787 2509 potest
1818 2454 1909 2496 dili-

1087 2512 1213 2563 gere?
1243 2514 1298 2555 Et
1320 2514 1405 2555 hoc
1427 2512 1679 2554 mandatum
1700 2511 1910 2554 habemus

1088 2583 1113 2611 a
1131 2571 1244 2611 Deo:
1268 2575 1315 2612 ut
1335 2570 1407 2621 qui
1427 2569 1565 2619 diligit
1583 2568 1741 2617 Deum,
1761 2567 1911 2618 diligat

1089 2632 1131 2668 et
1151 2627 1327 2668 fratrem
1346 2639 1481 2667 suum.

1140 2685 1188 2735 Ru
1215 2682 1418 2724 Exaltiire
1438 2681 1634 2723 Domine.
1662 2681 1759 2721 320.
