2066 2904
205 161 252 207 [4]
531 162 740 196 Commune
767 162 1046 203 Apostolorum
1074 166 1181 195 extra
1207 166 1358 204 tempus
1385 161 1582 195 Pasehale.
1657 173 1664 179 ·

287 255 581 300 Ecclesiarum
600 253 841 306 Principes,

332 311 446 354 Belli
464 310 755 363 triumphales
775 309 922 359 duceS,

332 368 536 411 Coelestis
556 366 668 409 aulae
687 366 860 416 milites,

334 426 391 468 Et
410 437 515 467 vera
533 423 687 466 mundi
704 423 880 464 lumina.

285 496 457 538 Deveta
474 494 729 535 sanctorum
747 491 871 541 fides,

335 552 506 592 Invicta
525 562 627 603 spes
647 548 931 598 credentium,

336 607 539 649 Perfecta
558 605 720 647 Christi
741 605 900 647 caritas

334 663 489 706 Mundi
507 664 742 715 tyrannum
761 661 961 703 centerit.

285 737 334 776 In
354 733 422 774 his
440 733 630 774 Paterna
649 731 799 782 glotia,

333 791 385 831 In
403 789 471 830 his
489 787 731 841 triumphat
748 786 895 836 Filius,

334 847 386 888 In
404 846 472 887 his
490 845 694 886 voluntas
713 844 914 896 Spiritus,

336 902 507 944 Coelum
526 901 721 954 repletur
739 899 914 951 gaudio.

289 972 419 1022 Patri,
446 970 663 1023 simulque
682 970 806 1020 Filio,

334 1028 525 1081 Tibique
545 1032 696 1069 sancte
715 1026 914 1079 Spiritus,

332 1086 453 1128 Sicut
472 1084 563 1134 fuit,
592 1084 649 1126 sit
667 1083 824 1136 jugiter

336 1142 524 1185 Saeclum
542 1153 623 1194 per
642 1153 772 1182 omne
790 1140 940 1192 gloria.

570 1198 724 1239 Amen.

441 1275 489 1313 In
517 1275 547 1314 Ι.
575 1274 609 1313 N
612 1274 799 1314 coturno.

256 1349 353 1388 Ant.
384 1349 435 1387 ln
459 1357 634 1387 omnem
659 1349 824 1386 terram
852 1345 876 1371 *
904 1344 1038 1386 exivit

206 1415 339 1444 sonus
350 1403 514 1452 eorum,
529 1406 574 1444 et
586 1402 630 1442 in
645 1401 756 1443 fines
772 1401 891 1443 orbis
905 1405 1036 1443 terrae

206 1459 343 1501 verba
362 1461 525 1501 eorum.

480 1525 678 1565 Psalmus
698 1525 755 1564 18.

325 1590 398 1632 oeli
430 1591 635 1632 enarrant
665 1589 851 1640 gloriam
878 1588 981 1638 Dei,
1013 1589 1037 1615 *

210 1685 217 1699 ·.
239 1652 266 1701 ’,ᾗ
314 1645 317 1685 ἲ
338 1652 381 1688 et
396 1649 532 1700 (Spera
545 1648 753 1687 manuum
769 1646 860 1697 ejus
875 1648 1037 1687 annun·

253 1701 310 1733 »ΥΞ
337 1703 417 1745 tiat
435 1703 767 1744 firmamentum.

258 1760 365 1801 Dies
397 1759 483 1801 diei
515 1762 686 1802 eructat
716 1758 917 1808 verbum,
941 1759 965 1785 *
994 1763 1038 1801 et

205 1828 295 1858 nox
313 1816 433 1858 nocti
450 1816 614 1858 indicat
632 1816 868 1858 scientiam.

258 1877 360 1919 Non
379 1882 479 1919 sunt
497 1878 697 1931 loquelae,
716 1890 859 1929 neque
875 1878 1037 1918 sermo-

206 1947 301 1983 nes,
325 1935 349 1961 *
375 1947 561 1987 quorum
589 1948 676 1977 non
704 1934 936 1976 audiantur
963 1946 1035 1974 vo-

207 2003 281 2033 ces
301 1992 464 2033 eorum.

258 2053 310 2093 In
342 2064 517 2094 omnem
549 2057 713 2094 terram
741 2051 875 2093 exivit
904 2064 1038 2092 sonus

208 2110 375 2150 eorum:
406 2109 430 2134 *
463 2113 507 2150 et
538 2109 581 2150 in
614 2109 724 2151 fines
757 2107 876 2150 orbis
907 2113 1037 2150 terrae

207 2164 342 2207 verba
362 2167 525 2207 eorum.

259 2226 310 2266 In
334 2226 427 2268 sole
450 2225 599 2279 posuit
620 2224 952 2268 tabernaculum
971 2238 1038 2267 su-

210 2295 301 2323 um:
331 2283 356 2309 *
387 2287 431 2325 et
462 2283 558 2336 ipse
593 2287 819 2335 tamquam
851 2295 1039 2335 sponsus

210 2338 454 2391 procedens
474 2339 529 2381 de
547 2339 742 2381 thalamo
762 2351 859 2380 suo:

262 2399 509 2442 Exsultavit
541 2405 589 2442 ut
620 2400 744 2451 gigas
778 2399 835 2441 ad
867 2401 1038 2441 curren-

211 2454 461 2520 dam-viam,
479 2457 503 2483 *
523 2469 548 2498 a
568 2468 739 2498 summo
763 2455 877 2498 coelo
898 2458 1039 2507 egres-

213 2523 277 2552 s10
298 2524 404 2563 ejus:

264 2572 321 2613 Et
346 2575 554 2615 occursus
578 2574 670 2626 ejus
692 2585 832 2626 usque
852 2572 909 2614 ad
928 2585 1040 2613 sum-

212 2641 331 2669 mum
347 2629 452 2680 ejus:
469 2630 492 2654 *
511 2643 592 2671 nec
612 2635 679 2673 est
699 2630 773 2683 qui
792 2642 840 2671 se
859 2629 1040 2671 abscon-

213 2684 289 2727 dat
308 2697 333 2726 a
351 2684 497 2728 calore
517 2687 618 2737 ejus.

1137 250 1232 292 Lex
1246 250 1426 292 Demini
1442 249 1723 292 immaculata
1741 252 1920 292 conver-

1086 312 1185 349 tens
1204 307 1419 348 animasz*
1429 307 1728 349 testimoninm
1742 307 1922 349 Domini

1087 363 1238 461 fidfile,
1274 363 1535 417 sapientiam
1570 368 1788 416 praestans
1823 365 1921 417 peir-

1087 433 1146 462 vu
1179 433 1211 462 s.
1246 450 1254 455 -

1139 476 1164 518 J
1166 477 1327 519 ustitiae
1342 476 1522 519 Domini
1534 481 1680 527 rectae,
1698 476 1921 518 laetifican-

1088 538 1156 575 tes
1193 533 1345 575 corda:
1377 533 1401 559 *
1433 535 1708 586 praeceptum
1743 533 1920 575 Demini

1088 589 1298 641 lucidum3
1316 589 1564 631 illuminans
1584 589 1749 632 oeulos.

1141 646 1295 688 Timor
1321 645 1501 687 Domini
1528 650 1720 696 sanctuS‚
1752 648 1922 699 perma-

1089 715 1197 744 nens
1224 703 1269 744 in
1297 702 1507 744 saeculum
1535 701 1700 743 saeculi:
1717 703 1742 729 *
1764 702 1923 755 judicia

1089 759 1268 800 D6mini
1292 771 1414 809 vera,
1442 758 1676 810 justificata
1698 759 1743 800 in
1767 764 1923 802 semet-

1089 828 1197 869 1psa.

1141 871 1463 914 Desiderabilia
1482 884 1614 924 super
1633 884 1787 914 aurum
1804 877 1848 915 et
1864 872 1924 914 la-

1089 927 1239 981 pidem
1256 929 1502 981 pretiosum
1519 927 1720 970 multum:
1734 929 1758 955 *
1773 934 1818 972 et
1832 929 1924 972 dul-

1091 985 1211 1027 ciora
1231 997 1364 1038 super
1382 985 1469 1027 mel
1489 989 1533 1027 et
1551 985 1710 1027 favum.

1142 1042 1316 1084 Etenim
1341 1054 1494 1084 servus
1518 1046 1620 1084 tuus
1644 1042 1838 1085 custodit
1861 1056 1924 1093 ea,

1090 1098 1114 1124 *
1150 1099 1193 1139 in
1231 1097 1532 1141 custodiendis
1567 1098 1652 1140 illis
1693 1099 1924 1142 retributio

1090 1155 1238 1197 multa.

1142 1211 1317 1254 Delicta
1338 1212 1435 1264 quis
1454 1210 1677 1263 intelligit?
1704 1212 1759 1254 ab
1779 1212 1924 1254 occul-

1090 1268 1146 1309 tis
1164 1268 1273 1310 meis
1296 1268 1460 1310 munda
1478 1281 1563 1311 me:
1581 1269 1606 1295 *
1625 1273 1670 1311 et
1693 1268 1748 1311 ab
1773 1269 1925 1311 alienis

1090 1338 1224 1377 parce
1244 1338 1373 1368 servo
1392 1330 1482 1367 tuo.

1142 1382 1187 1424 Si
1201 1382 1287 1424 mei
1301 1395 1391 1424 non
1405 1382 1567 1424 fuerint
1582 1381 1805 1432 dominati,
1819 1387 1924 1424 tunc

1090 1439 1397 1481 immaculatus
1421 1452 1515 1482 ero:
1533 1439 1558 1465 *
1582 1443 1627 1481 et
1651 1438 1926 1481 emundabor

1090 1508 1116 1537 a
1136 1495 1298 1538 delicto
1317 1495 1522 1538 maximo.

1142 1552 1199 1594 Et
1219 1557 1347 1594 erunt
1365 1557 1414 1594 ut
1428 1552 1735 1605 complaceant
1750 1551 1926 1605 eloquia

1091 1609 1179 1650 oris
1198 1609 1299 1651 mei:
1317 1610 1341 1635 *
1362 1614 1407 1651 et
1424 1608 1653 1651 meditatio
1674 1608 1820 1651 cordis
1837 1609 1925 1651 mei

1090 1665 1133 1706 in
1154 1667 1397 1718 conspectu
1415 1670 1492 1707 tuo
1513 1678 1699 1719 semper.

1142 1722 1332 1764 Do1nine
1356 1722 1529 1775 adjutor
1551 1735 1692 1773 meus,
1710 1723 1735 1749 *
1759 1727 1804 1764 et
1827 1722 1923 1765 red-

1091 1781 1266 1832 emptor
1283 1792 1420 1821 meus.

1143 1838 1244 1879 Ant.
1264 1837 1314 1877 [n
1331 1849 1507 1878 omnem
1521 1840 1687 1878 terram
1702 1836 1839 1878 exivit
1855 1848 1923 1877 so-

1090 1906 1172 1934 nus
1193 1894 1363 1943 eorum,
1391 1898 1436 1935 et
1455 1893 1501 1934 in
1518 1892 1629 1935 fines
1648 1891 1771 1934 orbis
1790 1897 1922 1935 terrae

1091 1949 1229 1992 verba
1248 1951 1413 1992 eorum.

1145 2008 1245 2049 Ant.
1270 2006 1584 2048 Clamaverunt
1601 2005 1716 2058 justi,
1728 2005 1753 2032 *
1772 2010 1818 2048 et
1836 2006 1923 2047 Do-

1090 2065 1235 2106 minus
1258 2063 1485 2106 exaudivit
1504 2075 1595 2105 eos.

1366 2118 1566 2161 Psalmus
1586 2120 1652 2160 33.

1175 2177 1403 2220 enedicam
1438 2176 1678 2218 Dominum
1723 2176 1769 2217 in
1809 2175 1927 2218 omni

1189 2236 1410 2287 tempore:
1428 2234 1453 2260 *
1472 2245 1647 2286 semper
1662 2232 1758 2274 laus
1773 2233 1864 2285 ejus
1883 2232 1927 2273 in

1095 2304 1172 2333 ore
1190 2303 1303 2332 meo.

1146 2347 1396 2389 InDemino
1406 2346 1658 2388 laudabitur
1669 2345 1928 2388 animamea:

1094 2405 1118 2431 *
1137 2403 1317 2446 audiant
1334 2403 1562 2453 mansueti,
1582 2407 1626 2444 et
1643 2402 1858 2444 laetentur.

1145 2460 1425 2511 Magnificate
1438 2459 1678 2500 Dominum
1696 2470 1885 2500 mecum:
1904 2458 1928 2483 ’⁸‘

1095 2522 1139 2559 et
1149 2516 1391 2559 exaltemus
1400 2527 1561 2557 nomen
1570 2515 1661 2567 ejus
1670 2515 1715 2556 in
1725 2513 1928 2567 idipsum.

1146 2573 1374 2626 Exquisivi
1383 2572 1632 2621 DOminum,
1648 2576 1693 2613 et
1705 2570 1929 2612 exaudivit

1094 2643 1164 2672 me
1175 2647 1182 2670 :
1192 2631 1216 2656 *
1227 2634 1272 2672 et
1287 2642 1341 2671 ex
1357 2628 1558 2670 omnibus
1573 2627 1927 2670 tribulationibus

1094 2687 1203 2730 meis
1223 2685 1383 2739 eripuit
1401 2697 1483 2727 me.
