2028 2892
690 166 893 202 Dominica
916 167 942 201 Ι.
968 168 1291 211 Quadragesimae.

447 260 659 312 Hymnus.

193 321 268 429 Ο
295 321 363 363 sol
390 321 554 373 salutis,
580 323 741 365 intimis

320 378 426 420 Jesu
453 378 620 430 refulge
646 380 875 430 mentibus,

236 434 353 476 Dum
380 440 511 477 nocte
537 435 666 489 pulsa
691 437 857 488 gratior

238 490 347 533 Orbi
379 490 474 534 dies
501 493 755 535 renascitur.

196 568 316 610 Dans
343 573 518 623 tempus
545 570 827 624 acceptabile,

237 626 318 676 Da,
344 625 622 669 lacrimarum
650 627 800 669 rivulis

236 682 408 725 Lavare
436 682 583 725 cordis
611 684 842 734 victimam,

237 740 378 790 Quam
402 739 506 782 laeta
531 739 689 782 adurat
716 741 885 783 caritas.

188 819 284 868 Quo
310 817 432 860 fonte
458 819 651 861 manavit
677 819 810 870 nefaS,

236 873 396 916 Fluent
422 877 638 928 perennes
665 875 868 927 lacrimae,

234 929 280 971 Si
307 930 431 983 virga
458 932 729 985 poenitentiae

237 985 395 1029 Cordjs
422 988 613 1040 rigorem
640 991 848 1032 conterat.

186 1064 293 1106 Dies
320 1065 449 1115 venit,
479 1063 574 1107 dies
601 1069 687 1116 tua,

236 1121 288 1162 In
318 1134 405 1174 qua
431 1122 639 1164 reflorent
667 1123 828 1164 omnia:

233 1177 454 1220 Laetemur
482 1183 526 1220 et
551 1191 633 1220 nos
661 1179 706 1220 in
733 1179 848 1221 viam

234 1234 331 1276 Tua
357 1234 528 1277 reducti
555 1234 747 1278 dextera.

189 1314 250 1355 Te
276 1325 419 1365 prona
444 1311 596 1355 mundi
621 1313 822 1355 machina

236 1368 439 1411 Clemens
466 1368 622 1420 adoret
647 1370 849 1420 Trinitas,

233 1425 291 1466 Et
317 1437 399 1466 nos
426 1425 529 1467 novi
555 1438 636 1478 per
662 1426 848 1478 gratiam

234 1480 646 1579 Νονιιηλὲειῃὲωιιε
672 1482 898 1524 canticum.

478 1551 543 1580 en.

183 1597 236 1650 V.
258 1602 440 1654 Angelis
467 1603 557 1645 suis
583 1604 705 1645 Deus
731 1602 956 1646 mandavit

131 1657 186 1700 de
204 1663 260 1700 te.
287 1659 338 1712 Rz.
355 1660 416 1702 Ut
430 1659 679 1702 custediant
696 1665 740 1702 te
760 1660 804 1701 in
822 1661 954 1702 omni-

129 1714 212 1756 bus
240 1716 322 1758 viis
349 1717 447 1758 tuis.

187 1783 260 1825 Ad
286 1783 446 1825 Bened.
474 1786 573 1826 Ant.
601 1786 769 1827 Ductus
798 1791 865 1828 est
887 1787 954 1828 Je-

129 1853 204 1882 sus
235 1841 260 1867 ¹⁸¹
286 1842 331 1882 in
368 1840 591 1884 desertum
627 1855 653 1883 a
687 1842 871 1895 Spiritu,
908 1848 955 1885 ut

128 1900 370 1940 tentaretur
394 1911 420 1939 a
443 1897 641 1940 diabolo:
667 1903 711 1940 et
733 1912 832 1940 cum
855 1900 953 1952 jeju-

128 1956 277 1996 nasset
296 1953 584 2008 quadraginta
603 1955 769 2006 diebus,
790 1960 833 1998 et
853 1969 953 2009 qua-

131 2010 331 2062 draginta
349 2011 563 2062 noctibuS‚
582 2014 739 2065 postea
760 2013 920 2054 esuriit.

466 2078 628 2119 Oratio.

218 2159 306 2197 eus,
326 2147 400 2200 qui
413 2148 656 2190 Ecclesiam
674 2152 793 2189 tuam
812 2149 954 2190 annua

233 2202 609 2255 Quadragesimali
647 2204 952 2246 observatione

128 2260 351 2314 purificas:
383 2266 547 2314 praesta
573 2261 747 2303 familiae
774 2266 878 2310 tuae;
904 2266 953 2302 ut

132 2316 252 2370 quod
297 2330 322 2358 a
364 2322 409 2360 te
454 2317 651 2359 obtinere
693 2315 952 2359 abstinendo

129 2374 296 2424 nititur,
329 2374 415 2416 hoc
441 2374 569 2416 bonis
598 2369 806 2427 operibus
834 2386 952 2415 exse-

130 2432 302 2483 quatur.
343 2431 429 2473 Per
454 2431 702 2472 Dominum.

398 2509 466 2546 Ad
488 2509 688 2546 Primam.

180 2563 282 2606 Ant.
328 2567 451 2610 Jesus
487 2573 632 2610 autem
667 2569 692 2595 *
724 2581 822 2610 cum
853 2568 952 2620 jeju-

129 2626 275 2666 nasset
303 2624 590 2677 quadraginta
613 2624 768 2667 diebus
788 2628 831 2665 et
850 2636 951 2675 qua-

130 2678 329 2731 draginta
347 2681 562 2731 noctibus,
581 2683 736 2734 postea
755 2679 913 2722 esuriit.

1069 264 1131 297 Ad
1162 264 1454 299 Absolutionem
1489 266 1672 309 Capituli,
1705 267 1835 301 Lectio

1018 312 1157 345 brevis.
1183 311 1357 352 Quaerite.
1384 317 1423 346 ut
1448 314 1485 347 in
1510 313 1695 349 1’5211t.26.

1069 364 1115 397 Et
1146 364 1285 398 dicitur
1315 364 1350 398 in
1376 365 1482 399 Dom.
1508 371 1543 400 ct
1566 367 1688 400 Feriis
1714 379 1834 410 usquc

1018 413 1067 446 ad
1091 412 1331 446 Dominicam
1356 414 1555 448 Passionis
1580 415 1786 450 exclusive.

1283 475 1350 511 Ad
1373 475 1572 514 Tertiam.

1068 536 1168 575 Ant.
1196 533 1316 573 Tunc
1334 535 1568 587 assumpsit
1586 535 1610 563 *
1627 548 1725 577 eum
1745 536 1830 578 dia-

1011 587 1141 629 bolus
1159 588 1202 628 in
1222 593 1416 630 sanctam
1435 591 1663 643 civitatem,
1687 597 1729 634 et
1747 596 1830 635 sta-

1011 644 1096 685 tuit
1116 657 1215 686 eum
1233 658 1366 698 supra
1382 647 1657 698 pinnaculum
1671 650 1830 701 templi,

1013 705 1056 742 et
1075 699 1183 743 dixit
1209 702 1263 743 ei:
1291 701 1336 743 Si
1361 702 1494 744 Filius
1520 704 1603 746 Dei
1630 718 1686 755 eS‚
1709 706 1830 748 mitte

1010 762 1055 799 te
1083 757 1297 799 deersum.

1067 815 1203 867 Capit.
1232 815 1422 856 Fratres:
1448 815 1695 858 Hortamur.
1720 819 1805 859 138.

1064 877 1113 928 R.
1143 876 1204 917 br.
1249 875 1351 927 Ipse
1385 875 1586 918 liberavit
1616 890 1685 919 me
1714 882 1735 906 *
1763 878 1830 920 De

1010 930 1170 983 laqueo
1195 932 1456 974 venantium.
1487 933 1599 985 Ipse.
1647 930 1694 981 Ns.
1722 935 1778 976 Et
1805 949 1830 977 a

1010 987 1146 1029 verbo
1173 990 1344 1041 aspero.
1379 989 1446 1030 De
1470 989 1640 1042 laqueo.
1684 991 1828 1033 Gloria

1008 1044 1138 1086 Patri.
1164 1045 1278 1098 Ipse.

1063 1098 1114 1149 V.
1130 1102 1329 1155 Scapulis
1344 1101 1433 1143 suis
1448 1101 1727 1145 obumbrabit
1740 1104 1828 1146 tibi.

1011 1161 1063 1212 Rv.
1087 1158 1144 1200 Et
1162 1158 1243 1200 sub
1262 1158 1418 1211 pennis
1439 1159 1529 1211 eius
1549 1160 1755 1212 sperabis.

1284 1231 1352 1267 Ad
1375 1231 1559 1270 Sextam.

1064 1288 1165 1330 Ant.
1209 1288 1307 1330 Non
1339 1289 1382 1329 in
1410 1289 1505 1330 solo
1534 1303 1646 1342 pane
1672 1291 1696 1317 *
1723 1292 1828 1334 vivit

1007 1344 1156 1394 homo,
1189 1344 1269 1387 sed
1300 1345 1343 1385 in
1376 1346 1493 1386 omni
1521 1346 1673 1397 verbo,
1708 1348 1827 1400 quod

1007 1399 1210 1453 procedit
1237 1400 1292 1443 de
1321 1414 1397 1443 ore
1423 1402 1518 1443 Dei.

1114 1462 1371 1514 Capitulum.
1526 1463 1562 1501 2.
1580 1462 1674 1502 Cor.
1691 1463 1726 1502 6.

1005 1516 1163 1622 Ecce
1194 1534 1308 1563 nunc
1339 1526 1513 1575 tempus
1545 1524 1824 1577 acceptabile,

1104 1589 1206 1620 ecce
1224 1591 1338 1619 nunc
1358 1577 1451 1620 dies
1471 1579 1640 1621 salutis:
1667 1582 1825 1622 nemini

1008 1632 1162 1675 dantes
1184 1634 1317 1676 ullam
1342 1635 1635 1687 offensionem,
1663 1642 1711 1679 ut
1739 1651 1824 1679 non

1007 1690 1279 1743 vituperetur
1305 1691 1587 1733 ministerium
1619 1699 1824 1735 nostrum.

1061 1753 1112 1804 R».
1131 1751 1192 1792 br.
1217 1752 1415 1804 Scapulis
1434 1753 1523 1794 suis
1545 1751 1566 1775 *
1587 1754 1824 1796 Obumbra-

1005 1807 1070 1849 bit
1087 1807 1177 1849 tibi.
1199 1808 1408 1861 Scapulis.
1444 1803 1490 1854 V·
1505 1810 1561 1850 Et
1575 1810 1655 1852 sub
1671 1811 1823 1863 pennis

1007 1865 1097 1917 ejus
1116 1864 1324 1917 sperabis.
1349 1866 1648 1908 Obumbrabit.
1677 1867 1823 1908 Gloria

1005 1922 1135 1964 Patri.
1162 1922 1370 1974 Scapulis.

1061 1974 1110 2026 ys.
1134 1978 1267 2020 Scuto
1292 1978 1580 2021 circumdabit
1602 1984 1645 2021 te
1664 1980 1821 2021 veritas

1005 2035 1106 2086 ejus
1168 2037 1217 2088 R.
1248 2035 1350 2077 Non
1388 2035 1560 2077 timebis
1601 2049 1625 2076 a
1667 2036 1821 2077 timore

1004 2095 1231 2133 nocturno.

1281 2161 1348 2197 Ad
1367 2161 1548 2197 Nonam.

1059 2216 1158 2257 Ant.
1203 2217 1432 2258 Dominum
1466 2216 1607 2256 Deum
1641 2220 1762 2256 tuum
1797 2217 1820 2243 *

1004 2272 1225 2323 adorabis,
1253 2278 1296 2315 et
1321 2273 1383 2313 illi
1411 2272 1492 2313 soli
1519 2271 1693 2312 servies.

1085 2336 1339 2388 Capitulum.
1490 2336 1525 2373 2.
1543 2334 1638 2373 Cor.
1653 2334 1690 2373 6.
1706 2332 1743 2374 b.

1092 2403 1111 2440 t
1138 2398 1346 2449 castigati,
1375 2402 1418 2439 et
1442 2408 1531 2437 non
1557 2395 1820 2438 mortificati:

1121 2455 1244 2507 quasi
1279 2454 1442 2502 tristes,
1473 2464 1645 2504 semper
1675 2456 1819 2494 autem

1003 2510 1262 2562 gaudentes:
1290 2511 1399 2551 sicut
1432 2510 1623 2559 egentes,
1657 2508 1818 2550 multos

1003 2572 1151 2609 autem
1208 2566 1541 2619 locupletantes:
1596 2570 1818 2616 tamquam

995 2620 1108 2664 'nihil
1143 2622 1371 2671 habentes,
1415 2627 1458 2662 et
1503 2621 1646 2662 omnia
1682 2621 1817 2673 possi-

1003 2678 1166 2721 dentes.
