2066 2904
455 152 564 185 Dom.
590 150 653 184 III.
680 157 767 192 post
794 147 953 182 Pascha.
994 144 1204 180 patrocinii
1231 144 1265 177 S.
1291 142 1439 185 Joscph
1467 141 1573 175 Cous.

159 249 309 300 regula
330 252 417 298 est,
451 245 586 299 quod,
620 244 988 296 quandocumque

160 305 306 347 divina
328 303 467 356 gratia
491 302 610 354 eligit
630 301 820 354 aliquem
839 299 895 342 ad
915 299 987 340 ali-

161 375 292 414 quam
315 360 499 412 gratiam
524 357 802 409 singularem,
831 369 909 398 seu
933 356 989 398 ad

160 418 350 470 aliquem
376 415 607 458 sublimem
634 419 811 464 statum,
845 413 990 454 emnia

160 475 420 517 charismata
444 472 596 522 donet,
625 484 725 524 quae
749 471 812 512 illi
838 473 989 524 perso-

159 544 228 573 nae
247 531 310 573 sic
329 530 492 580 electae,
512 534 555 571 et
573 530 664 582 ejus
679 528 826 570 officio
840 540 988 569 neces-

160 588 275 629 saria
291 592 407 638 sunt,
426 591 559 639 atque
578 585 697 627 illam
715 585 896 638 copiese
917 584 988 627 de-

160 647 322 687 cerant.
355 643 486 695 Quod
508 643 697 685 maxime
715 642 989 684 verificatum

160 706 227 743 est
246 701 290 742 in
309 706 461 742 8311010
481 701 506 741 J
509 699 663 754 oseph,
688 701 888 753 putativo
914 712 988 751 pa-

158 763 226 800 tre
249 757 426 799 Demini
449 757 590 798 nostri
609 757 634 798 J
636 769 714 798 esu
737 755 917 805 Christi,
946 760 989 796 et

159 827 265 856 vero
285 825 449 867 sponso
470 814 652 864 Reginae
670 811 820 854 mundi
839 817 883 854 et
901 812 988 852 Do-

160 871 290 912 minae
316 869 607 921 Angelerum,
637 870 711 922 qui
739 869 793 911 ab
823 870 988 910 aeterno

159 928 289 969 Patre
318 926 483 968 electus
507 932 575 969 est
603 926 746 968 fidelis
777 925 991 975 nutritius,

161 989 293 1036 atque
316 988 468 1026 custos
490 983 798 1037 principalium
819 982 992 1025 thesau-

161 1042 311 1082 rerum
329 1042 518 1091 suerum,
539 1040 706 1082 scilicet
722 1039 821 1080 Filii
840 1040 930 1091 ejus
950 1044 993 1080 et

163 1110 339 1149 sponsae
359 1110 464 1139 suae:
485 1097 604 1149 quod
624 1096 816 1138 officium
833 1095 992 1137 fidelis-

164 1153 271 1195 sime
285 1156 547 1206 prosecutus
563 1158 640 1195 est.
661 1153 742 1195 Cui
755 1154 994 1206 propterea

162 1210 376 1251 Dominus
396 1210 469 1252 ait:
489 1211 623 1252 Serve
641 1210 758 1252 bone
777 1215 821 1251 01
838 1208 993 1259 fidelis,

162 1266 277 1308 intra
296 1266 340 1307 in
359 1265 568 1317 gaudium
586 1266 764 1308 Domini
782 1266 855 1308 tui.

216 1326 269 1377 Rz.
283 1323 457 1365 Dedisti
473 1323 578 1364 mihi
594 1323 914 1376 protectionem
929 1334 993 1363 83-

164 1380 268 1421 111118
292 1384 397 1430 tuae,
425 1386 469 1422 et
494 1380 676 1422 dextera
700 1385 777 1422 tua
801 1379 995 1431 suscepit

164 1449 249 1477 me:
268 1439 290 1462 *
309 1436 541 1478 Protector
558 1449 693 1487 meus,
712 1442 756 1478 et
775 1449 911 1478 cornu
930 1449 994 1477 sa-

165 1491 268 1534 lutis
286 1506 407 1543 meae,
428 1498 471 1535 et
490 1495 722 1546 susceptor
740 1506 874 1542 meus,
894 1492 993 1534 alle-

165 1549 262 1601 luja.
303 1546 354 1597 V.
379 1550 475 1601 Ego
502 1551 730 1603 protector
757 1556 858 1592 tuus
888 1562 995 1599 sum,

167 1610 210 1647 et
236 1619 405 1648 merces
431 1611 508 1648 tua
533 1619 691 1658 magna
718 1606 855 1647 nimis.
891 1606 994 1647 Pro-

165 1664 307 1705 tector
325 1676 458 1707 meus.

474 1716 626 1757 Lectio
646 1729 682 1754 v.

169 1767 250 1875 Si
276 1778 508 1830 cempares
535 1790 636 1819 eum
663 1776 721 1819 ad
749 1781 890 1818 totam
916 1777 995 1818 Ec-

253 1833 430 1875 clesiam
450 1833 628 1884 Christi,
653 1846 797 1875 nonne
821 1833 903 1875 iste
929 1839 996 1875 est

166 1889 300 1931 homo
311 1890 476 1932 electus
487 1895 531 1932 et
541 1890 755 1943 specialis,
769 1903 850 1942 per
865 1902 997 1942 quem

169 1950 213 1987 et
244 1946 325 1988 sub
359 1958 447 1998 quo
475 1947 674 1989 Christus
702 1952 770 1988 est
795 1945 996 1988 ordinate

170 2006 213 2043 et
226 2001 409 2044 honeste
421 2003 699 2045 introductus
709 2003 753 2044 in
763 2001 996 2044 mundum?

168 2057 214 2099 Si
233 2070 337 2109 ergo
351 2059 522 2110 Virgini
539 2059 669 2102 Matri
687 2064 782 2101 tota
799 2058 998 2100 Ecclesia

170 2119 321 2156 sancta
346 2113 534 2157 debitrix
559 2121 640 2165 est,
669 2115 772 2168 quia
795 2128 876 2168 per
901 2128 998 2156 eam

171 2169 392 2213 Christum
406 2174 629 2225 suscipere
644 2170 775 2222 digna
787 2172 903 2213 facta
917 2176 997 2213 est:

169 2226 232 2268 sic
256 2227 457 2280 profecto
486 2233 590 2280 post
618 2241 714 2270 eam
738 2227 839 2269 huic
864 2227 997 2269 debet

168 2283 353 2334 gratiam
364 2289 408 2326 et
421 2284 710 2326 reverentiam
724 2283 997 2336 singularem.

169 2339 272 2391 Ipse
297 2340 410 2381 enim
435 2344 502 2382 est
525 2340 659 2382 clavis
682 2340 842 2382 veteris
866 2345 997 2382 10813-

170 2396 317 2446 menti,
342 2396 386 2437 in
406 2409 492 2449 qua
510 2396 815 2450 patriarchalis
834 2401 878 2438 et
896 2409 996 2449 pro-

170 2451 358 2503 phetalis
385 2452 574 2504 dignitas
601 2455 868 2506 promissum
897 2465 996 2494 0011-

172 2508 366 2559 sequitur
398 2509 597 2551 fructum.
647 2510 788 2552 Porro
824 2509 896 2551 hic
932 2514 999 2551 est

173 2563 308 2614 801118,
354 2565 428 2618 qui
459 2566 750 2618 corporaliter
779 2564 998 2618 possedit,

174 2618 294 2682 quod
317 2620 379 2662 eis
403 2621 549 2663 divina
573 2621 769 2673 dignatio
788 2623 997 2674 repromi-

173 2679 239 2716 811.
273 2675 430 2720 Merito
455 2678 585 2730 igitur
611 2678 824 2729 figuratur
849 2690 928 2730 per
952 2678 997 2718 11-

1806 140 1870 175 471

1039 242 1130 283 111111
1157 239 1454 294 patriarcham
1480 238 1664 291 Joseph,
1693 237 1767 289 qui
1794 239 1872 290 pe-

1040 298 1156 352 pulis
1175 297 1393 338 frumenta
1412 296 1614 338 servavit.
1642 293 1730 337 Sed
1745 300 1788 336 et
1803 294 1873 335 hic

1040 355 1163 396 illum
1197 353 1428 407 praecellit,
1470 353 1572 405 quia
1607 364 1694 393 non
1730 351 1873 393 solum

1041 411 1262 464 AEgyptiis
1294 423 1455 463 panem
1487 408 1732 462 corporalis
1759 408 1874 457 vitae,

1043 469 1123 511 sed
1169 467 1370 510 Omnibus
1416 466 1568 508 electis
1613 478 1774 518 panem
1819 464 1874 506 de

1043 525 1174 575 coelo,
1203 524 1277 577 qui
1301 523 1529 566 coelestem
1552 522 1688 563 vitam
1711 521 1874 570 tribuit,

1045 596 1144 624 cum
1162 581 1299 623 multa
1318 580 1498 622 solertia
1517 579 1732 621 enutrivit.

1098 639 1147 690 Rg.
1175 638 1348 680 Statuet
1367 637 1482 678 filios
1501 648 1605 678 suos
1625 635 1706 677 sub
1724 634 1874 686 tegmi-

1044 708 1098 737 ne
1116 695 1242 746 illius,
1263 699 1306 736 et
1326 693 1406 735 sub
1428 693 1560 734 ramis
1580 694 1671 745 ejus
1689 691 1875 733 morabi-

1043 757 1129 793 tur:
1154 753 1413 806 protegetur
1438 749 1521 792 sub
1545 750 1736 801 tegmine
1760 748 1875 789 illius

1045 822 1071 850 a
1098 809 1285 851 fervere:
1308 809 1330 832 ’⁶‘
1356 808 1414 849 Et
1440 807 1484 847 in
1516 807 1657 858 gloria
1690 806 1780 857 ejus
1811 818 1875 846 re-

1046 867 1252 918 quiescet,
1273 865 1455 917 alleluja.
1483 860 1532 911 Y.
1551 863 1736 916 Sperate
1752 863 1795 903 in
1811 875 1876 911 eo,

1046 923 1186 965 omnis
1220 921 1504 973 congregatio
1536 920 1708 974 pepuli:
1743 919 1874 961 effun-

1045 979 1134 1021 dite
1154 992 1303 1021 coram
1320 979 1396 1020 illo
1418 977 1553 1020 corda
1571 981 1730 1018 vestra.
1758 977 1824 1018 Et.

1348 1034 1500 1074 Lectio
1521 1034 1573 1072 vi.

1046 1092 1302 1198 Profecto
1344 1090 1635 1134 dubitandum
1671 1103 1759 1132 non
1797 1095 1878 1140 est,
1926 1091 1927 1094 ’

1143 1149 1264 1203 quod
1297 1149 1495 1190 Christus
1529 1147 1878 1197 familiaritatem,
1927 1156 1928 1159 ’

1046 1207 1350 1257 reverentiam,
1370 1210 1503 1257 atque
1525 1205 1880 1246 sublimissimam

1047 1263 1315 1316 dignitatem,
1331 1275 1462 1315 quam
1477 1261 1538 1302 illi
1553 1261 1759 1311 exhibuit,
1775 1260 1880 1302 dum

1048 1323 1198 1372 ageret
1215 1320 1260 1360 in
1278 1319 1495 1369 humanis,
1519 1323 1745 1370 tamquam
1764 1317 1879 1359 filius

1047 1377 1163 1430 patri
1182 1389 1279 1426 suo,
1305 1376 1349 1416 in
1376 1375 1499 1417 coelis
1525 1375 1677 1427 utique
1703 1387 1790 1415 non
1809 1387 1879 1415 ne-

1047 1433 1184 1485 gavit,
1228 1433 1330 1485 quin
1371 1432 1519 1484 petius
1560 1430 1800 1483 complevit
1837 1436 1880 1472 et

1049 1488 1378 1532 consummavit.
1406 1487 1542 1530 Unde·
1555 1500 1643 1529 non
1661 1487 1879 1529 immerito

1047 1547 1091 1587 in
1110 1545 1248 1587 verbo
1267 1545 1501 1598 propesito
1525 1557 1551 1585 a
1569 1544 1759 1586 Demino
1781 1544 1879 1585 sub-

1047 1603 1245 1644 infertur:
1270 1603 1390 1644 Intra
1415 1602 1458 1642 in
1477 1601 1685 1653 gaudium
1704 1601 1881 1642 Demini

1048 1660 1122 1701 tui.
1163 1658 1309 1709 Unde,
1336 1658 1439 1700 licet
1466 1657 1674 1709 gaudium
1702 1659 1881 1699 aeternae

1048 1715 1334 1758 beatitudinis
1359 1715 1402 1755 in
1428 1728 1505 1757 cor
1528 1714 1716 1756 hominis
1738 1715 1881 1764 intret,

1048 1773 1202 1814 maluit
1230 1778 1376 1814 tamen
1403 1771 1634 1818 Dominus
1652 1772 1690 1813 ei
1721 1770 1882 1813 dicere:

1049 1830 1170 1872 Intra
1201 1829 1245 1870 in
1277 1828 1501 1880 gaudium:
1534 1834 1582 1870 ut
1608 1828 1792 1881 mystice
1821 1828 1880 1868 in-

1049 1889 1225 1935 nuatur,
1263 1885 1384 1938 quod
1415 1885 1624 1938 gaudium
1655 1885 1763 1926 illud
1794 1897 1882 1926 non

1050 1943 1194 1985 solum
1210 1943 1255 1983 in
1276 1956 1328 1984 eo
1350 1943 1406 1985 sit
1427 1943 1557 1992 intra,
1583 1941 1662 1984 sed
1687 1940 1882 1992 undique

1049 1999 1172 2041 illum
1191 1999 1468 2042 circumdans
1488 2004 1531 2041 et
1550 1998 1810 2047 abserbens,
1839 2003 1882 2039 01

1051 2056 1196 2109 ipsum
1222 2057 1342 2099 velut
1371 2056 1556 2109 abyssus
1589 2055 1757 2096 infinita
1783 2054 1882 2095 sub—

1050 2115 1263 2165 mergens.
1308 2113 1530 2155 Memento
1566 2112 1697 2163 igitur
1732 2110 1882 2160 nostri,

1050 2169 1180 2211 beate
1195 2170 1220 2211 J
1223 2169 1375 2223 oseph,
1395 2174 1441 2211 et
1459 2174 1547 2211 tuae
1568 2167 1778 2210 oratienis
1798 2167 1881 2208 suf-

1050 2225 1190 2277 fragio
1205 2225 1324 2279 apud
1336 2231 1461 2268 tuum
1470 2227 1714 2278 putativum
1725 2223 1883 2264 Filium

1050 2282 1286 2324 intercede:
1305 2282 1386 2324 sed
1408 2287 1452 2324 et
1470 2280 1768 2323 beatissimam
1785 2280 1881 2322 Vir-

1051 2339 1196 2389 ginem
1220 2352 1430 2392 sponsam
1448 2343 1569 2380 tuam
1588 2337 1717 2378 nobis
1736 2339 1883 2390 propi-

1050 2395 1157 2436 tiam
1188 2394 1342 2446 redde,
1378 2407 1476 2447 quae
1510 2394 1651 2435 Mater
1683 2399 1751 2435 081
1782 2394 1883 2445 ejus,

1053 2452 1128 2503 qui
1159 2465 1259 2494 cum
1289 2453 1419 2493 Patre
1452 2456 1496 2492 et
1526 2450 1692 2502 Spiritu
1729 2455 1882 2491 sancto

1051 2508 1158 2550 vivit
1184 2514 1227 2551 et
1252 2513 1406 2559 regnat
1430 2519 1510 2560 per
1533 2506 1701 2549 infinita
1719 2506 1881 2548 saecula

1052 2565 1326 2607 saeculorum.
1362 2565 1514 2605 Amen.

1103 2625 1154 2675 R.
1190 2622 1236 2663 Si
1270 2623 1512 2663 consistant
1543 2618 1779 2662 adversum
1811 2633 1882 2662 me

1052 2683 1206 2728 castra,
1226 2691 1315 2720 non
1331 2677 1502 2719 timebit
1522 2688 1598 2718 cor
1616 2691 1776 2719 meum:
1790 2674 1813 2697 *
1837 2677 1883 2718 Si
