2066 2956
560 208 631 242 Die
659 209 706 242 12.
732 208 888 251 Aprilis.
935 209 969 242 S.
995 208 1089 242 Julii
1115 208 1138 241 I.
1164 207 1281 250 l’apae
1306 212 1341 241 ct
1364 206 1470 241 Conf.

170 311 214 348 et
236 306 352 348 filius
374 305 614 358 iniquitatis
637 318 725 347 non
747 305 923 347 nocebit
942 306 992 347 ei.

169 363 322 405 Manus
342 362 467 404 enim.

480 418 630 458 Lectio
652 431 687 456 v.

245 488 318 517 um
350 479 496 516 autern
523 474 756 516 Nestorius
784 475 993 516 Constan-

270 532 586 585 tinopolitanus
628 533 880 584 episeopus,
920 545 994 573 no-

168 603 271 631 vum
302 588 513 630 Ecclesiae
543 587 769 629 moliretur
802 590 998 630 errorem·

169 644 393 694 inducere,
421 643 668 697 praedicans
696 643 914 685 Christum
940 656 995 685 ex

168 702 306 743 Maria
324 700 545 742 heminem
562 705 742 749 tantum,
762 713 849 742 non
865 701 994 742 etiam

169 758 313 800 Deum
348 762 513 807 natum,
559 759 686 808 eique
724 757 994 798 divinitatem

170 814 375 856 collatam
394 826 492 855 esse
510 821 592 866 pro
610 813 790 863 meritis3
810 814 901 865 ejus
920 813 994 853 im-

169 870 323 924 pietati
349 883 427 911 sua
447 869 710 911 Coelestinus
735 869 995 911 auctoritate

171 927 328 969 acriter
355 926 627 979 repugnavit.
672 926 815 976 Quare
844 931 994 967 sancto

172 983 334 1037 Cyrillo
355 985 566 1036 episcopo
583 981 878 1024 Alexandrino
894 995 995 1023 suas

170 1039 288 1081 vices
304 1038 535 1089 delegavit,
554 1043 612 1088 ut,
632 1038 715 1078 nisi
736 1037 889 1079 decem
908 1037 994 1079 die-

170 1109 267 1137 rum
280 1095 510 1137 intervallo
524 1095 756 1137 Nesterius
771 1095 995 1147 resipisce—

170 1157 248 1202 ret,
266 1152 311 1193 in
329 1151 451 1193 illum
470 1151 730 1193 sententiam
747 1150 890 1192 ferret.
910 1151 995 1192 Ve-

170 1221 266 1250 rum
290 1221 388 1250 cum
405 1208 638 1250 Nesterius
661 1207 706 1249 id
730 1207 996 1260 pertinacius

171 1267 436 1314 recusasset,
486 1266 713 1316 magisque
759 1265 997 1305 crevissent

172 1321 466 1364 dissensienes
511 1333 563 1362 ac
608 1320 834 1369 tumultuS,
879 1319 996 1372 apud

171 1378 396 1432 Ephesum
432 1378 562 1419 tertia
598 1377 868 1419 oecumenica
900 1379 995 1428 syn·

171 1435 283 1477 odus
315 1439 382 1476 est
407 1436 689 1486 congregata,
717 1434 761 1474 in
791 1445 876 1484 qua
901 1433 994 1474 Coe-

170 1491 352 1533 lestinus
371 1503 450 1544 per
469 1503 573 1532 suos
588 1490 756 1542 legatos
772 1488 996 1542 praesedit:

173 1547 329 1601 quibus
364 1560 446 1593 suo
482 1547 815 1589 commonitorio
845 1559 922 1588 eos
950 1546 994 1586 li-

170 1604 300 1646 mites
317 1604 606 1657 praescripsit,
624 1609 673 1645 ut
692 1603 746 1645 de
766 1603 995 1656 episcope-

171 1674 268 1702 rum
302 1660 530 1703 sententiis
567 1659 823 1712 judicarent,
860 1661 995 1702 certa-

170 1729 271 1760 men
302 1730 391 1759 non
424 1716 630 1759 subirent.
683 1717 838 1768 Itaque
869 1716 913 1757 in
945 1729 995 1757 ea

171 1772 341 1826 synodo
360 1773 593 1815 Nesterius
619 1786 718 1815 cum
741 1773 898 1815 haeresi
921 1774 995 1813 ne-

170 1830 297 1872 minis
312 1830 389 1880 sui,
409 1834 453 1872 et
467 1842 566 1871 cum
580 1830 727 1872 multis
740 1829 996 1880 Pelagianis,

173 1887 247 1938 qui
278 1888 513 1938 cognatum
548 1886 684 1928 errori
723 1898 801 1927 suo
839 1884 996 1936 dogma

172 1942 392 1994 iuvabant,
412 1942 643 1984 damnatus
663 1948 740 1984 est.

226 2003 277 2053 R».
305 1999 440 2040 Pesui
471 1999 733 2051 adjuterium
761 2011 892 2051 super
919 2010 996 2050 po-

171 2057 346 2105 tentem,
366 2060 410 2097 et
429 2055 617 2097 exaltavi
635 2055 818 2097 electum
838 2055 892 2096 de
907 2054 996 2107 ple-

172 2111 229 2154 be
253 2125 367 2154 mea:
394 2114 416 2137 *
438 2112 594 2153 Manus
621 2112 735 2154 enim
759 2124 857 2153 mea
881 2111 996 2152 auxi-

173 2168 349 2210 liabitur
364 2169 414 2211 ei.
440 2163 488 2215 V.
506 2169 658 2210 Inveni
668 2168 811 2210 David
825 2180 997 2209 servum

173 2238 334 2275 meum,
359 2226 458 2268 oleo
478 2230 629 2268 sancto
647 2237 747 2267 meo
766 2224 870 2266 unxi
888 2237 997 2265 eum.

174 2282 328 2324 Manus
348 2283 473 2324 enim.

476 2338 627 2379 Lectio
650 2338 698 2376 vi.

260 2408 307 2437 er
326 2408 427 2437 suas
446 2395 614 2436 litteras
633 2396 784 2436 eerum
799 2391 998 2435 sacerde-

287 2457 379 2494 tum
416 2451 770 2504 superstitienem
803 2449 997 2490 Coelesti-

175 2523 256 2551 nus
284 2508 525 2559 redarguit,
553 2508 626 2560 qui
651 2506 789 2548 veteri
817 2505 998 2547 dimisso

176 2566 344 2615 habitu,
378 2565 524 2606 amicti
555 2563 707 2616 pallio,
739 2561 999 2613 lumbesque

176 2622 412 2675 praecincti,
430 2622 475 2662 in
489 2619 673 2662 ecclesia
687 2617 1000 2659 ministrabant.

178 2677 303 2719 Cavit
329 2679 559 2730 praeterea,
591 2688 644 2716 ne
676 2674 751 2716 ulli
783 2674 827 2714 in
858 2678 1000 2714 morte

178 2733 329 2775 ultima
347 2735 578 2785 negaretur
596 2730 865 2784 poenitentia3
890 2741 1000 2770 neve

1803 204 1868 238 23*

1045 318 1100 346 ex
1121 304 1243 346 laicis
1263 304 1333 345 vel
1358 303 1600 345 criminosis
1624 301 1680 343 ad
1702 302 1867 355 episco-

1043 363 1195 414 patum
1210 360 1343 412 aliqui
1356 361 1732 412 promoverentur:
1748 359 1867 399 item-

1046 430 1131 470 que
1168 430 1222 458 ne
1254 415 1620 468 Metropolitanus
1656 415 1700 455 in
1730 414 1869 455 aliena

1044 473 1270 526 provincia
1299 470 1464 524 aliquid
1491 474 1796 524 praesumeret,
1826 474 1869 512 et

1046 543 1100 572 ne
1120 530 1163 571 in
1188 528 1386 571 creandis
1413 528 1649 580 episcopis,
1675 527 1869 568 extranei

1047 586 1239 628 emeritis
1280 585 1324 626 in
1366 598 1444 625 sua
1481 584 1664 625 ecclesia
1702 582 1869 624 clericis

1046 643 1416 696 praeponerentur.
1452 640 1661 689 Instituit,
1685 645 1732 680 ut
1752 652 1805 680 ex
1825 641 1868 680 ό-

1046 698 1218 741 mnibus
1239 703 1412 739 centum
1429 698 1739 749 quinquaginta
1752 695 1868 736 Psal-

1046 756 1139 805 mis,
1159 759 1258 796 ante
1278 754 1536 795 sacrificium
1553 752 1869 805 antiphonatim

1046 811 1317 864 psalleretur.
1370 809 1602 851 Dedicavit
1646 808 1870 850 basilicam

1047 869 1072 908 J
1074 868 1216 917 uliam,
1234 866 1550 919 propriamque
1570 878 1694 906 suum
1715 877 1869 906 coeme-

1047 924 1204 966 terium
1239 922 1420 975 picturis
1457 920 1697 970 decoravit,
1733 921 1868 961 varia-

1050 993 1134 1032 que
1153 978 1210 1021 ad
1229 978 1426 1020 ecclesiae
1446 980 1646 1019 ornatum
1667 977 1781 1018 dona
1796 976 1869 1017 eb-

1047 1036 1157 1078 tulit.
1195 1036 1278 1086 Qui
1306 1048 1403 1076 cum
1428 1034 1567 1076 tribus
1593 1032 1870 1074 ordinatiom-

1048 1093 1130 1134 bus
1144 1104 1292 1133 mense
1303 1089 1536 1132 Decembri
1554 1091 1745 1131 creasset
1760 1101 1871 1141 pres-

1047 1148 1226 1201 byteros
1263 1148 1440 1198 triginta
1481 1145 1608 1196 duos,
1661 1145 1870 1186 diaconos

1050 1204 1299 1254 duedecim,
1327 1206 1563 1256 episcopos
1590 1205 1670 1254 per
1699 1201 1870 1242 diversa

1048 1262 1147 1303 loca
1172 1260 1457 1313 quadraginta
1484 1272 1577 1307 seX,
1606 1258 1871 1299 obdormivit

1049 1319 1093 1358 in
1109 1317 1299 1358 Domino
1320 1318 1476 1358 octavo
1491 1315 1596 1356 Idus
1611 1314 1786 1367 Aprilis,
1808 1327 1870 1355 se-

1048 1374 1286 1427 pultusque
1324 1378 1390 1415 est
1424 1373 1467 1413 in
1499 1372 1750 1413 coemeterio
1782 1371 1871 1411 Pri-

1050 1431 1184 1473 scillae
1216 1430 1287 1471 via
1319 1429 1503 1478 Salaria,
1544 1428 1796 1469 Theodesio
1829 1432 1872 1469 et

1048 1486 1355 1529 Valentiniano
1381 1484 1706 1537 imperantibus.
1750 1483 1871 1524 Sedit

1049 1556 1187 1585 annos
1203 1548 1315 1592 octo,
1330 1554 1501 1583 menses
1517 1541 1706 1593 quinque
1721 1545 1763 1581 et
1778 1539 1871 1581 dies

1048 1605 1149 1642 tres.
1204 1601 1254 1640 R.
1282 1600 1372 1640 Iste
1392 1603 1458 1640 est
1479 1597 1562 1649 qui.

1103 1662 1147 1696 In
1171 1660 1233 1695 III.
1259 1659 1457 1694 Nocturno
1491 1656 1630 1690 Homil.
1661 1656 1697 1689 in
1727 1655 1869 1697 Evang.

1049 1710 1176 1744 Homo
1213 1709 1382 1753 peregre.
1420 1705 1467 1739 de
1505 1704 1639 1738 eodem
1669 1703 1870 1756 Communi

1051 1759 1079 1822 ’1.
1101 1758 1364 1849 ἰξαόιιιιᾶηιξζ.
1397 1804 1526 1838 Lectio
1558 1804 1605 1837 ix.
1640 1803 1686 1837 dc
1716 1803 1869 1839 Nomii,

1052 1863 1087 1893 et
1112 1866 1305 1892 commem.
1331 1853 1453 1887 Feriae
1479 1852 1515 1885 in
1541 1851 1658 1884 Laud.

1284 1937 1367 1978 Die
1386 1937 1442 1977 12.
1462 1934 1637 1988 Aprilis.

1152 2007 1194 2048 S.
1219 2004 1343 2047 Julii
1365 2005 1401 2045 1.
1426 2003 1559 2053 Papae
1585 2005 1627 2041 et
1653 1998 1771 2040 Conf.

1381 2067 1543 2110 Duplex.

1103 2126 1238 2161 Omnia
1276 2125 1322 2159 de
1352 2122 1554 2167 Communi
1585 2120 1692 2156 Conf.
1720 2117 1869 2156 Pontif„

1050 2179 1192 2219 praeter
1216 2172 1425 2216 sequentia

1105 2222 1247 2257 Oratio.
1271 2221 1340 2264 Da,
1365 2220 1596 2264 quaesumus.

1104 2271 1146 2305 In
1171 2270 1197 2304 Ι.
1222 2270 1331 2303 Noct.
1361 2268 1402 2301 In
1426 2261 1871 2307 Quad1·ag.Lect.Fid<÷-

1052 2320 1101 2355 lis
1126 2328 1261 2354 sermo.
1286 2316 1332 2349 de
1358 2314 1491 2348 codem
1517 2312 1659 2347 Comm.
1688 2311 1713 2343 1.
1738 2310 1834 2344 loco.

1104 2367 1197 2401 Post
1208 2364 1357 2399 Pascha
1371 2362 1416 2396 de
1430 2362 1497 2396 Sci
1500 2361 1626 2404 iptura
1639 2368 1753 2392 occur
1755 2360 1869 2391 rente.

1280 2430 1329 2468 In
1350 2428 1401 2467 11.
1424 2426 1644 2466 Nocturno.

1352 2487 1530 2529 Lectio·
1520 2501 1571 2527 iv.

1062 2568 1098 2617 3222..ss
1133 2573 1154 2602 ε
1166 2556 1278 2597 ulius
1301 2555 1528 2595 Romanus
1550 2549 1720 2591 Rustici
1747 2549 1872 2598 filius,

1060 2610 1148 2671 ¹533
1125 2594 1150 2645 ’ἐ
1182 2616 1284 2664 post
1302 2610 1480 2652 beatum
1490 2608 1685 2649 Marcum
1699 2605 1756 2647 ad
1770 2618 1874 2646 sum-

1066 2675 1079 2687 *
1118 2664 1157 2691 '³‘
1183 2680 1301 2708 mum
1343 2665 1646 2719 pontificatum
1688 2664 1873 2710 evectus,

1054 2727 1154 2768 vitae
1182 2723 1412 2765 sanctitate
1440 2726 1483 2764 et
1511 2718 1656 2762 studio
1682 2718 1871 2759 asseren-
