2028 2892
723 197 921 230 Domiuica
950 196 1009 228 111.
1037 194 1360 235 Quadragcsimae.

407 296 681 346 Dominica
708 295 798 344 III.

309 373 357 410 in
399 369 891 419 Quadragesima.

349 440 436 481 Ad
467 438 850 480 matutinum.

245 502 410 542 invitat.
445 500 543 540 Non
560 496 617 537 sit
636 495 772 537 vobis.
791 496 827 536 2.

245 561 308 599 I's.
338 557 502 603 Venite,
522 553 798 595 exsultemus
817 553 853 593 2.

245 617 452 667 Hymnus.
486 614 549 652 Ex
568 622 689 651 more
709 608 839 650 docti.
857 609 893 649 2.

423 686 471 723 In
499 686 526 723 I.
557 684 776 722 Nocturno.

394 747 455 784 l)e
483 740 594 782 libro
625 740 818 782 Genesis.

296 807 444 846 Lectio
467 806 489 845 i.
728 803 828 854 Cap.
848 803 910 842 37.

213 888 229 901 ι,
270 878 293 909 ..z
307 859 442 912 oseph
462 871 559 900 cum
578 856 798 898 sexdecim
813 861 929 898 esset
944 870 1014 898 an—

201 961 205 972 k
220 912 235 971 j
266 916 301 964 ἲς
320 919 485 965 nerum,
502 914 712 968 pascebat
726 926 903 964 gregem
918 926 1015 955 eum

206 974 219 988 *
260 967 298 987 ’ὲ
321 972 525 1014 fratribus
550 971 638 1012 suis
663 970 805 1012 adhuc
823 983 946 1022 puer:
974 975 1017 1011 et

197 1035 289 1072 erat
325 1043 422 1071 cum
465 1028 564 1069 filiis
600 1027 720 1068 Balae
758 1031 801 1068 et
837 1026 1016 1080 Zelphae

195 1089 379 1128 uxerum
411 1085 549 1139 patris
582 1084 666 1134 sui,
709 1086 1016 1136 accusavitque

196 1144 350 1184 fratres
377 1155 478 1183 suos
505 1140 623 1194 apud
646 1145 816 1193 patrem
840 1140 1017 1181 crimine

196 1199 397 1252 pessimo.
454 1197 591 1239 Israel
628 1202 773 1238 autem
809 1196 1018 1248 diligebat

195 1256 218 1296 J
222 1255 359 1308 oseph
379 1267 510 1307 super
529 1266 680 1295 omnes
700 1253 813 1295 filios
830 1266 943 1302 suos,
963 1266 1016 1295 eo

198 1311 316 1364 quod
341 1312 383 1352 in
410 1314 634 1353 senectute
659 1312 879 1361 genuisset
904 1323 1018 1351 eum:

198 1369 385 1420 fecitque
401 1368 440 1409 ei
454 1367 645 1409 tunicam
660 1366 926 1419 polymitam.
944 1366 1017 1407 Vi-

199 1425 350 1466 dentes
378 1429 523 1465 autem
550 1423 706 1465 fratres
735 1424 824 1475 ejus
851 1422 970 1475 quod
993 1436 1018 1464 a

197 1486 322 1534 patre
344 1480 442 1533 plus
468 1480 634 1521 cunctis
663 1479 763 1520 filiis
788 1481 1016 1529 amaretur,

199 1537 382 1579 oderant
401 1550 510 1586 eum,
528 1549 609 1578 nec
623 1538 830 1589 poterant
842 1536 881 1577 ei
897 1535 1017 1588 quid-

201 1607 329 1646 quam
348 1593 528 1647 pacifice
548 1593 679 1646 loqui.
712 1592 887 1635 Accidit
912 1606 1015 1645 quo-

201 1663 302 1702 que,
334 1656 382 1691 ut
416 1650 556 1691 visum
589 1650 803 1691 somnium
836 1650 1018 1691 referret

117 1756 122 1761 ι
201 1706 406 1748 fratribus
433 1706 535 1747 suis:
568 1719 666 1758 quae
690 1718 821 1747 causa
843 1707 1019 1758 majeris

202 1762 289 1804 odii
310 1763 588 1804 seminarium
607 1763 695 1803 fuit.
731 1763 939 1815 Dixitque
962 1763 1019 1805 ad

201 1832 290 1860 eos:
318 1818 478 1860 Audite
502 1819 717 1860 somnium
735 1832 878 1861 meum
899 1819 1018 1872 quod

200 1875 304 1917 vidi:
327 1875 541 1917 Putabam
565 1888 646 1917 nos
669 1875 804 1927 ligare
826 1879 1018 1929 manipu-

200 1932 268 1973 los
299 1932 342 1972 in
373 1945 494 1983 agro:
526 1937 569 1973 et
603 1933 725 1985 quasi
758 1937 1020 1985 consurgere

201 1988 467 2042 manipulum
501 2001 662 2038 meum,
700 1994 743 2031 et
779 1994 911 2040 stare,
947 2003 1017 2031 ve-

202 2047 403 2097 strasque
420 2045 665 2097 manipulos
690 2046 1019 2088 circumstantes

202 2101 388 2143 adorare
427 2101 695 2154 manipulum
731 2115 885 2143 meum.
939 2104 1021 2144 Re—

202 2157 472 2211 sponderunt
492 2158 647 2199 fratres
671 2159 775 2210 ejus:
799 2159 1022 2212 Numquid

203 2227 278 2256 rex
311 2219 460 2256 noster
491 2212 599 2256 eris?
642 2219 716 2255 aut
747 2214 1022 2266 subjiciemur

204 2271 358 2313 ditioni
385 2270 495 2312 tuae?
531 2271 640 2312 Haec
668 2283 771 2321 ergo
801 2283 930 2313 causa
955 2284 1021 2313 so-

204 2328 418 2369 mnierum
451 2332 583 2380 atque
615 2329 880 2377 sermonum,
920 2328 1023 2369 invi-

206 2383 289 2425 diae
327 2389 369 2425 et
402 2384 489 2425 edii
523 2384 718 2425 femitem
753 2384 1023 2426 ministravit.

204 2440 337 2481 Aliud
353 2453 527 2493 quoque
540 2440 649 2481 vidit
664 2440 890 2489 s6mnium,
907 2441 1025 2492 quod

206 2509 384 2538 narrans
404 2497 624 2546 fratribus,
645 2497 720 2538 ait:
739 2496 842 2538 Vidi
860 2509 940 2549 per
959 2499 1024 2538 so—

205 2553 383 2603 mnium,
413 2554 535 2605 quasi
553 2553 708 2602 solem,
738 2558 780 2594 et
796 2553 957 2602 lunam,
983 2559 1026 2595 et

206 2609 353 2650 stellas
373 2608 573 2650 undecim
594 2609 778 2651 adorare
794 2622 874 2650 me.
897 2609 1025 2660 Quod

207 2678 305 2705 cum
323 2665 436 2717 patri
456 2678 550 2714 suo,
572 2671 615 2707 et
635 2666 839 2707 fratribus
859 2666 1024 2707 retulis-

208 2726 288 2770 set,
316 2721 556 2773 increpavit
581 2735 680 2764 eum
705 2728 830 2775 pater
855 2736 958 2763 suus
983 2728 1026 2764 et

1065 287 1190 329 dixit:
1214 286 1332 337 Quid
1355 285 1438 328 sibi
1456 285 1549 327 vult
1567 285 1652 326 hoc
1673 283 1891 326 somnium

1066 343 1186 397 quod
1211 342 1383 385 vidisti?
1423 356 1527 384 num
1551 353 1652 392 eg0‚
1684 346 1728 382 et
1750 345 1892 383 mater

1064 406 1154 450 tua,
1187 405 1231 442 et
1262 400 1417 441 fratres
1448 399 1512 441 tui
1539 397 1821 440 adorabimus
1846 402 1891 439 te

1066 470 1198 510 super
1215 456 1401 498 terram?

1121 530 1170 569 R·.
1193 522 1408 564 Videntes
1427 522 1451 562 J
1454 519 1595 573 oseph
1615 532 1641 560 a
1662 518 1809 571 longe,
1831 519 1892 562 lo-

1067 571 1312 632 quebantur
1326 581 1480 619 mutuo
1495 577 1663 627 fratres,
1682 575 1893 618 dicentes:

1066 636 1181 678 Ecce
1220 636 1463 677 somniator
1494 633 1628 675 venit:
1660 637 1684 661 ²⁸¹
1721 633 1893 683 Venite,

1068 692 1320 735 occidamus
1357 705 1474 741 eum,
1514 695 1559 732 et
1593 689 1822 731 videamus
1857 689 1894 731 si

1067 750 1236 803 prosint
1254 749 1316 790 illi
1335 748 1503 790 somnia
1523 759 1612 788 sua.
1632 743 1682 795 V.
1697 746 1894 799 Cumque

1068 806 1280 848 vidissent
1298 806 1323 846 J
1326 805 1465 858 oseph
1485 804 1642 845 fratres
1662 803 1746 854 sui,
1774 801 1894 856 quod

1069 876 1094 904 a
1112 868 1237 916 patre
1256 862 1425 904 cunctis
1444 860 1651 902 fratribus
1666 859 1765 913 plus
1779 872 1894 901 ama-

1068 921 1204 970 retur,
1233 919 1418 961 oderant
1443 931 1559 968 eum,
1585 929 1667 959 nec
1691 918 1895 969 peterant

1069 977 1107 1018 ei
1137 976 1375 1028 quidquam
1402 974 1587 1028 pacifice
1613 973 1750 1026 loqui,
1777 972 1894 1015 unde

1070 1038 1113 1075 et
1133 1033 1347 1075 dicebant.
1375 1033 1545 1075 Venite.

1380 1129 1530 1170 Lectio
1549 1129 1588 1169 ii.

1071 1192 1356 1298 Invidebant
1392 1195 1432 1236 ei
1467 1195 1598 1246 igitur
1627 1195 1784 1237 fratres
1816 1195 1896 1237 sui:

1130 1258 1257 1306 pater
1276 1264 1381 1293 vero
1401 1264 1494 1293 rem
1517 1252 1678 1294 tacitus
1700 1251 1896 1294 conside-

1070 1309 1207 1351 rabat.
1235 1308 1432 1361 Cumque
1451 1308 1608 1350 fratres
1626 1308 1742 1350 illius
1761 1309 1806 1350 in
1822 1322 1896 1362 pa-

1072 1365 1244 1408 scendis
1276 1365 1481 1417 gregibus
1512 1365 1650 1419 patris
1677 1367 1897 1408 moraren-

1070 1428 1140 1465 tur
1159 1423 1204 1463 in
1219 1422 1402 1472 sichem,
1423 1421 1532 1464 dixit
1550 1421 1607 1464 ad
1627 1435 1726 1464 eum
1745 1421 1898 1464 Israel:

1071 1480 1247 1521 Fratres
1270 1479 1334 1520 tui
1358 1483 1545 1532 pascunt
1570 1491 1678 1521 oves
1700 1479 1744 1520 in
1763 1478 1898 1521 Sichi-

1070 1537 1168 1578 mis:
1194 1536 1308 1586 veni,
1336 1536 1507 1577 mittam
1529 1540 1574 1577 te
1598 1535 1655 1578 ad
1674 1548 1763 1578 eos.
1800 1535 1898 1586 Quo

1072 1592 1382 1646 respondente:
1413 1592 1584 1634 Praesto
1611 1605 1724 1643 sum3
1755 1592 1815 1635 ait
1843 1592 1899 1635 ei:
1946 1590 1951 1597 ⁴

1073 1649 1216 1699 Vade,
1245 1654 1288 1691 et
1313 1648 1414 1690 vide
1439 1648 1476 1689 si
1501 1653 1660 1690 cuncta
1683 1651 1898 1702 prospera

1074 1707 1160 1748 sint
1189 1718 1292 1758 erga
1318 1705 1476 1746 fratres
1503 1709 1621 1755 tuos,
1654 1709 1699 1747 et
1721 1706 1899 1758 pecora:

1074 1768 1118 1805 et
1136 1762 1337 1805 renuntia
1355 1761 1459 1803 mihi
1480 1761 1585 1814 quid
1606 1763 1771 1813 agatur.
1797 1762 1899 1804 Mis·

1074 1833 1147 1862 sus
1173 1819 1229 1862 de
1247 1819 1375 1861 Valle
1397 1818 1598 1869 Hebron,
1625 1818 1745 1860 venit
1770 1819 1815 1860 in
1836 1818 1899 1860 Si-

1074 1877 1214 1918 chem:
1245 1876 1497 1928 invenitque
1530 1888 1629 1917 eum
1656 1875 1721 1916 vir
1755 1877 1899 1918 erran-

1073 1938 1163 1976 tem
1190 1933 1234 1974 in
1261 1945 1387 1984 agro,
1415 1937 1459 1974 et
1483 1931 1771 1984 interrogavit
1795 1931 1900 1985 quid

1077 1993 1303 2044 quaereret.
1338 1989 1399 2032 At
1425 1989 1497 2031 ille
1525 1988 1768 2042 respondit:
1798 1988 1899 2030 Fra-

1075 2052 1165 2089 tres
1184 2060 1308 2089 meos
1328 2059 1499 2100 quaero,
1526 2045 1671 2088 indica
1694 2045 1800 2087 mihi
1825 2045 1901 2088 ubi

1074 2109 1257 2157 pascant
1288 2116 1454 2156 greges.
1503 2103 1715 2156 Dixitque
1749 2102 1789 2144 ei
1819 2103 1901 2144 vir:

1075 2161 1371 2202 Recesserunt
1403 2160 1458 2202 de
1489 2159 1589 2201 loco
1621 2159 1723 2201 isto:
1755 2158 1901 2201 audivi

1076 2222 1221 2259 autem
1241 2229 1317 2258 eos
1336 2216 1548 2258 dicentes:
1567 2216 1733 2258 Eamus
1750 2215 1795 2256 in
1813 2215 1901 2257 Do-

1077 2274 1209 2315 tha‘i'n.
1245 2274 1444 2315 Perrexit
1471 2285 1576 2324 ergo
1604 2272 1770 2326 Joseph
1798 2277 1902 2325 post

1078 2330 1234 2371 fratres
1252 2342 1372 2379 suos,
1401 2335 1445 2371 et
1467 2329 1631 2371 invenit
1657 2342 1732 2371 eos
1751 2329 1795 2370 in
1814 2329 1901 2370 Do-

1077 2386 1209 2427 tha‘in.
1237 2386 1321 2436 Qui
1339 2399 1438 2427 cum
1456 2385 1668 2428 vidissent
1687 2398 1786 2427 eum
1803 2397 1901 2438 pro-

1079 2442 1167 2492 cul,
1200 2444 1433 2494 antequam
1465 2442 1696 2484 accederet
1727 2441 1785 2483 ad
1816 2453 1902 2491 eos,

1079 2499 1380 2550 cogitaverunt
1422 2499 1545 2540 illum
1587 2498 1808 2540 occidere:
1859 2503 1903 2539 et

1079 2559 1230 2596 mutuo
1248 2554 1556 2607 loquebantur:
1583 2556 1699 2597 Ecce
1717 2554 1902 2596 somnia-

1079 2616 1149 2652 tor
1167 2611 1299 2653 venit:
1326 2614 1486 2662 venite,
1515 2611 1766 2654 occidamus
1793 2623 1903 2660 eum,

1080 2673 1123 2708 et
1142 2668 1365 2709 mittamus
1385 2668 1427 2708 in
1448 2668 1681 2709 cisternam
1694 2669 1903 2709 veterem:

1080 2723 1377 2776 dicemusque:
1407 2724 1519 2766 Fera
1547 2725 1738 2777 pessima
1769 2723 1900 2766 devo-
