<?xml version="1.0" encoding="UTF-8"?>
<!DOCTYPE html PUBLIC "-//W3C//DTD XHTML 1.0 Transitional//EN"
    "http://www.w3.org/TR/xhtml1/DTD/xhtml1-transitional.dtd">
<html xmlns="http://www.w3.org/1999/xhtml" xml:lang="en" lang="en">
 <head>
  <title>
</title>
<meta http-equiv="Content-Type" content="text/html;charset=utf-8" />
  <meta name='ocr-system' content='tesseract 3.04.00' />
  <meta name='ocr-capabilities' content='ocr_page ocr_carea ocr_par ocr_line ocrx_word'/>
</head>
<body>
  <div class='ocr_page' id='page_1' title='image "./p2breviariumroma00cathuoft_0488.png"; bbox 0 0 2066 2904; ppageno 0'>
   <div class='ocr_carea' id='block_1_1' title="bbox 591 187 1467 231">
    <p class='ocr_par' dir='ltr' id='par_1_1' title="bbox 591 187 1467 231">
     <span class='ocr_line' id='line_1_1' title="bbox 591 187 1467 231; baseline -0.003 -8"><span class='ocrx_word' id='word_1_1' title='bbox 591 189 662 223; x_wconf 79' lang='lat' dir='ltr'>Die</span> <span class='ocrx_word' id='word_1_2' title='bbox 685 189 740 222; x_wconf 74' lang='lat'>28.</span> <span class='ocrx_word' id='word_1_3' title='bbox 766 188 923 231; x_wconf 77' lang='lat' dir='ltr'>Aprilis.</span> <span class='ocrx_word' id='word_1_4' title='bbox 971 187 1005 222; x_wconf 82' lang='lat' dir='ltr'>S.</span> <span class='ocrx_word' id='word_1_5' title='bbox 1032 187 1141 221; x_wconf 79' lang='lat' dir='ltr'>Pauli</span> <span class='ocrx_word' id='word_1_6' title='bbox 1166 198 1188 221; x_wconf 84' lang='lat' dir='ltr'>a</span> <span class='ocrx_word' id='word_1_7' title='bbox 1213 187 1334 222; x_wconf 77' lang='lat' dir='ltr'>Cruce</span> <span class='ocrx_word' id='word_1_8' title='bbox 1360 187 1467 221; x_wconf 85' lang='lat' dir='ltr'>Conf.</span> 
     </span>
    </p>
   </div>
   <div class='ocr_carea' id='block_1_2' title="bbox 178 282 1007 1540">
    <p class='ocr_par' dir='ltr' id='par_1_2' title="bbox 178 282 1002 448">
     <span class='ocr_line' id='line_1_2' title="bbox 178 282 1002 335; baseline -0.002 -10"><span class='ocrx_word' id='word_1_9' title='bbox 178 283 348 333; x_wconf 90' lang='lat' dir='ltr'>cembri‚</span> <span class='ocrx_word' id='word_1_10' title='bbox 369 282 525 335; x_wconf 87' lang='lat' dir='ltr'>quibus</span> <span class='ocrx_word' id='word_1_11' title='bbox 541 282 707 324; x_wconf 85' lang='lat' dir='ltr'>creavit</span> <span class='ocrx_word' id='word_1_12' title='bbox 720 282 1002 335; x_wconf 71' lang='lat' dir='ltr'>presbyteros</span> 
     </span>
     <span class='ocr_line' id='line_1_3' title="bbox 178 338 1001 392; baseline -0.001 -12"><span class='ocrx_word' id='word_1_13' title='bbox 178 341 378 392; x_wconf 84' lang='lat' dir='ltr'>quatuor,</span> <span class='ocrx_word' id='word_1_14' title='bbox 398 341 633 392; x_wconf 90' lang='lat' dir='ltr'>episcopos</span> <span class='ocrx_word' id='word_1_15' title='bbox 652 351 732 391; x_wconf 90' lang='lat' dir='ltr'>per</span> <span class='ocrx_word' id='word_1_16' title='bbox 752 338 924 381; x_wconf 86' lang='lat' dir='ltr'>diversa</span> <span class='ocrx_word' id='word_1_17' title='bbox 942 338 1001 380; x_wconf 95' lang='lat' dir='ltr'>lo-</span> 
     </span>
     <span class='ocr_line' id='line_1_4' title="bbox 178 396 451 448; baseline -0.004 -11"><span class='ocrx_word' id='word_1_18' title='bbox 178 408 228 437; x_wconf 92' lang='lat' dir='ltr'>ca</span> <span class='ocrx_word' id='word_1_19' title='bbox 248 396 451 448; x_wconf 89' lang='lat' dir='ltr'>quinque.</span> 
     </span>
    </p>

    <p class='ocr_par' dir='ltr' id='par_1_3' title="bbox 178 451 1004 745">
     <span class='ocr_line' id='line_1_5' title="bbox 234 451 1001 505; baseline -0.001 -12"><span class='ocrx_word' id='word_1_20' title='bbox 234 456 282 505; x_wconf 62' lang='lat' dir='ltr'>lx{·.</span> <span class='ocrx_word' id='word_1_21' title='bbox 297 453 346 492; x_wconf 89' lang='lat' dir='ltr'>In</span> <span class='ocrx_word' id='word_1_22' title='bbox 366 452 503 494; x_wconf 89' lang='lat' dir='ltr'>servis</span> <span class='ocrx_word' id='word_1_23' title='bbox 523 452 629 500; x_wconf 79' lang='lat' dir='ltr'>suiS,</span> <span class='ocrx_word' id='word_1_24' title='bbox 648 451 829 503; x_wconf 79' lang='lat' dir='ltr'>alleluja,</span> <span class='ocrx_word' id='word_1_25' title='bbox 851 454 873 478; x_wconf 84' lang='lat'>*</span> <span class='ocrx_word' id='word_1_26' title='bbox 893 451 1001 493; x_wconf 89' lang='lat' dir='ltr'>Con-</span> 
     </span>
     <span class='ocr_line' id='line_1_6' title="bbox 181 502 1002 559; baseline 0 -10"><span class='ocrx_word' id='word_1_27' title='bbox 181 508 392 550; x_wconf 87' lang='lat' dir='ltr'>solabitur</span> <span class='ocrx_word' id='word_1_28' title='bbox 419 508 556 558; x_wconf 92' lang='lat' dir='ltr'>Deus,</span> <span class='ocrx_word' id='word_1_29' title='bbox 584 508 766 559; x_wconf 81' lang='lat' dir='ltr'>alleluja.</span> <span class='ocrx_word' id='word_1_30' title='bbox 813 502 859 554; x_wconf 56' lang='lat' dir='ltr'>Y.</span> <span class='ocrx_word' id='word_1_31' title='bbox 886 507 1002 549; x_wconf 90' lang='lat' dir='ltr'>Judi·</span> 
     </span>
     <span class='ocr_line' id='line_1_7' title="bbox 180 564 1003 618; baseline -0.001 -12"><span class='ocrx_word' id='word_1_32' title='bbox 180 564 296 607; x_wconf 87' lang='lat' dir='ltr'>cabit</span> <span class='ocrx_word' id='word_1_33' title='bbox 315 565 529 606; x_wconf 90' lang='lat' dir='ltr'>Dominus</span> <span class='ocrx_word' id='word_1_34' title='bbox 555 564 767 618; x_wconf 91' lang='lat' dir='ltr'>populum</span> <span class='ocrx_word' id='word_1_35' title='bbox 792 578 931 615; x_wconf 79' lang='lat' dir='ltr'>suum3</span> <span class='ocrx_word' id='word_1_36' title='bbox 960 569 1003 606; x_wconf 92' lang='lat' dir='ltr'>et</span> 
     </span>
     <span class='ocr_line' id='line_1_8' title="bbox 178 620 849 663; baseline 0.001 -2"><span class='ocrx_word' id='word_1_37' title='bbox 178 621 219 661; x_wconf 94' lang='lat' dir='ltr'>in</span> <span class='ocrx_word' id='word_1_38' title='bbox 240 622 378 663; x_wconf 91' lang='lat' dir='ltr'>servis</span> <span class='ocrx_word' id='word_1_39' title='bbox 397 622 497 663; x_wconf 89' lang='lat' dir='ltr'>suis.</span> <span class='ocrx_word' id='word_1_40' title='bbox 532 620 849 663; x_wconf 85' lang='lat' dir='ltr'>Consolabitur.</span> 
     </span>
     <span class='ocr_line' id='line_1_9' title="bbox 181 692 1004 745; baseline -0.004 -9"><span class='ocrx_word' id='word_1_41' title='bbox 181 695 333 736; x_wconf 88' lang='lat' dir='ltr'>Sermo</span> <span class='ocrx_word' id='word_1_42' title='bbox 369 694 507 735; x_wconf 87' lang='lat' dir='ltr'>sancti</span> <span class='ocrx_word' id='word_1_43' title='bbox 534 692 754 735; x_wconf 89' lang='lat' dir='ltr'>Ambrosii</span> <span class='ocrx_word' id='word_1_44' title='bbox 782 693 1004 745; x_wconf 81' lang='lat' dir='ltr'>Episcopi.</span> 
     </span>
    </p>

    <p class='ocr_par' dir='ltr' id='par_1_4' title="bbox 284 755 899 797">
     <span class='ocr_line' id='line_1_10' title="bbox 284 755 899 797; baseline -0.005 0"><span class='ocrx_word' id='word_1_45' title='bbox 284 756 435 797; x_wconf 78' lang='lat' dir='ltr'>Lectio</span> <span class='ocrx_word' id='word_1_46' title='bbox 456 755 507 796; x_wconf 87' lang='lat' dir='ltr'>vi.</span> <span class='ocrx_word' id='word_1_47' title='bbox 689 755 822 795; x_wconf 90' lang='lat' dir='ltr'>Serm.</span> <span class='ocrx_word' id='word_1_48' title='bbox 837 755 899 794; x_wconf 83' lang='lat'>22.</span> 
     </span>
    </p>

    <p class='ocr_par' dir='ltr' id='par_1_5' title="bbox 271 810 1002 862">
     <span class='ocr_line' id='line_1_11' title="bbox 271 810 1002 862; baseline -0.003 -10"><span class='ocrx_word' id='word_1_49' title='bbox 271 811 419 862; x_wconf 90' lang='lat' dir='ltr'>ignum</span> <span class='ocrx_word' id='word_1_50' title='bbox 451 815 494 852; x_wconf 93' lang='lat' dir='ltr'>et</span> <span class='ocrx_word' id='word_1_51' title='bbox 526 812 765 861; x_wconf 89' lang='lat' dir='ltr'>congruum</span> <span class='ocrx_word' id='word_1_52' title='bbox 802 815 885 861; x_wconf 82' lang='lat' dir='ltr'>est,</span> <span class='ocrx_word' id='word_1_53' title='bbox 922 810 1002 851; x_wconf 89' lang='lat' dir='ltr'>fra-</span> 
     </span>
    </p>

    <p class='ocr_par' dir='ltr' id='par_1_6' title="bbox 179 866 1007 1540">
     <span class='ocr_line' id='line_1_12' title="bbox 279 866 1003 920; baseline -0.003 -11"><span class='ocrx_word' id='word_1_54' title='bbox 279 873 383 917; x_wconf 91' lang='lat' dir='ltr'>tres,</span> <span class='ocrx_word' id='word_1_55' title='bbox 408 872 455 909; x_wconf 94' lang='lat' dir='ltr'>ut</span> <span class='ocrx_word' id='word_1_56' title='bbox 474 872 577 920; x_wconf 88' lang='lat' dir='ltr'>post</span> <span class='ocrx_word' id='word_1_57' title='bbox 594 867 790 909; x_wconf 79' lang='lat' dir='ltr'>laetitiam</span> <span class='ocrx_word' id='word_1_58' title='bbox 810 866 1003 917; x_wconf 79' lang='lat' dir='ltr'>Paschae,</span> 
     </span>
     <span class='ocr_line' id='line_1_13' title="bbox 181 922 1003 977; baseline -0.001 -12"><span class='ocrx_word' id='word_1_59' title='bbox 181 937 311 977; x_wconf 91' lang='lat' dir='ltr'>quam</span> <span class='ocrx_word' id='word_1_60' title='bbox 354 923 396 964; x_wconf 92' lang='lat' dir='ltr'>in</span> <span class='ocrx_word' id='word_1_61' title='bbox 432 923 630 965; x_wconf 91' lang='lat' dir='ltr'>Ecclesia</span> <span class='ocrx_word' id='word_1_62' title='bbox 672 922 1003 973; x_wconf 65' lang='lat' dir='ltr'>celebravimus,</span> 
     </span>
     <span class='ocr_line' id='line_1_14' title="bbox 179 979 1004 1032; baseline -0.002 -10"><span class='ocrx_word' id='word_1_63' title='bbox 179 980 338 1032; x_wconf 73' lang='lat' dir='ltr'>gandia</span> <span class='ocrx_word' id='word_1_64' title='bbox 363 984 512 1021; x_wconf 90' lang='lat' dir='ltr'>nostra</span> <span class='ocrx_word' id='word_1_65' title='bbox 538 992 636 1020; x_wconf 92' lang='lat' dir='ltr'>cum</span> <span class='ocrx_word' id='word_1_66' title='bbox 663 979 825 1021; x_wconf 90' lang='lat' dir='ltr'>sanctis</span> <span class='ocrx_word' id='word_1_67' title='bbox 845 979 1004 1032; x_wconf 72' lang='lat' dir='ltr'>Marty-</span> 
     </span>
     <span class='ocr_line' id='line_1_15' title="bbox 179 1035 1004 1079; baseline -0.001 -1"><span class='ocrx_word' id='word_1_68' title='bbox 179 1036 299 1079; x_wconf 89' lang='lat' dir='ltr'>ribus</span> <span class='ocrx_word' id='word_1_69' title='bbox 324 1035 614 1078; x_wconf 89' lang='lat' dir='ltr'>conferamus:</span> <span class='ocrx_word' id='word_1_70' title='bbox 641 1041 684 1077; x_wconf 92' lang='lat' dir='ltr'>et</span> <span class='ocrx_word' id='word_1_71' title='bbox 708 1036 761 1076; x_wconf 92' lang='lat' dir='ltr'>iis</span> <span class='ocrx_word' id='word_1_72' title='bbox 784 1036 1004 1078; x_wconf 91' lang='lat' dir='ltr'>annuntie-</span> 
     </span>
     <span class='ocr_line' id='line_1_16' title="bbox 179 1092 1004 1143; baseline -0.001 -9"><span class='ocrx_word' id='word_1_73' title='bbox 179 1106 275 1134; x_wconf 90' lang='lat' dir='ltr'>mus</span> <span class='ocrx_word' id='word_1_74' title='bbox 294 1092 537 1134; x_wconf 90' lang='lat' dir='ltr'>Dominicae</span> <span class='ocrx_word' id='word_1_75' title='bbox 563 1092 895 1134; x_wconf 91' lang='lat' dir='ltr'>resurrectionis</span> <span class='ocrx_word' id='word_1_76' title='bbox 914 1092 1004 1143; x_wconf 85' lang='lat' dir='ltr'>glo-</span> 
     </span>
     <span class='ocr_line' id='line_1_17' title="bbox 180 1149 1006 1201; baseline -0.001 -11"><span class='ocrx_word' id='word_1_77' title='bbox 180 1150 299 1198; x_wconf 88' lang='lat' dir='ltr'>riam,</span> <span class='ocrx_word' id='word_1_78' title='bbox 316 1149 390 1201; x_wconf 93' lang='lat' dir='ltr'>qui</span> <span class='ocrx_word' id='word_1_79' title='bbox 405 1151 631 1190; x_wconf 89' lang='lat' dir='ltr'>consortes</span> <span class='ocrx_word' id='word_1_80' title='bbox 649 1154 749 1190; x_wconf 89' lang='lat' dir='ltr'>sunt</span> <span class='ocrx_word' id='word_1_81' title='bbox 763 1149 1006 1190; x_wconf 86' lang='lat' dir='ltr'>Dominicae</span> 
     </span>
     <span class='ocr_line' id='line_1_18' title="bbox 181 1205 1007 1258; baseline 0 -12"><span class='ocrx_word' id='word_1_82' title='bbox 181 1205 408 1258; x_wconf 88' lang='lat' dir='ltr'>passionis.</span> <span class='ocrx_word' id='word_1_83' title='bbox 438 1205 521 1255; x_wconf 87' lang='lat' dir='ltr'>Qui</span> <span class='ocrx_word' id='word_1_84' title='bbox 540 1205 653 1246; x_wconf 92' lang='lat' dir='ltr'>enim</span> <span class='ocrx_word' id='word_1_85' title='bbox 673 1205 780 1246; x_wconf 91' lang='lat' dir='ltr'>socii</span> <span class='ocrx_word' id='word_1_86' title='bbox 799 1210 900 1247; x_wconf 90' lang='lat' dir='ltr'>sunt</span> <span class='ocrx_word' id='word_1_87' title='bbox 915 1218 1007 1247; x_wconf 93' lang='lat' dir='ltr'>con-</span> 
     </span>
     <span class='ocr_line' id='line_1_19' title="bbox 180 1260 1006 1314; baseline -0.001 -10"><span class='ocrx_word' id='word_1_88' title='bbox 180 1261 388 1311; x_wconf 87' lang='lat' dir='ltr'>tumeliae,</span> <span class='ocrx_word' id='word_1_89' title='bbox 409 1260 571 1303; x_wconf 88' lang='lat' dir='ltr'>debent</span> <span class='ocrx_word' id='word_1_90' title='bbox 591 1267 634 1303; x_wconf 91' lang='lat' dir='ltr'>et</span> <span class='ocrx_word' id='word_1_91' title='bbox 652 1262 890 1314; x_wconf 85' lang='lat' dir='ltr'>participes</span> <span class='ocrx_word' id='word_1_92' title='bbox 910 1274 1006 1303; x_wconf 90' lang='lat' dir='ltr'>esse</span> 
     </span>
     <span class='ocr_line' id='line_1_20' title="bbox 182 1317 1006 1371; baseline 0.002 -13"><span class='ocrx_word' id='word_1_93' title='bbox 182 1318 358 1360; x_wconf 82' lang='lat' dir='ltr'>laetitiae.</span> <span class='ocrx_word' id='word_1_94' title='bbox 385 1318 451 1359; x_wconf 87' lang='lat' dir='ltr'>Ita</span> <span class='ocrx_word' id='word_1_95' title='bbox 472 1318 586 1359; x_wconf 89' lang='lat' dir='ltr'>enim</span> <span class='ocrx_word' id='word_1_96' title='bbox 601 1317 707 1359; x_wconf 92' lang='lat' dir='ltr'>dicit</span> <span class='ocrx_word' id='word_1_97' title='bbox 720 1317 875 1360; x_wconf 86' lang='lat' dir='ltr'>beatus</span> <span class='ocrx_word' id='word_1_98' title='bbox 887 1318 1006 1371; x_wconf 90' lang='lat' dir='ltr'>Apo·</span> 
     </span>
     <span class='ocr_line' id='line_1_21' title="bbox 182 1374 1006 1427; baseline -0.001 -11"><span class='ocrx_word' id='word_1_99' title='bbox 182 1374 336 1416; x_wconf 88' lang='lat' dir='ltr'>stolus:</span> <span class='ocrx_word' id='word_1_100' title='bbox 354 1374 474 1416; x_wconf 89' lang='lat' dir='ltr'>Sicut</span> <span class='ocrx_word' id='word_1_101' title='bbox 493 1374 601 1416; x_wconf 89' lang='lat' dir='ltr'>socii</span> <span class='ocrx_word' id='word_1_102' title='bbox 620 1375 875 1427; x_wconf 91' lang='lat' dir='ltr'>passionum</span> <span class='ocrx_word' id='word_1_103' title='bbox 891 1375 1006 1425; x_wconf 90' lang='lat' dir='ltr'>estis,</span> 
     </span>
     <span class='ocr_line' id='line_1_22' title="bbox 181 1430 1005 1481; baseline 0 -8"><span class='ocrx_word' id='word_1_104' title='bbox 181 1436 225 1473; x_wconf 89' lang='lat' dir='ltr'>et</span> <span class='ocrx_word' id='word_1_105' title='bbox 242 1431 573 1473; x_wconf 90' lang='lat' dir='ltr'>resurrectionis</span> <span class='ocrx_word' id='word_1_106' title='bbox 593 1431 726 1481; x_wconf 90' lang='lat' dir='ltr'>eritis;</span> <span class='ocrx_word' id='word_1_107' title='bbox 746 1431 782 1472; x_wconf 92' lang='lat' dir='ltr'>si</span> <span class='ocrx_word' id='word_1_108' title='bbox 801 1430 1005 1473; x_wconf 83' lang='lat' dir='ltr'>tolerabi-</span> 
     </span>
     <span class='ocr_line' id='line_1_23' title="bbox 181 1487 1006 1540; baseline 0.001 -12"><span class='ocrx_word' id='word_1_109' title='bbox 181 1500 289 1538; x_wconf 88' lang='lat' dir='ltr'>mus,</span> <span class='ocrx_word' id='word_1_110' title='bbox 303 1487 455 1540; x_wconf 92' lang='lat' dir='ltr'>inquit,</span> <span class='ocrx_word' id='word_1_111' title='bbox 470 1493 514 1530; x_wconf 90' lang='lat' dir='ltr'>et</span> <span class='ocrx_word' id='word_1_112' title='bbox 531 1487 904 1539; x_wconf 88' lang='lat' dir='ltr'>conregnabimus.</span> <span class='ocrx_word' id='word_1_113' title='bbox 923 1487 1006 1538; x_wconf 90' lang='lat' dir='ltr'>Qui</span> 
     </span>
    </p>
   </div>
   <div class='ocr_carea' id='block_1_3' title="bbox 182 1543 1141 1652">
    <p class='ocr_par' dir='ltr' id='par_1_7' title="bbox 182 1543 1141 1652">
     <span class='ocr_line' id='line_1_24' title="bbox 182 1543 1099 1597; baseline -0.005 -9"><span class='ocrx_word' id='word_1_114' title='bbox 182 1556 286 1595; x_wconf 88' lang='lat' dir='ltr'>crgo</span> <span class='ocrx_word' id='word_1_115' title='bbox 330 1543 628 1586; x_wconf 85' lang='lat' dir='ltr'>toleraverunt</span> <span class='ocrx_word' id='word_1_116' title='bbox 670 1544 786 1586; x_wconf 88' lang='lat' dir='ltr'>mala</span> <span class='ocrx_word' id='word_1_117' title='bbox 825 1550 1007 1597; x_wconf 90' lang='lat' dir='ltr'>propter</span> <span class='ocrx_word' id='word_1_118' title='bbox 1095 1587 1099 1589; x_wconf 53' lang='grc'><strong>,</strong></span> 
     </span>
     <span class='ocr_line' id='line_1_25' title="bbox 182 1597 1141 1652; baseline -0.013 -10"><span class='ocrx_word' id='word_1_119' title='bbox 182 1600 419 1650; x_wconf 84' lang='lat' dir='ltr'>Christum,</span> <span class='ocrx_word' id='word_1_120' title='bbox 452 1600 613 1643; x_wconf 89' lang='lat' dir='ltr'>debent</span> <span class='ocrx_word' id='word_1_121' title='bbox 645 1606 689 1643; x_wconf 89' lang='lat' dir='ltr'>et</span> <span class='ocrx_word' id='word_1_122' title='bbox 720 1601 904 1652; x_wconf 85' lang='lat' dir='ltr'>gloriam</span> <span class='ocrx_word' id='word_1_123' title='bbox 934 1601 1006 1643; x_wconf 79' lang='lat' dir='ltr'>ha-</span> <span class='ocrx_word' id='word_1_124' title='bbox 1066 1597 1074 1637; x_wconf 71' lang='grc' dir='ltr'>’ζ</span> <span class='ocrx_word' id='word_1_125' title='bbox 1103 1602 1141 1640; x_wconf 57' lang='grc' dir='ltr'>ςςξῑι</span> 
     </span>
    </p>
   </div>
   <div class='ocr_carea' id='block_1_4' title="bbox 181 1656 1007 1922">
    <p class='ocr_par' dir='ltr' id='par_1_8' title="bbox 181 1656 606 1699">
     <span class='ocr_line' id='line_1_26' title="bbox 181 1656 606 1699; baseline 0 -1"><span class='ocrx_word' id='word_1_126' title='bbox 181 1656 285 1699; x_wconf 90' lang='lat' dir='ltr'>bere</span> <span class='ocrx_word' id='word_1_127' title='bbox 306 1670 403 1698; x_wconf 93' lang='lat' dir='ltr'>cum</span> <span class='ocrx_word' id='word_1_128' title='bbox 423 1656 606 1699; x_wconf 90' lang='lat' dir='ltr'>Christo.</span> 
     </span>
    </p>

    <p class='ocr_par' dir='ltr' id='par_1_9' title="bbox 239 1713 808 1767">
     <span class='ocr_line' id='line_1_27' title="bbox 239 1713 808 1767; baseline -0.002 -12"><span class='ocrx_word' id='word_1_129' title='bbox 239 1717 287 1767; x_wconf 64' lang='lat' dir='ltr'>R.</span> <span class='ocrx_word' id='word_1_130' title='bbox 311 1713 434 1754; x_wconf 84' lang='lat' dir='ltr'>Filiae</span> <span class='ocrx_word' id='word_1_131' title='bbox 452 1714 705 1756; x_wconf 79' lang='lat' dir='ltr'>Jerusalem.</span> <span class='ocrx_word' id='word_1_132' title='bbox 724 1713 808 1766; x_wconf 90' lang='lat'>[44]</span> 
     </span>
    </p>

    <p class='ocr_par' dir='ltr' id='par_1_10' title="bbox 187 1779 1007 1922">
     <span class='ocr_line' id='line_1_28' title="bbox 236 1779 1007 1823; baseline 0.003 -10"><span class='ocrx_word' id='word_1_133' title='bbox 236 1779 277 1813; x_wconf 94' lang='lat' dir='ltr'>In</span> <span class='ocrx_word' id='word_1_134' title='bbox 312 1781 375 1814; x_wconf 93' lang='lat' dir='ltr'>III.</span> <span class='ocrx_word' id='word_1_135' title='bbox 408 1781 517 1815; x_wconf 76' lang='lat' dir='ltr'>Noct.</span> <span class='ocrx_word' id='word_1_136' title='bbox 553 1781 720 1815; x_wconf 79' lang='lat' dir='ltr'>llornilia</span> <span class='ocrx_word' id='word_1_137' title='bbox 756 1782 793 1815; x_wconf 90' lang='lat' dir='ltr'>in</span> <span class='ocrx_word' id='word_1_138' title='bbox 825 1782 1007 1823; x_wconf 63' lang='lat' dir='ltr'>Evangel.</span> 
     </span>
     <span class='ocr_line' id='line_1_29' title="bbox 187 1829 1007 1875; baseline -0.004 -10"><span class='ocrx_word' id='word_1_139' title='bbox 187 1829 267 1873; x_wconf 83' lang='lat' dir='ltr'>Ego</span> <span class='ocrx_word' id='word_1_140' title='bbox 285 1840 369 1864; x_wconf 88' lang='lat' dir='ltr'>sum</span> <span class='ocrx_word' id='word_1_141' title='bbox 385 1830 491 1874; x_wconf 87' lang='lat' dir='ltr'>vitis,</span> <span class='ocrx_word' id='word_1_142' title='bbox 508 1841 580 1866; x_wconf 91' lang='lat' dir='ltr'>vos</span> <span class='ocrx_word' id='word_1_143' title='bbox 596 1830 784 1875; x_wconf 81' lang='lat' dir='ltr'>palmites.</span> <span class='ocrx_word' id='word_1_144' title='bbox 803 1830 849 1863; x_wconf 82' lang='lat' dir='ltr'>dc</span> <span class='ocrx_word' id='word_1_145' title='bbox 873 1829 1007 1863; x_wconf 78' lang='lat' dir='ltr'>codem</span> 
     </span>
     <span class='ocr_line' id='line_1_30' title="bbox 187 1877 663 1922; baseline 0 -13"><span class='ocrx_word' id='word_1_146' title='bbox 187 1878 385 1910; x_wconf 80' lang='lat' dir='ltr'>Communi</span> <span class='ocrx_word' id='word_1_147' title='bbox 411 1878 440 1910; x_wconf 78' lang='lat'>2.</span> <span class='ocrx_word' id='word_1_148' title='bbox 468 1877 561 1910; x_wconf 77' lang='lat' dir='ltr'>loco.</span> <span class='ocrx_word' id='word_1_149' title='bbox 586 1878 663 1922; x_wconf 89' lang='lat'>[50]</span> 
     </span>
    </p>
   </div>
   <div class='ocr_carea' id='block_1_5' title="bbox 186 1965 1012 2762">
    <p class='ocr_par' dir='ltr' id='par_1_11' title="bbox 186 1965 1012 2762">
     <span class='ocr_line' id='line_1_31' title="bbox 418 1965 779 2018; baseline 0.003 -12"><span class='ocrx_word' id='word_1_150' title='bbox 418 1965 501 2008; x_wconf 93' lang='lat' dir='ltr'>Die</span> <span class='ocrx_word' id='word_1_151' title='bbox 518 1966 584 2007; x_wconf 89' lang='lat'>28.</span> <span class='ocrx_word' id='word_1_152' title='bbox 603 1966 779 2018; x_wconf 88' lang='lat' dir='ltr'>Aprilis.</span> 
     </span>
     <span class='ocr_line' id='line_1_32' title="bbox 236 2033 968 2076; baseline 0 -2"><span class='ocrx_word' id='word_1_153' title='bbox 236 2033 278 2074; x_wconf 82' lang='lat' dir='ltr'>S.</span> <span class='ocrx_word' id='word_1_154' title='bbox 297 2033 440 2074; x_wconf 86' lang='lat' dir='ltr'>Pauli</span> <span class='ocrx_word' id='word_1_155' title='bbox 459 2044 490 2075; x_wconf 85' lang='lat' dir='ltr'>a</span> <span class='ocrx_word' id='word_1_156' title='bbox 510 2034 665 2076; x_wconf 82' lang='lat' dir='ltr'>Cruce</span> <span class='ocrx_word' id='word_1_157' title='bbox 684 2034 968 2075; x_wconf 88' lang='lat' dir='ltr'>Confessoris.</span> 
     </span>
     <span class='ocr_line' id='line_1_33' title="bbox 515 2093 677 2136; baseline 0.012 -11"><span class='ocrx_word' id='word_1_158' title='bbox 515 2093 677 2136; x_wconf 85' lang='lat' dir='ltr'>Duplex.</span> 
     </span>
     <span class='ocr_line' id='line_1_34' title="bbox 238 2149 1006 2186; baseline 0.004 -4"><span class='ocrx_word' id='word_1_159' title='bbox 238 2150 373 2183; x_wconf 83' lang='lat' dir='ltr'>Omnia</span> <span class='ocrx_word' id='word_1_160' title='bbox 405 2150 451 2183; x_wconf 79' lang='lat' dir='ltr'>de</span> <span class='ocrx_word' id='word_1_161' title='bbox 481 2149 624 2183; x_wconf 91' lang='lat' dir='ltr'>Comm.</span> <span class='ocrx_word' id='word_1_162' title='bbox 656 2150 763 2184; x_wconf 90' lang='lat' dir='ltr'>Conf.</span> <span class='ocrx_word' id='word_1_163' title='bbox 793 2161 869 2185; x_wconf 91' lang='lat' dir='ltr'>non</span> <span class='ocrx_word' id='word_1_164' title='bbox 900 2151 1006 2186; x_wconf 87' lang='lat' dir='ltr'>l’ont.</span> 
     </span>
     <span class='ocr_line' id='line_1_35' title="bbox 186 2198 753 2242; baseline 0.004 -9"><span class='ocrx_word' id='word_1_165' title='bbox 186 2198 258 2242; x_wconf 80' lang='lat'>[84]</span> <span class='ocrx_word' id='word_1_166' title='bbox 285 2203 424 2241; x_wconf 59' lang='lat' dir='ltr'>praeter</span> <span class='ocrx_word' id='word_1_167' title='bbox 448 2208 552 2241; x_wconf 74' lang='lat' dir='ltr'>sequ.</span> <span class='ocrx_word' id='word_1_168' title='bbox 573 2199 632 2242; x_wconf 91' lang='lat' dir='ltr'>(m.</span> <span class='ocrx_word' id='word_1_169' title='bbox 657 2203 681 2234; x_wconf 94' lang='lat' dir='ltr'>t.</span> <span class='ocrx_word' id='word_1_170' title='bbox 705 2199 753 2242; x_wconf 86' lang='lat' dir='ltr'>v.)</span> 
     </span>
     <span class='ocr_line' id='line_1_36' title="bbox 520 2254 682 2295; baseline -0.006 -1"><span class='ocrx_word' id='word_1_171' title='bbox 520 2254 682 2295; x_wconf 87' lang='lat' dir='ltr'>Oratio.</span> 
     </span>
     <span class='ocr_line' id='line_1_37' title="bbox 273 2313 1010 2367; baseline 0.005 -14"><span class='ocrx_word' id='word_1_172' title='bbox 273 2313 415 2354; x_wconf 88' lang='lat' dir='ltr'>omine</span> <span class='ocrx_word' id='word_1_173' title='bbox 429 2313 454 2353; x_wconf 88' lang='lat' dir='ltr'>J</span> <span class='ocrx_word' id='word_1_174' title='bbox 457 2325 534 2354; x_wconf 88' lang='lat' dir='ltr'>esu</span> <span class='ocrx_word' id='word_1_175' title='bbox 552 2313 735 2365; x_wconf 86' lang='lat' dir='ltr'>Christe,</span> <span class='ocrx_word' id='word_1_176' title='bbox 755 2314 829 2367; x_wconf 93' lang='lat' dir='ltr'>qui</span> <span class='ocrx_word' id='word_1_177' title='bbox 848 2314 904 2356; x_wconf 91' lang='lat' dir='ltr'>ad</span> <span class='ocrx_word' id='word_1_178' title='bbox 921 2328 1010 2367; x_wconf 91' lang='lat' dir='ltr'>my-</span> 
     </span>
     <span class='ocr_line' id='line_1_38' title="bbox 292 2368 1010 2423; baseline 0.004 -13"><span class='ocrx_word' id='word_1_179' title='bbox 292 2368 470 2410; x_wconf 80' lang='lat' dir='ltr'>sterium</span> <span class='ocrx_word' id='word_1_180' title='bbox 498 2370 639 2412; x_wconf 87' lang='lat' dir='ltr'>crucis</span> <span class='ocrx_word' id='word_1_181' title='bbox 667 2369 1010 2423; x_wconf 87' lang='lat' dir='ltr'>praedicandum,</span> 
     </span>
     <span class='ocr_line' id='line_1_39' title="bbox 189 2426 1011 2479; baseline 0.005 -13"><span class='ocrx_word' id='word_1_182' title='bbox 189 2431 386 2467; x_wconf 89' lang='lat' dir='ltr'>sanctum</span> <span class='ocrx_word' id='word_1_183' title='bbox 401 2426 584 2467; x_wconf 91' lang='lat' dir='ltr'>Paulum</span> <span class='ocrx_word' id='word_1_184' title='bbox 603 2427 810 2479; x_wconf 75' lang='lat' dir='ltr'>singulari</span> <span class='ocrx_word' id='word_1_185' title='bbox 830 2428 1011 2471; x_wconf 88' lang='lat' dir='ltr'>caritate</span> 
     </span>
     <span class='ocr_line' id='line_1_40' title="bbox 190 2481 1010 2536; baseline 0.005 -14"><span class='ocrx_word' id='word_1_186' title='bbox 190 2481 377 2531; x_wconf 87' lang='lat' dir='ltr'>donasti,</span> <span class='ocrx_word' id='word_1_187' title='bbox 402 2488 445 2524; x_wconf 91' lang='lat' dir='ltr'>et</span> <span class='ocrx_word' id='word_1_188' title='bbox 469 2495 549 2536; x_wconf 91' lang='lat' dir='ltr'>per</span> <span class='ocrx_word' id='word_1_189' title='bbox 573 2496 672 2525; x_wconf 92' lang='lat' dir='ltr'>eum</span> <span class='ocrx_word' id='word_1_190' title='bbox 690 2496 850 2525; x_wconf 88' lang='lat' dir='ltr'>novam</span> <span class='ocrx_word' id='word_1_191' title='bbox 869 2484 912 2525; x_wconf 93' lang='lat' dir='ltr'>in</span> <span class='ocrx_word' id='word_1_192' title='bbox 931 2485 1010 2527; x_wconf 88' lang='lat' dir='ltr'>Ec-</span> 
     </span>
     <span class='ocr_line' id='line_1_41' title="bbox 189 2537 1011 2583; baseline 0.006 -6"><span class='ocrx_word' id='word_1_193' title='bbox 189 2537 321 2578; x_wconf 86' lang='lat' dir='ltr'>clesia</span> <span class='ocrx_word' id='word_1_194' title='bbox 341 2538 543 2580; x_wconf 87' lang='lat' dir='ltr'>familiam</span> <span class='ocrx_word' id='word_1_195' title='bbox 569 2540 802 2582; x_wconf 89' lang='lat' dir='ltr'>florescere</span> <span class='ocrx_word' id='word_1_196' title='bbox 821 2541 1011 2583; x_wconf 88' lang='lat' dir='ltr'>voluisti:</span> 
     </span>
     <span class='ocr_line' id='line_1_42' title="bbox 190 2594 1010 2647; baseline 0.006 -13"><span class='ocrx_word' id='word_1_197' title='bbox 190 2594 327 2647; x_wconf 90' lang='lat' dir='ltr'>ipsius</span> <span class='ocrx_word' id='word_1_198' title='bbox 355 2594 481 2636; x_wconf 90' lang='lat' dir='ltr'>nobis</span> <span class='ocrx_word' id='word_1_199' title='bbox 517 2596 828 2638; x_wconf 87' lang='lat' dir='ltr'>intercessione</span> <span class='ocrx_word' id='word_1_200' title='bbox 861 2600 1010 2639; x_wconf 89' lang='lat' dir='ltr'>conce-</span> 
     </span>
     <span class='ocr_line' id='line_1_43' title="bbox 191 2650 1010 2706; baseline 0.005 -15"><span class='ocrx_word' id='word_1_201' title='bbox 191 2650 261 2700; x_wconf 81' lang='lat' dir='ltr'>de;</span> <span class='ocrx_word' id='word_1_202' title='bbox 284 2657 331 2692; x_wconf 91' lang='lat' dir='ltr'>ut</span> <span class='ocrx_word' id='word_1_203' title='bbox 355 2652 603 2704; x_wconf 87' lang='lat' dir='ltr'>passionem</span> <span class='ocrx_word' id='word_1_204' title='bbox 627 2659 747 2695; x_wconf 89' lang='lat' dir='ltr'>tuam</span> <span class='ocrx_word' id='word_1_205' title='bbox 769 2654 925 2706; x_wconf 78' lang='lat' dir='ltr'>jugiter</span> <span class='ocrx_word' id='word_1_206' title='bbox 948 2668 1010 2696; x_wconf 91' lang='lat' dir='ltr'>re—</span> 
     </span>
     <span class='ocr_line' id='line_1_44' title="bbox 191 2707 1012 2762; baseline 0.006 -14"><span class='ocrx_word' id='word_1_207' title='bbox 191 2707 385 2749; x_wconf 88' lang='lat' dir='ltr'>colentes</span> <span class='ocrx_word' id='word_1_208' title='bbox 399 2707 442 2748; x_wconf 91' lang='lat' dir='ltr'>in</span> <span class='ocrx_word' id='word_1_209' title='bbox 458 2709 594 2759; x_wconf 89' lang='lat' dir='ltr'>terris,</span> <span class='ocrx_word' id='word_1_210' title='bbox 614 2710 807 2762; x_wconf 77' lang='lat' dir='ltr'>ejasdem</span> <span class='ocrx_word' id='word_1_211' title='bbox 825 2711 1012 2753; x_wconf 89' lang='lat' dir='ltr'>fructum</span> 
     </span>
    </p>
   </div>
   <div class='ocr_carea' id='block_1_6' title="bbox 1055 277 1886 791">
    <p class='ocr_par' dir='ltr' id='par_1_12' title="bbox 1055 277 1884 388">
     <span class='ocr_line' id='line_1_45' title="bbox 1056 277 1884 333; baseline -0.005 -11"><span class='ocrx_word' id='word_1_212' title='bbox 1056 281 1265 333; x_wconf 92' lang='lat' dir='ltr'>consequi</span> <span class='ocrx_word' id='word_1_213' title='bbox 1289 281 1535 322; x_wconf 87' lang='lat' dir='ltr'>mereamur</span> <span class='ocrx_word' id='word_1_214' title='bbox 1560 279 1603 319; x_wconf 93' lang='lat' dir='ltr'>in</span> <span class='ocrx_word' id='word_1_215' title='bbox 1628 277 1766 319; x_wconf 88' lang='lat' dir='ltr'>coelis:</span> <span class='ocrx_word' id='word_1_216' title='bbox 1800 277 1884 329; x_wconf 91' lang='lat' dir='ltr'>Qui</span> 
     </span>
     <span class='ocr_line' id='line_1_46' title="bbox 1055 337 1417 388; baseline -0.003 -10"><span class='ocrx_word' id='word_1_217' title='bbox 1055 337 1167 378; x_wconf 87' lang='lat' dir='ltr'>vivis</span> <span class='ocrx_word' id='word_1_218' title='bbox 1188 341 1231 379; x_wconf 91' lang='lat' dir='ltr'>et</span> <span class='ocrx_word' id='word_1_219' title='bbox 1250 349 1417 388; x_wconf 88' lang='lat' dir='ltr'>regnas.</span> 
     </span>
    </p>

    <p class='ocr_par' dir='ltr' id='par_1_13' title="bbox 1113 399 1797 435">
     <span class='ocr_line' id='line_1_47' title="bbox 1113 399 1797 435; baseline 0 -1"><span class='ocrx_word' id='word_1_220' title='bbox 1113 401 1157 435; x_wconf 84' lang='lat' dir='ltr'>Et</span> <span class='ocrx_word' id='word_1_221' title='bbox 1181 402 1220 434; x_wconf 79' lang='lat' dir='ltr'>iit</span> <span class='ocrx_word' id='word_1_222' title='bbox 1245 410 1440 434; x_wconf 80' lang='lat' dir='ltr'>commem.</span> <span class='ocrx_word' id='word_1_223' title='bbox 1466 400 1500 434; x_wconf 86' lang='lat' dir='ltr'>S.</span> <span class='ocrx_word' id='word_1_224' title='bbox 1526 399 1666 433; x_wconf 63' lang='lat' dir='ltr'>Vitalis</span> <span class='ocrx_word' id='word_1_225' title='bbox 1692 399 1797 434; x_wconf 78' lang='lat' dir='ltr'>Mart.</span> 
     </span>
    </p>

    <p class='ocr_par' dir='ltr' id='par_1_14' title="bbox 1056 451 1884 620">
     <span class='ocr_line' id='line_1_48' title="bbox 1108 451 1884 506; baseline -0.009 -7"><span class='ocrx_word' id='word_1_226' title='bbox 1108 458 1208 499; x_wconf 89' lang='lat' dir='ltr'>Ant.</span> <span class='ocrx_word' id='word_1_227' title='bbox 1243 456 1338 495; x_wconf 93' lang='lat' dir='ltr'>Lux</span> <span class='ocrx_word' id='word_1_228' title='bbox 1366 454 1580 506; x_wconf 86' lang='lat' dir='ltr'>perpetua</span> <span class='ocrx_word' id='word_1_229' title='bbox 1603 451 1767 493; x_wconf 90' lang='lat' dir='ltr'>lucebit</span> <span class='ocrx_word' id='word_1_230' title='bbox 1790 463 1884 492; x_wconf 90' lang='lat' dir='ltr'>san-</span> 
     </span>
     <span class='ocr_line' id='line_1_49' title="bbox 1057 509 1883 559; baseline -0.001 -8"><span class='ocrx_word' id='word_1_231' title='bbox 1057 510 1139 551; x_wconf 91' lang='lat' dir='ltr'>ctis</span> <span class='ocrx_word' id='word_1_232' title='bbox 1157 510 1243 552; x_wconf 90' lang='lat' dir='ltr'>tuis</span> <span class='ocrx_word' id='word_1_233' title='bbox 1258 509 1462 559; x_wconf 81' lang='lat' dir='ltr'>Domine,</span> <span class='ocrx_word' id='word_1_234' title='bbox 1477 514 1520 551; x_wconf 91' lang='lat' dir='ltr'>et</span> <span class='ocrx_word' id='word_1_235' title='bbox 1539 509 1760 551; x_wconf 80' lang='lat' dir='ltr'>aeternitas</span> <span class='ocrx_word' id='word_1_236' title='bbox 1778 510 1883 550; x_wconf 92' lang='lat' dir='ltr'>tem-</span> 
     </span>
     <span class='ocr_line' id='line_1_50' title="bbox 1056 566 1428 620; baseline -0.003 -13"><span class='ocrx_word' id='word_1_237' title='bbox 1056 579 1227 620; x_wconf 91' lang='lat' dir='ltr'>porum,</span> <span class='ocrx_word' id='word_1_238' title='bbox 1246 566 1428 618; x_wconf 79' lang='lat' dir='ltr'>alleluia.</span> 
     </span>
    </p>

    <p class='ocr_par' dir='ltr' id='par_1_15' title="bbox 1058 625 1886 791">
     <span class='ocr_line' id='line_1_51' title="bbox 1110 625 1884 679; baseline -0.004 -8"><span class='ocrx_word' id='word_1_239' title='bbox 1110 626 1161 679; x_wconf 65' lang='lat' dir='ltr'>V.</span> <span class='ocrx_word' id='word_1_240' title='bbox 1176 627 1323 669; x_wconf 84' lang='lat' dir='ltr'>Sancti</span> <span class='ocrx_word' id='word_1_241' title='bbox 1333 632 1386 668; x_wconf 91' lang='lat' dir='ltr'>·et</span> <span class='ocrx_word' id='word_1_242' title='bbox 1404 626 1505 678; x_wconf 86' lang='lat' dir='ltr'>justi</span> <span class='ocrx_word' id='word_1_243' title='bbox 1520 625 1565 666; x_wconf 91' lang='lat' dir='ltr'>in</span> <span class='ocrx_word' id='word_1_244' title='bbox 1579 626 1770 669; x_wconf 89' lang='lat' dir='ltr'>Domino</span> <span class='ocrx_word' id='word_1_245' title='bbox 1785 640 1884 678; x_wconf 88' lang='lat' dir='ltr'>gau—</span> 
     </span>
     <span class='ocr_line' id='line_1_52' title="bbox 1058 682 1886 739; baseline -0.001 -14"><span class='ocrx_word' id='word_1_246' title='bbox 1058 683 1176 734; x_wconf 88' lang='lat' dir='ltr'>dete,</span> <span class='ocrx_word' id='word_1_247' title='bbox 1202 682 1385 735; x_wconf 78' lang='lat' dir='ltr'>alleluja.</span> <span class='ocrx_word' id='word_1_248' title='bbox 1422 687 1472 739; x_wconf 68' lang='lat' dir='ltr'>R.</span> <span class='ocrx_word' id='word_1_249' title='bbox 1495 682 1592 724; x_wconf 89' lang='lat' dir='ltr'>Vos</span> <span class='ocrx_word' id='word_1_250' title='bbox 1615 682 1747 733; x_wconf 87' lang='lat' dir='ltr'>elegit</span> <span class='ocrx_word' id='word_1_251' title='bbox 1763 684 1886 726; x_wconf 87' lang='lat' dir='ltr'>Deus</span> 
     </span>
     <span class='ocr_line' id='line_1_53' title="bbox 1058 738 1739 791; baseline -0.001 -10"><span class='ocrx_word' id='word_1_252' title='bbox 1058 740 1101 781; x_wconf 94' lang='lat' dir='ltr'>in</span> <span class='ocrx_word' id='word_1_253' title='bbox 1119 739 1423 782; x_wconf 83' lang='lat' dir='ltr'>haereditatem</span> <span class='ocrx_word' id='word_1_254' title='bbox 1443 738 1536 790; x_wconf 90' lang='lat' dir='ltr'>sibi,</span> <span class='ocrx_word' id='word_1_255' title='bbox 1556 738 1739 791; x_wconf 80' lang='lat' dir='ltr'>alleluja.</span> 
     </span>
    </p>
   </div>
   <div class='ocr_carea' id='block_1_7' title="bbox 1058 812 1889 1416">
    <p class='ocr_par' dir='ltr' id='par_1_16' title="bbox 1058 812 1889 1416">
     <span class='ocr_line' id='line_1_54' title="bbox 1396 812 1560 854; baseline -0.006 0"><span class='ocrx_word' id='word_1_256' title='bbox 1396 812 1560 854; x_wconf 85' lang='lat' dir='ltr'>Oratio.</span> 
     </span>
     <span class='ocr_line' id='line_1_55' title="bbox 1141 872 1887 923; baseline 0 -11"><span class='ocrx_word' id='word_1_257' title='bbox 1141 876 1290 921; x_wconf 88' lang='lat' dir='ltr'>raesta,</span> <span class='ocrx_word' id='word_1_258' title='bbox 1325 872 1578 923; x_wconf 82' lang='lat' dir='ltr'>quaesumus</span> <span class='ocrx_word' id='word_1_259' title='bbox 1608 872 1887 922; x_wconf 87' lang='lat' dir='ltr'>omnipotens</span> 
     </span>
     <span class='ocr_line' id='line_1_56' title="bbox 1148 926 1886 980; baseline -0.003 -11"><span class='ocrx_word' id='word_1_260' title='bbox 1148 928 1284 969; x_wconf 91' lang='lat' dir='ltr'>Deus:</span> <span class='ocrx_word' id='word_1_261' title='bbox 1303 932 1351 969; x_wconf 89' lang='lat' dir='ltr'>ut</span> <span class='ocrx_word' id='word_1_262' title='bbox 1371 927 1445 980; x_wconf 89' lang='lat' dir='ltr'>qui</span> <span class='ocrx_word' id='word_1_263' title='bbox 1462 926 1582 969; x_wconf 87' lang='lat' dir='ltr'>beati</span> <span class='ocrx_word' id='word_1_264' title='bbox 1594 926 1755 968; x_wconf 85' lang='lat' dir='ltr'>Vitalis</span> <span class='ocrx_word' id='word_1_265' title='bbox 1774 926 1886 968; x_wconf 91' lang='lat' dir='ltr'>Mar-</span> 
     </span>
     <span class='ocr_line' id='line_1_57' title="bbox 1058 983 1886 1036; baseline -0.001 -11"><span class='ocrx_word' id='word_1_266' title='bbox 1058 984 1166 1036; x_wconf 92' lang='lat' dir='ltr'>tyris</span> <span class='ocrx_word' id='word_1_267' title='bbox 1198 984 1262 1026; x_wconf 91' lang='lat' dir='ltr'>tui</span> <span class='ocrx_word' id='word_1_268' title='bbox 1292 983 1489 1026; x_wconf 89' lang='lat' dir='ltr'>natalitia</span> <span class='ocrx_word' id='word_1_269' title='bbox 1522 983 1722 1034; x_wconf 91' lang='lat' dir='ltr'>colimus,</span> <span class='ocrx_word' id='word_1_270' title='bbox 1757 983 1886 1025; x_wconf 89' lang='lat' dir='ltr'>inter-</span> 
     </span>
     <span class='ocr_line' id='line_1_58' title="bbox 1059 1040 1887 1093; baseline 0 -11"><span class='ocrx_word' id='word_1_271' title='bbox 1059 1041 1258 1082; x_wconf 82' lang='lat' dir='ltr'>cessione</span> <span class='ocrx_word' id='word_1_272' title='bbox 1278 1041 1369 1093; x_wconf 88' lang='lat' dir='ltr'>ejus</span> <span class='ocrx_word' id='word_1_273' title='bbox 1388 1040 1431 1081; x_wconf 91' lang='lat' dir='ltr'>in</span> <span class='ocrx_word' id='word_1_274' title='bbox 1450 1040 1514 1082; x_wconf 93' lang='lat' dir='ltr'>tui</span> <span class='ocrx_word' id='word_1_275' title='bbox 1532 1040 1719 1082; x_wconf 87' lang='lat' dir='ltr'>nominis</span> <span class='ocrx_word' id='word_1_276' title='bbox 1738 1042 1887 1083; x_wconf 90' lang='lat' dir='ltr'>amore</span> 
     </span>
     <span class='ocr_line' id='line_1_59' title="bbox 1058 1097 1706 1140; baseline -0.002 -1"><span class='ocrx_word' id='word_1_277' title='bbox 1058 1098 1328 1140; x_wconf 81' lang='lat' dir='ltr'>roboremur.</span> <span class='ocrx_word' id='word_1_278' title='bbox 1356 1098 1440 1138; x_wconf 88' lang='lat' dir='ltr'>Per</span> <span class='ocrx_word' id='word_1_279' title='bbox 1458 1097 1706 1139; x_wconf 89' lang='lat' dir='ltr'>Dominum.</span> 
     </span>
     <span class='ocr_line' id='line_1_60' title="bbox 1113 1171 1889 1209; baseline 0.004 -3"><span class='ocrx_word' id='word_1_280' title='bbox 1113 1173 1157 1207; x_wconf 92' lang='lat' dir='ltr'>In</span> <span class='ocrx_word' id='word_1_281' title='bbox 1188 1172 1214 1207; x_wconf 91' lang='grc' dir='ltr'>Ι.</span> <span class='ocrx_word' id='word_1_282' title='bbox 1244 1172 1444 1207; x_wconf 86' lang='lat' dir='ltr'>Nocturno</span> <span class='ocrx_word' id='word_1_283' title='bbox 1475 1171 1680 1208; x_wconf 88' lang='lat' dir='ltr'>Lectiones</span> <span class='ocrx_word' id='word_1_284' title='bbox 1713 1173 1759 1208; x_wconf 87' lang='lat' dir='ltr'>de</span> <span class='ocrx_word' id='word_1_285' title='bbox 1791 1173 1889 1209; x_wconf 91' lang='lat' dir='ltr'>Scri-</span> 
     </span>
     <span class='ocr_line' id='line_1_61' title="bbox 1061 1225 1430 1265; baseline -0.003 -10"><span class='ocrx_word' id='word_1_286' title='bbox 1061 1226 1172 1265; x_wconf 81' lang='lat' dir='ltr'>ptura</span> <span class='ocrx_word' id='word_1_287' title='bbox 1198 1225 1430 1255; x_wconf 83' lang='lat' dir='ltr'>occurrente.</span> 
     </span>
     <span class='ocr_line' id='line_1_62' title="bbox 1112 1277 1887 1322; baseline 0.003 -12"><span class='ocrx_word' id='word_1_288' title='bbox 1112 1277 1155 1311; x_wconf 91' lang='lat' dir='ltr'>In</span> <span class='ocrx_word' id='word_1_289' title='bbox 1191 1277 1302 1311; x_wconf 80' lang='lat' dir='ltr'>Fcria</span> <span class='ocrx_word' id='word_1_290' title='bbox 1335 1277 1371 1311; x_wconf 87' lang='lat' dir='ltr'>ii.</span> <span class='ocrx_word' id='word_1_291' title='bbox 1410 1277 1546 1320; x_wconf 68' lang='lat' dir='ltr'>Rogat.</span> <span class='ocrx_word' id='word_1_292' title='bbox 1578 1277 1642 1312; x_wconf 87' lang='lat' dir='ltr'>vel</span> <span class='ocrx_word' id='word_1_293' title='bbox 1672 1278 1711 1312; x_wconf 90' lang='lat' dir='ltr'>in</span> <span class='ocrx_word' id='word_1_294' title='bbox 1742 1278 1887 1322; x_wconf 80' lang='lat' dir='ltr'>Vigilia</span> 
     </span>
     <span class='ocr_line' id='line_1_63' title="bbox 1063 1324 1888 1362; baseline 0.005 -3"><span class='ocrx_word' id='word_1_295' title='bbox 1063 1325 1324 1360; x_wconf 74' lang='lat' dir='ltr'>Ascensionis.</span> <span class='ocrx_word' id='word_1_296' title='bbox 1364 1325 1506 1359; x_wconf 83' lang='lat' dir='ltr'>Beatus</span> <span class='ocrx_word' id='word_1_297' title='bbox 1547 1324 1618 1360; x_wconf 89' lang='lat' dir='ltr'>vir.</span> <span class='ocrx_word' id='word_1_298' title='bbox 1666 1325 1713 1362; x_wconf 91' lang='lat' dir='ltr'>de</span> <span class='ocrx_word' id='word_1_299' title='bbox 1753 1327 1888 1362; x_wconf 89' lang='lat' dir='ltr'>eodem</span> 
     </span>
     <span class='ocr_line' id='line_1_64' title="bbox 1062 1373 1534 1416; baseline -0.004 -8"><span class='ocrx_word' id='word_1_300' title='bbox 1062 1373 1264 1408; x_wconf 91' lang='lat' dir='ltr'>Communi</span> <span class='ocrx_word' id='word_1_301' title='bbox 1288 1374 1318 1407; x_wconf 80' lang='lat'>2.</span> <span class='ocrx_word' id='word_1_302' title='bbox 1343 1374 1440 1408; x_wconf 87' lang='lat' dir='ltr'>loco.</span> <span class='ocrx_word' id='word_1_303' title='bbox 1464 1373 1534 1416; x_wconf 75' lang='lat'>[94]</span> 
     </span>
    </p>
   </div>
   <div class='ocr_carea' id='block_1_8' title="bbox 1061 1444 1891 1858">
    <p class='ocr_par' dir='ltr' id='par_1_17' title="bbox 1061 1444 1891 1858">
     <span class='ocr_line' id='line_1_65' title="bbox 1295 1444 1657 1484; baseline 0.003 -1"><span class='ocrx_word' id='word_1_304' title='bbox 1295 1444 1344 1483; x_wconf 91' lang='lat' dir='ltr'>In</span> <span class='ocrx_word' id='word_1_305' title='bbox 1363 1444 1413 1483; x_wconf 93' lang='lat' dir='ltr'>II.</span> <span class='ocrx_word' id='word_1_306' title='bbox 1433 1444 1657 1484; x_wconf 78' lang='lat' dir='ltr'>Nocturno.</span> 
     </span>
     <span class='ocr_line' id='line_1_66' title="bbox 1362 1512 1589 1555; baseline 0.004 -2"><span class='ocrx_word' id='word_1_307' title='bbox 1362 1512 1516 1555; x_wconf 90' lang='lat' dir='ltr'>Lectio</span> <span class='ocrx_word' id='word_1_308' title='bbox 1536 1514 1589 1555; x_wconf 84' lang='lat' dir='ltr'>iv.</span> 
     </span>
     <span class='ocr_line' id='line_1_67' title="bbox 1107 1580 1889 1623; baseline 0.001 -2"><span class='ocrx_word' id='word_1_309' title='bbox 1107 1587 1128 1590; x_wconf 78' lang='grc'>“’</span> <span class='ocrx_word' id='word_1_310' title='bbox 1147 1580 1302 1622; x_wconf 89' lang='lat' dir='ltr'>aulus</span> <span class='ocrx_word' id='word_1_311' title='bbox 1330 1594 1355 1622; x_wconf 88' lang='lat' dir='ltr'>a</span> <span class='ocrx_word' id='word_1_312' title='bbox 1383 1581 1523 1622; x_wconf 91' lang='lat' dir='ltr'>Cruce</span> <span class='ocrx_word' id='word_1_313' title='bbox 1550 1580 1719 1623; x_wconf 86' lang='lat' dir='ltr'>Uvadae</span> <span class='ocrx_word' id='word_1_314' title='bbox 1750 1581 1795 1622; x_wconf 92' lang='lat' dir='ltr'>in</span> <span class='ocrx_word' id='word_1_315' title='bbox 1822 1580 1889 1622; x_wconf 86' lang='lat' dir='ltr'>Li-</span> 
     </span>
     <span class='ocr_line' id='line_1_68' title="bbox 1071 1637 1889 1688; baseline 0.007 -14"><span class='ocrx_word' id='word_1_316' title='bbox 1071 1679 1074 1682; x_wconf 23' lang='lat'>,</span> <span class='ocrx_word' id='word_1_317' title='bbox 1195 1637 1319 1688; x_wconf 84' lang='lat' dir='ltr'>guria</span> <span class='ocrx_word' id='word_1_318' title='bbox 1338 1642 1477 1686; x_wconf 89' lang='lat' dir='ltr'>natus,</span> <span class='ocrx_word' id='word_1_319' title='bbox 1496 1637 1576 1679; x_wconf 89' lang='lat' dir='ltr'>sed</span> <span class='ocrx_word' id='word_1_320' title='bbox 1595 1650 1619 1679; x_wconf 90' lang='lat' dir='ltr'>e</span> <span class='ocrx_word' id='word_1_321' title='bbox 1634 1637 1889 1680; x_wconf 88' lang='lat' dir='ltr'>Castellatio</span> 
     </span>
     <span class='ocr_line' id='line_1_69' title="bbox 1070 1686 1888 1745; baseline 0.004 -12"><span class='ocrx_word' id='word_1_322' title='bbox 1070 1694 1087 1719; x_wconf 80' lang='lat'>&#39;-</span> <span class='ocrx_word' id='word_1_323' title='bbox 1105 1686 1162 1719; x_wconf 55' lang='lat'>‘³3‘</span> <span class='ocrx_word' id='word_1_324' title='bbox 1195 1705 1337 1745; x_wconf 90' lang='lat' dir='ltr'>prope</span> <span class='ocrx_word' id='word_1_325' title='bbox 1347 1693 1661 1735; x_wconf 84' lang='lat' dir='ltr'>Alexandriam</span> <span class='ocrx_word' id='word_1_326' title='bbox 1674 1694 1888 1736; x_wconf 89' lang='lat' dir='ltr'>Statiello-</span> 
     </span>
     <span class='ocr_line' id='line_1_70' title="bbox 1061 1749 1891 1804; baseline 0.004 -15"><span class='ocrx_word' id='word_1_327' title='bbox 1061 1761 1158 1789; x_wconf 89' lang='lat' dir='ltr'>rum</span> <span class='ocrx_word' id='word_1_328' title='bbox 1189 1749 1325 1791; x_wconf 91' lang='lat' dir='ltr'>nobili</span> <span class='ocrx_word' id='word_1_329' title='bbox 1355 1751 1516 1800; x_wconf 81' lang='lat' dir='ltr'>genere</span> <span class='ocrx_word' id='word_1_330' title='bbox 1548 1749 1772 1800; x_wconf 83' lang='lat' dir='ltr'>oriundus,</span> <span class='ocrx_word' id='word_1_331' title='bbox 1804 1763 1891 1804; x_wconf 88' lang='lat' dir='ltr'>qua</span> 
     </span>
     <span class='ocr_line' id='line_1_71' title="bbox 1062 1805 1889 1858; baseline 0.004 -12"><span class='ocrx_word' id='word_1_332' title='bbox 1062 1805 1231 1847; x_wconf 83' lang='lat' dir='ltr'>futurus</span> <span class='ocrx_word' id='word_1_333' title='bbox 1257 1811 1374 1848; x_wconf 90' lang='lat' dir='ltr'>esset</span> <span class='ocrx_word' id='word_1_334' title='bbox 1393 1807 1626 1849; x_wconf 82' lang='lat' dir='ltr'>sanctitate</span> <span class='ocrx_word' id='word_1_335' title='bbox 1646 1807 1805 1858; x_wconf 87' lang='lat' dir='ltr'>clarus,</span> <span class='ocrx_word' id='word_1_336' title='bbox 1829 1807 1889 1848; x_wconf 94' lang='lat' dir='ltr'>in-</span> 
     </span>
    </p>
   </div>
   <div class='ocr_carea' id='block_1_9' title="bbox 1062 1852 1970 1916">
    <p class='ocr_par' dir='ltr' id='par_1_18' title="bbox 1062 1852 1970 1916">
     <span class='ocr_line' id='line_1_72' title="bbox 1062 1852 1970 1916; baseline 0.006 -14"><span class='ocrx_word' id='word_1_337' title='bbox 1062 1862 1205 1903; x_wconf 90' lang='lat' dir='ltr'>notuit</span> <span class='ocrx_word' id='word_1_338' title='bbox 1232 1862 1342 1904; x_wconf 91' lang='lat' dir='ltr'>miro</span> <span class='ocrx_word' id='word_1_339' title='bbox 1371 1862 1624 1916; x_wconf 85' lang='lat' dir='ltr'>splendore,</span> <span class='ocrx_word' id='word_1_340' title='bbox 1653 1864 1728 1916; x_wconf 91' lang='lat' dir='ltr'>qui</span> <span class='ocrx_word' id='word_1_341' title='bbox 1755 1869 1891 1906; x_wconf 91' lang='lat' dir='ltr'>noctu</span> <span class='ocrx_word' id='word_1_342' title='bbox 1966 1852 1970 1854; x_wconf 52' lang='lat'>.</span> 
     </span>
    </p>
   </div>
   <div class='ocr_carea' id='block_1_10' title="bbox 1061 1918 1894 2766">
    <p class='ocr_par' dir='ltr' id='par_1_19' title="bbox 1061 1918 1894 2766">
     <span class='ocr_line' id='line_1_73' title="bbox 1062 1918 1890 1973; baseline 0.005 -14"><span class='ocrx_word' id='word_1_343' title='bbox 1062 1918 1260 1971; x_wconf 87' lang='lat' dir='ltr'>implevit</span> <span class='ocrx_word' id='word_1_344' title='bbox 1290 1919 1501 1973; x_wconf 89' lang='lat' dir='ltr'>parientis</span> <span class='ocrx_word' id='word_1_345' title='bbox 1532 1921 1685 1962; x_wconf 88' lang='lat' dir='ltr'>matris</span> <span class='ocrx_word' id='word_1_346' title='bbox 1717 1920 1890 1963; x_wconf 86' lang='lat' dir='ltr'>cubicu-</span> 
     </span>
     <span class='ocr_line' id='line_1_74' title="bbox 1061 1974 1889 2029; baseline 0.005 -14"><span class='ocrx_word' id='word_1_347' title='bbox 1061 1974 1166 2025; x_wconf 90' lang='lat' dir='ltr'>lum,</span> <span class='ocrx_word' id='word_1_348' title='bbox 1186 1980 1229 2017; x_wconf 90' lang='lat' dir='ltr'>et</span> <span class='ocrx_word' id='word_1_349' title='bbox 1248 1975 1404 2028; x_wconf 85' lang='lat' dir='ltr'>insigni</span> <span class='ocrx_word' id='word_1_350' title='bbox 1423 1980 1623 2028; x_wconf 82' lang='lat' dir='ltr'>augustae</span> <span class='ocrx_word' id='word_1_351' title='bbox 1642 1977 1743 2019; x_wconf 87' lang='lat' dir='ltr'>coeli</span> <span class='ocrx_word' id='word_1_352' title='bbox 1761 1977 1889 2029; x_wconf 86' lang='lat' dir='ltr'>Regi-</span> 
     </span>
     <span class='ocr_line' id='line_1_75' title="bbox 1063 2031 1890 2087; baseline 0.005 -15"><span class='ocrx_word' id='word_1_353' title='bbox 1063 2045 1132 2073; x_wconf 89' lang='lat' dir='ltr'>nae</span> <span class='ocrx_word' id='word_1_354' title='bbox 1154 2031 1386 2083; x_wconf 89' lang='lat' dir='ltr'>beneficio,</span> <span class='ocrx_word' id='word_1_355' title='bbox 1414 2047 1513 2086; x_wconf 84' lang='lat' dir='ltr'>quae</span> <span class='ocrx_word' id='word_1_356' title='bbox 1538 2037 1724 2087; x_wconf 84' lang='lat' dir='ltr'>puerum</span> <span class='ocrx_word' id='word_1_357' title='bbox 1746 2034 1790 2075; x_wconf 93' lang='lat' dir='ltr'>in</span> <span class='ocrx_word' id='word_1_358' title='bbox 1813 2034 1890 2076; x_wconf 90' lang='lat' dir='ltr'>flu-</span> 
     </span>
     <span class='ocr_line' id='line_1_76' title="bbox 1063 2088 1890 2143; baseline 0.005 -14"><span class='ocrx_word' id='word_1_359' title='bbox 1063 2101 1162 2130; x_wconf 92' lang='lat' dir='ltr'>men</span> <span class='ocrx_word' id='word_1_360' title='bbox 1195 2088 1426 2143; x_wconf 90' lang='lat' dir='ltr'>delapsum</span> <span class='ocrx_word' id='word_1_361' title='bbox 1459 2103 1485 2132; x_wconf 89' lang='lat' dir='ltr'>a</span> <span class='ocrx_word' id='word_1_362' title='bbox 1513 2095 1635 2132; x_wconf 89' lang='lat' dir='ltr'>certo</span> <span class='ocrx_word' id='word_1_363' title='bbox 1662 2091 1890 2143; x_wconf 83' lang='lat' dir='ltr'>naufragio</span> 
     </span>
     <span class='ocr_line' id='line_1_77' title="bbox 1062 2145 1894 2200; baseline 0.004 -14"><span class='ocrx_word' id='word_1_364' title='bbox 1062 2145 1247 2187; x_wconf 68' lang='lat' dir='ltr'>illaesum</span> <span class='ocrx_word' id='word_1_365' title='bbox 1272 2147 1440 2199; x_wconf 91' lang='lat' dir='ltr'>eripuit.</span> <span class='ocrx_word' id='word_1_366' title='bbox 1476 2147 1518 2188; x_wconf 93' lang='lat' dir='ltr'>A</span> <span class='ocrx_word' id='word_1_367' title='bbox 1542 2147 1685 2200; x_wconf 92' lang='lat' dir='ltr'>primo</span> <span class='ocrx_word' id='word_1_368' title='bbox 1709 2147 1894 2190; x_wconf 87' lang='lat' dir='ltr'>rationis</span> 
     </span>
     <span class='ocr_line' id='line_1_78' title="bbox 1062 2202 1891 2246; baseline 0.002 -3"><span class='ocrx_word' id='word_1_369' title='bbox 1062 2215 1143 2244; x_wconf 92' lang='lat' dir='ltr'>usu</span> <span class='ocrx_word' id='word_1_370' title='bbox 1175 2202 1201 2243; x_wconf 88' lang='lat' dir='ltr'><strong>J</strong></span> <span class='ocrx_word' id='word_1_371' title='bbox 1203 2215 1280 2244; x_wconf 92' lang='lat' dir='ltr'>esu</span> <span class='ocrx_word' id='word_1_372' title='bbox 1315 2203 1478 2246; x_wconf 90' lang='lat' dir='ltr'>Christi</span> <span class='ocrx_word' id='word_1_373' title='bbox 1514 2204 1710 2246; x_wconf 86' lang='lat' dir='ltr'>crucifixi</span> <span class='ocrx_word' id='word_1_374' title='bbox 1742 2205 1891 2246; x_wconf 87' lang='lat' dir='ltr'>amore</span> 
     </span>
     <span class='ocr_line' id='line_1_79' title="bbox 1064 2259 1890 2314; baseline 0.001 -14"><span class='ocrx_word' id='word_1_375' title='bbox 1064 2259 1274 2309; x_wconf 66' lang='lat' dir='ltr'>flagrans,</span> <span class='ocrx_word' id='word_1_376' title='bbox 1293 2260 1383 2312; x_wconf 88' lang='lat' dir='ltr'>ejus</span> <span class='ocrx_word' id='word_1_377' title='bbox 1408 2260 1768 2314; x_wconf 81' lang='lat' dir='ltr'>contemplationi</span> <span class='ocrx_word' id='word_1_378' title='bbox 1789 2273 1890 2314; x_wconf 91' lang='lat' dir='ltr'>pro-</span> 
     </span>
     <span class='ocr_line' id='line_1_80' title="bbox 1062 2315 1890 2370; baseline 0.002 -14"><span class='ocrx_word' id='word_1_379' title='bbox 1062 2315 1191 2357; x_wconf 87' lang='lat' dir='ltr'>lixius</span> <span class='ocrx_word' id='word_1_380' title='bbox 1211 2318 1369 2358; x_wconf 89' lang='lat' dir='ltr'>vacare</span> <span class='ocrx_word' id='word_1_381' title='bbox 1388 2317 1541 2370; x_wconf 89' lang='lat' dir='ltr'>coepit,</span> <span class='ocrx_word' id='word_1_382' title='bbox 1570 2322 1615 2359; x_wconf 92' lang='lat' dir='ltr'>et</span> <span class='ocrx_word' id='word_1_383' title='bbox 1638 2330 1813 2359; x_wconf 88' lang='lat' dir='ltr'>carnem</span> <span class='ocrx_word' id='word_1_384' title='bbox 1831 2317 1890 2358; x_wconf 94' lang='lat' dir='ltr'>in-</span> 
     </span>
     <span class='ocr_line' id='line_1_81' title="bbox 1063 2373 1891 2426; baseline 0.002 -13"><span class='ocrx_word' id='word_1_385' title='bbox 1063 2373 1418 2415; x_wconf 88' lang='lat' dir='ltr'>nocentissimam</span> <span class='ocrx_word' id='word_1_386' title='bbox 1435 2374 1604 2425; x_wconf 87' lang='lat' dir='ltr'>vigiliis,</span> <span class='ocrx_word' id='word_1_387' title='bbox 1624 2373 1817 2426; x_wconf 86' lang='lat' dir='ltr'>flagellis,</span> <span class='ocrx_word' id='word_1_388' title='bbox 1836 2375 1891 2426; x_wconf 90' lang='lat' dir='ltr'>je-</span> 
     </span>
     <span class='ocr_line' id='line_1_82' title="bbox 1063 2429 1890 2481; baseline 0.002 -11"><span class='ocrx_word' id='word_1_389' title='bbox 1063 2429 1203 2481; x_wconf 76' lang='lat' dir='ltr'>jt&#39;miis,</span> <span class='ocrx_word' id='word_1_390' title='bbox 1230 2434 1341 2481; x_wconf 91' lang='lat' dir='ltr'>potu</span> <span class='ocrx_word' id='word_1_391' title='bbox 1358 2429 1403 2470; x_wconf 92' lang='lat' dir='ltr'>in</span> <span class='ocrx_word' id='word_1_392' title='bbox 1421 2435 1547 2472; x_wconf 86' lang='lat' dir='ltr'>sexta</span> <span class='ocrx_word' id='word_1_393' title='bbox 1565 2430 1673 2471; x_wconf 86' lang='lat' dir='ltr'>feria</span> <span class='ocrx_word' id='word_1_394' title='bbox 1691 2443 1745 2472; x_wconf 87' lang='lat' dir='ltr'>ex</span> <span class='ocrx_word' id='word_1_395' title='bbox 1765 2431 1890 2472; x_wconf 87' lang='lat' dir='ltr'>aceto</span> 
     </span>
     <span class='ocr_line' id='line_1_83' title="bbox 1064 2485 1891 2539; baseline 0 -11"><span class='ocrx_word' id='word_1_396' title='bbox 1064 2498 1163 2528; x_wconf 93' lang='lat' dir='ltr'>cum</span> <span class='ocrx_word' id='word_1_397' title='bbox 1190 2485 1291 2527; x_wconf 88' lang='lat' dir='ltr'>felle</span> <span class='ocrx_word' id='word_1_398' title='bbox 1317 2486 1474 2536; x_wconf 89' lang='lat' dir='ltr'>mixto,</span> <span class='ocrx_word' id='word_1_399' title='bbox 1506 2499 1558 2528; x_wconf 89' lang='lat' dir='ltr'>ac</span> <span class='ocrx_word' id='word_1_400' title='bbox 1591 2485 1700 2528; x_wconf 90' lang='lat' dir='ltr'>dura</span> <span class='ocrx_word' id='word_1_401' title='bbox 1738 2487 1891 2539; x_wconf 86' lang='lat' dir='ltr'>quavis</span> 
     </span>
     <span class='ocr_line' id='line_1_84' title="bbox 1064 2542 1892 2596; baseline 0 -12"><span class='ocrx_word' id='word_1_402' title='bbox 1064 2542 1348 2593; x_wconf 85' lang='lat' dir='ltr'>castigatione</span> <span class='ocrx_word' id='word_1_403' title='bbox 1393 2544 1631 2585; x_wconf 88' lang='lat' dir='ltr'>conterere.</span> <span class='ocrx_word' id='word_1_404' title='bbox 1697 2543 1892 2596; x_wconf 71' lang='lat' dir='ltr'>Martyrii</span> 
     </span>
     <span class='ocr_line' id='line_1_85' title="bbox 1065 2598 1892 2649; baseline 0.002 -9"><span class='ocrx_word' id='word_1_405' title='bbox 1065 2598 1284 2640; x_wconf 90' lang='lat' dir='ltr'>desiderio</span> <span class='ocrx_word' id='word_1_406' title='bbox 1326 2599 1547 2649; x_wconf 89' lang='lat' dir='ltr'>incensus,</span> <span class='ocrx_word' id='word_1_407' title='bbox 1592 2601 1804 2642; x_wconf 84' lang='lat' dir='ltr'>exercitui</span> <span class='ocrx_word' id='word_1_408' title='bbox 1845 2613 1892 2642; x_wconf 92' lang='lat' dir='ltr'>se</span> 
     </span>
     <span class='ocr_line' id='line_1_86' title="bbox 1063 2655 1892 2708; baseline 0.001 -11"><span class='ocrx_word' id='word_1_409' title='bbox 1063 2655 1274 2707; x_wconf 82' lang='lat' dir='ltr'>adjunxit,</span> <span class='ocrx_word' id='word_1_410' title='bbox 1305 2656 1378 2708; x_wconf 91' lang='lat' dir='ltr'>qui</span> <span class='ocrx_word' id='word_1_411' title='bbox 1405 2656 1617 2706; x_wconf 88' lang='lat' dir='ltr'>Venetiis,</span> <span class='ocrx_word' id='word_1_412' title='bbox 1646 2656 1702 2698; x_wconf 90' lang='lat' dir='ltr'>ad</span> <span class='ocrx_word' id='word_1_413' title='bbox 1729 2656 1892 2698; x_wconf 91' lang='lat' dir='ltr'>bellum</span> 
     </span>
     <span class='ocr_line' id='line_1_87' title="bbox 1063 2712 1892 2766; baseline 0.005 -13"><span class='ocrx_word' id='word_1_414' title='bbox 1063 2712 1220 2754; x_wconf 90' lang='lat' dir='ltr'>Turcis</span> <span class='ocrx_word' id='word_1_415' title='bbox 1234 2712 1519 2763; x_wconf 85' lang='lat' dir='ltr'>inferendum,</span> <span class='ocrx_word' id='word_1_416' title='bbox 1539 2713 1892 2766; x_wconf 87' lang='lat' dir='ltr'>comparabatur;</span> 
     </span>
    </p>
   </div>
   <div class='ocr_carea' id='block_1_11' title="bbox 115 128 1957 2817">
    <p class='ocr_par' dir='ltr' id='par_1_20' title="bbox 115 128 1957 2817">
     <span class='ocr_line' id='line_1_88' title="bbox 115 128 1957 2817; baseline 0 0"><span class='ocrx_word' id='word_1_417' title='bbox 115 128 1957 2817; x_wconf 95' lang='lat' dir='ltr'> </span> 
     </span>
    </p>
   </div>
  </div>
 </body>
</html>
