2066 2904
503 161 713 195 Commune
741 160 1020 202 Apostolorum
1048 163 1155 192 extra
1182 162 1333 201 tempus
1360 158 1559 192 l'uschalc.

221 255 434 297 Accedite
471 254 528 296 ad
559 267 677 304 eum,
716 258 760 295 et
790 253 1001 294 illumina-

168 312 291 352 mini:
318 312 342 338 *
371 316 415 353 et
441 311 575 352 facies
595 315 755 352 vestrae
783 322 872 351 non
901 323 1001 351 con-

168 368 415 410 fundentur.

221 425 312 466 Iste
322 436 491 477 pauper
506 423 720 473 clamavit,
732 428 776 464 et
786 422 1001 464 Dominus

170 480 394 522 exaudivit
408 493 523 522 eum:
537 480 561 506 *
576 485 620 521 et
635 479 690 521 de
707 479 909 520 omnibus
929 479 1001 520 tri-

168 536 464 579 bulationibus
485 537 575 588 ejus
596 535 781 577 salvavit
801 548 911 576 eum.

220 595 432 635 Immittet
447 592 643 644 Angelus
661 592 840 633 Domini
859 592 903 632 in
923 592 1001 633 cir-

169 650 539 692 cuitutimentium
547 649 742 691 eum:*et
750 649 1001 701 eripieteos.

222 707 408 748 Gustate
422 711 466 748 et
476 706 622 748 videte
637 705 845 758 quoniam
855 705 1001 746 suavis

171 768 238 805 est
251 763 485 804 Dominus:
504 763 527 789 *
547 762 703 804 beatus
718 762 794 812 vir,
816 762 890 814 qui
906 766 1001 814 spe-

170 824 239 861 rat
257 820 300 860 in
321 832 385 861 eo.

222 876 393 917 Timete
417 876 654 917 Dominum
679 888 832 917 omnes
861 875 1002 916 sancti

170 933 278 984 ejus:
319 933 342 958 *
382 933 587 985 quoniam
623 945 713 973 non
749 936 817 973 est
852 931 1002 984 inopia

168 988 422 1030 timentibus
442 1001 553 1030 eum.

220 1045 391 1086 Divites
421 1047 635 1096 eguerunt
665 1049 708 1086 et
736 1044 1001 1085 esurierunt:

169 1101 193 1127 *
211 1101 481 1154 inquirentes
497 1106 644 1142 autem
658 1100 897 1141 Dominum
912 1113 1001 1141 non

168 1157 417 1199 minuentur
437 1158 556 1199 omni
574 1157 705 1199 bono.

220 1214 381 1255 Venite
396 1213 484 1264 filii,
500 1213 649 1255 audite
659 1226 745 1254 me:
758 1213 782 1239 *
798 1214 1001 1254 timorem

168 1270 347 1310 Domini
365 1269 537 1312 docebo
557 1283 648 1311 vos.

222 1326 329 1377 Quis
350 1331 417 1368 est
435 1326 568 1368 homo
594 1327 668 1379 qui
691 1326 785 1368 vult
804 1326 957 1368 vitam:
977 1326 1000 1351 *

169 1381 310 1433 diligit
329 1382 422 1424 dies
441 1382 592 1424 videre
611 1381 780 1424 bonos?

219 1438 411 1480 Prohibe
431 1438 623 1489 linguam
638 1446 758 1480 tuam
778 1452 803 1480 a
821 1438 958 1479 malo:
977 1438 1000 1463 *

169 1499 213 1536 et
231 1494 348 1536 labia
366 1499 442 1536 tua
460 1507 515 1536 ne
534 1494 771 1547 loquantur
791 1495 952 1536 dolum.

220 1551 402 1593 Diverte
426 1564 452 1592 a
470 1550 604 1602 malo,
624 1556 668 1592 et
686 1551 755 1592 fac
773 1551 957 1593 bonum:
977 1552 1000 1576 *

167 1607 339 1660 inquire
358 1620 525 1660 pacem,
546 1612 590 1649 et
603 1609 872 1660 persequere
893 1620 999 1649 eam.

221 1663 349 1705 Oculi
372 1664 552 1705 Domini
570 1677 703 1717 super
727 1665 884 1716 justos:
908 1664 932 1690 *
957 1669 1000 1705 et

168 1733 296 1762 aures
315 1720 407 1772 ejus
425 1720 470 1761 in
487 1733 644 1773 preces
664 1722 827 1762 eorum.

219 1776 380 1818 Vultus
405 1781 553 1818 autem
577 1776 753 1818 Domini
784 1790 916 1829 super
940 1777 999 1818 fa-

167 1833 332 1874 cientes
350 1832 484 1874 mala:
507 1833 530 1859 *
555 1838 603 1874 ut
627 1832 786 1886 perdat
806 1832 861 1875 de
880 1838 1000 1875 terra

165 1889 424 1930 memoriam
443 1891 607 1931 eorum.

220 1944 528 1987 Clamaverunt
556 1946 675 1997 justi,
712 1951 756 1988 et
782 1946 998 1987 Dominus

168 2000 391 2043 exaudivit
410 2014 506 2043 eos:
524 2002 548 2028 *
569 2006 614 2043 et
633 2015 688 2043 ex
704 2002 905 2044 omnibus
925 2002 998 2043 tri-

165 2056 464 2099 bulationibus
486 2060 639 2099 eorum
657 2058 862 2100 liberavit
881 2071 969 2099 eos.

218 2113 351 2155 Juxta
371 2118 438 2155 est
451 2113 668 2155 Dominus
687 2115 750 2165 iis,
772 2115 846 2167 qui
864 2114 998 2156 tribu-

165 2168 256 2211 lato
273 2173 374 2211 sunt
391 2169 525 2211 corde
537 2186 544 2210 :
554 2170 578 2196 *
590 2175 633 2212 et
643 2170 830 2212 humiles
841 2171 999 2223 spiritu

166 2225 364 2267 salvabit.

217 2281 370 2323 Multae
389 2281 696 2324 tribulationes
716 2283 949 2334 justorum:
973 2282 997 2308 *

167 2342 211 2379 et
224 2338 280 2379 de
296 2338 498 2380 omnibus
513 2338 580 2379 his
595 2338 802 2380 liberabit
817 2351 894 2380 eos
908 2338 997 2379 Do-

165 2407 319 2435 minus.

218 2450 422 2492 Custodit
456 2451 672 2492 Dominus
711 2451 857 2492 omnia
894 2463 997 2492 ossa

166 2507 334 2547 eorum:
356 2506 380 2532 *
403 2520 539 2548 unum
563 2520 618 2549 ex
642 2507 710 2549 his
733 2520 823 2548 non
849 2511 995 2548 conte-

166 2563 297 2604 retur.

217 2618 338 2660 Mors
358 2621 642 2672 peccatorum
661 2620 872 2673 pessima:
899 2620 923 2645 *
952 2624 997 2661 et

167 2674 240 2725 qui
260 2673 449 2717 oderunt
466 2676 637 2727 iustum,
657 2675 924 2728 delinquent.

318 2815 383 2840 Pars
398 2815 492 2840 Vema.

1107 252 1314 294 Redimet
1345 252 1561 293 Dominus
1601 252 1767 292 animas
1803 264 1889 292 ser-

1054 311 1211 351 vorum
1225 310 1423 349 suorum:
1439 309 1462 334 *
1475 312 1519 349 et
1533 321 1622 349 non
1633 308 1890 360 delinquent

1055 378 1207 407 omnes
1229 365 1303 417 qui
1323 369 1503 417 sperant
1523 364 1567 405 in
1588 377 1652 406 eo.

1106 432 1205 471 Ant.
1236 430 1549 471 Clamaverunt
1576 430 1695 482 justi,
1729 434 1773 471 et
1802 430 1889 470 Do-

1053 488 1198 528 minus
1219 486 1446 528 exaudivit
1465 499 1553 527 eos.

1110 554 1208 594 Ant.
1239 552 1495 593 Constitues
1517 552 1541 576 *
1565 564 1641 592 eos
1667 551 1889 604 principes

1055 622 1188 662 super
1226 621 1403 650 omnem
1439 612 1624 649 terram:
1670 610 1889 649 memores

1055 670 1183 707 erunt
1203 665 1394 706 nominis
1414 664 1699 706 tuiDomine.

1325 748 1522 788 Psalmus
1553 749 1618 787 44.

1054 808 1331 914 Eructavit
1350 829 1427 858 cor
1446 829 1593 857 meum
1611 816 1796 857 verbum
1814 816 1889 857 bo-

1175 887 1298 914 num:
1326 874 1350 899 *
1379 873 1478 914 dico
1508 886 1591 923 ego
1628 875 1765 925 opera
1791 886 1890 914 mea

1054 930 1158 981 regi.

1105 987 1275 1038 Lingua
1307 999 1406 1028 mea
1434 986 1628 1028 calamus
1658 986 1833 1035 scribae,
1866 987 1889 1011 *

1054 1043 1265 1085 velociter
1294 1043 1538 1084 scribentis.

1105 1100 1342 1152 Speciosus
1376 1100 1519 1140 forma
1551 1112 1645 1152 prae
1678 1099 1779 1140 filiis
1814 1098 1888 1140 ho-

1053 1156 1228 1205 minum,
1258 1155 1417 1197 diffusa
1446 1161 1513 1197 est
1533 1156 1675 1206 gratia
1693 1156 1737 1196 in
1761 1156 1889 1197 labiis

1053 1213 1154 1254 tuis:
1169 1213 1443 1265 *propterea
1463 1212 1690 1254 benedixit
1707 1218 1751 1254 te
1767 1213 1889 1254 Deus

1053 1269 1097 1309 in
1126 1271 1350 1311 aeternum.
1940 1276 1941 1279 â€™

1105 1326 1351 1376 Accingere
1380 1324 1527 1375 gladio
1563 1330 1639 1366 tuo
1669 1338 1803 1378 super
1831 1326 1888 1367 fe-

1053 1395 1151 1423 mur
1179 1387 1313 1431 tuum,
1342 1382 1365 1407 *
1394 1381 1709 1434 potentissime,

1106 1439 1261 1491 Specie
1289 1444 1365 1480 tua
1389 1443 1433 1479 et
1459 1437 1785 1490 pulchritudine
1814 1443 1889 1480 tua

1053 1496 1077 1521 *
1114 1494 1307 1544 intende,
1344 1497 1559 1547 prospere
1596 1495 1807 1547 procede,
1846 1501 1889 1537 et

1054 1564 1200 1602 regna.

1105 1609 1295 1660 Propter
1314 1608 1556 1657 veritatem,
1579 1612 1622 1649 et
1640 1612 1887 1650 mansuetu-

1054 1664 1211 1714 dinem,
1241 1669 1285 1706 et
1313 1664 1534 1716 justitiam:
1568 1664 1591 1689 *
1625 1669 1669 1706 et
1697 1664 1889 1720 deducet

1052 1725 1096 1762 te
1124 1720 1381 1762 mirabiliter
1410 1720 1593 1762 dextera
1620 1726 1706 1762 tua.

1105 1778 1286 1828 Sagittae
1321 1783 1410 1819 tuae
1439 1780 1596 1827 acutae,
1623 1778 1778 1830 populi
1806 1778 1887 1820 sub

1051 1839 1096 1875 te
1125 1833 1295 1883 cadent,
1324 1835 1347 1859 Â²â¸
1376 1834 1419 1874 in
1448 1833 1585 1875 corda
1612 1834 1888 1876 inimicorum

1051 1891 1179 1942 regis.

1104 1946 1242 1988 Sedes
1261 1952 1337 1989 tua
1355 1947 1478 1988 Deus
1505 1947 1549 1987 in
1573 1947 1784 1988 saeculum
1809 1949 1886 1987 sae-

1052 2003 1154 2044 culi:
1181 2004 1205 2028 *
1233 2003 1357 2054 virga
1386 2003 1639 2044 directionis
1671 2003 1795 2054 virga
1822 2016 1885 2044 rcâ€”

1050 2059 1125 2109 gni
1150 2060 1226 2101 tui.

1103 2115 1307 2157 Dilexisti
1332 2115 1549 2167 justitiam,
1579 2120 1622 2157 et
1651 2115 1783 2157 odisti
1810 2115 1885 2156 ini-

1053 2171 1280 2223 quitatem:
1290 2172 1314 2197 *
1324 2173 1563 2225 propterea
1575 2172 1699 2213 unxit
1708 2176 1752 2213 te
1763 2171 1885 2213 Deus

1049 2227 1171 2269 Deus
1198 2233 1299 2270 tuus
1335 2228 1434 2269 oleo
1463 2228 1629 2269 laetitiae
1662 2240 1756 2280 prae
1784 2240 1884 2269 con-

1050 2283 1242 2325 sortibus
1269 2285 1367 2326 tuis.

1101 2340 1291 2392 Myrrha,
1320 2346 1364 2382 et
1391 2344 1525 2390 gutta,
1555 2344 1598 2381 et
1627 2339 1745 2380 casia
1769 2352 1794 2380 a
1813 2352 1883 2380 ve-

1049 2395 1264 2438 stimentis
1283 2397 1380 2446 tuis,
1399 2409 1424 2437 a
1440 2395 1644 2437 domibus
1664 2395 1884 2437 eburneis:

1049 2452 1072 2478 *
1090 2465 1145 2494 ex
1174 2453 1331 2505 quibus
1352 2452 1683 2494 delectaverunt
1706 2457 1751 2494 te
1779 2452 1883 2493 ffliae

1048 2521 1202 2559 regum
1228 2509 1272 2550 in
1300 2509 1469 2550 honore
1496 2513 1585 2550 tuo.

1100 2565 1253 2607 Astitit
1285 2567 1436 2615 regina
1469 2577 1495 2605 a
1523 2564 1689 2607 dextris
1724 2565 1810 2607 tuis
1838 2565 1882 2606 in

1048 2624 1210 2663 vestitu
1229 2621 1457 2663 deaurato:
1475 2621 1499 2646 *
1519 2620 1790 2663 circumdata
1809 2635 1881 2663 va-

1047 2677 1214 2719 rietate.

1619 2808 1671 2841 A*
