2028 2892
567 162 670 197 Infra
696 164 989 201 Ilebdomadum
1014 169 1062 203 iv.
1087 170 1410 212 Quadragesimae.

419 256 488 293 Ad
511 256 699 295 sextam.

189 308 290 350 Ant.
314 308 499 350 Satiavit
516 309 733 351 D6minus
742 310 767 336 *
778 312 970 364 quinque

142 363 277 405 millia
299 364 524 406 hominum
550 364 605 406 de
632 367 825 418 quinque
850 369 970 420 pani-

140 419 224 461 bus
243 425 288 462 et
306 420 481 462 duobus
499 421 706 473 piscibus.

215 484 476 536 Capitulum.
638 489 779 530 Galat.
794 493 830 530 4.
847 492 885 532 d.

220 544 356 585 aetare
385 544 545 585 sterilis
582 558 681 597 quae
717 558 806 587 non
836 548 970 599 paris:

243 602 424 652 erumpe
469 605 514 642 et
557 601 697 642 clama
744 615 843 654 quae
882 616 970 644 non

139 655 348 707 parturis:
386 656 487 709 quia
514 657 640 698 multi
666 657 745 698 filii
771 657 969 709 desertae,

139 712 278 762 magis
298 724 430 763 quam
450 713 540 766 eius
557 725 656 765 quae
671 712 805 755 habet
818 715 969 756 virum.

187 769 238 821 R.
256 768 319 810 br.
351 768 551 821 Scapulis
576 769 701 810 suis*
726 769 970 812 Obumbra-

138 823 204 865 bit
226 823 319 865 tibi.
353 824 566 877 Scapulis.
596 822 648 874 V.
679 826 736 866 Et
761 826 842 868 sub
866 840 968 879 pen-

139 880 208 920 nis
253 880 346 932 ejus
391 880 603 933 sperabis.
666 881 969 924 Obumbrabit.

138 934 292 977 Gloria
322 937 454 978 Patri.
500 937 711 989 Scapulis.

187 987 237 1039 V.
268 992 402 1035 Scuto
427 993 717 1035 circumdabit
739 999 783 1036 te
807 996 969 1037 veritas

139 1049 241 1100 ejus.
274 1050 325 1102 Ην.
351 1050 454 1091 Non
472 1049 649 1091 timebis
674 1063 699 1090 a
717 1050 874 1093 timore
893 1065 967 1094 no-

139 1108 305 1147 cturno.

413 1162 481 1198 Ad
505 1163 690 1200 Nonam.

190 1218 291 1258 Ant.
315 1217 385 1258 Illi
404 1230 510 1269 ergo
529 1219 554 1246 *
571 1216 772 1260 homines
792 1231 891 1259 cum
909 1221 967 1261 vi-

137 1272 307 1315 dissent
326 1273 447 1326 quod
463 1273 627 1316 fecerat
640 1275 666 1315 J
668 1287 768 1316 esus
786 1275 967 1326 signum,

135 1329 252 1370 intra
269 1342 318 1371 se
343 1329 564 1372 dicebant:
591 1330 693 1382 quia
717 1330 787 1372 hic
813 1336 879 1372 est
898 1345 967 1373 ve-

135 1397 184 1427 re
205 1385 446 1438 Propheta,
482 1386 557 1438 qui
587 1390 796 1428 venturus
828 1392 895 1429 est
923 1388 967 1428 in

134 1440 357 1482 mundum.

214 1507 473 1559 Capitulum.
641 1510 780 1552 Galat.
795 1514 833 1552 4.
849 1512 887 1553 d.

181 1565 332 1613 taque,
359 1561 532 1612 fratres,
559 1574 648 1603 non
668 1575 817 1604 sumus
836 1564 967 1605 ancil-

193 1617 248 1659 1ae
267 1617 356 1668 filii,
376 1617 456 1660 sed
473 1617 640 1660 liberae:
660 1630 746 1670 qua
764 1618 965 1662 libertate

136 1673 336 1716 Christus
354 1686 436 1716 nos
452 1673 668 1716 liberavit.

187 1730 237 1783 R.
264 1730 327 1771 br.
388 1730 522 1772 Scuto
552 1730 843 1773 circumdabit
869 1736 914 1773 te
940 1737 963 1761 *

133 1786 310 1827 Veritas
329 1787 432 1838 ejus.
467 1787 613 1828 Scuto.
647 1784 697 1835 V.
723 1787 825 1828 Non
843 1788 964 1829 time-

133 1841 202 1883 bis
235 1855 261 1883 a
294 1842 454 1884 timore
487 1846 717 1884 nocturno.
774 1843 965 1892 Veritas.

135 1898 289 1939 Gloria
306 1898 437 1940 Patri.
469 1899 614 1940 Scuto.

185 1948 237 2001 ΥΤ.
264 1954 445 2005 Angelis
474 1955 563 1996 suis
591 1955 712 1996 Deus
739 1955 964 1997 mandavit

135 2008 190 2051 de
209 2014 264 2051 te.
293 2012 346 2063 R.
364 2011 424 2053 Ut
444 2011 695 2053 cust6diant
710 2016 754 2052 te
768 2011 812 2051 in
829 2012 962 2052 omni-

133 2064 216 2107 bus
234 2066 316 2107 viis
333 2067 431 2109 tuis.

366 2146 445 2187 Ad
467 2147 733 2197 vesperas.

186 2206 273 2241 Ant.
300 2211 336 2241 ct
360 2207 422 2242 Ps.
449 2208 496 2243 de
520 2208 733 2243 Dominica.
756 2208 836 2244 107.

187 2257 324 2308 Capit.
355 2259 542 2300 Fratres:
570 2259 790 2312 Scriptum
814 2265 890 2302 est.
919 2267 962 2303 et

134 2313 345 2363 Hymnus.
375 2314 490 2356 Audi
509 2314 708 2366 benigne.
726 2316 812 2357 172.

188 2370 239 2420 V.
268 2375 451 2425 Angelis
477 2375 567 2416 suis
592 2375 714 2416 Deus
738 2375 963 2416 mandavit

133 2429 190 2471 de
203 2434 259 2472 te.
280 2429 332 2480 Ru
351 2431 412 2472 Ut
430 2430 680 2473 custodiant
701 2436 745 2472 te
762 2432 806 2472 in
827 2431 960 2472 Omni-

133 2484 216 2527 bus
234 2486 317 2527 viis
336 2486 436 2528 tuis.

186 2543 259 2584 Ad
277 2545 452 2596 Magnis.
493 2547 593 2588 Ant.
634 2547 776 2588 Subiit
804 2559 908 2596 ergo
936 2547 960 2573 *

132 2600 178 2641 in
208 2606 405 2643 montem
435 2602 459 2642 J
462 2615 578 2653 esus,
611 2608 656 2645 et
686 2602 745 2644 ibi
778 2601 961 2643 sedebat

134 2668 237 2699 cum
252 2657 482 2710 discipulis
501 2658 603 2699 suis.

1073 265 1166 300 Post
1191 266 1383 309 vesperus
1409 270 1485 303 clici
1507 272 1684 306 dicuntur
1703 274 1843 316 Vespe-

1021 324 1074 347 rae
1099 313 1383 349 Defunctorum.

1207 413 1369 451 Feria
1403 415 1661 453 Secunda.

1022 469 1175 510 Lectio
1200 471 1338 512 sancti
1359 471 1583 522 Evangelii
1606 473 1844 514 secundum

1323 526 1348 567 J
1350 529 1546 568 oannem.

1125 586 1277 626 Lectio
1299 587 1322 625 i.
1531 590 1631 639 Cap.
1651 592 1686 628 2.
1707 603 1739 629 8.

1022 635 1099 741 In
1126 640 1201 681 illo
1229 643 1444 693 tempore:
1474 643 1620 695 Prope
1653 650 1745 685 erat
1771 658 1843 697 pa-

1089 696 1194 736 scha
1211 696 1480 747 Judaeorum‚
1500 704 1543 739 81
1563 700 1759 740 ascendit
1777 701 1800 740 J
1804 713 1843 741 8-

1022 764 1096 792 sus
1107 752 1132 792 J
1135 752 1439 804 erosolymam:
1454 759 1497 795 et
1511 754 1674 796 invenit
1687 756 1730 795 in
1740 760 1843 797 tem-

1022 807 1097 859 plo
1122 808 1361 849 vendentes
1387 809 1540 859 boves,
1574 815 1617 851 81
1647 823 1768 860 oves,
1801 817 1843 853 et

1022 863 1258 904 columbas.
1283 865 1341 905 Et
1359 865 1537 917 reliqua.

1020 932 1213 973 Homilia
1227 933 1366 974 sancti
1378 933 1610 983 Augustini
1625 935 1843 987 Episcopi.

1094 994 1217 1028 Tract.
1236 995 1292 1028 10.
1311 995 1350 1027 in
1366 995 1566 1034 ι10311118111,
1583 1002 1672 1038 post
1689 997 1767 1030 init.

1024 1043 1489 1141 1sp551ndallidivinlilusd
1509 1045 1686 1141 fgatres?
1728 1046 1843 1143 {cce

1030 1119 1101 1134 L
1156 1113 1224 1141 em
1274 1113 1347 1141 um
1383 1115 1396 1141 1
1430 1114 1458 1142 u
1557 1114 1665 1151 gura
1701 1114 1726 1142 a
1790 1115 1843 1143 uc

1021 1160 1124 1206 erat,
1145 1161 1188 1197 et
1208 1113 1332 1207 elfeeit
1350 1156 1451 1197 inde
1463 1157 1676 1197 Deminus
1694 1169 1842 1198 omnes

1022 1212 1096 1263 qm·
1115 1224 1192 1252 sua
1213 1211 1485 1263 quaerebant,
1515 1213 1588 1264 qui
1613 1212 1669 1254 ad
1692 1212 1842 1254 nundi-

1019 1279 1098 1307 nas
1126 1269 1345 1308 venerant.
1386 1268 1444 1308 Et
1476 1280 1573 1319 quae
1600 1268 1659 1309 ibi
1686 1268 1842 1309 vende-

1018 1322 1126 1363 bant
1143 1321 1227 1363 illi?
1262 1323 1370 1372 Quae
1396 1336 1507 1375 opus
1531 1323 1750 1364 habebant
1769 1323 1841 1364 110-

1019 1379 1158 1420 mines
1181 1379 1225 1418 in
1248 1379 1471 1419 sacrificiis
1491 1379 1604 1420 illius
1622 1380 1841 1431 temporis.

1019 1434 1156 1475 Novit
1187 1435 1301 1476 enim
1333 1435 1490 1476 caritas
1524 1439 1685 1483 vestra,
1722 1434 1840 1485 quod

1019 1490 1232 1531 sacrificia
1255 1490 1316 1530 1111
1340 1489 1507 1542 p6pulo
1533 1502 1614 1542 pro
1639 1491 1727 1541 ejus
1751 1502 1840 1530 car-

1018 1545 1214 1595 nalitate,
1246 1550 1291 1587 et
1319 1545 1452 1586 corde
1480 1545 1622 1586 adhuc
1649 1545 1840 1597 lapideo,

1017 1601 1122 1642 talia
1149 1601 1251 1642 data
1280 1606 1395 1650 sunt,
1428 1601 1584 1652 quibus
1608 1603 1839 1648 teneretur,

1017 1669 1072 1698 ne
1098 1657 1143 1697 in
1174 1657 1292 1698 idola
1320 1657 1546 1697 deflueret:
1579 1661 1623 1698 et
1649 1656 1839 1697 immola-

1016 1712 1122 1754 bant
1140 1712 1201 1754 ibi
1220 1713 1447 1762 sacrificia,
1471 1712 1624 1761 boves,
1653 1725 1773 1761 oves,
1796 1717 1839 1752 et

1017 1768 1254 1810 columbas.
1281 1768 1444 1817 Nostis,
1467 1768 1567 1819 quia
1585 1768 1763 1818 legistis.

1070 1827 1121 1877 R.
1150 1824 1244 1865 Vos
1271 1824 1345 1875 qui
1368 1823 1592 1864 transituri
1617 1824 1722 1864 estis
1746 1823 1837 1864 Jor-

1017 1880 1189 1929 danem‚
1213 1879 1429 1921 aedificate
1448 1879 1584 1921 altare
1604 1879 1795 1920 Domino
1814 1884 1835 1907 *

1016 1936 1083 1977 De
1101 1935 1337 1987 lapidibus,
1362 1947 1473 1987 quos
1492 1935 1653 1976 ferrum
1670 1947 1757 1975 non
1778 1936 1836 1975 18-

1015 1992 1127 2042 tigit:
1161 1996 1205 2032 et
1241 1991 1394 2032 offerte
1427 2003 1559 2042 super
1586 1990 1691 2031 illud
1717 1988 1835 2030 holo-

1016 2050 1184 2096 causta,
1222 2052 1265 2088 et
1302 2046 1469 2087 hOstias
1503 2046 1707 2098 pacificas
1738 2045 1834 2084 Deo

1015 2108 1175 2144 vestro.
1201 2100 1251 2151 V.
1270 2103 1465 2154 Cumque
1480 2100 1739 2143 intraveritis
1753 2104 1834 2140 ter-

1014 2171 1124 2207 ram,
1159 2171 1289 2210 quam
1316 2158 1529 2198 D6minus
1557 2156 1735 2197 daturus
1769 2159 1834 2195 est

1014 2214 1152 2263 vobis,
1172 2213 1387 2255 aedificate
1405 2213 1464 2253 ibi
1484 2212 1620 2253 altare
1634 2210 1833 2250 Domino.

1013 2270 1081 2311 De
1109 2268 1338 2321 lapidibus.

1320 2326 1470 2366 Lectio
1490 2325 1529 2363 ii.

1109 2394 1166 2422 on
1186 2392 1290 2430 ergo
1310 2390 1512 2429 magnum
1531 2378 1777 2428 peccatum,
1797 2376 1834 2416 si

1117 2437 1202 2477 hoc
1212 2434 1458 2476 vendebant
1470 2432 1514 2472 in
1524 2431 1700 2484 templo,
1716 2431 1834 2483 quod

1015 2491 1241 2533 emebatur
1265 2495 1313 2531 ut
1337 2488 1566 2530 offerretur
1588 2487 1632 2527 in
1653 2486 1834 2538 templo:

1015 2553 1058 2589 et
1079 2552 1225 2588 tamen
1250 2545 1374 2596 ejecit
1395 2543 1496 2583 inde
1519 2541 1628 2583 illos.
1665 2541 1785 2591 Quid·
1797 2542 1833 2582 si

994 2603 1074 2644 ·ibi
1103 2602 1303 2644 ebri6sos
1329 2600 1556 2647 inveniret,
1594 2596 1697 2648 quid
1722 2597 1833 2637 face-

1011 2663 1080 2700 ret
1098 2657 1328 2704 Dominus,
1351 2655 1388 2695 si
1407 2653 1645 2696 vendentes
1664 2665 1715 2694 ea
1734 2665 1832 2704 quae
