<?xml version="1.0" encoding="UTF-8"?>
<!DOCTYPE html PUBLIC "-//W3C//DTD XHTML 1.0 Transitional//EN"
    "http://www.w3.org/TR/xhtml1/DTD/xhtml1-transitional.dtd">
<html xmlns="http://www.w3.org/1999/xhtml" xml:lang="en" lang="en">
 <head>
  <title>
</title>
<meta http-equiv="Content-Type" content="text/html;charset=utf-8" />
  <meta name='ocr-system' content='tesseract 3.04.00' />
  <meta name='ocr-capabilities' content='ocr_page ocr_carea ocr_par ocr_line ocrx_word'/>
</head>
<body>
  <div class='ocr_page' id='page_1' title='image "./p2breviariumroma00cathuoft_0285.png"; bbox 0 0 2028 2892; ppageno 0'>
   <div class='ocr_carea' id='block_1_1' title="bbox 744 176 1285 211">
    <p class='ocr_par' dir='ltr' id='par_1_1' title="bbox 744 176 1285 211">
     <span class='ocr_line' id='line_1_1' title="bbox 744 176 1285 211; baseline 0.006 -4"><span class='ocrx_word' id='word_1_1' title='bbox 744 176 943 210; x_wconf 75' lang='lat' dir='ltr'>Dominica</span> <span class='ocrx_word' id='word_1_2' title='bbox 973 178 1285 211; x_wconf 70' lang='lat' dir='ltr'>Resurrectionis.</span> 
     </span>
    </p>
   </div>
   <div class='ocr_carea' id='block_1_2' title="bbox 155 267 983 432">
    <p class='ocr_par' dir='ltr' id='par_1_2' title="bbox 155 267 983 432">
     <span class='ocr_line' id='line_1_2' title="bbox 212 267 983 316; baseline -0.008 -4"><span class='ocrx_word' id='word_1_3' title='bbox 212 272 312 312; x_wconf 79' lang='lat' dir='ltr'>Ant.</span> <span class='ocrx_word' id='word_1_4' title='bbox 348 267 565 311; x_wconf 73' lang='lat' dir='ltr'>postulavi</span> <span class='ocrx_word' id='word_1_5' title='bbox 585 267 764 308; x_wconf 89' lang='lat' dir='ltr'>Patrem</span> <span class='ocrx_word' id='word_1_6' title='bbox 785 281 941 316; x_wconf 91' lang='lat' dir='ltr'>meum,</span> <span class='ocrx_word' id='word_1_7' title='bbox 960 268 983 293; x_wconf 88' lang='grc'>*</span> 
     </span>
     <span class='ocr_line' id='line_1_3' title="bbox 156 322 983 376; baseline -0.002 -10"><span class='ocrx_word' id='word_1_8' title='bbox 156 324 343 376; x_wconf 83' lang='lat' dir='ltr'>alleluja:</span> <span class='ocrx_word' id='word_1_9' title='bbox 376 323 499 366; x_wconf 85' lang='lat' dir='ltr'>dedit</span> <span class='ocrx_word' id='word_1_10' title='bbox 530 322 636 364; x_wconf 91' lang='lat' dir='ltr'>mihi</span> <span class='ocrx_word' id='word_1_11' title='bbox 669 323 851 373; x_wconf 82' lang='lat' dir='ltr'>Gentes,</span> <span class='ocrx_word' id='word_1_12' title='bbox 883 323 983 364; x_wconf 90' lang='lat' dir='ltr'>alle-</span> 
     </span>
     <span class='ocr_line' id='line_1_4' title="bbox 155 379 854 432; baseline -0.004 -10"><span class='ocrx_word' id='word_1_13' title='bbox 155 381 252 432; x_wconf 85' lang='lat' dir='ltr'>luja,</span> <span class='ocrx_word' id='word_1_14' title='bbox 273 381 319 422; x_wconf 90' lang='lat' dir='ltr'>in</span> <span class='ocrx_word' id='word_1_15' title='bbox 336 379 653 428; x_wconf 75' lang='lat' dir='ltr'>haereditatem,</span> <span class='ocrx_word' id='word_1_16' title='bbox 673 379 854 430; x_wconf 82' lang='lat' dir='ltr'>alleluia.</span> 
     </span>
    </p>
   </div>
   <div class='ocr_carea' id='block_1_3' title="bbox 443 464 704 505">
    <p class='ocr_par' dir='ltr' id='par_1_3' title="bbox 443 464 704 505">
     <span class='ocr_line' id='line_1_5' title="bbox 443 464 704 505; baseline 0.004 -1"><span class='ocrx_word' id='word_1_17' title='bbox 443 464 640 505; x_wconf 84' lang='lat' dir='ltr'>Psalmus</span> <span class='ocrx_word' id='word_1_18' title='bbox 670 467 704 505; x_wconf 84' lang='lat'>2.</span> 
     </span>
    </p>
   </div>
   <div class='ocr_carea' id='block_1_4' title="bbox 154 531 987 1424">
    <p class='ocr_par' dir='ltr' id='par_1_4' title="bbox 241 531 984 641">
     <span class='ocr_line' id='line_1_6' title="bbox 241 531 984 580; baseline -0.001 -7"><span class='ocrx_word' id='word_1_19' title='bbox 241 545 346 574; x_wconf 84' lang='lat' dir='ltr'>uare</span> <span class='ocrx_word' id='word_1_20' title='bbox 377 532 646 572; x_wconf 89' lang='lat' dir='ltr'>fremuerunt</span> <span class='ocrx_word' id='word_1_21' title='bbox 679 531 861 580; x_wconf 83' lang='lat' dir='ltr'><strong>Gentes,</strong></span> <span class='ocrx_word' id='word_1_22' title='bbox 889 532 912 557; x_wconf 86' lang='lat'>*</span> <span class='ocrx_word' id='word_1_23' title='bbox 941 535 984 572; x_wconf 92' lang='lat' dir='ltr'>et</span> 
     </span>
     <span class='ocr_line' id='line_1_7' title="bbox 257 586 939 641; baseline -0.004 -11"><span class='ocrx_word' id='word_1_24' title='bbox 257 588 411 641; x_wconf 92' lang='lat' dir='ltr'>populi</span> <span class='ocrx_word' id='word_1_25' title='bbox 429 587 630 628; x_wconf 92' lang='lat' dir='ltr'>meditati</span> <span class='ocrx_word' id='word_1_26' title='bbox 649 593 751 628; x_wconf 92' lang='lat' dir='ltr'>sunt</span> <span class='ocrx_word' id='word_1_27' title='bbox 770 586 939 628; x_wconf 89' lang='lat' dir='ltr'>inania?</span> 
     </span>
    </p>

    <p class='ocr_par' dir='ltr' id='par_1_5' title="bbox 154 645 983 863">
     <span class='ocr_line' id='line_1_8' title="bbox 206 645 982 695; baseline -0.004 -9"><span class='ocrx_word' id='word_1_28' title='bbox 206 645 454 686; x_wconf 89' lang='lat' dir='ltr'>Astiterunt</span> <span class='ocrx_word' id='word_1_29' title='bbox 479 656 606 694; x_wconf 88' lang='lat' dir='ltr'>reges</span> <span class='ocrx_word' id='word_1_30' title='bbox 631 648 776 693; x_wconf 87' lang='lat' dir='ltr'>terrae,</span> <span class='ocrx_word' id='word_1_31' title='bbox 801 648 845 684; x_wconf 90' lang='lat' dir='ltr'>et</span> <span class='ocrx_word' id='word_1_32' title='bbox 869 645 982 695; x_wconf 90' lang='lat' dir='ltr'>prin-</span> 
     </span>
     <span class='ocr_line' id='line_1_9' title="bbox 155 698 983 754; baseline -0.005 -11"><span class='ocrx_word' id='word_1_33' title='bbox 155 702 277 754; x_wconf 86' lang='lat' dir='ltr'>cipes</span> <span class='ocrx_word' id='word_1_34' title='bbox 302 701 601 742; x_wconf 91' lang='lat' dir='ltr'>convenerunt</span> <span class='ocrx_word' id='word_1_35' title='bbox 627 700 673 740; x_wconf 92' lang='lat' dir='ltr'>in</span> <span class='ocrx_word' id='word_1_36' title='bbox 699 713 833 740; x_wconf 93' lang='lat' dir='ltr'>unum</span> <span class='ocrx_word' id='word_1_37' title='bbox 861 701 884 724; x_wconf 86' lang='lat'>*</span> <span class='ocrx_word' id='word_1_38' title='bbox 913 698 983 739; x_wconf 90' lang='lat' dir='ltr'>ad-</span> 
     </span>
     <span class='ocr_line' id='line_1_10' title="bbox 154 755 983 805; baseline -0.005 -6"><span class='ocrx_word' id='word_1_39' title='bbox 154 760 307 800; x_wconf 87' lang='lat' dir='ltr'>versus</span> <span class='ocrx_word' id='word_1_40' title='bbox 361 756 617 805; x_wconf 91' lang='lat' dir='ltr'>Dominum,</span> <span class='ocrx_word' id='word_1_41' title='bbox 677 761 720 798; x_wconf 92' lang='lat' dir='ltr'>et</span> <span class='ocrx_word' id='word_1_42' title='bbox 773 755 983 797; x_wconf 87' lang='lat' dir='ltr'>adversus</span> 
     </span>
     <span class='ocr_line' id='line_1_11' title="bbox 156 813 506 863; baseline -0.009 -8"><span class='ocrx_word' id='word_1_43' title='bbox 156 814 376 855; x_wconf 86' lang='lat' dir='ltr'><strong>Christum</strong></span> <span class='ocrx_word' id='word_1_44' title='bbox 404 813 506 863; x_wconf 87' lang='lat' dir='ltr'>ejus.</span> 
     </span>
    </p>

    <p class='ocr_par' dir='ltr' id='par_1_6' title="bbox 155 867 985 1023">
     <span class='ocr_line' id='line_1_12' title="bbox 207 867 985 920; baseline -0.005 -9"><span class='ocrx_word' id='word_1_45' title='bbox 207 869 521 920; x_wconf 90' lang='lat' dir='ltr'>Dirumpamus</span> <span class='ocrx_word' id='word_1_46' title='bbox 554 867 728 908; x_wconf 92' lang='lat' dir='ltr'>vincula</span> <span class='ocrx_word' id='word_1_47' title='bbox 762 870 932 909; x_wconf 89' lang='lat' dir='ltr'>eorum:</span> <span class='ocrx_word' id='word_1_48' title='bbox 961 868 985 893; x_wconf 86' lang='lat'>*</span> 
     </span>
     <span class='ocr_line' id='line_1_13' title="bbox 155 923 984 978; baseline -0.005 -11"><span class='ocrx_word' id='word_1_49' title='bbox 155 930 199 967; x_wconf 89' lang='lat' dir='ltr'>et</span> <span class='ocrx_word' id='word_1_50' title='bbox 225 924 506 978; x_wconf 65' lang='lat' dir='ltr'>projiciamus</span> <span class='ocrx_word' id='word_1_51' title='bbox 534 937 559 964; x_wconf 92' lang='lat' dir='ltr'>a</span> <span class='ocrx_word' id='word_1_52' title='bbox 590 924 718 965; x_wconf 91' lang='lat' dir='ltr'>nobis</span> <span class='ocrx_word' id='word_1_53' title='bbox 749 925 895 975; x_wconf 88' lang='lat' dir='ltr'>jugum</span> <span class='ocrx_word' id='word_1_54' title='bbox 923 923 984 975; x_wconf 87' lang='lat' dir='ltr'>ip-</span> 
     </span>
     <span class='ocr_line' id='line_1_14' title="bbox 155 983 315 1023; baseline -0.013 0"><span class='ocrx_word' id='word_1_55' title='bbox 155 983 315 1023; x_wconf 90' lang='lat' dir='ltr'>sorum.</span> 
     </span>
    </p>

    <p class='ocr_par' dir='ltr' id='par_1_7' title="bbox 156 1034 986 1135">
     <span class='ocr_line' id='line_1_15' title="bbox 207 1034 986 1087; baseline -0.004 -9"><span class='ocrx_word' id='word_1_56' title='bbox 207 1037 292 1087; x_wconf 89' lang='lat' dir='ltr'>Qui</span> <span class='ocrx_word' id='word_1_57' title='bbox 323 1036 495 1077; x_wconf 86' lang='lat' dir='ltr'>habitat</span> <span class='ocrx_word' id='word_1_58' title='bbox 529 1036 573 1076; x_wconf 89' lang='lat' dir='ltr'>in</span> <span class='ocrx_word' id='word_1_59' title='bbox 609 1035 751 1085; x_wconf 91' lang='lat' dir='ltr'>coelis,</span> <span class='ocrx_word' id='word_1_60' title='bbox 785 1034 986 1076; x_wconf 91' lang='lat' dir='ltr'>irridebit</span> 
     </span>
     <span class='ocr_line' id='line_1_16' title="bbox 156 1091 985 1135; baseline -0.005 0"><span class='ocrx_word' id='word_1_61' title='bbox 156 1106 249 1135; x_wconf 85' lang='lat' dir='ltr'>eos:</span> <span class='ocrx_word' id='word_1_62' title='bbox 263 1095 287 1120; x_wconf 88' lang='grc'><em>*</em></span> <span class='ocrx_word' id='word_1_63' title='bbox 304 1097 348 1134; x_wconf 90' lang='lat' dir='ltr'>et</span> <span class='ocrx_word' id='word_1_64' title='bbox 361 1092 577 1133; x_wconf 91' lang='lat' dir='ltr'>Dominus</span> <span class='ocrx_word' id='word_1_65' title='bbox 594 1091 881 1132; x_wconf 66' lang='lat' dir='ltr'>subsannabit</span> <span class='ocrx_word' id='word_1_66' title='bbox 899 1103 985 1132; x_wconf 90' lang='lat' dir='ltr'>eos.</span> 
     </span>
    </p>

    <p class='ocr_par' dir='ltr' id='par_1_8' title="bbox 154 1147 986 1302">
     <span class='ocr_line' id='line_1_17' title="bbox 206 1147 986 1199; baseline -0.004 -9"><span class='ocrx_word' id='word_1_67' title='bbox 206 1149 331 1190; x_wconf 92' lang='lat' dir='ltr'>Tunc</span> <span class='ocrx_word' id='word_1_68' title='bbox 370 1148 574 1199; x_wconf 91' lang='lat' dir='ltr'>loquetur</span> <span class='ocrx_word' id='word_1_69' title='bbox 616 1147 673 1188; x_wconf 91' lang='lat' dir='ltr'>ad</span> <span class='ocrx_word' id='word_1_70' title='bbox 716 1160 792 1188; x_wconf 88' lang='lat' dir='ltr'>eos</span> <span class='ocrx_word' id='word_1_71' title='bbox 836 1147 881 1187; x_wconf 94' lang='lat' dir='ltr'>in</span> <span class='ocrx_word' id='word_1_72' title='bbox 922 1147 986 1187; x_wconf 88' lang='lat' dir='ltr'>ira</span> 
     </span>
     <span class='ocr_line' id='line_1_18' title="bbox 155 1202 985 1254; baseline -0.004 -8"><span class='ocrx_word' id='word_1_73' title='bbox 155 1218 249 1254; x_wconf 89' lang='lat' dir='ltr'>sua,</span> <span class='ocrx_word' id='word_1_74' title='bbox 277 1205 300 1230; x_wconf 89' lang='lat'>*</span> <span class='ocrx_word' id='word_1_75' title='bbox 330 1209 373 1245; x_wconf 85' lang='lat' dir='ltr'>et</span> <span class='ocrx_word' id='word_1_76' title='bbox 400 1204 444 1244; x_wconf 92' lang='lat' dir='ltr'>in</span> <span class='ocrx_word' id='word_1_77' title='bbox 472 1204 618 1244; x_wconf 92' lang='lat' dir='ltr'>furore</span> <span class='ocrx_word' id='word_1_78' title='bbox 647 1216 727 1244; x_wconf 88' lang='lat' dir='ltr'>suo</span> <span class='ocrx_word' id='word_1_79' title='bbox 757 1202 985 1245; x_wconf 89' lang='lat' dir='ltr'>conturba-</span> 
     </span>
     <span class='ocr_line' id='line_1_19' title="bbox 154 1261 337 1302; baseline -0.005 0"><span class='ocrx_word' id='word_1_80' title='bbox 154 1261 219 1302; x_wconf 88' lang='lat' dir='ltr'>bit</span> <span class='ocrx_word' id='word_1_81' title='bbox 248 1273 337 1302; x_wconf 88' lang='lat' dir='ltr'>eos.</span> 
     </span>
    </p>

    <p class='ocr_par' dir='ltr' id='par_1_9' title="bbox 155 1315 987 1424">
     <span class='ocr_line' id='line_1_20' title="bbox 207 1315 987 1368; baseline -0.004 -10"><span class='ocrx_word' id='word_1_82' title='bbox 207 1317 303 1368; x_wconf 87' lang='lat' dir='ltr'>Ego</span> <span class='ocrx_word' id='word_1_83' title='bbox 324 1320 471 1357; x_wconf 88' lang='lat' dir='ltr'>autem</span> <span class='ocrx_word' id='word_1_84' title='bbox 491 1315 757 1356; x_wconf 82' lang='lat' dir='ltr'>constitutus</span> <span class='ocrx_word' id='word_1_85' title='bbox 777 1328 874 1355; x_wconf 88' lang='lat' dir='ltr'>sum</span> <span class='ocrx_word' id='word_1_86' title='bbox 888 1315 987 1356; x_wconf 89' lang='lat' dir='ltr'>Rex</span> 
     </span>
     <span class='ocr_line' id='line_1_21' title="bbox 155 1372 986 1424; baseline -0.004 -10"><span class='ocrx_word' id='word_1_87' title='bbox 155 1372 211 1414; x_wconf 91' lang='lat' dir='ltr'>ab</span> <span class='ocrx_word' id='word_1_88' title='bbox 232 1385 285 1414; x_wconf 91' lang='lat' dir='ltr'>eo</span> <span class='ocrx_word' id='word_1_89' title='bbox 305 1385 437 1424; x_wconf 90' lang='lat' dir='ltr'>super</span> <span class='ocrx_word' id='word_1_90' title='bbox 451 1372 557 1412; x_wconf 88' lang='lat' dir='ltr'>Sion</span> <span class='ocrx_word' id='word_1_91' title='bbox 571 1375 766 1412; x_wconf 91' lang='lat' dir='ltr'>montem</span> <span class='ocrx_word' id='word_1_92' title='bbox 786 1376 986 1411; x_wconf 88' lang='lat' dir='ltr'>sanctum</span> 
     </span>
    </p>
   </div>
   <div class='ocr_carea' id='block_1_5' title="bbox 156 1427 1009 1480">
    <p class='ocr_par' dir='ltr' id='par_1_10' title="bbox 156 1427 1009 1480">
     <span class='ocr_line' id='line_1_22' title="bbox 156 1427 1009 1480; baseline -0.004 -10"><span class='ocrx_word' id='word_1_93' title='bbox 156 1430 259 1480; x_wconf 89' lang='lat' dir='ltr'>ejus,</span> <span class='ocrx_word' id='word_1_94' title='bbox 275 1429 299 1454; x_wconf 87' lang='lat'>*</span> <span class='ocrx_word' id='word_1_95' title='bbox 318 1427 568 1480; x_wconf 76' lang='lat' dir='ltr'>praedicans</span> <span class='ocrx_word' id='word_1_96' title='bbox 591 1428 867 1479; x_wconf 78' lang='lat' dir='ltr'>praeceptum</span> <span class='ocrx_word' id='word_1_97' title='bbox 886 1427 986 1478; x_wconf 91' lang='lat' dir='ltr'>ejus.</span> <span class='ocrx_word' id='word_1_98' title='bbox 1005 1476 1009 1477; x_wconf 19' lang='lat'><em>⁷</em></span> 
     </span>
    </p>
   </div>
   <div class='ocr_carea' id='block_1_6' title="bbox 155 1482 988 2375">
    <p class='ocr_par' dir='ltr' id='par_1_11' title="bbox 155 1482 988 2375">
     <span class='ocr_line' id='line_1_23' title="bbox 205 1482 986 1525; baseline -0.003 0"><span class='ocrx_word' id='word_1_99' title='bbox 205 1484 422 1525; x_wconf 91' lang='lat' dir='ltr'>Dominus</span> <span class='ocrx_word' id='word_1_100' title='bbox 455 1483 565 1524; x_wconf 82' lang='lat' dir='ltr'>dixit</span> <span class='ocrx_word' id='word_1_101' title='bbox 597 1482 653 1523; x_wconf 87' lang='lat' dir='ltr'>ad</span> <span class='ocrx_word' id='word_1_102' title='bbox 685 1495 772 1523; x_wconf 93' lang='lat' dir='ltr'>me:</span> <span class='ocrx_word' id='word_1_103' title='bbox 800 1484 824 1510; x_wconf 88' lang='grc'><em>*</em></span> <span class='ocrx_word' id='word_1_104' title='bbox 851 1483 986 1523; x_wconf 86' lang='lat' dir='ltr'>Filius</span> 
     </span>
     <span class='ocr_line' id='line_1_24' title="bbox 155 1538 908 1590; baseline -0.005 -8"><span class='ocrx_word' id='word_1_105' title='bbox 155 1553 280 1582; x_wconf 87' lang='lat' dir='ltr'>meus</span> <span class='ocrx_word' id='word_1_106' title='bbox 301 1552 347 1581; x_wconf 88' lang='lat' dir='ltr'>es</span> <span class='ocrx_word' id='word_1_107' title='bbox 366 1544 426 1589; x_wconf 92' lang='lat' dir='ltr'>tu,</span> <span class='ocrx_word' id='word_1_108' title='bbox 450 1551 533 1590; x_wconf 93' lang='lat' dir='ltr'>ego</span> <span class='ocrx_word' id='word_1_109' title='bbox 553 1538 685 1580; x_wconf 91' lang='lat' dir='ltr'>hodie</span> <span class='ocrx_word' id='word_1_110' title='bbox 704 1539 835 1590; x_wconf 86' lang='lat' dir='ltr'>genui</span> <span class='ocrx_word' id='word_1_111' title='bbox 853 1544 908 1580; x_wconf 91' lang='lat' dir='ltr'>te.</span> 
     </span>
     <span class='ocr_line' id='line_1_25' title="bbox 206 1594 985 1645; baseline -0.001 -8"><span class='ocrx_word' id='word_1_112' title='bbox 206 1595 390 1637; x_wconf 91' lang='lat' dir='ltr'>Postula</span> <span class='ocrx_word' id='word_1_113' title='bbox 409 1608 435 1636; x_wconf 94' lang='lat' dir='ltr'>a</span> <span class='ocrx_word' id='word_1_114' title='bbox 458 1608 540 1645; x_wconf 90' lang='lat' dir='ltr'>me,</span> <span class='ocrx_word' id='word_1_115' title='bbox 565 1599 608 1636; x_wconf 91' lang='lat' dir='ltr'>et</span> <span class='ocrx_word' id='word_1_116' title='bbox 632 1594 748 1636; x_wconf 83' lang='lat' dir='ltr'>dabo</span> <span class='ocrx_word' id='word_1_117' title='bbox 773 1595 853 1635; x_wconf 89' lang='lat' dir='ltr'>tibi</span> <span class='ocrx_word' id='word_1_118' title='bbox 873 1595 985 1636; x_wconf 88' lang='lat' dir='ltr'>Gen-</span> 
     </span>
     <span class='ocr_line' id='line_1_26' title="bbox 155 1651 984 1703; baseline -0.002 -9"><span class='ocrx_word' id='word_1_119' title='bbox 155 1657 223 1694; x_wconf 86' lang='lat' dir='ltr'>tes</span> <span class='ocrx_word' id='word_1_120' title='bbox 244 1651 551 1693; x_wconf 85' lang='lat' dir='ltr'>haereditatem</span> <span class='ocrx_word' id='word_1_121' title='bbox 569 1656 701 1701; x_wconf 87' lang='lat' dir='ltr'>tuam,</span> <span class='ocrx_word' id='word_1_122' title='bbox 715 1651 740 1677; x_wconf 87' lang='lat'>*</span> <span class='ocrx_word' id='word_1_123' title='bbox 756 1655 799 1692; x_wconf 90' lang='lat' dir='ltr'>et</span> <span class='ocrx_word' id='word_1_124' title='bbox 812 1663 984 1703; x_wconf 92' lang='lat' dir='ltr'>posses-</span> 
     </span>
     <span class='ocr_line' id='line_1_27' title="bbox 158 1707 859 1750; baseline -0.004 0"><span class='ocrx_word' id='word_1_125' title='bbox 158 1709 328 1750; x_wconf 92' lang='lat' dir='ltr'>sionem</span> <span class='ocrx_word' id='word_1_126' title='bbox 346 1713 466 1750; x_wconf 87' lang='lat' dir='ltr'>tuam</span> <span class='ocrx_word' id='word_1_127' title='bbox 485 1707 699 1749; x_wconf 88' lang='lat' dir='ltr'>terminos</span> <span class='ocrx_word' id='word_1_128' title='bbox 718 1711 859 1748; x_wconf 89' lang='lat' dir='ltr'>terrae.</span> 
     </span>
     <span class='ocr_line' id='line_1_28' title="bbox 207 1763 988 1816; baseline -0.004 -10"><span class='ocrx_word' id='word_1_129' title='bbox 207 1765 355 1815; x_wconf 81' lang='lat' dir='ltr'>Reges</span> <span class='ocrx_word' id='word_1_130' title='bbox 382 1777 459 1805; x_wconf 91' lang='lat' dir='ltr'>eos</span> <span class='ocrx_word' id='word_1_131' title='bbox 484 1763 531 1816; x_wconf 83' lang='lat' dir='ltr'>in</span> <span class='ocrx_word' id='word_1_132' title='bbox 556 1763 682 1814; x_wconf 89' lang='lat' dir='ltr'>virga</span> <span class='ocrx_word' id='word_1_133' title='bbox 708 1763 864 1812; x_wconf 89' lang='lat' dir='ltr'>ferrea,</span> <span class='ocrx_word' id='word_1_134' title='bbox 893 1763 916 1788; x_wconf 89' lang='lat'>*</span> <span class='ocrx_word' id='word_1_135' title='bbox 944 1767 988 1804; x_wconf 90' lang='lat' dir='ltr'>et</span> 
     </span>
     <span class='ocr_line' id='line_1_29' title="bbox 155 1819 987 1873; baseline -0.004 -11"><span class='ocrx_word' id='word_1_136' title='bbox 155 1825 382 1873; x_wconf 85' lang='lat' dir='ltr'><strong>tamquam</strong></span> <span class='ocrx_word' id='word_1_137' title='bbox 398 1833 477 1862; x_wconf 87' lang='lat' dir='ltr'>vas</span> <span class='ocrx_word' id='word_1_138' title='bbox 499 1819 622 1870; x_wconf 84' lang='lat' dir='ltr'>figuli</span> <span class='ocrx_word' id='word_1_139' title='bbox 637 1819 884 1869; x_wconf 80' lang='lat' dir='ltr'>confringes</span> <span class='ocrx_word' id='word_1_140' title='bbox 900 1831 987 1860; x_wconf 89' lang='lat' dir='ltr'>eos.</span> 
     </span>
     <span class='ocr_line' id='line_1_30' title="bbox 207 1875 986 1927; baseline -0.004 -9"><span class='ocrx_word' id='word_1_141' title='bbox 207 1877 265 1918; x_wconf 90' lang='lat' dir='ltr'>Et</span> <span class='ocrx_word' id='word_1_142' title='bbox 288 1889 403 1918; x_wconf 87' lang='lat' dir='ltr'>nunc</span> <span class='ocrx_word' id='word_1_143' title='bbox 427 1889 554 1927; x_wconf 91' lang='lat' dir='ltr'>reges</span> <span class='ocrx_word' id='word_1_144' title='bbox 576 1875 821 1925; x_wconf 86' lang='lat' dir='ltr'>intelligite:</span> <span class='ocrx_word' id='word_1_145' title='bbox 844 1875 867 1901; x_wconf 89' lang='lat'>*</span> <span class='ocrx_word' id='word_1_146' title='bbox 892 1888 986 1916; x_wconf 91' lang='lat' dir='ltr'>eru-</span> 
     </span>
     <span class='ocr_line' id='line_1_31' title="bbox 159 1932 816 1985; baseline -0.003 -12"><span class='ocrx_word' id='word_1_147' title='bbox 159 1932 311 1974; x_wconf 81' lang='lat' dir='ltr'>dimini</span> <span class='ocrx_word' id='word_1_148' title='bbox 331 1933 406 1985; x_wconf 91' lang='lat' dir='ltr'>qui</span> <span class='ocrx_word' id='word_1_149' title='bbox 423 1932 625 1984; x_wconf 87' lang='lat' dir='ltr'>judicatis</span> <span class='ocrx_word' id='word_1_150' title='bbox 643 1936 816 1973; x_wconf 86' lang='lat' dir='ltr'>terram.</span> 
     </span>
     <span class='ocr_line' id='line_1_32' title="bbox 210 1986 988 2030; baseline -0.005 0"><span class='ocrx_word' id='word_1_151' title='bbox 210 1988 378 2030; x_wconf 89' lang='lat' dir='ltr'>Servite</span> <span class='ocrx_word' id='word_1_152' title='bbox 401 1989 594 2029; x_wconf 92' lang='lat' dir='ltr'>Domino</span> <span class='ocrx_word' id='word_1_153' title='bbox 622 1988 666 2028; x_wconf 91' lang='lat' dir='ltr'>in</span> <span class='ocrx_word' id='word_1_154' title='bbox 692 1987 865 2028; x_wconf 90' lang='lat' dir='ltr'>timore:</span> <span class='ocrx_word' id='word_1_155' title='bbox 893 1986 916 2013; x_wconf 88' lang='lat'>*</span> <span class='ocrx_word' id='word_1_156' title='bbox 944 1991 988 2027; x_wconf 89' lang='lat' dir='ltr'>et</span> 
     </span>
     <span class='ocr_line' id='line_1_33' title="bbox 160 2044 780 2086; baseline -0.005 -1"><span class='ocrx_word' id='word_1_157' title='bbox 160 2044 375 2086; x_wconf 87' lang='lat' dir='ltr'>exsultate</span> <span class='ocrx_word' id='word_1_158' title='bbox 395 2045 435 2086; x_wconf 90' lang='lat' dir='ltr'>ei</span> <span class='ocrx_word' id='word_1_159' title='bbox 458 2057 558 2085; x_wconf 94' lang='lat' dir='ltr'>cum</span> <span class='ocrx_word' id='word_1_160' title='bbox 576 2045 780 2085; x_wconf 90' lang='lat' dir='ltr'>tremore.</span> 
     </span>
     <span class='ocr_line' id='line_1_34' title="bbox 212 2098 986 2153; baseline -0.005 -12"><span class='ocrx_word' id='word_1_161' title='bbox 212 2100 546 2153; x_wconf 91' lang='lat' dir='ltr'>Apprehendite</span> <span class='ocrx_word' id='word_1_162' title='bbox 584 2098 876 2151; x_wconf 82' lang='lat' dir='ltr'>disciplinam,</span> <span class='ocrx_word' id='word_1_163' title='bbox 915 2110 986 2138; x_wconf 89' lang='lat' dir='ltr'>ne—</span> 
     </span>
     <span class='ocr_line' id='line_1_35' title="bbox 160 2154 988 2209; baseline -0.005 -12"><span class='ocrx_word' id='word_1_164' title='bbox 160 2156 336 2209; x_wconf 81' lang='lat' dir='ltr'>quando</span> <span class='ocrx_word' id='word_1_165' title='bbox 373 2156 586 2197; x_wconf 78' lang='lat' dir='ltr'>irascatur</span> <span class='ocrx_word' id='word_1_166' title='bbox 619 2154 853 2202; x_wconf 83' lang='lat' dir='ltr'>Dominus,</span> <span class='ocrx_word' id='word_1_167' title='bbox 886 2154 910 2180; x_wconf 88' lang='lat'>*</span> <span class='ocrx_word' id='word_1_168' title='bbox 944 2157 988 2194; x_wconf 91' lang='lat' dir='ltr'>et</span> 
     </span>
     <span class='ocr_line' id='line_1_36' title="bbox 159 2212 659 2265; baseline -0.004 -11"><span class='ocrx_word' id='word_1_169' title='bbox 159 2213 349 2265; x_wconf 86' lang='lat' dir='ltr'>pereatis</span> <span class='ocrx_word' id='word_1_170' title='bbox 370 2212 425 2253; x_wconf 92' lang='lat' dir='ltr'>de</span> <span class='ocrx_word' id='word_1_171' title='bbox 443 2212 514 2252; x_wconf 88' lang='lat' dir='ltr'>via</span> <span class='ocrx_word' id='word_1_172' title='bbox 535 2212 659 2263; x_wconf 86' lang='lat' dir='ltr'>justa.</span> 
     </span>
     <span class='ocr_line' id='line_1_37' title="bbox 212 2265 987 2315; baseline -0.008 -5"><span class='ocrx_word' id='word_1_173' title='bbox 212 2270 322 2310; x_wconf 92' lang='lat' dir='ltr'>Cum</span> <span class='ocrx_word' id='word_1_174' title='bbox 345 2267 558 2309; x_wconf 85' lang='lat' dir='ltr'>exarserit</span> <span class='ocrx_word' id='word_1_175' title='bbox 583 2268 627 2307; x_wconf 91' lang='lat' dir='ltr'>in</span> <span class='ocrx_word' id='word_1_176' title='bbox 649 2267 772 2308; x_wconf 91' lang='lat' dir='ltr'>brevi</span> <span class='ocrx_word' id='word_1_177' title='bbox 796 2266 860 2306; x_wconf 92' lang='lat' dir='ltr'>ira</span> <span class='ocrx_word' id='word_1_178' title='bbox 886 2265 987 2315; x_wconf 90' lang='lat' dir='ltr'>ejus,</span> 
     </span>
     <span class='ocr_line' id='line_1_38' title="bbox 159 2321 986 2375; baseline -0.011 -7"><span class='ocrx_word' id='word_1_179' title='bbox 159 2326 183 2351; x_wconf 88' lang='grc'>*</span> <span class='ocrx_word' id='word_1_180' title='bbox 201 2325 321 2367; x_wconf 84' lang='lat' dir='ltr'>beati</span> <span class='ocrx_word' id='word_1_181' title='bbox 341 2336 493 2365; x_wconf 88' lang='lat' dir='ltr'>omnes</span> <span class='ocrx_word' id='word_1_182' title='bbox 519 2324 594 2375; x_wconf 90' lang='lat' dir='ltr'>qui</span> <span class='ocrx_word' id='word_1_183' title='bbox 616 2321 840 2364; x_wconf 90' lang='lat' dir='ltr'>confidunt</span> <span class='ocrx_word' id='word_1_184' title='bbox 859 2321 902 2360; x_wconf 94' lang='lat' dir='ltr'>in</span> <span class='ocrx_word' id='word_1_185' title='bbox 923 2332 986 2360; x_wconf 92' lang='lat' dir='ltr'>eo.</span> 
     </span>
    </p>
   </div>
   <div class='ocr_carea' id='block_1_7' title="bbox 212 2387 987 2432">
    <p class='ocr_par' dir='ltr' id='par_1_12' title="bbox 212 2387 987 2432">
     <span class='ocr_line' id='line_1_39' title="bbox 212 2387 987 2432; baseline -0.008 -3"><span class='ocrx_word' id='word_1_186' title='bbox 212 2390 312 2429; x_wconf 88' lang='lat' dir='ltr'>Ant.</span> <span class='ocrx_word' id='word_1_187' title='bbox 355 2387 584 2429; x_wconf 88' lang='lat' dir='ltr'>Postulavi</span> <span class='ocrx_word' id='word_1_188' title='bbox 618 2387 795 2427; x_wconf 91' lang='lat' dir='ltr'>Patrem</span> <span class='ocrx_word' id='word_1_189' title='bbox 831 2397 987 2432; x_wconf 91' lang='lat' dir='ltr'>meum,</span> 
     </span>
    </p>
   </div>
   <div class='ocr_carea' id='block_1_8' title="bbox 161 2439 986 2551">
    <p class='ocr_par' dir='ltr' id='par_1_13' title="bbox 161 2439 986 2551">
     <span class='ocr_line' id='line_1_40' title="bbox 161 2439 986 2496; baseline -0.008 -10"><span class='ocrx_word' id='word_1_190' title='bbox 161 2444 350 2496; x_wconf 81' lang='lat' dir='ltr'>alleluia:</span> <span class='ocrx_word' id='word_1_191' title='bbox 383 2443 505 2484; x_wconf 87' lang='lat' dir='ltr'>dedit</span> <span class='ocrx_word' id='word_1_192' title='bbox 536 2443 643 2483; x_wconf 92' lang='lat' dir='ltr'>mihi</span> <span class='ocrx_word' id='word_1_193' title='bbox 674 2442 855 2489; x_wconf 88' lang='lat' dir='ltr'>Gentes,</span> <span class='ocrx_word' id='word_1_194' title='bbox 887 2439 986 2479; x_wconf 93' lang='lat' dir='ltr'>alle-</span> 
     </span>
     <span class='ocr_line' id='line_1_41' title="bbox 161 2496 860 2551; baseline -0.009 -10"><span class='ocrx_word' id='word_1_195' title='bbox 161 2500 257 2551; x_wconf 83' lang='lat' dir='ltr'>luja,</span> <span class='ocrx_word' id='word_1_196' title='bbox 277 2500 322 2540; x_wconf 92' lang='lat' dir='ltr'>in</span> <span class='ocrx_word' id='word_1_197' title='bbox 340 2499 659 2547; x_wconf 78' lang='lat' dir='ltr'>haereditatem,</span> <span class='ocrx_word' id='word_1_198' title='bbox 679 2496 860 2547; x_wconf 84' lang='lat' dir='ltr'>alleluja.</span> 
     </span>
    </p>
   </div>
   <div class='ocr_carea' id='block_1_9' title="bbox 162 2562 996 2726">
    <p class='ocr_par' dir='ltr' id='par_1_14' title="bbox 162 2562 996 2726">
     <span class='ocr_line' id='line_1_42' title="bbox 213 2562 987 2613; baseline -0.008 -9"><span class='ocrx_word' id='word_1_199' title='bbox 213 2565 311 2604; x_wconf 86' lang='lat' dir='ltr'>Ant.</span> <span class='ocrx_word' id='word_1_200' title='bbox 342 2565 434 2613; x_wconf 87' lang='lat' dir='ltr'>Ego</span> <span class='ocrx_word' id='word_1_201' title='bbox 460 2562 657 2610; x_wconf 82' lang='lat' dir='ltr'>dormivi,</span> <span class='ocrx_word' id='word_1_202' title='bbox 676 2562 699 2587; x_wconf 90' lang='lat'>*</span> <span class='ocrx_word' id='word_1_203' title='bbox 720 2565 763 2602; x_wconf 93' lang='lat' dir='ltr'>et</span> <span class='ocrx_word' id='word_1_204' title='bbox 788 2571 987 2601; x_wconf 90' lang='lat' dir='ltr'>somnum</span> 
     </span>
     <span class='ocr_line' id='line_1_43' title="bbox 162 2615 996 2671; baseline -0.008 -11"><span class='ocrx_word' id='word_1_205' title='bbox 162 2619 275 2671; x_wconf 88' lang='lat' dir='ltr'>cepi:</span> <span class='ocrx_word' id='word_1_206' title='bbox 295 2623 339 2660; x_wconf 92' lang='lat' dir='ltr'>et</span> <span class='ocrx_word' id='word_1_207' title='bbox 357 2618 593 2667; x_wconf 78' lang='lat' dir='ltr'>exsurrexi,</span> <span class='ocrx_word' id='word_1_208' title='bbox 615 2617 821 2669; x_wconf 91' lang='lat' dir='ltr'>quoniam</span> <span class='ocrx_word' id='word_1_209' title='bbox 840 2615 996 2655; x_wconf 83' lang='lat' dir='ltr'>Domi-·</span> 
     </span>
     <span class='ocr_line' id='line_1_44' title="bbox 162 2669 987 2726; baseline -0.008 -10"><span class='ocrx_word' id='word_1_210' title='bbox 162 2687 244 2716; x_wconf 86' lang='lat' dir='ltr'>nus</span> <span class='ocrx_word' id='word_1_211' title='bbox 269 2675 464 2726; x_wconf 80' lang='lat' dir='ltr'>suscepit</span> <span class='ocrx_word' id='word_1_212' title='bbox 490 2686 571 2723; x_wconf 92' lang='lat' dir='ltr'>me,</span> <span class='ocrx_word' id='word_1_213' title='bbox 595 2672 778 2724; x_wconf 80' lang='lat' dir='ltr'>alleluja,</span> <span class='ocrx_word' id='word_1_214' title='bbox 806 2669 987 2721; x_wconf 80' lang='lat' dir='ltr'>alleluja.</span> 
     </span>
    </p>
   </div>
   <div class='ocr_carea' id='block_1_10' title="bbox 1794 175 1859 209">
    <p class='ocr_par' dir='ltr' id='par_1_15' title="bbox 1794 175 1859 209">
     <span class='ocr_line' id='line_1_45' title="bbox 1794 175 1859 209; baseline 0 0"><span class='ocrx_word' id='word_1_215' title='bbox 1794 175 1859 209; x_wconf 89' lang='lat'>257</span> 
     </span>
    </p>
   </div>
   <div class='ocr_carea' id='block_1_11' title="bbox 1036 276 1863 2717">
    <p class='ocr_par' dir='ltr' id='par_1_16' title="bbox 1037 276 1859 488">
     <span class='ocr_line' id='line_1_46' title="bbox 1327 276 1583 316; baseline 0.012 -3"><span class='ocrx_word' id='word_1_216' title='bbox 1327 276 1520 316; x_wconf 68' lang='lat' dir='ltr'>psalmus</span> <span class='ocrx_word' id='word_1_217' title='bbox 1549 278 1583 316; x_wconf 73' lang='lat'>3.</span> 
     </span>
     <span class='ocr_line' id='line_1_47' title="bbox 1130 325 1859 379; baseline 0.005 -14"><span class='ocrx_word' id='word_1_218' title='bbox 1130 325 1274 367; x_wconf 90' lang='lat' dir='ltr'>omine</span> <span class='ocrx_word' id='word_1_219' title='bbox 1309 326 1414 377; x_wconf 92' lang='lat' dir='ltr'>quid</span> <span class='ocrx_word' id='word_1_220' title='bbox 1449 327 1724 379; x_wconf 90' lang='lat' dir='ltr'>multiplicati</span> <span class='ocrx_word' id='word_1_221' title='bbox 1758 333 1859 369; x_wconf 89' lang='lat' dir='ltr'>sunt</span> 
     </span>
     <span class='ocr_line' id='line_1_48' title="bbox 1141 381 1858 433; baseline 0.004 -11"><span class='ocrx_word' id='word_1_222' title='bbox 1141 382 1215 433; x_wconf 93' lang='lat' dir='ltr'>qui</span> <span class='ocrx_word' id='word_1_223' title='bbox 1242 381 1451 423; x_wconf 87' lang='lat' dir='ltr'>tribulant</span> <span class='ocrx_word' id='word_1_224' title='bbox 1476 382 1568 424; x_wconf 89' lang='lat' dir='ltr'>me?</span> <span class='ocrx_word' id='word_1_225' title='bbox 1595 383 1619 409; x_wconf 88' lang='lat'>*</span> <span class='ocrx_word' id='word_1_226' title='bbox 1645 383 1770 425; x_wconf 90' lang='lat' dir='ltr'>multi</span> <span class='ocrx_word' id='word_1_227' title='bbox 1797 384 1858 424; x_wconf 92' lang='lat' dir='ltr'>in-</span> 
     </span>
     <span class='ocr_line' id='line_1_49' title="bbox 1037 437 1571 488; baseline 0.002 -10"><span class='ocrx_word' id='word_1_228' title='bbox 1037 441 1221 488; x_wconf 83' lang='lat' dir='ltr'>surgunt</span> <span class='ocrx_word' id='word_1_229' title='bbox 1240 437 1472 479; x_wconf 89' lang='lat' dir='ltr'>adversum</span> <span class='ocrx_word' id='word_1_230' title='bbox 1490 451 1571 480; x_wconf 88' lang='lat' dir='ltr'>me.</span> 
     </span>
    </p>

    <p class='ocr_par' dir='ltr' id='par_1_17' title="bbox 1037 493 1857 601">
     <span class='ocr_line' id='line_1_50' title="bbox 1087 493 1857 536; baseline 0.004 -3"><span class='ocrx_word' id='word_1_231' title='bbox 1087 493 1214 534; x_wconf 84' lang='lat' dir='ltr'>Multi</span> <span class='ocrx_word' id='word_1_232' title='bbox 1230 493 1381 534; x_wconf 91' lang='lat' dir='ltr'>dicunt</span> <span class='ocrx_word' id='word_1_233' title='bbox 1401 495 1556 535; x_wconf 88' lang='lat' dir='ltr'>animae</span> <span class='ocrx_word' id='word_1_234' title='bbox 1571 507 1695 535; x_wconf 89' lang='lat' dir='ltr'>meae:</span> <span class='ocrx_word' id='word_1_235' title='bbox 1713 495 1737 520; x_wconf 84' lang='lat'>*</span> <span class='ocrx_word' id='word_1_236' title='bbox 1755 495 1857 536; x_wconf 92' lang='lat' dir='ltr'>Non</span> 
     </span>
     <span class='ocr_line' id='line_1_51' title="bbox 1037 549 1642 601; baseline 0 -11"><span class='ocrx_word' id='word_1_237' title='bbox 1037 554 1104 591; x_wconf 89' lang='lat' dir='ltr'>est</span> <span class='ocrx_word' id='word_1_238' title='bbox 1123 549 1240 590; x_wconf 88' lang='lat' dir='ltr'>salus</span> <span class='ocrx_word' id='word_1_239' title='bbox 1258 549 1344 601; x_wconf 90' lang='lat' dir='ltr'>ipsi</span> <span class='ocrx_word' id='word_1_240' title='bbox 1362 549 1406 589; x_wconf 90' lang='lat' dir='ltr'>in</span> <span class='ocrx_word' id='word_1_241' title='bbox 1426 550 1522 590; x_wconf 91' lang='lat' dir='ltr'>Deo</span> <span class='ocrx_word' id='word_1_242' title='bbox 1542 551 1642 601; x_wconf 84' lang='lat' dir='ltr'>ejus.</span> 
     </span>
    </p>

    <p class='ocr_par' dir='ltr' id='par_1_18' title="bbox 1037 605 1858 770">
     <span class='ocr_line' id='line_1_52' title="bbox 1087 605 1858 658; baseline 0.001 -12"><span class='ocrx_word' id='word_1_243' title='bbox 1087 605 1157 646; x_wconf 95' lang='lat' dir='ltr'>Tu</span> <span class='ocrx_word' id='word_1_244' title='bbox 1201 609 1347 646; x_wconf 91' lang='lat' dir='ltr'>autem</span> <span class='ocrx_word' id='word_1_245' title='bbox 1391 605 1580 647; x_wconf 92' lang='lat' dir='ltr'>Domine</span> <span class='ocrx_word' id='word_1_246' title='bbox 1630 607 1858 658; x_wconf 91' lang='lat' dir='ltr'>susceptor</span> 
     </span>
     <span class='ocr_line' id='line_1_53' title="bbox 1037 661 1858 711; baseline 0.001 -9"><span class='ocrx_word' id='word_1_247' title='bbox 1037 674 1161 702; x_wconf 90' lang='lat' dir='ltr'>meus</span> <span class='ocrx_word' id='word_1_248' title='bbox 1182 674 1239 710; x_wconf 91' lang='lat' dir='ltr'>es,</span> <span class='ocrx_word' id='word_1_249' title='bbox 1258 662 1282 686; x_wconf 84' lang='lat'>*</span> <span class='ocrx_word' id='word_1_250' title='bbox 1300 661 1441 711; x_wconf 90' lang='lat' dir='ltr'>gloria</span> <span class='ocrx_word' id='word_1_251' title='bbox 1464 674 1571 711; x_wconf 90' lang='lat' dir='ltr'>mea,</span> <span class='ocrx_word' id='word_1_252' title='bbox 1596 666 1639 703; x_wconf 94' lang='lat' dir='ltr'>et</span> <span class='ocrx_word' id='word_1_253' title='bbox 1664 662 1858 703; x_wconf 88' lang='lat' dir='ltr'>exaltans</span> 
     </span>
     <span class='ocr_line' id='line_1_54' title="bbox 1038 722 1344 770; baseline -0.007 -12"><span class='ocrx_word' id='word_1_254' title='bbox 1038 722 1170 770; x_wconf 88' lang='lat' dir='ltr'>caput</span> <span class='ocrx_word' id='word_1_255' title='bbox 1188 729 1344 758; x_wconf 91' lang='lat' dir='ltr'>meum.</span> 
     </span>
    </p>

    <p class='ocr_par' dir='ltr' id='par_1_19' title="bbox 1036 772 1859 926">
     <span class='ocr_line' id='line_1_55' title="bbox 1089 772 1859 814; baseline -0.001 0"><span class='ocrx_word' id='word_1_256' title='bbox 1089 773 1214 814; x_wconf 89' lang='lat' dir='ltr'>Voce</span> <span class='ocrx_word' id='word_1_257' title='bbox 1228 785 1326 814; x_wconf 92' lang='lat' dir='ltr'>mea</span> <span class='ocrx_word' id='word_1_258' title='bbox 1341 772 1397 814; x_wconf 91' lang='lat' dir='ltr'>ad</span> <span class='ocrx_word' id='word_1_259' title='bbox 1411 773 1648 814; x_wconf 92' lang='lat' dir='ltr'>Dominum</span> <span class='ocrx_word' id='word_1_260' title='bbox 1664 772 1859 814; x_wconf 87' lang='lat' dir='ltr'>clamavi:</span> 
     </span>
     <span class='ocr_line' id='line_1_56' title="bbox 1036 828 1858 870; baseline -0.001 0"><span class='ocrx_word' id='word_1_261' title='bbox 1036 829 1060 854; x_wconf 89' lang='lat'>*</span> <span class='ocrx_word' id='word_1_262' title='bbox 1089 834 1133 870; x_wconf 93' lang='lat' dir='ltr'>et</span> <span class='ocrx_word' id='word_1_263' title='bbox 1161 828 1383 870; x_wconf 89' lang='lat' dir='ltr'>exaudivit</span> <span class='ocrx_word' id='word_1_264' title='bbox 1409 841 1479 870; x_wconf 90' lang='lat' dir='ltr'>me</span> <span class='ocrx_word' id='word_1_265' title='bbox 1508 829 1562 870; x_wconf 91' lang='lat' dir='ltr'>de</span> <span class='ocrx_word' id='word_1_266' title='bbox 1589 833 1738 870; x_wconf 90' lang='lat' dir='ltr'>monte</span> <span class='ocrx_word' id='word_1_267' title='bbox 1766 841 1858 869; x_wconf 89' lang='lat' dir='ltr'>san-</span> 
     </span>
     <span class='ocr_line' id='line_1_57' title="bbox 1037 888 1327 926; baseline -0.007 0"><span class='ocrx_word' id='word_1_268' title='bbox 1037 889 1109 926; x_wconf 91' lang='lat' dir='ltr'>cto</span> <span class='ocrx_word' id='word_1_269' title='bbox 1139 897 1230 925; x_wconf 89' lang='lat' dir='ltr'>suo.</span> <span class='ocrx_word' id='word_1_270' title='bbox 1325 888 1327 890; x_wconf 83' lang='lat'>&#39;</span> 
     </span>
    </p>

    <p class='ocr_par' dir='ltr' id='par_1_20' title="bbox 1037 940 1859 1104">
     <span class='ocr_line' id='line_1_58' title="bbox 1089 940 1859 993; baseline -0.003 -12"><span class='ocrx_word' id='word_1_271' title='bbox 1089 941 1183 991; x_wconf 90' lang='lat' dir='ltr'>Ego</span> <span class='ocrx_word' id='word_1_272' title='bbox 1204 940 1408 991; x_wconf 88' lang='lat' dir='ltr'>dormivi,</span> <span class='ocrx_word' id='word_1_273' title='bbox 1435 945 1478 982; x_wconf 92' lang='lat' dir='ltr'>et</span> <span class='ocrx_word' id='word_1_274' title='bbox 1497 943 1729 993; x_wconf 88' lang='lat' dir='ltr'>soporatus</span> <span class='ocrx_word' id='word_1_275' title='bbox 1750 953 1859 980; x_wconf 90' lang='lat' dir='ltr'>sum:</span> 
     </span>
     <span class='ocr_line' id='line_1_59' title="bbox 1037 997 1858 1048; baseline -0.002 -10"><span class='ocrx_word' id='word_1_276' title='bbox 1037 997 1060 1022; x_wconf 89' lang='lat'>*</span> <span class='ocrx_word' id='word_1_277' title='bbox 1085 1001 1128 1038; x_wconf 90' lang='lat' dir='ltr'>et</span> <span class='ocrx_word' id='word_1_278' title='bbox 1152 997 1391 1046; x_wconf 79' lang='lat' dir='ltr'>exsurrexi,</span> <span class='ocrx_word' id='word_1_279' title='bbox 1416 997 1518 1048; x_wconf 93' lang='lat' dir='ltr'>quia</span> <span class='ocrx_word' id='word_1_280' title='bbox 1535 997 1750 1037; x_wconf 86' lang='lat' dir='ltr'>Dominus</span> <span class='ocrx_word' id='word_1_281' title='bbox 1770 1009 1858 1036; x_wconf 91' lang='lat' dir='ltr'>sus-</span> 
     </span>
     <span class='ocr_line' id='line_1_60' title="bbox 1039 1053 1255 1104; baseline -0.005 -12"><span class='ocrx_word' id='word_1_282' title='bbox 1039 1053 1156 1104; x_wconf 81' lang='lat' dir='ltr'>cepit</span> <span class='ocrx_word' id='word_1_283' title='bbox 1174 1064 1255 1092; x_wconf 91' lang='lat' dir='ltr'>me.</span> 
     </span>
    </p>

    <p class='ocr_par' dir='ltr' id='par_1_21' title="bbox 1039 1106 1860 1261">
     <span class='ocr_line' id='line_1_61' title="bbox 1089 1106 1858 1159; baseline -0.003 -11"><span class='ocrx_word' id='word_1_284' title='bbox 1089 1108 1191 1148; x_wconf 94' lang='lat' dir='ltr'>Non</span> <span class='ocrx_word' id='word_1_285' title='bbox 1226 1106 1391 1148; x_wconf 85' lang='lat' dir='ltr'>timebo</span> <span class='ocrx_word' id='word_1_286' title='bbox 1428 1107 1561 1147; x_wconf 90' lang='lat' dir='ltr'>millia</span> <span class='ocrx_word' id='word_1_287' title='bbox 1597 1107 1750 1159; x_wconf 82' lang='lat' dir='ltr'>populi</span> <span class='ocrx_word' id='word_1_288' title='bbox 1782 1107 1858 1148; x_wconf 91' lang='lat' dir='ltr'>cir-</span> 
     </span>
     <span class='ocr_line' id='line_1_62' title="bbox 1039 1163 1860 1213; baseline -0.004 -8"><span class='ocrx_word' id='word_1_289' title='bbox 1039 1163 1285 1205; x_wconf 87' lang='lat' dir='ltr'>cumdantis</span> <span class='ocrx_word' id='word_1_290' title='bbox 1309 1176 1394 1204; x_wconf 90' lang='lat' dir='ltr'>me:</span> <span class='ocrx_word' id='word_1_291' title='bbox 1412 1163 1436 1188; x_wconf 89' lang='lat'>*</span> <span class='ocrx_word' id='word_1_292' title='bbox 1457 1166 1642 1213; x_wconf 82' lang='lat' dir='ltr'>exsurge</span> <span class='ocrx_word' id='word_1_293' title='bbox 1661 1163 1860 1211; x_wconf 83' lang='lat' dir='ltr'>Domine,</span> 
     </span>
     <span class='ocr_line' id='line_1_63' title="bbox 1039 1219 1678 1261; baseline -0.002 -1"><span class='ocrx_word' id='word_1_294' title='bbox 1039 1220 1209 1261; x_wconf 89' lang='lat' dir='ltr'>salvum</span> <span class='ocrx_word' id='word_1_295' title='bbox 1227 1232 1297 1260; x_wconf 92' lang='lat' dir='ltr'>me</span> <span class='ocrx_word' id='word_1_296' title='bbox 1316 1219 1386 1260; x_wconf 87' lang='lat' dir='ltr'>fac</span> <span class='ocrx_word' id='word_1_297' title='bbox 1405 1219 1525 1260; x_wconf 91' lang='lat' dir='ltr'>Deus</span> <span class='ocrx_word' id='word_1_298' title='bbox 1544 1231 1678 1260; x_wconf 87' lang='lat' dir='ltr'>meus.</span> 
     </span>
    </p>

    <p class='ocr_par' dir='ltr' id='par_1_22' title="bbox 1038 1275 1861 1439">
     <span class='ocr_line' id='line_1_64' title="bbox 1091 1275 1860 1327; baseline -0.003 -11"><span class='ocrx_word' id='word_1_299' title='bbox 1091 1276 1307 1326; x_wconf 89' lang='lat' dir='ltr'>Quoniam</span> <span class='ocrx_word' id='word_1_300' title='bbox 1343 1279 1391 1316; x_wconf 94' lang='lat' dir='ltr'>tu</span> <span class='ocrx_word' id='word_1_301' title='bbox 1421 1275 1676 1327; x_wconf 89' lang='lat' dir='ltr'>percussisti</span> <span class='ocrx_word' id='word_1_302' title='bbox 1708 1287 1860 1315; x_wconf 89' lang='lat' dir='ltr'>omnes</span> 
     </span>
     <span class='ocr_line' id='line_1_65' title="bbox 1039 1329 1861 1373; baseline -0.002 -1"><span class='ocrx_word' id='word_1_303' title='bbox 1039 1331 1324 1373; x_wconf 89' lang='lat' dir='ltr'>adversantes</span> <span class='ocrx_word' id='word_1_304' title='bbox 1338 1330 1444 1371; x_wconf 91' lang='lat' dir='ltr'>mihi</span> <span class='ocrx_word' id='word_1_305' title='bbox 1459 1331 1552 1372; x_wconf 89' lang='lat' dir='ltr'>sine</span> <span class='ocrx_word' id='word_1_306' title='bbox 1568 1343 1712 1371; x_wconf 91' lang='lat' dir='ltr'>causa:</span> <span class='ocrx_word' id='word_1_307' title='bbox 1722 1330 1746 1355; x_wconf 86' lang='lat'>*</span> <span class='ocrx_word' id='word_1_308' title='bbox 1762 1329 1861 1371; x_wconf 93' lang='lat' dir='ltr'>den-</span> 
     </span>
     <span class='ocr_line' id='line_1_66' title="bbox 1038 1386 1682 1439; baseline -0.005 -10"><span class='ocrx_word' id='word_1_309' title='bbox 1038 1393 1105 1429; x_wconf 88' lang='lat' dir='ltr'>tes</span> <span class='ocrx_word' id='word_1_310' title='bbox 1124 1389 1409 1439; x_wconf 91' lang='lat' dir='ltr'>peccatorum</span> <span class='ocrx_word' id='word_1_311' title='bbox 1428 1386 1682 1427; x_wconf 91' lang='lat' dir='ltr'>contrivisti.</span> 
     </span>
    </p>

    <p class='ocr_par' dir='ltr' id='par_1_23' title="bbox 1039 1442 1860 1551">
     <span class='ocr_line' id='line_1_67' title="bbox 1090 1442 1860 1493; baseline -0.004 -9"><span class='ocrx_word' id='word_1_312' title='bbox 1090 1443 1270 1484; x_wconf 90' lang='lat' dir='ltr'>Domini</span> <span class='ocrx_word' id='word_1_313' title='bbox 1290 1447 1356 1483; x_wconf 88' lang='lat' dir='ltr'>est</span> <span class='ocrx_word' id='word_1_314' title='bbox 1375 1442 1506 1483; x_wconf 86' lang='lat' dir='ltr'>salus:</span> <span class='ocrx_word' id='word_1_315' title='bbox 1525 1442 1549 1467; x_wconf 89' lang='grc'>*</span> <span class='ocrx_word' id='word_1_316' title='bbox 1574 1446 1617 1483; x_wconf 92' lang='lat' dir='ltr'>et</span> <span class='ocrx_word' id='word_1_317' title='bbox 1635 1454 1766 1493; x_wconf 91' lang='lat' dir='ltr'>super</span> <span class='ocrx_word' id='word_1_318' title='bbox 1784 1444 1860 1493; x_wconf 92' lang='lat' dir='ltr'>po-</span> 
     </span>
     <span class='ocr_line' id='line_1_68' title="bbox 1039 1497 1706 1551; baseline -0.003 -12"><span class='ocrx_word' id='word_1_319' title='bbox 1039 1499 1190 1551; x_wconf 89' lang='lat' dir='ltr'>pulum</span> <span class='ocrx_word' id='word_1_320' title='bbox 1210 1503 1333 1539; x_wconf 89' lang='lat' dir='ltr'>tuum</span> <span class='ocrx_word' id='word_1_321' title='bbox 1352 1497 1601 1539; x_wconf 89' lang='lat' dir='ltr'>benedictio</span> <span class='ocrx_word' id='word_1_322' title='bbox 1620 1502 1706 1538; x_wconf 86' lang='lat' dir='ltr'>tua.</span> 
     </span>
    </p>

    <p class='ocr_par' dir='ltr' id='par_1_24' title="bbox 1038 1554 1863 1718">
     <span class='ocr_line' id='line_1_69' title="bbox 1093 1554 1862 1605; baseline -0.01 -5"><span class='ocrx_word' id='word_1_323' title='bbox 1093 1560 1190 1600; x_wconf 87' lang='lat' dir='ltr'>Ant.</span> <span class='ocrx_word' id='word_1_324' title='bbox 1232 1560 1323 1605; x_wconf 83' lang='lat' dir='ltr'>Ego</span> <span class='ocrx_word' id='word_1_325' title='bbox 1357 1554 1559 1602; x_wconf 90' lang='lat' dir='ltr'>dormivi,</span> <span class='ocrx_word' id='word_1_326' title='bbox 1592 1558 1636 1594; x_wconf 91' lang='lat' dir='ltr'>et</span> <span class='ocrx_word' id='word_1_327' title='bbox 1663 1565 1862 1593; x_wconf 91' lang='lat' dir='ltr'>somnum</span> 
     </span>
     <span class='ocr_line' id='line_1_70' title="bbox 1039 1608 1860 1663; baseline -0.004 -12"><span class='ocrx_word' id='word_1_328' title='bbox 1039 1611 1152 1663; x_wconf 88' lang='lat' dir='ltr'>cepi:</span> <span class='ocrx_word' id='word_1_329' title='bbox 1172 1615 1215 1651; x_wconf 92' lang='lat' dir='ltr'>et</span> <span class='ocrx_word' id='word_1_330' title='bbox 1236 1610 1472 1659; x_wconf 77' lang='lat' dir='ltr'>exsurrexi,</span> <span class='ocrx_word' id='word_1_331' title='bbox 1494 1609 1699 1661; x_wconf 90' lang='lat' dir='ltr'>quoniam</span> <span class='ocrx_word' id='word_1_332' title='bbox 1712 1608 1860 1649; x_wconf 91' lang='lat' dir='ltr'>Domi-</span> 
     </span>
     <span class='ocr_line' id='line_1_71' title="bbox 1038 1663 1863 1718; baseline -0.005 -11"><span class='ocrx_word' id='word_1_333' title='bbox 1038 1680 1120 1708; x_wconf 91' lang='lat' dir='ltr'>nus</span> <span class='ocrx_word' id='word_1_334' title='bbox 1148 1666 1343 1718; x_wconf 91' lang='lat' dir='ltr'>suscepit</span> <span class='ocrx_word' id='word_1_335' title='bbox 1366 1678 1447 1715; x_wconf 92' lang='lat' dir='ltr'>me,</span> <span class='ocrx_word' id='word_1_336' title='bbox 1473 1665 1654 1717; x_wconf 84' lang='lat' dir='ltr'>alleluja,</span> <span class='ocrx_word' id='word_1_337' title='bbox 1682 1663 1863 1714; x_wconf 82' lang='lat' dir='ltr'>alleluja.</span> 
     </span>
    </p>

    <p class='ocr_par' dir='ltr' id='par_1_25' title="bbox 1039 1719 1863 1887">
     <span class='ocr_line' id='line_1_72' title="bbox 1094 1719 1863 1772; baseline -0.007 -8"><span class='ocrx_word' id='word_1_338' title='bbox 1094 1724 1143 1772; x_wconf 70' lang='lat' dir='ltr'>V.</span> <span class='ocrx_word' id='word_1_339' title='bbox 1174 1722 1371 1763; x_wconf 89' lang='lat' dir='ltr'>Surrexit</span> <span class='ocrx_word' id='word_1_340' title='bbox 1397 1721 1612 1761; x_wconf 91' lang='lat' dir='ltr'>Dominus</span> <span class='ocrx_word' id='word_1_341' title='bbox 1641 1720 1695 1761; x_wconf 94' lang='lat' dir='ltr'>de</span> <span class='ocrx_word' id='word_1_342' title='bbox 1724 1719 1863 1771; x_wconf 81' lang='lat' dir='ltr'>sepul-</span> 
     </span>
     <span class='ocr_line' id='line_1_73' title="bbox 1040 1774 1863 1833; baseline -0.007 -13"><span class='ocrx_word' id='word_1_343' title='bbox 1040 1779 1160 1828; x_wconf 92' lang='lat' dir='ltr'>chro,</span> <span class='ocrx_word' id='word_1_344' title='bbox 1197 1777 1379 1828; x_wconf 84' lang='lat' dir='ltr'>alleluja.</span> <span class='ocrx_word' id='word_1_345' title='bbox 1430 1783 1477 1833; x_wconf 57' lang='lat' dir='ltr'>sp</span> <span class='ocrx_word' id='word_1_346' title='bbox 1508 1777 1593 1826; x_wconf 92' lang='lat' dir='ltr'>Qui</span> <span class='ocrx_word' id='word_1_347' title='bbox 1624 1788 1705 1828; x_wconf 92' lang='lat' dir='ltr'>pro</span> <span class='ocrx_word' id='word_1_348' title='bbox 1736 1774 1863 1816; x_wconf 92' lang='lat' dir='ltr'>nobis</span> 
     </span>
     <span class='ocr_line' id='line_1_74' title="bbox 1039 1832 1662 1887; baseline -0.005 -12"><span class='ocrx_word' id='word_1_349' title='bbox 1039 1833 1250 1887; x_wconf 89' lang='lat' dir='ltr'>pependit</span> <span class='ocrx_word' id='word_1_350' title='bbox 1268 1833 1313 1873; x_wconf 94' lang='lat' dir='ltr'>in</span> <span class='ocrx_word' id='word_1_351' title='bbox 1332 1833 1461 1882; x_wconf 91' lang='lat' dir='ltr'>ligno,</span> <span class='ocrx_word' id='word_1_352' title='bbox 1481 1832 1662 1883; x_wconf 80' lang='lat' dir='ltr'>alleluja.</span> 
     </span>
    </p>

    <p class='ocr_par' dir='ltr' id='par_1_26' title="bbox 1093 1894 1406 1932">
     <span class='ocr_line' id='line_1_75' title="bbox 1093 1894 1406 1932; baseline -0.01 0"><span class='ocrx_word' id='word_1_353' title='bbox 1093 1894 1222 1932; x_wconf 81' lang='lat' dir='ltr'>Pater</span> <span class='ocrx_word' id='word_1_354' title='bbox 1245 1894 1406 1930; x_wconf 92' lang='lat' dir='ltr'>noster.</span> 
     </span>
    </p>

    <p class='ocr_par' dir='ltr' id='par_1_27' title="bbox 1040 1941 1863 2220">
     <span class='ocr_line' id='line_1_76' title="bbox 1092 1941 1863 1989; baseline -0.01 -1"><span class='ocrx_word' id='word_1_355' title='bbox 1092 1948 1336 1989; x_wconf 83' lang='lat' dir='ltr'>Absolutio.</span> <span class='ocrx_word' id='word_1_356' title='bbox 1367 1943 1538 1987; x_wconf 82' lang='lat' dir='ltr'>Exaudi</span> <span class='ocrx_word' id='word_1_357' title='bbox 1557 1942 1743 1984; x_wconf 89' lang='lat' dir='ltr'>Domine</span> <span class='ocrx_word' id='word_1_358' title='bbox 1761 1941 1786 1981; x_wconf 92' lang='lat' dir='ltr'><strong>J</strong></span> <span class='ocrx_word' id='word_1_359' title='bbox 1788 1952 1863 1981; x_wconf 89' lang='lat' dir='ltr'>esu</span> 
     </span>
     <span class='ocr_line' id='line_1_77' title="bbox 1040 1999 1862 2053; baseline -0.01 -10"><span class='ocrx_word' id='word_1_360' title='bbox 1040 2003 1212 2044; x_wconf 89' lang='lat' dir='ltr'>Christe</span> <span class='ocrx_word' id='word_1_361' title='bbox 1242 2013 1397 2053; x_wconf 91' lang='lat' dir='ltr'>preces</span> <span class='ocrx_word' id='word_1_362' title='bbox 1425 2001 1650 2041; x_wconf 89' lang='lat' dir='ltr'>servorum</span> <span class='ocrx_word' id='word_1_363' title='bbox 1678 1999 1862 2043; x_wconf 91' lang='lat' dir='ltr'>tuorum,</span> 
     </span>
     <span class='ocr_line' id='line_1_78' title="bbox 1042 2052 1862 2106; baseline -0.011 -7"><span class='ocrx_word' id='word_1_364' title='bbox 1042 2063 1086 2100; x_wconf 92' lang='lat' dir='ltr'>et</span> <span class='ocrx_word' id='word_1_365' title='bbox 1110 2058 1317 2098; x_wconf 88' lang='lat' dir='ltr'>miserere</span> <span class='ocrx_word' id='word_1_366' title='bbox 1341 2056 1485 2105; x_wconf 86' lang='lat' dir='ltr'>nobis,</span> <span class='ocrx_word' id='word_1_367' title='bbox 1511 2055 1585 2106; x_wconf 91' lang='lat' dir='ltr'>qui</span> <span class='ocrx_word' id='word_1_368' title='bbox 1610 2066 1708 2094; x_wconf 92' lang='lat' dir='ltr'>cum</span> <span class='ocrx_word' id='word_1_369' title='bbox 1732 2052 1862 2092; x_wconf 87' lang='lat' dir='ltr'>Patre</span> 
     </span>
     <span class='ocr_line' id='line_1_79' title="bbox 1042 2106 1862 2165; baseline -0.012 -10"><span class='ocrx_word' id='word_1_370' title='bbox 1042 2119 1085 2155; x_wconf 90' lang='lat' dir='ltr'>et</span> <span class='ocrx_word' id='word_1_371' title='bbox 1099 2113 1265 2165; x_wconf 89' lang='lat' dir='ltr'>Spiritu</span> <span class='ocrx_word' id='word_1_372' title='bbox 1283 2117 1434 2153; x_wconf 88' lang='lat' dir='ltr'>sancto</span> <span class='ocrx_word' id='word_1_373' title='bbox 1452 2111 1562 2152; x_wconf 90' lang='lat' dir='ltr'>vivis</span> <span class='ocrx_word' id='word_1_374' title='bbox 1582 2114 1625 2150; x_wconf 94' lang='lat' dir='ltr'>et</span> <span class='ocrx_word' id='word_1_375' title='bbox 1644 2119 1798 2158; x_wconf 86' lang='lat' dir='ltr'>regnas</span> <span class='ocrx_word' id='word_1_376' title='bbox 1817 2106 1862 2146; x_wconf 89' lang='lat' dir='ltr'>in</span> 
     </span>
     <span class='ocr_line' id='line_1_80' title="bbox 1041 2165 1741 2220; baseline -0.011 -10"><span class='ocrx_word' id='word_1_377' title='bbox 1041 2169 1203 2211; x_wconf 77' lang='lat' dir='ltr'>saecula</span> <span class='ocrx_word' id='word_1_378' title='bbox 1222 2168 1494 2209; x_wconf 80' lang='lat' dir='ltr'>saeculorum.</span> <span class='ocrx_word' id='word_1_379' title='bbox 1524 2171 1569 2220; x_wconf 60' lang='grc' dir='ltr'>Κ..</span> <span class='ocrx_word' id='word_1_380' title='bbox 1590 2165 1741 2204; x_wconf 89' lang='lat' dir='ltr'>Amen.</span> 
     </span>
    </p>

    <p class='ocr_par' dir='ltr' id='par_1_28' title="bbox 1096 2219 1755 2271">
     <span class='ocr_line' id='line_1_81' title="bbox 1096 2219 1755 2271; baseline -0.012 -6"><span class='ocrx_word' id='word_1_381' title='bbox 1096 2222 1143 2271; x_wconf 71' lang='lat' dir='ltr'>V.</span> <span class='ocrx_word' id='word_1_382' title='bbox 1168 2224 1281 2265; x_wconf 87' lang='lat' dir='ltr'>Jube</span> <span class='ocrx_word' id='word_1_383' title='bbox 1308 2223 1467 2264; x_wconf 91' lang='lat' dir='ltr'>domne</span> <span class='ocrx_word' id='word_1_384' title='bbox 1485 2219 1755 2262; x_wconf 91' lang='lat' dir='ltr'>benedicere.</span> 
     </span>
    </p>

    <p class='ocr_par' dir='ltr' id='par_1_29' title="bbox 1039 2272 1861 2384">
     <span class='ocr_line' id='line_1_82' title="bbox 1094 2272 1861 2326; baseline -0.013 -4"><span class='ocrx_word' id='word_1_385' title='bbox 1094 2281 1358 2321; x_wconf 83' lang='lat' dir='ltr'>Benedictio.</span> <span class='ocrx_word' id='word_1_386' title='bbox 1385 2275 1644 2326; x_wconf 85' lang='lat' dir='ltr'>Evangelica</span> <span class='ocrx_word' id='word_1_387' title='bbox 1657 2273 1786 2314; x_wconf 90' lang='lat' dir='ltr'>lectio</span> <span class='ocrx_word' id='word_1_388' title='bbox 1804 2272 1861 2312; x_wconf 89' lang='lat' dir='ltr'>sit</span> 
     </span>
     <span class='ocr_line' id='line_1_83' title="bbox 1039 2331 1612 2384; baseline -0.01 -8"><span class='ocrx_word' id='word_1_389' title='bbox 1039 2336 1167 2377; x_wconf 92' lang='lat' dir='ltr'>nobis</span> <span class='ocrx_word' id='word_1_390' title='bbox 1187 2335 1304 2375; x_wconf 88' lang='lat' dir='ltr'>salus</span> <span class='ocrx_word' id='word_1_391' title='bbox 1324 2338 1367 2375; x_wconf 88' lang='lat' dir='ltr'>et</span> <span class='ocrx_word' id='word_1_392' title='bbox 1385 2331 1612 2384; x_wconf 89' lang='lat' dir='ltr'>protectio.</span> 
     </span>
    </p>

    <p class='ocr_par' dir='ltr' id='par_1_30' title="bbox 1092 2391 1319 2443">
     <span class='ocr_line' id='line_1_84' title="bbox 1092 2391 1319 2432; baseline -0.018 1"><span class='ocrx_word' id='word_1_393' title='bbox 1092 2395 1141 2432; x_wconf 84' lang='lat' dir='ltr'>R.</span> <span class='ocrx_word' id='word_1_394' title='bbox 1167 2391 1319 2431; x_wconf 91' lang='lat' dir='ltr'>Amen.</span> 
     </span>
    </p>

    <p class='ocr_par' dir='ltr' id='par_1_31' title="bbox 1040 2443 1860 2606">
     <span class='ocr_line' id='line_1_85' title="bbox 1040 2443 1860 2495; baseline -0.011 -3"><span class='ocrx_word' id='word_1_395' title='bbox 1040 2450 1194 2491; x_wconf 89' lang='lat' dir='ltr'>Lectio</span> <span class='ocrx_word' id='word_1_396' title='bbox 1222 2447 1360 2489; x_wconf 87' lang='lat' dir='ltr'>sancti</span> <span class='ocrx_word' id='word_1_397' title='bbox 1378 2444 1601 2495; x_wconf 89' lang='lat' dir='ltr'>Evangelii</span> <span class='ocrx_word' id='word_1_398' title='bbox 1622 2443 1860 2485; x_wconf 84' lang='lat' dir='ltr'>secundum</span> 
     </span>
     <span class='ocr_line' id='line_1_86' title="bbox 1347 2502 1552 2542; baseline -0.015 0"><span class='ocrx_word' id='word_1_399' title='bbox 1347 2502 1552 2542; x_wconf 91' lang='lat' dir='ltr'>Marcum.</span> 
     </span>
     <span class='ocr_line' id='line_1_87' title="bbox 1144 2557 1752 2606; baseline -0.005 -9"><span class='ocrx_word' id='word_1_400' title='bbox 1144 2558 1293 2597; x_wconf 80' lang='lat' dir='ltr'>Lectio</span> <span class='ocrx_word' id='word_1_401' title='bbox 1315 2557 1335 2594; x_wconf 85' lang='lat' dir='ltr'>i.</span> <span class='ocrx_word' id='word_1_402' title='bbox 1579 2557 1679 2606; x_wconf 81' lang='lat' dir='ltr'>Cap.</span> <span class='ocrx_word' id='word_1_403' title='bbox 1698 2557 1752 2594; x_wconf 81' lang='grc'>16.</span> 
     </span>
    </p>

    <p class='ocr_par' dir='ltr' id='par_1_32' title="bbox 1085 2604 1860 2661">
     <span class='ocr_line' id='line_1_88' title="bbox 1085 2604 1860 2661; baseline -0.01 -8"><span class='ocrx_word' id='word_1_404' title='bbox 1085 2626 1115 2653; x_wconf 92' lang='lat' dir='ltr'>n</span> <span class='ocrx_word' id='word_1_405' title='bbox 1149 2611 1224 2652; x_wconf 84' lang='lat' dir='ltr'>ino</span> <span class='ocrx_word' id='word_1_406' title='bbox 1259 2612 1477 2661; x_wconf 90' lang='lat' dir='ltr'>tempore:</span> <span class='ocrx_word' id='word_1_407' title='bbox 1517 2607 1654 2648; x_wconf 88' lang='lat' dir='ltr'>Maria</span> <span class='ocrx_word' id='word_1_408' title='bbox 1685 2604 1860 2655; x_wconf 84' lang='lat' dir='ltr'>Magda-</span> 
     </span>
    </p>

    <p class='ocr_par' dir='ltr' id='par_1_33' title="bbox 1105 2661 1861 2717">
     <span class='ocr_line' id='line_1_89' title="bbox 1105 2661 1861 2717; baseline -0.009 -8"><span class='ocrx_word' id='word_1_409' title='bbox 1105 2668 1211 2717; x_wconf 91' lang='lat' dir='ltr'>lene,</span> <span class='ocrx_word' id='word_1_410' title='bbox 1232 2671 1275 2707; x_wconf 90' lang='lat' dir='ltr'>et</span> <span class='ocrx_word' id='word_1_411' title='bbox 1292 2665 1429 2706; x_wconf 87' lang='lat' dir='ltr'>Maria</span> <span class='ocrx_word' id='word_1_412' title='bbox 1442 2664 1467 2705; x_wconf 88' lang='lat' dir='ltr'><strong>J</strong></span> <span class='ocrx_word' id='word_1_413' title='bbox 1470 2663 1607 2713; x_wconf 88' lang='lat' dir='ltr'>acobi,</span> <span class='ocrx_word' id='word_1_414' title='bbox 1627 2667 1671 2704; x_wconf 94' lang='lat' dir='ltr'>et</span> <span class='ocrx_word' id='word_1_415' title='bbox 1688 2661 1861 2704; x_wconf 88' lang='lat' dir='ltr'>Salome</span> 
     </span>
    </p>
   </div>
  </div>
 </body>
</html>
