<?xml version="1.0" encoding="UTF-8"?>
<!DOCTYPE html PUBLIC "-//W3C//DTD XHTML 1.0 Transitional//EN"
    "http://www.w3.org/TR/xhtml1/DTD/xhtml1-transitional.dtd">
<html xmlns="http://www.w3.org/1999/xhtml" xml:lang="en" lang="en">
 <head>
  <title>
</title>
<meta http-equiv="Content-Type" content="text/html;charset=utf-8" />
  <meta name='ocr-system' content='tesseract 3.04.00' />
  <meta name='ocr-capabilities' content='ocr_page ocr_carea ocr_par ocr_line ocrx_word'/>
</head>
<body>
  <div class='ocr_page' id='page_1' title='image "./p2breviariumroma00cathuoft_0938.png"; bbox 0 0 2066 2956; ppageno 0'>
   <div class='ocr_carea' id='block_1_1' title="bbox 550 206 1596 251">
    <p class='ocr_par' dir='ltr' id='par_1_1' title="bbox 550 206 1596 251">
     <span class='ocr_line' id='line_1_1' title="bbox 550 206 1596 251; baseline -0.006 -6"><span class='ocrx_word' id='word_1_1' title='bbox 550 213 619 245; x_wconf 72' lang='lat' dir='ltr'>Dic</span> <span class='ocrx_word' id='word_1_2' title='bbox 649 212 694 245; x_wconf 84' lang='lat'>11.</span> <span class='ocrx_word' id='word_1_3' title='bbox 721 212 819 251; x_wconf 75' lang='lat' dir='ltr'>Maii.</span> <span class='ocrx_word' id='word_1_4' title='bbox 867 213 901 244; x_wconf 70' lang='lat' dir='ltr'>S.</span> <span class='ocrx_word' id='word_1_5' title='bbox 929 210 1123 243; x_wconf 71' lang='lat' dir='ltr'>Francisci</span> <span class='ocrx_word' id='word_1_6' title='bbox 1150 209 1195 242; x_wconf 81' lang='lat' dir='ltr'>de</span> <span class='ocrx_word' id='word_1_7' title='bbox 1222 208 1459 250; x_wconf 69' lang='lat' dir='ltr'>Hieronymo</span> <span class='ocrx_word' id='word_1_8' title='bbox 1488 206 1596 240; x_wconf 64' lang='lat' dir='ltr'>(lons.</span> 
     </span>
    </p>
   </div>
   <div class='ocr_carea' id='block_1_2' title="bbox 216 307 1049 1415">
    <p class='ocr_par' dir='ltr' id='par_1_2' title="bbox 520 307 745 348">
     <span class='ocr_line' id='line_1_2' title="bbox 520 307 745 348; baseline -0.004 -1"><span class='ocrx_word' id='word_1_9' title='bbox 520 308 671 348; x_wconf 74' lang='lat' dir='ltr'>Lectio</span> <span class='ocrx_word' id='word_1_10' title='bbox 692 307 745 346; x_wconf 83' lang='lat' dir='ltr'>ix.</span> 
     </span>
    </p>

    <p class='ocr_par' dir='ltr' id='par_1_3' title="bbox 306 360 1045 405">
     <span class='ocr_line' id='line_1_3' title="bbox 306 360 1045 405; baseline -0.005 0"><span class='ocrx_word' id='word_1_11' title='bbox 306 364 384 405; x_wconf 77' lang='lat' dir='ltr'>ixit</span> <span class='ocrx_word' id='word_1_12' title='bbox 419 362 598 404; x_wconf 77' lang='lat' dir='ltr'>hemini:</span> <span class='ocrx_word' id='word_1_13' title='bbox 635 360 836 403; x_wconf 79' lang='lat' dir='ltr'>Extende</span> <span class='ocrx_word' id='word_1_14' title='bbox 869 373 1045 402; x_wconf 89' lang='lat' dir='ltr'>manum</span> 
     </span>
    </p>

    <p class='ocr_par' dir='ltr' id='par_1_4' title="bbox 216 416 1049 1370">
     <span class='ocr_line' id='line_1_4' title="bbox 310 416 1046 469; baseline -0.005 -8"><span class='ocrx_word' id='word_1_15' title='bbox 310 426 446 469; x_wconf 82' lang='lat' dir='ltr'>tuam3</span> <span class='ocrx_word' id='word_1_16' title='bbox 475 424 519 460; x_wconf 91' lang='lat' dir='ltr'>et</span> <span class='ocrx_word' id='word_1_17' title='bbox 547 416 744 459; x_wconf 84' lang='lat' dir='ltr'>extendit</span> <span class='ocrx_word' id='word_1_18' title='bbox 772 422 816 458; x_wconf 91' lang='lat' dir='ltr'>et</span> <span class='ocrx_word' id='word_1_19' title='bbox 843 417 1046 458; x_wconf 80' lang='lat' dir='ltr'>restituta</span> 
     </span>
     <span class='ocr_line' id='line_1_5' title="bbox 217 473 1046 519; baseline -0.007 0"><span class='ocrx_word' id='word_1_20' title='bbox 217 482 284 519; x_wconf 90' lang='lat' dir='ltr'>est</span> <span class='ocrx_word' id='word_1_21' title='bbox 305 489 459 517; x_wconf 88' lang='lat' dir='ltr'>manus</span> <span class='ocrx_word' id='word_1_22' title='bbox 481 475 608 516; x_wconf 84' lang='lat' dir='ltr'>illius,</span> <span class='ocrx_word' id='word_1_23' title='bbox 645 473 847 515; x_wconf 83' lang='lat' dir='ltr'>Extende</span> <span class='ocrx_word' id='word_1_24' title='bbox 870 486 1046 514; x_wconf 89' lang='lat' dir='ltr'>manum</span> 
     </span>
     <span class='ocr_line' id='line_1_6' title="bbox 216 529 1047 583; baseline -0.006 -9"><span class='ocrx_word' id='word_1_25' title='bbox 216 539 349 575; x_wconf 87' lang='lat' dir='ltr'>tuam:</span> <span class='ocrx_word' id='word_1_26' title='bbox 369 531 559 583; x_wconf 76' lang='lat' dir='ltr'>jussiene</span> <span class='ocrx_word' id='word_1_27' title='bbox 575 530 770 578; x_wconf 84' lang='lat' dir='ltr'>solvitur,</span> <span class='ocrx_word' id='word_1_28' title='bbox 791 542 890 580; x_wconf 84' lang='lat' dir='ltr'>quae</span> <span class='ocrx_word' id='word_1_29' title='bbox 905 529 1047 570; x_wconf 76' lang='lat' dir='ltr'>fuerat</span> 
     </span>
     <span class='ocr_line' id='line_1_7' title="bbox 217 584 1046 640; baseline -0.007 -10"><span class='ocrx_word' id='word_1_30' title='bbox 217 589 408 640; x_wconf 82' lang='lat' dir='ltr'>jussione</span> <span class='ocrx_word' id='word_1_31' title='bbox 441 589 684 628; x_wconf 89' lang='lat' dir='ltr'>convincta.</span> <span class='ocrx_word' id='word_1_32' title='bbox 726 584 927 626; x_wconf 83' lang='lat' dir='ltr'>Extende</span> <span class='ocrx_word' id='word_1_33' title='bbox 959 597 1046 625; x_wconf 89' lang='lat' dir='ltr'>ma-</span> 
     </span>
     <span class='ocr_line' id='line_1_8' title="bbox 216 640 1046 694; baseline -0.006 -9"><span class='ocrx_word' id='word_1_34' title='bbox 216 658 320 686; x_wconf 93' lang='lat' dir='ltr'>num</span> <span class='ocrx_word' id='word_1_35' title='bbox 334 649 464 685; x_wconf 88' lang='lat' dir='ltr'>tuam.</span> <span class='ocrx_word' id='word_1_36' title='bbox 492 643 687 693; x_wconf 82' lang='lat' dir='ltr'>Agnovit</span> <span class='ocrx_word' id='word_1_37' title='bbox 699 654 832 694; x_wconf 87' lang='lat' dir='ltr'>poena</span> <span class='ocrx_word' id='word_1_38' title='bbox 847 640 1046 693; x_wconf 74' lang='lat' dir='ltr'>jadicem,</span> 
     </span>
     <span class='ocr_line' id='line_1_9' title="bbox 218 696 1048 753; baseline -0.006 -11"><span class='ocrx_word' id='word_1_39' title='bbox 218 714 330 753; x_wconf 92' lang='lat' dir='ltr'>opus</span> <span class='ocrx_word' id='word_1_40' title='bbox 357 701 517 748; x_wconf 90' lang='lat' dir='ltr'>Deum,</span> <span class='ocrx_word' id='word_1_41' title='bbox 552 698 822 748; x_wconf 84' lang='lat' dir='ltr'>indulgentia</span> <span class='ocrx_word' id='word_1_42' title='bbox 849 696 1048 749; x_wconf 83' lang='lat' dir='ltr'>prodidit</span> 
     </span>
     <span class='ocr_line' id='line_1_10' title="bbox 219 753 1047 803; baseline -0.006 -5"><span class='ocrx_word' id='word_1_43' title='bbox 219 756 504 798; x_wconf 79' lang='lat' dir='ltr'>conditerem.</span> <span class='ocrx_word' id='word_1_44' title='bbox 534 755 669 796; x_wconf 91' lang='lat' dir='ltr'>Orate</span> <span class='ocrx_word' id='word_1_45' title='bbox 689 754 861 803; x_wconf 86' lang='lat' dir='ltr'>fratres,</span> <span class='ocrx_word' id='word_1_46' title='bbox 885 758 933 794; x_wconf 88' lang='lat' dir='ltr'>ut</span> <span class='ocrx_word' id='word_1_47' title='bbox 953 753 1047 794; x_wconf 88' lang='lat' dir='ltr'>sola</span> 
     </span>
     <span class='ocr_line' id='line_1_11' title="bbox 219 809 1047 865; baseline -0.006 -11"><span class='ocrx_word' id='word_1_48' title='bbox 219 815 441 865; x_wconf 85' lang='lat' dir='ltr'>synagoga</span> <span class='ocrx_word' id='word_1_49' title='bbox 473 811 549 853; x_wconf 90' lang='lat' dir='ltr'>tali</span> <span class='ocrx_word' id='word_1_50' title='bbox 580 810 807 852; x_wconf 88' lang='lat' dir='ltr'>debilitate</span> <span class='ocrx_word' id='word_1_51' title='bbox 840 809 1047 858; x_wconf 89' lang='lat' dir='ltr'>fuscetur,</span> 
     </span>
     <span class='ocr_line' id='line_1_12' title="bbox 218 867 1047 918; baseline -0.006 -7"><span class='ocrx_word' id='word_1_52' title='bbox 218 882 299 911; x_wconf 91' lang='lat' dir='ltr'>nec</span> <span class='ocrx_word' id='word_1_53' title='bbox 327 870 383 910; x_wconf 89' lang='lat' dir='ltr'>sit</span> <span class='ocrx_word' id='word_1_54' title='bbox 410 869 453 909; x_wconf 91' lang='lat' dir='ltr'>in</span> <span class='ocrx_word' id='word_1_55' title='bbox 480 867 694 917; x_wconf 89' lang='lat' dir='ltr'>Ecclesia,</span> <span class='ocrx_word' id='word_1_56' title='bbox 723 867 844 918; x_wconf 89' lang='lat' dir='ltr'>cujus</span> <span class='ocrx_word' id='word_1_57' title='bbox 871 879 1047 907; x_wconf 90' lang='lat' dir='ltr'>manum</span> 
     </span>
     <span class='ocr_line' id='line_1_13' title="bbox 219 922 1046 977; baseline -0.007 -9"><span class='ocrx_word' id='word_1_58' title='bbox 219 926 425 968; x_wconf 88' lang='lat' dir='ltr'>arefaciat</span> <span class='ocrx_word' id='word_1_59' title='bbox 444 923 677 977; x_wconf 83' lang='lat' dir='ltr'>cupiditas,</span> <span class='ocrx_word' id='word_1_60' title='bbox 699 922 930 964; x_wconf 82' lang='lat' dir='ltr'>contrahat</span> <span class='ocrx_word' id='word_1_61' title='bbox 949 935 1046 963; x_wconf 90' lang='lat' dir='ltr'>ava-</span> 
     </span>
     <span class='ocr_line' id='line_1_14' title="bbox 220 979 1047 1034; baseline -0.005 -11"><span class='ocrx_word' id='word_1_62' title='bbox 220 983 329 1031; x_wconf 89' lang='lat' dir='ltr'>ritia,</span> <span class='ocrx_word' id='word_1_63' title='bbox 349 984 502 1034; x_wconf 82' lang='lat' dir='ltr'>rapina</span> <span class='ocrx_word' id='word_1_64' title='bbox 523 980 733 1030; x_wconf 91' lang='lat' dir='ltr'>debilitet,</span> <span class='ocrx_word' id='word_1_65' title='bbox 757 979 972 1021; x_wconf 75' lang='lat' dir='ltr'>tenacitas</span> <span class='ocrx_word' id='word_1_66' title='bbox 992 992 1047 1020; x_wconf 85' lang='lat' dir='ltr'>ae-</span> 
     </span>
     <span class='ocr_line' id='line_1_15' title="bbox 219 1034 1048 1089; baseline -0.005 -10"><span class='ocrx_word' id='word_1_67' title='bbox 219 1041 391 1089; x_wconf 77' lang='lat' dir='ltr'>gretam</span> <span class='ocrx_word' id='word_1_68' title='bbox 410 1039 695 1087; x_wconf 72' lang='lat' dir='ltr'>constringat,</span> <span class='ocrx_word' id='word_1_69' title='bbox 721 1035 801 1077; x_wconf 89' lang='lat' dir='ltr'>sed</span> <span class='ocrx_word' id='word_1_70' title='bbox 826 1036 862 1076; x_wconf 90' lang='lat' dir='ltr'>si</span> <span class='ocrx_word' id='word_1_71' title='bbox 882 1034 1048 1076; x_wconf 87' lang='lat' dir='ltr'>accide-</span> 
     </span>
     <span class='ocr_line' id='line_1_16' title="bbox 220 1092 1049 1146; baseline -0.005 -11"><span class='ocrx_word' id='word_1_72' title='bbox 220 1095 274 1136; x_wconf 92' lang='lat' dir='ltr'>rit</span> <span class='ocrx_word' id='word_1_73' title='bbox 299 1094 344 1135; x_wconf 93' lang='lat' dir='ltr'>id</span> <span class='ocrx_word' id='word_1_74' title='bbox 369 1094 530 1146; x_wconf 91' lang='lat' dir='ltr'>ipsum,</span> <span class='ocrx_word' id='word_1_75' title='bbox 566 1092 716 1134; x_wconf 71' lang='lat' dir='ltr'>addiat</span> <span class='ocrx_word' id='word_1_76' title='bbox 741 1092 978 1133; x_wconf 79' lang='lat' dir='ltr'>Deminum</span> <span class='ocrx_word' id='word_1_77' title='bbox 1006 1096 1049 1132; x_wconf 93' lang='lat' dir='ltr'>et</span> 
     </span>
     <span class='ocr_line' id='line_1_17' title="bbox 221 1148 1047 1202; baseline -0.006 -10"><span class='ocrx_word' id='word_1_78' title='bbox 221 1151 307 1192; x_wconf 91' lang='lat' dir='ltr'>cito</span> <span class='ocrx_word' id='word_1_79' title='bbox 338 1163 434 1191; x_wconf 88' lang='lat' dir='ltr'>eam</span> <span class='ocrx_word' id='word_1_80' title='bbox 461 1150 505 1190; x_wconf 92' lang='lat' dir='ltr'>in</span> <span class='ocrx_word' id='word_1_81' title='bbox 533 1151 668 1202; x_wconf 72' lang='lat' dir='ltr'>Opere</span> <span class='ocrx_word' id='word_1_82' title='bbox 697 1148 875 1200; x_wconf 87' lang='lat' dir='ltr'>pietatis</span> <span class='ocrx_word' id='word_1_83' title='bbox 901 1148 1047 1189; x_wconf 85' lang='lat' dir='ltr'>exten-</span> 
     </span>
     <span class='ocr_line' id='line_1_18' title="bbox 222 1202 1048 1255; baseline -0.007 -7"><span class='ocrx_word' id='word_1_84' title='bbox 222 1206 314 1255; x_wconf 86' lang='lat' dir='ltr'>dat,</span> <span class='ocrx_word' id='word_1_85' title='bbox 338 1206 520 1255; x_wconf 84' lang='lat' dir='ltr'>relaxet,</span> <span class='ocrx_word' id='word_1_86' title='bbox 541 1211 584 1247; x_wconf 88' lang='lat' dir='ltr'>et</span> <span class='ocrx_word' id='word_1_87' title='bbox 604 1206 648 1245; x_wconf 91' lang='lat' dir='ltr'>in</span> <span class='ocrx_word' id='word_1_88' title='bbox 667 1202 985 1252; x_wconf 65' lang='lat' dir='ltr'>misericordia,</span> <span class='ocrx_word' id='word_1_89' title='bbox 1005 1203 1048 1243; x_wconf 92' lang='lat' dir='ltr'>in</span> 
     </span>
     <span class='ocr_line' id='line_1_19' title="bbox 223 1260 1048 1314; baseline -0.005 -11"><span class='ocrx_word' id='word_1_90' title='bbox 223 1263 511 1314; x_wconf 70' lang='lat' dir='ltr'>eleemesynis</span> <span class='ocrx_word' id='word_1_91' title='bbox 543 1261 749 1314; x_wconf 74' lang='lat' dir='ltr'>perrigat.</span> <span class='ocrx_word' id='word_1_92' title='bbox 794 1260 946 1301; x_wconf 87' lang='lat' dir='ltr'>Sanari</span> <span class='ocrx_word' id='word_1_93' title='bbox 978 1272 1048 1300; x_wconf 92' lang='lat' dir='ltr'>ne-</span> 
     </span>
     <span class='ocr_line' id='line_1_20' title="bbox 223 1316 1005 1370; baseline -0.005 -11"><span class='ocrx_word' id='word_1_94' title='bbox 223 1319 314 1367; x_wconf 88' lang='lat' dir='ltr'>scit,</span> <span class='ocrx_word' id='word_1_95' title='bbox 335 1318 409 1370; x_wconf 88' lang='lat' dir='ltr'>qui</span> <span class='ocrx_word' id='word_1_96' title='bbox 426 1318 566 1359; x_wconf 88' lang='lat' dir='ltr'>nescit</span> <span class='ocrx_word' id='word_1_97' title='bbox 583 1317 769 1370; x_wconf 72' lang='lat' dir='ltr'>pasiperi</span> <span class='ocrx_word' id='word_1_98' title='bbox 788 1316 1005 1357; x_wconf 87' lang='lat' dir='ltr'>foenerari.</span> 
     </span>
    </p>

    <p class='ocr_par' dir='ltr' id='par_1_5' title="bbox 276 1373 838 1415">
     <span class='ocr_line' id='line_1_21' title="bbox 276 1373 838 1415; baseline -0.005 0"><span class='ocrx_word' id='word_1_99' title='bbox 276 1373 338 1415; x_wconf 91' lang='lat' dir='ltr'>Te</span> <span class='ocrx_word' id='word_1_100' title='bbox 356 1374 499 1415; x_wconf 93' lang='lat' dir='ltr'>Deum</span> <span class='ocrx_word' id='word_1_101' title='bbox 518 1373 759 1415; x_wconf 83' lang='lat' dir='ltr'>laudamus.</span> <span class='ocrx_word' id='word_1_102' title='bbox 778 1373 838 1413; x_wconf 88' lang='lat'>15.</span> 
     </span>
    </p>
   </div>
   <div class='ocr_carea' id='block_1_3' title="bbox 225 1455 1055 2770">
    <p class='ocr_par' dir='ltr' id='par_1_6' title="bbox 225 1455 1055 2770">
     <span class='ocr_line' id='line_1_22' title="bbox 493 1455 778 1507; baseline -0.004 -11"><span class='ocrx_word' id='word_1_103' title='bbox 493 1456 576 1497; x_wconf 91' lang='lat' dir='ltr'>Die</span> <span class='ocrx_word' id='word_1_104' title='bbox 595 1457 647 1496; x_wconf 88' lang='lat'>11.</span> <span class='ocrx_word' id='word_1_105' title='bbox 666 1455 778 1507; x_wconf 90' lang='lat' dir='ltr'>Maji.</span> 
     </span>
     <span class='ocr_line' id='line_1_23' title="bbox 266 1518 1005 1568; baseline -0.003 -8"><span class='ocrx_word' id='word_1_106' title='bbox 266 1520 309 1560; x_wconf 83' lang='lat' dir='ltr'>S.</span> <span class='ocrx_word' id='word_1_107' title='bbox 332 1519 586 1560; x_wconf 86' lang='lat' dir='ltr'>Francisci</span> <span class='ocrx_word' id='word_1_108' title='bbox 609 1519 670 1559; x_wconf 86' lang='lat' dir='ltr'>de</span> <span class='ocrx_word' id='word_1_109' title='bbox 693 1518 1005 1568; x_wconf 80' lang='lat' dir='ltr'>Hieronymo</span> 
     </span>
     <span class='ocr_line' id='line_1_24' title="bbox 497 1568 783 1609; baseline -0.01 0"><span class='ocrx_word' id='word_1_110' title='bbox 497 1568 783 1609; x_wconf 76' lang='lat' dir='ltr'>Confessoris.</span> 
     </span>
     <span class='ocr_line' id='line_1_25' title="bbox 556 1628 718 1671; baseline 0 -10"><span class='ocrx_word' id='word_1_111' title='bbox 556 1628 718 1671; x_wconf 77' lang='lat' dir='ltr'>Duplex.</span> 
     </span>
     <span class='ocr_line' id='line_1_26' title="bbox 280 1681 1050 1715; baseline 0.001 -2"><span class='ocrx_word' id='word_1_112' title='bbox 280 1681 414 1715; x_wconf 72' lang='lat' dir='ltr'>Omnia</span> <span class='ocrx_word' id='word_1_113' title='bbox 446 1681 492 1714; x_wconf 76' lang='lat' dir='ltr'>de</span> <span class='ocrx_word' id='word_1_114' title='bbox 523 1681 666 1715; x_wconf 81' lang='lat' dir='ltr'>Comm.</span> <span class='ocrx_word' id='word_1_115' title='bbox 697 1681 805 1714; x_wconf 84' lang='lat' dir='ltr'>Conf.</span> <span class='ocrx_word' id='word_1_116' title='bbox 836 1691 911 1715; x_wconf 87' lang='lat' dir='ltr'>non</span> <span class='ocrx_word' id='word_1_117' title='bbox 942 1681 1050 1714; x_wconf 86' lang='lat' dir='ltr'>Pont.</span> 
     </span>
     <span class='ocr_line' id='line_1_27' title="bbox 225 1731 590 1775; baseline 0.003 -14"><span class='ocrx_word' id='word_1_118' title='bbox 225 1731 296 1775; x_wconf 83' lang='lat'>[84]</span> <span class='ocrx_word' id='word_1_119' title='bbox 323 1736 462 1771; x_wconf 59' lang='lat' dir='ltr'>practer</span> <span class='ocrx_word' id='word_1_120' title='bbox 487 1740 590 1772; x_wconf 72' lang='lat' dir='ltr'>sequ.</span> 
     </span>
     <span class='ocr_line' id='line_1_28' title="bbox 559 1780 721 1820; baseline -0.006 0"><span class='ocrx_word' id='word_1_121' title='bbox 559 1780 721 1820; x_wconf 82' lang='lat' dir='ltr'>Oratio.</span> 
     </span>
     <span class='ocr_line' id='line_1_29' title="bbox 227 1831 1053 1936; baseline 0.001 -56"><span class='ocrx_word' id='word_1_122' title='bbox 227 1831 400 1936; x_wconf 88' lang='lat' dir='ltr'>Deus,</span> <span class='ocrx_word' id='word_1_123' title='bbox 420 1840 493 1891; x_wconf 91' lang='lat' dir='ltr'>qui</span> <span class='ocrx_word' id='word_1_124' title='bbox 507 1839 685 1880; x_wconf 90' lang='lat' dir='ltr'>beatum</span> <span class='ocrx_word' id='word_1_125' title='bbox 698 1840 980 1880; x_wconf 88' lang='lat' dir='ltr'>Franciscum</span> <span class='ocrx_word' id='word_1_126' title='bbox 996 1838 1053 1881; x_wconf 90' lang='lat' dir='ltr'>ad</span> 
     </span>
     <span class='ocr_line' id='line_1_30' title="bbox 328 1895 1053 1937; baseline 0.001 -2"><span class='ocrx_word' id='word_1_127' title='bbox 328 1896 569 1936; x_wconf 90' lang='lat' dir='ltr'>animarum</span> <span class='ocrx_word' id='word_1_128' title='bbox 613 1895 799 1937; x_wconf 77' lang='lat' dir='ltr'>salutem</span> <span class='ocrx_word' id='word_1_129' title='bbox 848 1896 1053 1937; x_wconf 80' lang='lat' dir='ltr'>eximium</span> 
     </span>
     <span class='ocr_line' id='line_1_31' title="bbox 226 1951 1053 2004; baseline 0 -12"><span class='ocrx_word' id='word_1_130' title='bbox 226 1951 348 1993; x_wconf 87' lang='lat' dir='ltr'>verbi</span> <span class='ocrx_word' id='word_1_131' title='bbox 371 1952 434 1992; x_wconf 88' lang='lat' dir='ltr'>tui</span> <span class='ocrx_word' id='word_1_132' title='bbox 459 1954 708 2004; x_wconf 76' lang='lat' dir='ltr'>praecc‘mem</span> <span class='ocrx_word' id='word_1_133' title='bbox 735 1951 933 1994; x_wconf 87' lang='lat' dir='ltr'>effecisti:</span> <span class='ocrx_word' id='word_1_134' title='bbox 963 1953 1053 2004; x_wconf 89' lang='lat' dir='ltr'>ejus</span> 
     </span>
     <span class='ocr_line' id='line_1_32' title="bbox 225 2007 1052 2050; baseline 0.001 -2"><span class='ocrx_word' id='word_1_135' title='bbox 225 2008 351 2049; x_wconf 92' lang='lat' dir='ltr'>nobis</span> <span class='ocrx_word' id='word_1_136' title='bbox 370 2007 681 2049; x_wconf 84' lang='lat' dir='ltr'>intercessione</span> <span class='ocrx_word' id='word_1_137' title='bbox 702 2007 911 2050; x_wconf 87' lang='lat' dir='ltr'>concede:</span> <span class='ocrx_word' id='word_1_138' title='bbox 930 2013 978 2049; x_wconf 90' lang='lat' dir='ltr'>ut</span> <span class='ocrx_word' id='word_1_139' title='bbox 996 2008 1052 2049; x_wconf 93' lang='lat' dir='ltr'>le-</span> 
     </span>
     <span class='ocr_line' id='line_1_33' title="bbox 226 2063 1052 2115; baseline 0 -11"><span class='ocrx_word' id='word_1_140' title='bbox 226 2063 290 2113; x_wconf 82' lang='lat' dir='ltr'>gis</span> <span class='ocrx_word' id='word_1_141' title='bbox 315 2068 402 2104; x_wconf 89' lang='lat' dir='ltr'>tuae</span> <span class='ocrx_word' id='word_1_142' title='bbox 426 2063 633 2105; x_wconf 86' lang='lat' dir='ltr'>mandata</span> <span class='ocrx_word' id='word_1_143' title='bbox 653 2069 696 2105; x_wconf 89' lang='lat' dir='ltr'>et</span> <span class='ocrx_word' id='word_1_144' title='bbox 715 2064 870 2115; x_wconf 82' lang='lat' dir='ltr'>iugiter</span> <span class='ocrx_word' id='word_1_145' title='bbox 890 2065 1052 2105; x_wconf 89' lang='lat' dir='ltr'>scrute-</span> 
     </span>
     <span class='ocr_line' id='line_1_34' title="bbox 226 2118 1053 2171; baseline 0.001 -12"><span class='ocrx_word' id='word_1_146' title='bbox 226 2132 321 2159; x_wconf 90' lang='lat' dir='ltr'>mur</span> <span class='ocrx_word' id='word_1_147' title='bbox 340 2119 382 2160; x_wconf 92' lang='lat' dir='ltr'>in</span> <span class='ocrx_word' id='word_1_148' title='bbox 403 2119 552 2170; x_wconf 88' lang='lat' dir='ltr'>corde,</span> <span class='ocrx_word' id='word_1_149' title='bbox 573 2124 617 2161; x_wconf 90' lang='lat' dir='ltr'>et</span> <span class='ocrx_word' id='word_1_150' title='bbox 635 2118 824 2161; x_wconf 87' lang='lat' dir='ltr'>fideliter</span> <span class='ocrx_word' id='word_1_151' title='bbox 845 2119 1053 2171; x_wconf 85' lang='lat' dir='ltr'>operibus</span> 
     </span>
     <span class='ocr_line' id='line_1_35' title="bbox 227 2176 903 2228; baseline 0 -13"><span class='ocrx_word' id='word_1_152' title='bbox 227 2179 527 2228; x_wconf 82' lang='lat' dir='ltr'>exsequamur.</span> <span class='ocrx_word' id='word_1_153' title='bbox 555 2177 638 2218; x_wconf 90' lang='lat' dir='ltr'>Per</span> <span class='ocrx_word' id='word_1_154' title='bbox 656 2176 903 2218; x_wconf 71' lang='lat' dir='ltr'>Deminum.</span> 
     </span>
     <span class='ocr_line' id='line_1_36' title="bbox 278 2230 1051 2267; baseline 0.004 -3"><span class='ocrx_word' id='word_1_155' title='bbox 278 2231 318 2264; x_wconf 90' lang='lat' dir='ltr'>In</span> <span class='ocrx_word' id='word_1_156' title='bbox 351 2230 375 2264; x_wconf 90' lang='lat'>1.</span> <span class='ocrx_word' id='word_1_157' title='bbox 409 2231 606 2265; x_wconf 68' lang='lat' dir='ltr'>Nocturni)</span> <span class='ocrx_word' id='word_1_158' title='bbox 642 2232 843 2266; x_wconf 82' lang='lat' dir='ltr'>Lectiones</span> <span class='ocrx_word' id='word_1_159' title='bbox 875 2233 921 2267; x_wconf 82' lang='lat' dir='ltr'>de</span> <span class='ocrx_word' id='word_1_160' title='bbox 954 2234 1051 2267; x_wconf 80' lang='lat' dir='ltr'>Seri·</span> 
     </span>
     <span class='ocr_line' id='line_1_37' title="bbox 228 2283 595 2319; baseline 0 -8"><span class='ocrx_word' id='word_1_161' title='bbox 228 2283 337 2319; x_wconf 84' lang='lat' dir='ltr'>ptura</span> <span class='ocrx_word' id='word_1_162' title='bbox 364 2284 595 2312; x_wconf 81' lang='lat' dir='ltr'>oecurrente.</span> 
     </span>
     <span class='ocr_line' id='line_1_38' title="bbox 279 2325 1053 2367; baseline 0.003 -9"><span class='ocrx_word' id='word_1_163' title='bbox 279 2325 318 2358; x_wconf 94' lang='lat' dir='ltr'>In</span> <span class='ocrx_word' id='word_1_164' title='bbox 344 2326 453 2360; x_wconf 72' lang='lat' dir='ltr'>Feria</span> <span class='ocrx_word' id='word_1_165' title='bbox 479 2327 523 2359; x_wconf 82' lang='grc' dir='ltr'>ΙΙ.</span> <span class='ocrx_word' id='word_1_166' title='bbox 549 2333 583 2360; x_wconf 74' lang='lat' dir='ltr'>et</span> <span class='ocrx_word' id='word_1_167' title='bbox 611 2327 671 2360; x_wconf 81' lang='lat' dir='ltr'>IV.</span> <span class='ocrx_word' id='word_1_168' title='bbox 699 2327 831 2367; x_wconf 63' lang='lat' dir='ltr'>Rogat.</span> <span class='ocrx_word' id='word_1_169' title='bbox 860 2328 995 2366; x_wconf 74' lang='lat' dir='ltr'>-Justus</span> <span class='ocrx_word' id='word_1_170' title='bbox 1020 2332 1053 2366; x_wconf 81' lang='lat' dir='ltr'>si</span> 
     </span>
     <span class='ocr_line' id='line_1_39' title="bbox 228 2374 936 2422; baseline 0.007 -17"><span class='ocrx_word' id='word_1_171' title='bbox 228 2381 358 2411; x_wconf 78' lang='lat' dir='ltr'>morte,</span> <span class='ocrx_word' id='word_1_172' title='bbox 382 2374 427 2407; x_wconf 71' lang='lat' dir='ltr'>de</span> <span class='ocrx_word' id='word_1_173' title='bbox 454 2375 655 2408; x_wconf 75' lang='lat' dir='ltr'>Communi</span> <span class='ocrx_word' id='word_1_174' title='bbox 684 2376 708 2408; x_wconf 88' lang='lat'>1.</span> <span class='ocrx_word' id='word_1_175' title='bbox 735 2376 832 2410; x_wconf 81' lang='lat' dir='ltr'>loco.</span> <span class='ocrx_word' id='word_1_176' title='bbox 864 2378 936 2422; x_wconf 80' lang='grc'>[86]</span> 
     </span>
     <span class='ocr_line' id='line_1_40' title="bbox 458 2432 816 2471; baseline 0.006 -2"><span class='ocrx_word' id='word_1_177' title='bbox 458 2432 505 2469; x_wconf 90' lang='lat' dir='ltr'>In</span> <span class='ocrx_word' id='word_1_178' title='bbox 524 2433 573 2470; x_wconf 88' lang='grc' dir='ltr'>ΙΙ.</span> <span class='ocrx_word' id='word_1_179' title='bbox 594 2433 627 2470; x_wconf 93' lang='lat' dir='ltr'>N</span> <span class='ocrx_word' id='word_1_180' title='bbox 631 2434 816 2471; x_wconf 84' lang='lat' dir='ltr'>octurno.</span> 
     </span>
     <span class='ocr_line' id='line_1_41' title="bbox 529 2491 752 2532; baseline 0.004 -2"><span class='ocrx_word' id='word_1_181' title='bbox 529 2491 679 2532; x_wconf 73' lang='lat' dir='ltr'>Lectio</span> <span class='ocrx_word' id='word_1_182' title='bbox 701 2492 752 2531; x_wconf 79' lang='lat' dir='ltr'>iv.</span> 
     </span>
     <span class='ocr_line' id='line_1_42' title="bbox 240 2550 1055 2607; baseline 0.006 -20"><span class='ocrx_word' id='word_1_183' title='bbox 240 2572 242 2575; x_wconf 36' lang='lat' dir='ltr'>f</span> <span class='ocrx_word' id='word_1_184' title='bbox 282 2574 323 2607; x_wconf 28' lang='grc' dir='ltr'>ἡ</span> <span class='ocrx_word' id='word_1_185' title='bbox 349 2551 568 2590; x_wconf 87' lang='lat' dir='ltr'>ranciscus</span> <span class='ocrx_word' id='word_1_186' title='bbox 603 2550 657 2591; x_wconf 92' lang='lat' dir='ltr'>de</span> <span class='ocrx_word' id='word_1_187' title='bbox 690 2550 979 2603; x_wconf 83' lang='lat' dir='ltr'>Hieronymo,</span> <span class='ocrx_word' id='word_1_188' title='bbox 1011 2552 1055 2592; x_wconf 89' lang='lat' dir='ltr'>in</span> 
     </span>
     <span class='ocr_line' id='line_1_43' title="bbox 239 2602 1054 2660; baseline 0.001 -13"><span class='ocrx_word' id='word_1_189' title='bbox 239 2607 242 2609; x_wconf 70' lang='grc'><strong>’</strong></span> <span class='ocrx_word' id='word_1_190' title='bbox 287 2602 329 2660; x_wconf 26' lang='grc' dir='ltr'>κζ’-,ί</span> <span class='ocrx_word' id='word_1_191' title='bbox 368 2603 590 2646; x_wconf 87' lang='lat' dir='ltr'>Tarentini</span> <span class='ocrx_word' id='word_1_192' title='bbox 627 2607 718 2656; x_wconf 81' lang='lat' dir='ltr'>agri</span> <span class='ocrx_word' id='word_1_193' title='bbox 755 2606 937 2659; x_wconf 72' lang='lat' dir='ltr'>Oppido,</span> <span class='ocrx_word' id='word_1_194' title='bbox 987 2609 1054 2648; x_wconf 90' lang='lat' dir='ltr'>cui</span> 
     </span>
     <span class='ocr_line' id='line_1_44' title="bbox 367 2658 1054 2712; baseline 0.009 -13"><span class='ocrx_word' id='word_1_195' title='bbox 367 2658 610 2711; x_wconf 88' lang='lat' dir='ltr'>Cryptaleae</span> <span class='ocrx_word' id='word_1_196' title='bbox 648 2675 825 2712; x_wconf 89' lang='lat' dir='ltr'>nomen,</span> <span class='ocrx_word' id='word_1_197' title='bbox 867 2663 1054 2706; x_wconf 91' lang='lat' dir='ltr'>honesto</span> 
     </span>
     <span class='ocr_line' id='line_1_45' title="bbox 230 2714 1052 2770; baseline 0.009 -15"><span class='ocrx_word' id='word_1_198' title='bbox 230 2714 330 2756; x_wconf 91' lang='lat' dir='ltr'>loco</span> <span class='ocrx_word' id='word_1_199' title='bbox 351 2720 492 2766; x_wconf 88' lang='lat' dir='ltr'>natus,</span> <span class='ocrx_word' id='word_1_200' title='bbox 520 2717 592 2768; x_wconf 90' lang='lat' dir='ltr'>pia</span> <span class='ocrx_word' id='word_1_201' title='bbox 617 2720 846 2770; x_wconf 89' lang='lat' dir='ltr'>parentum</span> <span class='ocrx_word' id='word_1_202' title='bbox 872 2732 974 2761; x_wconf 86' lang='lat' dir='ltr'>cura</span> <span class='ocrx_word' id='word_1_203' title='bbox 993 2720 1052 2760; x_wconf 91' lang='lat' dir='ltr'>in-</span> 
     </span>
    </p>
   </div>
   <div class='ocr_carea' id='block_1_4' title="bbox 1099 302 1956 2774">
    <p class='ocr_par' dir='ltr' id='par_1_7' title="bbox 1099 302 1956 2212">
     <span class='ocr_line' id='line_1_46' title="bbox 1099 302 1931 356; baseline -0.001 -11"><span class='ocrx_word' id='word_1_204' title='bbox 1099 305 1288 354; x_wconf 73' lang='lat' dir='ltr'>stitatus,</span> <span class='ocrx_word' id='word_1_205' title='bbox 1309 317 1360 345; x_wconf 91' lang='lat' dir='ltr'>ac</span> <span class='ocrx_word' id='word_1_206' title='bbox 1380 304 1481 346; x_wconf 87' lang='lat' dir='ltr'>coeli</span> <span class='ocrx_word' id='word_1_207' title='bbox 1497 302 1806 346; x_wconf 82' lang='lat' dir='ltr'>benedictione</span> <span class='ocrx_word' id='word_1_208' title='bbox 1820 314 1931 356; x_wconf 87' lang='lat' dir='ltr'>prae-</span> 
     </span>
     <span class='ocr_line' id='line_1_47' title="bbox 1099 360 1932 413; baseline -0.001 -12"><span class='ocrx_word' id='word_1_209' title='bbox 1099 362 1273 410; x_wconf 89' lang='lat' dir='ltr'>ventus,</span> <span class='ocrx_word' id='word_1_210' title='bbox 1300 361 1533 413; x_wconf 84' lang='lat' dir='ltr'>pueritiam</span> <span class='ocrx_word' id='word_1_211' title='bbox 1558 360 1647 410; x_wconf 87' lang='lat' dir='ltr'>egit</span> <span class='ocrx_word' id='word_1_212' title='bbox 1669 360 1932 400; x_wconf 88' lang='lat' dir='ltr'>innocentis-</span> 
     </span>
     <span class='ocr_line' id='line_1_48' title="bbox 1100 415 1931 469; baseline -0.001 -12"><span class='ocrx_word' id='word_1_213' title='bbox 1100 417 1220 457; x_wconf 90' lang='lat' dir='ltr'>simis</span> <span class='ocrx_word' id='word_1_214' title='bbox 1245 416 1442 458; x_wconf 83' lang='lat' dir='ltr'>moribus</span> <span class='ocrx_word' id='word_1_215' title='bbox 1467 418 1771 469; x_wconf 84' lang='lat' dir='ltr'>praestantem,</span> <span class='ocrx_word' id='word_1_216' title='bbox 1801 419 1845 457; x_wconf 89' lang='lat' dir='ltr'>et</span> <span class='ocrx_word' id='word_1_217' title='bbox 1870 415 1931 456; x_wconf 91' lang='lat' dir='ltr'>fu-</span> 
     </span>
     <span class='ocr_line' id='line_1_49' title="bbox 1100 471 1932 525; baseline -0.002 -11"><span class='ocrx_word' id='word_1_218' title='bbox 1100 476 1212 514; x_wconf 82' lang='lat' dir='ltr'>turae</span> <span class='ocrx_word' id='word_1_219' title='bbox 1258 473 1502 514; x_wconf 76' lang='lat' dir='ltr'>sanctitatis</span> <span class='ocrx_word' id='word_1_220' title='bbox 1547 471 1718 513; x_wconf 89' lang='lat' dir='ltr'>indiciis</span> <span class='ocrx_word' id='word_1_221' title='bbox 1760 473 1932 525; x_wconf 88' lang='lat' dir='ltr'>conspi-</span> 
     </span>
     <span class='ocr_line' id='line_1_50' title="bbox 1101 528 1933 570; baseline -0.002 0"><span class='ocrx_word' id='word_1_222' title='bbox 1101 542 1238 570; x_wconf 85' lang='lat' dir='ltr'>cuam.</span> <span class='ocrx_word' id='word_1_223' title='bbox 1273 528 1550 570; x_wconf 91' lang='lat' dir='ltr'>Duodecimo</span> <span class='ocrx_word' id='word_1_224' title='bbox 1577 528 1724 570; x_wconf 84' lang='lat' dir='ltr'>aetatis</span> <span class='ocrx_word' id='word_1_225' title='bbox 1750 541 1864 569; x_wconf 90' lang='lat' dir='ltr'>anno</span> <span class='ocrx_word' id='word_1_226' title='bbox 1889 528 1933 568; x_wconf 90' lang='lat' dir='ltr'>in</span> 
     </span>
     <span class='ocr_line' id='line_1_51' title="bbox 1102 584 1934 637; baseline -0.001 -11"><span class='ocrx_word' id='word_1_227' title='bbox 1102 585 1393 637; x_wconf 80' lang='lat' dir='ltr'>quonimdam</span> <span class='ocrx_word' id='word_1_228' title='bbox 1413 584 1766 636; x_wconf 81' lang='lat' dir='ltr'>evangelicorum</span> <span class='ocrx_word' id='word_1_229' title='bbox 1780 597 1934 637; x_wconf 90' lang='lat' dir='ltr'>opera-</span> 
     </span>
     <span class='ocr_line' id='line_1_52' title="bbox 1100 639 1934 691; baseline 0 -10"><span class='ocrx_word' id='word_1_230' title='bbox 1100 642 1266 683; x_wconf 82' lang='lat' dir='ltr'>ri6rum</span> <span class='ocrx_word' id='word_1_231' title='bbox 1285 641 1620 683; x_wconf 91' lang='lat' dir='ltr'>contubernium</span> <span class='ocrx_word' id='word_1_232' title='bbox 1639 639 1869 691; x_wconf 87' lang='lat' dir='ltr'>admissus,</span> <span class='ocrx_word' id='word_1_233' title='bbox 1890 640 1934 681; x_wconf 90' lang='lat' dir='ltr'>in</span> 
     </span>
     <span class='ocr_line' id='line_1_53' title="bbox 1101 694 1934 740; baseline -0.001 -2"><span class='ocrx_word' id='word_1_234' title='bbox 1101 696 1426 738; x_wconf 74' lang='lat' dir='ltr'>catechizandis</span> <span class='ocrx_word' id='word_1_235' title='bbox 1464 696 1649 740; x_wconf 80' lang='lat' dir='ltr'>rudibus</span> <span class='ocrx_word' id='word_1_236' title='bbox 1682 694 1828 737; x_wconf 88' lang='lat' dir='ltr'>adhuc</span> <span class='ocrx_word' id='word_1_237' title='bbox 1860 696 1934 738; x_wconf 89' lang='lat' dir='ltr'>ad-</span> 
     </span>
     <span class='ocr_line' id='line_1_54' title="bbox 1101 753 1933 806; baseline -0.001 -11"><span class='ocrx_word' id='word_1_238' title='bbox 1101 753 1301 795; x_wconf 87' lang='lat' dir='ltr'>olescens</span> <span class='ocrx_word' id='word_1_239' title='bbox 1344 753 1597 803; x_wconf 81' lang='lat' dir='ltr'>diligentem</span> <span class='ocrx_word' id='word_1_240' title='bbox 1638 755 1821 805; x_wconf 73' lang='lat' dir='ltr'>operam</span> <span class='ocrx_word' id='word_1_241' title='bbox 1855 755 1933 806; x_wconf 81' lang='lat' dir='ltr'>po-</span> 
     </span>
     <span class='ocr_line' id='line_1_55' title="bbox 1102 808 1934 862; baseline 0 -11"><span class='ocrx_word' id='word_1_242' title='bbox 1102 810 1203 859; x_wconf 88' lang='lat' dir='ltr'>suit,</span> <span class='ocrx_word' id='word_1_243' title='bbox 1236 815 1280 851; x_wconf 91' lang='lat' dir='ltr'>et</span> <span class='ocrx_word' id='word_1_244' title='bbox 1308 809 1555 862; x_wconf 82' lang='lat' dir='ltr'>apostolico</span> <span class='ocrx_word' id='word_1_245' title='bbox 1585 808 1845 857; x_wconf 87' lang='lat' dir='ltr'>ministerio,</span> <span class='ocrx_word' id='word_1_246' title='bbox 1878 808 1934 851; x_wconf 90' lang='lat' dir='ltr'>ad</span> 
     </span>
     <span class='ocr_line' id='line_1_56' title="bbox 1103 864 1936 917; baseline -0.001 -10"><span class='ocrx_word' id='word_1_247' title='bbox 1103 865 1223 917; x_wconf 93' lang='lat' dir='ltr'>quod</span> <span class='ocrx_word' id='word_1_248' title='bbox 1242 866 1363 906; x_wconf 91' lang='lat' dir='ltr'>Deus</span> <span class='ocrx_word' id='word_1_249' title='bbox 1382 865 1503 906; x_wconf 90' lang='lat' dir='ltr'>illum</span> <span class='ocrx_word' id='word_1_250' title='bbox 1524 864 1832 915; x_wconf 88' lang='lat' dir='ltr'>destinaverat,</span> <span class='ocrx_word' id='word_1_251' title='bbox 1851 866 1936 917; x_wconf 81' lang='lat' dir='ltr'>iam</span> 
     </span>
     <span class='ocr_line' id='line_1_57' title="bbox 1101 920 1935 974; baseline 0.001 -12"><span class='ocrx_word' id='word_1_252' title='bbox 1101 927 1194 963; x_wconf 90' lang='lat' dir='ltr'>tum</span> <span class='ocrx_word' id='word_1_253' title='bbox 1220 921 1459 974; x_wconf 79' lang='lat' dir='ltr'>proludere</span> <span class='ocrx_word' id='word_1_254' title='bbox 1483 921 1603 962; x_wconf 89' lang='lat' dir='ltr'>visus</span> <span class='ocrx_word' id='word_1_255' title='bbox 1628 925 1706 962; x_wconf 90' lang='lat' dir='ltr'>est.</span> <span class='ocrx_word' id='word_1_256' title='bbox 1744 920 1935 963; x_wconf 79' lang='lat' dir='ltr'>Theolo-</span> 
     </span>
     <span class='ocr_line' id='line_1_58' title="bbox 1101 977 1936 1030; baseline 0.001 -12"><span class='ocrx_word' id='word_1_257' title='bbox 1101 978 1198 1028; x_wconf 88' lang='lat' dir='ltr'>gica</span> <span class='ocrx_word' id='word_1_258' title='bbox 1224 977 1370 1019; x_wconf 75' lang='lat' dir='ltr'>stadia</span> <span class='ocrx_word' id='word_1_259' title='bbox 1394 978 1585 1030; x_wconf 81' lang='lat' dir='ltr'>Neapoli</span> <span class='ocrx_word' id='word_1_260' title='bbox 1609 979 1863 1028; x_wconf 80' lang='lat' dir='ltr'>aggreSSUS,</span> <span class='ocrx_word' id='word_1_261' title='bbox 1893 982 1936 1020; x_wconf 90' lang='lat' dir='ltr'>et</span> 
     </span>
     <span class='ocr_line' id='line_1_59' title="bbox 1102 1033 1935 1083; baseline 0.001 -9"><span class='ocrx_word' id='word_1_262' title='bbox 1102 1033 1352 1075; x_wconf 77' lang='lat' dir='ltr'>sacerdofio</span> <span class='ocrx_word' id='word_1_263' title='bbox 1380 1034 1594 1083; x_wconf 82' lang='lat' dir='ltr'>initiatuS,</span> <span class='ocrx_word' id='word_1_264' title='bbox 1622 1034 1683 1075; x_wconf 89' lang='lat' dir='ltr'>ita</span> <span class='ocrx_word' id='word_1_265' title='bbox 1710 1034 1814 1075; x_wconf 86' lang='lat' dir='ltr'>vitae</span> <span class='ocrx_word' id='word_1_266' title='bbox 1843 1046 1935 1075; x_wconf 87' lang='lat' dir='ltr'>suae</span> 
     </span>
     <span class='ocr_line' id='line_1_60' title="bbox 1102 1089 1936 1140; baseline 0.001 -9"><span class='ocrx_word' id='word_1_267' title='bbox 1102 1091 1294 1131; x_wconf 79' lang='lat' dir='ltr'>rationes</span> <span class='ocrx_word' id='word_1_268' title='bbox 1315 1089 1371 1131; x_wconf 92' lang='lat' dir='ltr'>ad</span> <span class='ocrx_word' id='word_1_269' title='bbox 1391 1090 1643 1140; x_wconf 87' lang='lat' dir='ltr'>evangelica</span> <span class='ocrx_word' id='word_1_270' title='bbox 1667 1090 1850 1131; x_wconf 88' lang='lat' dir='ltr'>consilia</span> <span class='ocrx_word' id='word_1_271' title='bbox 1868 1103 1936 1132; x_wconf 89' lang='lat' dir='ltr'>ac-</span> 
     </span>
     <span class='ocr_line' id='line_1_61' title="bbox 1103 1143 1956 1196; baseline 0.001 -9"><span class='ocrx_word' id='word_1_272' title='bbox 1103 1146 1418 1196; x_wconf 86' lang='lat' dir='ltr'>commodavit,</span> <span class='ocrx_word' id='word_1_273' title='bbox 1447 1152 1494 1189; x_wconf 91' lang='lat' dir='ltr'>ut</span> <span class='ocrx_word' id='word_1_274' title='bbox 1521 1146 1766 1188; x_wconf 79' lang='lat' dir='ltr'>sacerdotis</span> <span class='ocrx_word' id='word_1_275' title='bbox 1796 1143 1956 1192; x_wconf 74' lang='lat' dir='ltr'>sancti&#39;</span> 
     </span>
     <span class='ocr_line' id='line_1_62' title="bbox 1102 1201 1937 1255; baseline 0.001 -12"><span class='ocrx_word' id='word_1_276' title='bbox 1102 1215 1263 1244; x_wconf 89' lang='lat' dir='ltr'>nomen</span> <span class='ocrx_word' id='word_1_277' title='bbox 1283 1201 1471 1255; x_wconf 87' lang='lat' dir='ltr'>adeptus</span> <span class='ocrx_word' id='word_1_278' title='bbox 1491 1203 1634 1244; x_wconf 79' lang='lat' dir='ltr'>fuerit.</span> <span class='ocrx_word' id='word_1_279' title='bbox 1668 1203 1937 1244; x_wconf 87' lang='lat' dir='ltr'>Societatem</span> 
     </span>
     <span class='ocr_line' id='line_1_63' title="bbox 1102 1258 1936 1311; baseline 0 -11"><span class='ocrx_word' id='word_1_280' title='bbox 1102 1259 1207 1300; x_wconf 89' lang='lat' dir='ltr'>Jesu</span> <span class='ocrx_word' id='word_1_281' title='bbox 1235 1259 1475 1310; x_wconf 87' lang='lat' dir='ltr'>ingressus,</span> <span class='ocrx_word' id='word_1_282' title='bbox 1510 1260 1632 1311; x_wconf 84' lang='lat' dir='ltr'>iactis</span> <span class='ocrx_word' id='word_1_283' title='bbox 1660 1259 1704 1300; x_wconf 92' lang='lat' dir='ltr'>in</span> <span class='ocrx_word' id='word_1_284' title='bbox 1732 1258 1936 1300; x_wconf 90' lang='lat' dir='ltr'>tirocinio</span> 
     </span>
     <span class='ocr_line' id='line_1_64' title="bbox 1103 1314 1936 1368; baseline 0 -12"><span class='ocrx_word' id='word_1_285' title='bbox 1103 1315 1321 1366; x_wconf 82' lang='lat' dir='ltr'>religi6sae</span> <span class='ocrx_word' id='word_1_286' title='bbox 1351 1315 1657 1368; x_wconf 84' lang='lat' dir='ltr'>perfeetionis,</span> <span class='ocrx_word' id='word_1_287' title='bbox 1685 1314 1936 1357; x_wconf 87' lang='lat' dir='ltr'>ardentissi-</span> 
     </span>
     <span class='ocr_line' id='line_1_65' title="bbox 1103 1371 1938 1424; baseline 0.001 -12"><span class='ocrx_word' id='word_1_288' title='bbox 1103 1385 1187 1412; x_wconf 88' lang='lat' dir='ltr'>mae</span> <span class='ocrx_word' id='word_1_289' title='bbox 1205 1372 1249 1412; x_wconf 93' lang='lat' dir='ltr'>in</span> <span class='ocrx_word' id='word_1_290' title='bbox 1264 1372 1408 1413; x_wconf 90' lang='lat' dir='ltr'>Deum</span> <span class='ocrx_word' id='word_1_291' title='bbox 1429 1377 1472 1413; x_wconf 90' lang='lat' dir='ltr'>et</span> <span class='ocrx_word' id='word_1_292' title='bbox 1488 1372 1715 1424; x_wconf 81' lang='lat' dir='ltr'>proximos</span> <span class='ocrx_word' id='word_1_293' title='bbox 1730 1371 1938 1422; x_wconf 88' lang='lat' dir='ltr'>caritatis,</span> 
     </span>
     <span class='ocr_line' id='line_1_66' title="bbox 1102 1427 1936 1481; baseline 0.001 -13"><span class='ocrx_word' id='word_1_294' title='bbox 1102 1427 1284 1478; x_wconf 86' lang='lat' dir='ltr'>insignis</span> <span class='ocrx_word' id='word_1_295' title='bbox 1303 1428 1544 1480; x_wconf 82' lang='lat' dir='ltr'>patientiae,</span> <span class='ocrx_word' id='word_1_296' title='bbox 1564 1428 1838 1481; x_wconf 78' lang='lat' dir='ltr'>aliarumque</span> <span class='ocrx_word' id='word_1_297' title='bbox 1855 1428 1936 1469; x_wconf 89' lang='lat' dir='ltr'>vir-</span> 
     </span>
     <span class='ocr_line' id='line_1_67' title="bbox 1103 1484 1938 1537; baseline 0.001 -12"><span class='ocrx_word' id='word_1_298' title='bbox 1103 1487 1247 1525; x_wconf 84' lang='lat' dir='ltr'>t1&#39;1tum</span> <span class='ocrx_word' id='word_1_299' title='bbox 1267 1484 1575 1534; x_wconf 81' lang='lat' dir='ltr'>fundamentis,</span> <span class='ocrx_word' id='word_1_300' title='bbox 1609 1498 1709 1537; x_wconf 86' lang='lat' dir='ltr'>quae</span> <span class='ocrx_word' id='word_1_301' title='bbox 1731 1485 1871 1537; x_wconf 83' lang='lat' dir='ltr'>maius</span> <span class='ocrx_word' id='word_1_302' title='bbox 1894 1484 1938 1525; x_wconf 92' lang='lat' dir='ltr'>in</span> 
     </span>
     <span class='ocr_line' id='line_1_68' title="bbox 1105 1540 1937 1592; baseline 0.001 -11"><span class='ocrx_word' id='word_1_303' title='bbox 1105 1540 1199 1582; x_wconf 89' lang='lat' dir='ltr'>dies</span> <span class='ocrx_word' id='word_1_304' title='bbox 1237 1541 1431 1592; x_wconf 89' lang='lat' dir='ltr'>singulos</span> <span class='ocrx_word' id='word_1_305' title='bbox 1473 1541 1791 1582; x_wconf 86' lang='lat' dir='ltr'>incrementum</span> <span class='ocrx_word' id='word_1_306' title='bbox 1827 1541 1937 1583; x_wconf 91' lang='lat' dir='ltr'>acci-</span> 
     </span>
     <span class='ocr_line' id='line_1_69' title="bbox 1103 1597 1940 1649; baseline 0.001 -12"><span class='ocrx_word' id='word_1_307' title='bbox 1103 1597 1294 1649; x_wconf 86' lang='lat' dir='ltr'>piebant,</span> <span class='ocrx_word' id='word_1_308' title='bbox 1314 1597 1552 1648; x_wconf 87' lang='lat' dir='ltr'>theologiae</span> <span class='ocrx_word' id='word_1_309' title='bbox 1568 1597 1834 1639; x_wconf 89' lang='lat' dir='ltr'>curriculum</span> <span class='ocrx_word' id='word_1_310' title='bbox 1844 1610 1940 1639; x_wconf 92' lang='lat' dir='ltr'>con-</span> 
     </span>
     <span class='ocr_line' id='line_1_70' title="bbox 1104 1653 1938 1705; baseline 0.001 -11"><span class='ocrx_word' id='word_1_311' title='bbox 1104 1653 1222 1703; x_wconf 82' lang='lat' dir='ltr'>fecit,</span> <span class='ocrx_word' id='word_1_312' title='bbox 1248 1658 1292 1695; x_wconf 90' lang='lat' dir='ltr'>et</span> <span class='ocrx_word' id='word_1_313' title='bbox 1315 1653 1501 1694; x_wconf 86' lang='lat' dir='ltr'>solemni</span> <span class='ocrx_word' id='word_1_314' title='bbox 1521 1655 1713 1705; x_wconf 92' lang='lat' dir='ltr'>quatuor</span> <span class='ocrx_word' id='word_1_315' title='bbox 1732 1655 1938 1695; x_wconf 77' lang='lat' dir='ltr'>votorum</span> 
     </span>
     <span class='ocr_line' id='line_1_71' title="bbox 1104 1709 1939 1762; baseline 0.002 -13"><span class='ocrx_word' id='word_1_316' title='bbox 1104 1709 1380 1762; x_wconf 79' lang='lat' dir='ltr'>professione</span> <span class='ocrx_word' id='word_1_317' title='bbox 1404 1722 1502 1751; x_wconf 89' lang='lat' dir='ltr'>sese</span> <span class='ocrx_word' id='word_1_318' title='bbox 1526 1709 1823 1762; x_wconf 89' lang='lat' dir='ltr'>obstringens,</span> <span class='ocrx_word' id='word_1_319' title='bbox 1852 1711 1939 1751; x_wconf 85' lang='lat' dir='ltr'>exi·</span> 
     </span>
     <span class='ocr_line' id='line_1_72' title="bbox 1104 1765 1938 1816; baseline 0.002 -10"><span class='ocrx_word' id='word_1_320' title='bbox 1104 1766 1239 1806; x_wconf 91' lang='lat' dir='ltr'>mium</span> <span class='ocrx_word' id='word_1_321' title='bbox 1274 1766 1490 1816; x_wconf 88' lang='lat' dir='ltr'>regularis</span> <span class='ocrx_word' id='word_1_322' title='bbox 1534 1765 1828 1808; x_wconf 70' lang='lat' dir='ltr'>observantiae</span> <span class='ocrx_word' id='word_1_323' title='bbox 1866 1779 1938 1808; x_wconf 87' lang='lat' dir='ltr'>ex-</span> 
     </span>
     <span class='ocr_line' id='line_1_73' title="bbox 1105 1822 1937 1876; baseline 0.002 -14"><span class='ocrx_word' id='word_1_324' title='bbox 1105 1822 1273 1874; x_wconf 90' lang='lat' dir='ltr'>emplar</span> <span class='ocrx_word' id='word_1_325' title='bbox 1293 1822 1443 1864; x_wconf 87' lang='lat' dir='ltr'>evasit.</span> <span class='ocrx_word' id='word_1_326' title='bbox 1476 1822 1563 1864; x_wconf 91' lang='lat' dir='ltr'>Pro</span> <span class='ocrx_word' id='word_1_327' title='bbox 1583 1835 1709 1863; x_wconf 86' lang='lat' dir='ltr'>sacra</span> <span class='ocrx_word' id='word_1_328' title='bbox 1728 1822 1787 1864; x_wconf 88' lang='lat' dir='ltr'>ad</span> <span class='ocrx_word' id='word_1_329' title='bbox 1805 1822 1831 1863; x_wconf 88' lang='lat' dir='ltr'><strong>J</strong></span> <span class='ocrx_word' id='word_1_330' title='bbox 1833 1824 1937 1876; x_wconf 80' lang='lat' dir='ltr'>apo-</span> 
     </span>
     <span class='ocr_line' id='line_1_74' title="bbox 1105 1878 1940 1931; baseline 0.001 -13"><span class='ocrx_word' id='word_1_331' title='bbox 1105 1891 1183 1919; x_wconf 93' lang='lat' dir='ltr'>nes</span> <span class='ocrx_word' id='word_1_332' title='bbox 1220 1878 1519 1931; x_wconf 70' lang='lat' dir='ltr'>expeditiOne,</span> <span class='ocrx_word' id='word_1_333' title='bbox 1573 1891 1705 1930; x_wconf 90' lang='lat' dir='ltr'>quam</span> <span class='ocrx_word' id='word_1_334' title='bbox 1741 1878 1940 1931; x_wconf 71' lang='lat' dir='ltr'>martyrii</span> 
     </span>
     <span class='ocr_line' id='line_1_75' title="bbox 1106 1934 1939 1988; baseline 0.001 -13"><span class='ocrx_word' id='word_1_335' title='bbox 1106 1934 1294 1987; x_wconf 74' lang='lat' dir='ltr'>capidus</span> <span class='ocrx_word' id='word_1_336' title='bbox 1326 1935 1369 1975; x_wconf 92' lang='lat' dir='ltr'>in</span> <span class='ocrx_word' id='word_1_337' title='bbox 1397 1935 1515 1976; x_wconf 89' lang='lat' dir='ltr'>votis</span> <span class='ocrx_word' id='word_1_338' title='bbox 1547 1934 1716 1985; x_wconf 85' lang='lat' dir='ltr'>habuit,</span> <span class='ocrx_word' id='word_1_339' title='bbox 1748 1934 1939 1988; x_wconf 87' lang='lat' dir='ltr'>Neapoli</span> 
     </span>
     <span class='ocr_line' id='line_1_76' title="bbox 1106 1991 1938 2043; baseline 0.001 -12"><span class='ocrx_word' id='word_1_340' title='bbox 1106 1992 1317 2040; x_wconf 87' lang='lat' dir='ltr'>retentus,</span> <span class='ocrx_word' id='word_1_341' title='bbox 1344 1991 1654 2043; x_wconf 75' lang='lat' dir='ltr'>praefectiiram</span> <span class='ocrx_word' id='word_1_342' title='bbox 1680 1991 1938 2032; x_wconf 80' lang='lat' dir='ltr'>Missionum</span> 
     </span>
     <span class='ocr_line' id='line_1_77' title="bbox 1105 2046 1939 2100; baseline 0 -13"><span class='ocrx_word' id='word_1_343' title='bbox 1105 2047 1225 2098; x_wconf 90' lang='lat' dir='ltr'>jussu</span> <span class='ocrx_word' id='word_1_344' title='bbox 1243 2047 1484 2100; x_wconf 80' lang='lat' dir='ltr'>praesulum</span> <span class='ocrx_word' id='word_1_345' title='bbox 1503 2048 1690 2100; x_wconf 87' lang='lat' dir='ltr'>accepit:</span> <span class='ocrx_word' id='word_1_346' title='bbox 1711 2046 1831 2100; x_wconf 92' lang='lat' dir='ltr'>quod</span> <span class='ocrx_word' id='word_1_347' title='bbox 1850 2059 1939 2088; x_wconf 91' lang='lat' dir='ltr'>non</span> 
     </span>
     <span class='ocr_line' id='line_1_78' title="bbox 1107 2103 1939 2145; baseline 0 -2"><span class='ocrx_word' id='word_1_348' title='bbox 1107 2103 1199 2144; x_wconf 90' lang='lat' dir='ltr'>sine</span> <span class='ocrx_word' id='word_1_349' title='bbox 1232 2103 1316 2144; x_wconf 91' lang='lat' dir='ltr'>Dei</span> <span class='ocrx_word' id='word_1_350' title='bbox 1350 2105 1526 2145; x_wconf 79' lang='lat' dir='ltr'>mimine</span> <span class='ocrx_word' id='word_1_351' title='bbox 1559 2104 1724 2145; x_wconf 88' lang='lat' dir='ltr'>factum</span> <span class='ocrx_word' id='word_1_352' title='bbox 1756 2104 1939 2145; x_wconf 89' lang='lat' dir='ltr'>eventus</span> 
     </span>
     <span class='ocr_line' id='line_1_79' title="bbox 1106 2159 1425 2212; baseline -0.003 -11"><span class='ocrx_word' id='word_1_353' title='bbox 1106 2159 1425 2212; x_wconf 87' lang='lat' dir='ltr'>comprobavit.</span> 
     </span>
    </p>

    <p class='ocr_par' dir='ltr' id='par_1_8' title="bbox 1105 2215 1939 2604">
     <span class='ocr_line' id='line_1_80' title="bbox 1160 2215 1938 2258; baseline 0 -2"><span class='ocrx_word' id='word_1_354' title='bbox 1160 2215 1210 2255; x_wconf 80' lang='lat' dir='ltr'>R-</span> <span class='ocrx_word' id='word_1_355' title='bbox 1241 2217 1488 2258; x_wconf 89' lang='lat' dir='ltr'>Honestum</span> <span class='ocrx_word' id='word_1_356' title='bbox 1515 2216 1618 2258; x_wconf 90' lang='lat' dir='ltr'>fecit</span> <span class='ocrx_word' id='word_1_357' title='bbox 1642 2216 1765 2257; x_wconf 90' lang='lat' dir='ltr'>illum</span> <span class='ocrx_word' id='word_1_358' title='bbox 1788 2215 1938 2258; x_wconf 72' lang='lat' dir='ltr'>Demi-</span> 
     </span>
     <span class='ocr_line' id='line_1_81' title="bbox 1105 2272 1939 2322; baseline 0.001 -10"><span class='ocrx_word' id='word_1_359' title='bbox 1105 2286 1204 2322; x_wconf 88' lang='lat' dir='ltr'>nus,</span> <span class='ocrx_word' id='word_1_360' title='bbox 1229 2278 1273 2314; x_wconf 91' lang='lat' dir='ltr'>et</span> <span class='ocrx_word' id='word_1_361' title='bbox 1292 2272 1530 2314; x_wconf 89' lang='lat' dir='ltr'>custodivit</span> <span class='ocrx_word' id='word_1_362' title='bbox 1549 2286 1649 2314; x_wconf 89' lang='lat' dir='ltr'>eum</span> <span class='ocrx_word' id='word_1_363' title='bbox 1669 2272 1724 2314; x_wconf 88' lang='lat' dir='ltr'>ab</span> <span class='ocrx_word' id='word_1_364' title='bbox 1743 2272 1939 2322; x_wconf 88' lang='lat' dir='ltr'>inimicis,</span> 
     </span>
     <span class='ocr_line' id='line_1_82' title="bbox 1107 2326 1936 2371; baseline -0.002 -1"><span class='ocrx_word' id='word_1_365' title='bbox 1107 2334 1151 2370; x_wconf 90' lang='lat' dir='ltr'>et</span> <span class='ocrx_word' id='word_1_366' title='bbox 1177 2342 1202 2370; x_wconf 88' lang='lat' dir='ltr'>a</span> <span class='ocrx_word' id='word_1_367' title='bbox 1230 2328 1539 2370; x_wconf 83' lang='lat' dir='ltr'>seductoribus</span> <span class='ocrx_word' id='word_1_368' title='bbox 1565 2329 1727 2371; x_wconf 90' lang='lat' dir='ltr'>tutavit</span> <span class='ocrx_word' id='word_1_369' title='bbox 1754 2328 1890 2369; x_wconf 92' lang='lat' dir='ltr'>illum:</span> <span class='ocrx_word' id='word_1_370' title='bbox 1913 2326 1936 2349; x_wconf 86' lang='lat'>*</span> 
     </span>
     <span class='ocr_line' id='line_1_83' title="bbox 1106 2383 1937 2434; baseline 0.001 -10"><span class='ocrx_word' id='word_1_371' title='bbox 1106 2384 1163 2425; x_wconf 90' lang='lat' dir='ltr'>Et</span> <span class='ocrx_word' id='word_1_372' title='bbox 1196 2383 1318 2426; x_wconf 86' lang='lat' dir='ltr'>dedit</span> <span class='ocrx_word' id='word_1_373' title='bbox 1350 2385 1412 2425; x_wconf 94' lang='lat' dir='ltr'>illi</span> <span class='ocrx_word' id='word_1_374' title='bbox 1444 2384 1689 2434; x_wconf 89' lang='lat' dir='ltr'>claritatem</span> <span class='ocrx_word' id='word_1_375' title='bbox 1717 2386 1937 2433; x_wconf 84' lang='lat' dir='ltr'>aeternam,</span> 
     </span>
     <span class='ocr_line' id='line_1_84' title="bbox 1107 2432 1938 2492; baseline 0 -11"><span class='ocrx_word' id='word_1_376' title='bbox 1107 2440 1290 2492; x_wconf 75' lang='lat' dir='ltr'>alleliija.</span> <span class='ocrx_word' id='word_1_377' title='bbox 1315 2432 1364 2482; x_wconf 69' lang='lat' dir='ltr'>V·</span> <span class='ocrx_word' id='word_1_378' title='bbox 1393 2441 1418 2481; x_wconf 91' lang='lat' dir='ltr'><strong>J</strong></span> <span class='ocrx_word' id='word_1_379' title='bbox 1420 2446 1567 2482; x_wconf 86' lang='lat' dir='ltr'>ustum</span> <span class='ocrx_word' id='word_1_380' title='bbox 1587 2440 1771 2482; x_wconf 79' lang='lat' dir='ltr'>deduxit</span> <span class='ocrx_word' id='word_1_381' title='bbox 1790 2440 1938 2482; x_wconf 77' lang='lat' dir='ltr'>Demi-</span> 
     </span>
     <span class='ocr_line' id='line_1_85' title="bbox 1107 2495 1938 2549; baseline 0 -12"><span class='ocrx_word' id='word_1_382' title='bbox 1107 2510 1187 2537; x_wconf 92' lang='lat' dir='ltr'>nus</span> <span class='ocrx_word' id='word_1_383' title='bbox 1207 2510 1287 2549; x_wconf 91' lang='lat' dir='ltr'>per</span> <span class='ocrx_word' id='word_1_384' title='bbox 1306 2497 1399 2538; x_wconf 84' lang='lat' dir='ltr'>vias</span> <span class='ocrx_word' id='word_1_385' title='bbox 1418 2501 1576 2546; x_wconf 89' lang='lat' dir='ltr'>rectas,</span> <span class='ocrx_word' id='word_1_386' title='bbox 1601 2502 1645 2538; x_wconf 91' lang='lat' dir='ltr'>et</span> <span class='ocrx_word' id='word_1_387' title='bbox 1665 2495 1858 2538; x_wconf 85' lang='lat' dir='ltr'>ostendit</span> <span class='ocrx_word' id='word_1_388' title='bbox 1877 2496 1938 2537; x_wconf 89' lang='lat' dir='ltr'>illi</span> 
     </span>
     <span class='ocr_line' id='line_1_86' title="bbox 1107 2552 1639 2604; baseline 0 -11"><span class='ocrx_word' id='word_1_389' title='bbox 1107 2565 1288 2604; x_wconf 86' lang='lat' dir='ltr'>regnum</span> <span class='ocrx_word' id='word_1_390' title='bbox 1307 2553 1402 2594; x_wconf 90' lang='lat' dir='ltr'>Dei.</span> <span class='ocrx_word' id='word_1_391' title='bbox 1430 2553 1487 2594; x_wconf 83' lang='lat' dir='ltr'>Et</span> <span class='ocrx_word' id='word_1_392' title='bbox 1506 2552 1639 2594; x_wconf 91' lang='lat' dir='ltr'>dedit.</span> 
     </span>
    </p>

    <p class='ocr_par' dir='ltr' id='par_1_9' title="bbox 1188 2611 1938 2774">
     <span class='ocr_line' id='line_1_87' title="bbox 1419 2611 1626 2651; baseline -0.005 -1"><span class='ocrx_word' id='word_1_393' title='bbox 1419 2611 1570 2651; x_wconf 90' lang='lat' dir='ltr'>Lectio</span> <span class='ocrx_word' id='word_1_394' title='bbox 1591 2624 1626 2649; x_wconf 85' lang='lat' dir='ltr'>v.</span> 
     </span>
     <span class='ocr_line' id='line_1_88' title="bbox 1188 2664 1938 2717; baseline -0.003 -10"><span class='ocrx_word' id='word_1_395' title='bbox 1188 2666 1246 2707; x_wconf 88' lang='lat' dir='ltr'>tsi</span> <span class='ocrx_word' id='word_1_396' title='bbox 1278 2666 1392 2707; x_wconf 92' lang='lat' dir='ltr'>enim</span> <span class='ocrx_word' id='word_1_397' title='bbox 1426 2667 1613 2717; x_wconf 81' lang='lat' dir='ltr'>corpore</span> <span class='ocrx_word' id='word_1_398' title='bbox 1646 2669 1741 2705; x_wconf 88' lang='lat' dir='ltr'>erat</span> <span class='ocrx_word' id='word_1_399' title='bbox 1774 2664 1938 2715; x_wconf 87' lang='lat' dir='ltr'>gracili,</span> 
     </span>
     <span class='ocr_line' id='line_1_89' title="bbox 1197 2720 1938 2774; baseline 0 -12"><span class='ocrx_word' id='word_1_400' title='bbox 1197 2734 1340 2774; x_wconf 92' lang='lat' dir='ltr'>neque</span> <span class='ocrx_word' id='word_1_401' title='bbox 1375 2721 1482 2764; x_wconf 88' lang='lat' dir='ltr'>satis</span> <span class='ocrx_word' id='word_1_402' title='bbox 1518 2721 1644 2762; x_wconf 90' lang='lat' dir='ltr'>firma</span> <span class='ocrx_word' id='word_1_403' title='bbox 1675 2720 1938 2771; x_wconf 82' lang='lat' dir='ltr'>valetudine,</span> 
     </span>
    </p>
   </div>
   <div class='ocr_carea' id='block_1_5' title="bbox 154 148 2006 2817">
    <p class='ocr_par' dir='ltr' id='par_1_10' title="bbox 154 148 2006 2817">
     <span class='ocr_line' id='line_1_90' title="bbox 154 148 2006 2817; baseline 0 0"><span class='ocrx_word' id='word_1_404' title='bbox 154 148 2006 2817; x_wconf 95' lang='lat' dir='ltr'> </span> 
     </span>
    </p>
   </div>
  </div>
 </body>
</html>
