2066 2956
499 212 569 246 Die
597 212 646 245 19.
673 213 829 255 Aprilis.
875 213 909 246 S
938 213 1075 246 Leonis
1100 213 1166 246 IX.
1192 213 1309 255 Papa:
1334 218 1369 246 ct
1395 213 1501 246 Conl'.

1790 212 1856 247 27*

153 312 286 354 1110111
302 311 376 362 1111,
395 310 474 352 sed
489 323 624 362 regno
639 308 980 363 parturiendum.

153 368 262 410 Ideo
287 380 375 410 non
405 367 529 418 dixit,
564 367 665 418 quia
690 371 816 408 natus
843 371 910 408 est
933 366 978 406 fi-

153 424 247 475 lius,
275 424 354 466 sed
378 422 524 465 homo.
560 424 617 465 Et
639 436 721 464 vos
746 436 860 464 nunc
889 423 978 474 qui-

156 481 256 523 dem
273 480 495 523 tristitiam
517 479 703 522 habetis:
727 481 885 520 iterum
908 491 978 520 au-

153 542 244 580 tem
268 535 431 579 videbo
458 549 557 587 vos,
590 541 633 578 et
664 535 872 586 gaudebit
904 548 980 577 cor

154 598 361 635 vestrum:
392 592 495 634 inde
529 591 649 645 quod
678 604 766 633 non
793 591 979 644 amplius

153 651 378 700 morietur,
409 649 565 701 inquit,
598 653 641 690 01
672 647 879 700 gaudium
909 661 978 690 ve-

155 711 294 749 strum
310 718 438 748 nemo
457 705 584 747 tollet
603 718 628 746 a
646 704 784 747 vobis

204 763 269 805 Te
288 764 432 804 Deum
450 761 689 804 laudamus.

388 849 471 891 Die
492 850 551 890 19.
570 848 747 901 Aprilis.

205 913 248 955 S.
269 913 449 955 Leonis
471 914 555 954 IX.
574 911 707 963 Papae
734 916 777 952 et
802 911 922 951 Conf.

485 970 649 1014 Duplex.

205 1023 341 1058 Omnia
374 1022 420 1056 de
452 1022 654 1058 Communi
687 1023 795 1058 Conf.
826 1024 976 1067 Pontis„

152 1076 293 1116 praeter
317 1071 527 1114 sequentia.

204 1119 346 1154 Oratio.
372 1119 443 1164 Da,
469 1119 701 1164 quaesumus.

203 1168 247 1202 In
278 1167 304 1202 Ι.
334 1167 533 1201 Nocturno
565 1167 769 1202 Lectiones
802 1168 849 1202 de
880 1167 976 1202 Scri-

152 1220 264 1259 ptura
288 1219 522 1250 occurrente.

375 1276 424 1315 In
451 1276 501 1315 ΙΙ.
531 1276 752 1316 Nocturno.

454 1336 606 1377 IAectiO
626 1338 678 1376 iV.

164 1397 171 1398 ’
201 1401 325 1432 s
357 1390 483 1442 hujus
514 1389 701 1431 nominis
730 1401 887 1439 nonus,
927 1401 981 1430 ex

160 1448 161 1475 ³
200 1442 266 1507 32³4ssss
287 1446 424 1489 nobili
458 1447 728 1488 Francorum
772 1445 982 1498 prosapia

215 1506 218 1508 ’
265 1502 266 1508 ’
289 1503 513 1554 oriundus,
538 1502 887 1554 Dagsburgensis
911 1514 980 1542 00-

154 1573 259 1611 11105,
274 1573 326 1602 30
338 1559 557 1601 Tullensis
572 1562 815 1612 episcopus,
830 1558 981 1599 Bruno

155 1618 283 1659 antea
301 1616 456 1666 dictus,
476 1616 670 1658 omnium
688 1614 982 1656 Cardinalium

157 1673 390 1725 suffragiis,
435 1685 486 1714 30
529 1671 750 1714 0011111111111
789 1670 983 1712 fidelium

155 1730 462 1782 gratulatione,
488 1729 545 1771 ad
569 1726 887 1770 sanctissimam
905 1728 982 1768 Pe-

155 1787 213 1828 tri
231 1786 382 1829 sedem
401 1787 581 1828 evectus
601 1790 686 1835 est,
716 1789 759 1826 et
782 1785 826 1825 in
850 1797 902 1825 ea
919 1796 982 1825 50-

158 1842 223 1884 dit
247 1843 370 1884 annis
395 1842 602 1895 quinque,
632 1841 804 1883 duobus
829 1840 982 1881 mensi-

156 1898 256 1950 bus,
283 1897 437 1940 diebus
463 1904 577 1940 octo.
610 1898 690 1939 Vir
716 1897 833 1939 omni
850 1897 982 1938 virtu-

156 1958 250 1996 tum
275 1957 434 2006 genere
458 1959 502 1996 et
524 1967 649 1996 sacra
673 1954 873 1995 doctrina
897 1954 983 1994 exi-

156 2011 285 2061 mius,
313 2016 362 2053 ut
381 2011 688 2064 Apostolicum
715 2010 801 2051 hoc
827 2021 983 2050 munus

156 2067 376 2120 impleret,
411 2067 540 2108 nullis
576 2066 819 2116 laboribus,
855 2064 983 2105 nullis

159 2123 421 2176 51111111110115,
447 2123 577 2164 11111115
602 2120 890 2164 111οό111111οᾰ15
909 2133 983 2173 pe-

157 2180 308 2233 percit.

207 2238 258 2289 Rz.
285 2236 437 2278 Inveni
460 2235 607 2278 David
630 2247 804 2277 servum
826 2245 982 2282 meum,

158 2292 257 2334 oleo
282 2297 435 2334 sancto
461 2305 560 2334 meo
585 2291 690 2333 unxi
713 2303 827 2333 eum:
852 2295 875 2319 *
894 2288 981 2329 Ma-

156 2361 238 2389 nus
259 2348 373 2390 enim
393 2362 491 2390 mea
512 2347 787 2389 auxiliabitur
805 2345 859 2394 ei,
883 2343 982 2385 3110-

157 2403 253 2456 haja.
289 2400 339 2451 V.
359 2404 479 2446 Nihil
500 2404 704 2457 proficiet
723 2403 920 2443 inimicus
939 2400 983 2440 in

159 2473 228 2511 eo,
250 2465 294 2502 et
310 2461 424 2502 filius
443 2460 683 2513 iniquitatis
701 2471 789 2500 non
808 2455 983 2498 nocebit

160 2516 210 2557 ei.
245 2517 410 2558 Manus.

464 2566 615 2606 Lectio
636 2579 673 2605 v,

160 2617 473 2725 Germaniam
515 2629 558 2666 et
593 2623 766 2665 Italiam
810 2620 982 2673 saepius,

276 2680 463 2722 Galliam
490 2679 624 2721 semel
648 2678 852 2720 visitavit.
896 2677 982 2717 Ha-

160 2736 255 2777 buit
272 2749 431 2778 novem
450 2736 647 2786 concilia,
674 2734 867 2783 Rhemis,
891 2733 983 2777 Μοτ

1031 310 1209 361 guntiae,
1236 309 1467 359 Vercellis,
1494 310 1659 362 Papiae,
1688 309 1855 358 Romae,

1032 365 1089 407 ad
1145 365 1456 407 restaurandos
1511 365 1856 406 Christianorum

1031 435 1188 463 mores.
1221 422 1382 463 Multas
1405 421 1572 463 litteras
1598 420 1654 462 ad
1673 421 1855 473 impera-

1031 481 1166 528 tores,
1199 491 1339 529 reges,
1367 477 1656 531 patriarchas,
1689 479 1854 530 episco-

1030 547 1125 587 pos,
1144 535 1239 576 zelo
1258 548 1310 576 ac
1323 535 1488 587 pietate
1506 535 1738 586 flagrantes
1754 534 1855 590 scri-

1030 592 1129 643 psit.
1148 592 1340 642 Legatos
1356 591 1412 632 ad
1427 591 1735 643 imperatorem
1747 590 1856 631 Con-

1031 647 1481 701 stantinopolitanum,
1500 660 1582 699 pro
1601 646 1856 688 reductione

1032 705 1305 754 Graecorum,
1351 703 1486 745 semel
1531 709 1663 755 atque
1699 705 1856 744 iterum

1030 761 1162 811 misit;
1187 761 1501 812 Berengarium
1520 759 1772 801 haereticum
1792 772 1855 800 se-

1030 818 1117 859 mel
1148 818 1395 869 iterumque
1428 816 1667 865 damnavit,
1704 821 1747 857 et
1778 815 1854 856 Mi-

1031 874 1227 915 chaelem
1251 873 1522 915 Cerularium
1547 871 1856 925 patriarcham,

1030 931 1242 981 insignem
1288 929 1628 978 schismaticum,
1679 928 1854 970 anathe-

1030 992 1146 1028 mate
1164 986 1360 1039 perculit.

1083 1046 1133 1097 R.
1165 1043 1299 1084 Posui
1327 1041 1592 1095 adjutorium
1620 1054 1751 1094 super
1778 1053 1852 1094 po-

1031 1101 1216 1149 tentem,
1262 1104 1306 1141 et
1346 1098 1534 1140 exaltavi
1573 1097 1760 1139 electum
1800 1097 1854 1139 de

1031 1156 1161 1208 plebe
1197 1168 1313 1197 mea:
1350 1160 1371 1182 *
1409 1155 1565 1196 Manus
1604 1155 1719 1195 enim
1758 1167 1856 1195 mea

1032 1211 1313 1253 auxiliabitur
1334 1212 1388 1262 ei,
1417 1211 1598 1262 alleluja.
1632 1206 1681 1257 V.
1703 1210 1856 1250 Inveni

1031 1268 1177 1310 David
1197 1281 1372 1310 servum
1392 1281 1554 1317 meum,
1583 1267 1681 1308 oleo
1703 1272 1855 1307 5311010

1035 1338 1134 1367 meo
1155 1325 1260 1366 unxi
1280 1337 1389 1366 eum.
1417 1324 1583 1364 Manus.

1331 1382 1481 1423 Lectio
1502 1383 1552 1421 vi.

1032 1437 1193 1542 Dum
1207 1439 1363 1480 Romae
1378 1439 1537 1487 ageret,
1554 1440 1620 1476 ter
1635 1435 1679 1475 in
1692 1434 1856 1476 hebdo-

1153 1494 1283 1536 mada
1314 1507 1339 1535 a
1366 1494 1646 1534 sacrosancta
1673 1491 1857 1532 00010513

1033 1551 1314 1593 Lateranensi
1342 1549 1398 1591 ad
1421 1549 1696 1599 Vaticanam,
1729 1546 1856 1588 nudis

1033 1607 1236 1661 pedibus,
1264 1611 1413 1656 noctu,
1443 1617 1572 1646 orans
1599 1609 1642 1645 et
1667 1603 1857 1656 psallens

1033 1663 1255 1718 pergebat.
1308 1662 1499 1714 Principi
1543 1660 1858 1713 Apostolorum

1035 1721 1250 1762 decimam
1280 1719 1549 1761 oblationum
1580 1722 1749 1769 partem
1775 1715 1857 1757 sibi

1035 1777 1090 1819 de
1115 1789 1239 1818 more
1268 1776 1604 1828 competentem,
1632 1772 1858 1825 pontificio

1036 1834 1276 1886 diplomate
1297 1833 1438 1873 cessit.
1463 1829 1777 1872 Patrimonium
1792 1842 1859 1869 su-

1034 1904 1108 1931 um
1139 1889 1367 1942 preprium
1400 1889 1445 1928 in
1475 1886 1741 1928 erectionem
1767 1897 1857 1925 mo-

1034 1946 1212 1988 nasterii
1226 1944 1451 1998 impendit:
1466 1943 1581 1984 unde
1597 1942 1727 1983 etiam
1743 1945 1861 1993 quot-

1036 2003 1159 2044 annis
1209 2002 1395 2055 pecunia
1444 1999 1771 2041 submitteretur
1815 1997 1859 2037 in

1035 2064 1234 2111 sumptus
1266 2071 1381 2099 rosae
1413 2060 1575 2104 asireae,
1611 2066 1741 2105 quam
1772 2053 1858 2093 Ro-

1034 2116 1152 2156 mani
1165 2115 1399 2156 Pontifices
1420 2114 1597 2163 antiquo
1617 2114 1660 2151 et
1676 2109 1860 2150 solemni

1035 2173 1121 2213 ritu
1151 2170 1427 2213 benedicunt.
1481 2170 1530 2209 In
1565 2169 1783 2219 paliperes
1815 2169 1859 2205 et

1035 2230 1292 2281 peregrinos
1338 2225 1518 2267 effusam
1552 2221 1859 2263 liberalitatem

1036 2285 1239 2326 exercuit.
1273 2282 1362 2323 Sub
1382 2279 1545 2334 leprosi
1564 2279 1704 2319 forma
1724 2282 1767 2318 et
1785 2276 1858 2317 ha-

1035 2340 1131 2382 bitu
1160 2339 1381 2381 Christum
1407 2333 1643 2388 aliquando
1675 2332 1857 2386 proprio

1034 2396 1150 2437 lecto
1170 2395 1355 2447 excepit.
1388 2392 1588 2443 Denique
1606 2389 1756 2430 multis
1774 2401 1856 2441 pro

1034 2451 1232 2493 Ecclesia
1246 2448 1471 2491 laboribus
1487 2445 1728 2494 exantlatis,
1749 2444 1859 2486 obiit

1036 2508 1106 2549 die
1126 2507 1294 2549 decima
1312 2518 1428 2547 nona
1442 2502 1618 2555 Aprilis,
1638 2512 1752 2541 anno
1765 2500 1856 2540 mil-

1034 2564 1187 2605 lesimo
1208 2560 1568 2614 quinquagesimo
1589 2561 1762 2609 quarto,
1786 2568 1856 2597 an-

1034 2625 1078 2661 te
1099 2624 1142 2660 et
1159 2623 1262 2671 post
1277 2622 1463 2658 mortem
1477 2613 1624 2655 multis
1639 2611 1857 2653 miraculis

1035 2676 1188 2723 clarus,
1207 2687 1258 2715 ac
1276 2672 1474 2725 sepultus
1491 2675 1557 2711 est
1571 2669 1615 2709 in
1627 2668 1855 2709 Vaticano.

1085 2731 1136 2781 Rt·
1162 2732 1252 2771 Iste
1274 2734 1341 2771 est
1361 2729 1444 2781 qui.
