<?xml version="1.0" encoding="UTF-8"?>
<!DOCTYPE html PUBLIC "-//W3C//DTD XHTML 1.0 Transitional//EN"
    "http://www.w3.org/TR/xhtml1/DTD/xhtml1-transitional.dtd">
<html xmlns="http://www.w3.org/1999/xhtml" xml:lang="en" lang="en">
 <head>
  <title>
</title>
<meta http-equiv="Content-Type" content="text/html;charset=utf-8" />
  <meta name='ocr-system' content='tesseract 3.04.00' />
  <meta name='ocr-capabilities' content='ocr_page ocr_carea ocr_par ocr_line ocrx_word'/>
</head>
<body>
  <div class='ocr_page' id='page_1' title='image "./p2breviariumroma00cathuoft_0516.png"; bbox 0 0 2066 2904; ppageno 0'>
   <div class='ocr_carea' id='block_1_1' title="bbox 213 227 1911 292">
    <p class='ocr_par' dir='ltr' id='par_1_1' title="bbox 213 227 1911 292">
     <span class='ocr_line' id='line_1_1' title="bbox 213 227 1911 292; baseline 0 0"><span class='ocrx_word' id='word_1_1' title='bbox 213 227 1911 292; x_wconf 95' lang='lat' dir='ltr'>   </span> 
     </span>
    </p>
   </div>
   <div class='ocr_carea' id='block_1_2' title="bbox 210 271 1034 1673">
    <p class='ocr_par' dir='ltr' id='par_1_2' title="bbox 210 271 1034 1673">
     <span class='ocr_line' id='line_1_2' title="bbox 214 271 1033 325; baseline 0 -12"><span class='ocrx_word' id='word_1_2' title='bbox 214 274 256 313; x_wconf 92' lang='lat' dir='ltr'>in</span> <span class='ocrx_word' id='word_1_3' title='bbox 278 285 361 325; x_wconf 89' lang='lat' dir='ltr'>qua</span> <span class='ocrx_word' id='word_1_4' title='bbox 381 272 468 313; x_wconf 88' lang='lat' dir='ltr'>vita</span> <span class='ocrx_word' id='word_1_5' title='bbox 487 271 636 313; x_wconf 92' lang='lat' dir='ltr'>mundi</span> <span class='ocrx_word' id='word_1_6' title='bbox 650 271 870 324; x_wconf 76' lang='lat' dir='ltr'>pependit,</span> <span class='ocrx_word' id='word_1_7' title='bbox 890 273 932 313; x_wconf 94' lang='lat' dir='ltr'>in</span> <span class='ocrx_word' id='word_1_8' title='bbox 950 285 1033 324; x_wconf 89' lang='lat' dir='ltr'>qua</span> 
     </span>
     <span class='ocr_line' id='line_1_3' title="bbox 216 327 1034 381; baseline -0.001 -12"><span class='ocrx_word' id='word_1_9' title='bbox 216 329 411 370; x_wconf 90' lang='lat' dir='ltr'>Christus</span> <span class='ocrx_word' id='word_1_10' title='bbox 427 327 721 381; x_wconf 80' lang='lat' dir='ltr'>triumphavit,</span> <span class='ocrx_word' id='word_1_11' title='bbox 739 333 783 370; x_wconf 89' lang='lat' dir='ltr'>et</span> <span class='ocrx_word' id='word_1_12' title='bbox 796 341 915 370; x_wconf 90' lang='lat' dir='ltr'>mors</span> <span class='ocrx_word' id='word_1_13' title='bbox 930 341 1034 370; x_wconf 90' lang='lat' dir='ltr'>mor·</span> 
     </span>
     <span class='ocr_line' id='line_1_4' title="bbox 213 384 1032 438; baseline -0.001 -12"><span class='ocrx_word' id='word_1_14' title='bbox 213 390 301 426; x_wconf 92' lang='lat' dir='ltr'>tem</span> <span class='ocrx_word' id='word_1_15' title='bbox 318 385 542 438; x_wconf 80' lang='lat' dir='ltr'>superavit</span> <span class='ocrx_word' id='word_1_16' title='bbox 555 385 598 425; x_wconf 91' lang='lat' dir='ltr'>in</span> <span class='ocrx_word' id='word_1_17' title='bbox 613 386 833 434; x_wconf 79' lang='lat' dir='ltr'>aeternum,</span> <span class='ocrx_word' id='word_1_18' title='bbox 852 384 1032 436; x_wconf 91' lang='lat' dir='ltr'>alleluia.</span> 
     </span>
     <span class='ocr_line' id='line_1_5' title="bbox 547 450 707 487; baseline 0 -1"><span class='ocrx_word' id='word_1_19' title='bbox 547 450 707 487; x_wconf 63' lang='lat' dir='ltr'>Oratim.</span> 
     </span>
     <span class='ocr_line' id='line_1_6' title="bbox 299 504 1031 558; baseline -0.001 -12"><span class='ocrx_word' id='word_1_20' title='bbox 299 518 391 554; x_wconf 86' lang='lat' dir='ltr'>eus,</span> <span class='ocrx_word' id='word_1_21' title='bbox 415 505 487 557; x_wconf 93' lang='lat' dir='ltr'>qui</span> <span class='ocrx_word' id='word_1_22' title='bbox 507 505 550 546; x_wconf 92' lang='lat' dir='ltr'>in</span> <span class='ocrx_word' id='word_1_23' title='bbox 568 505 780 558; x_wconf 82' lang='lat' dir='ltr'>praeclara</span> <span class='ocrx_word' id='word_1_24' title='bbox 798 504 1031 546; x_wconf 80' lang='lat' dir='ltr'>salutiferae</span> 
     </span>
     <span class='ocr_line' id='line_1_7' title="bbox 314 560 1031 614; baseline -0.001 -12"><span class='ocrx_word' id='word_1_25' title='bbox 314 561 463 603; x_wconf 82' lang='lat' dir='ltr'>Crucis</span> <span class='ocrx_word' id='word_1_26' title='bbox 508 561 772 610; x_wconf 72' lang='lat' dir='ltr'>inventione,</span> <span class='ocrx_word' id='word_1_27' title='bbox 816 560 1031 614; x_wconf 90' lang='lat' dir='ltr'>passionis</span> 
     </span>
     <span class='ocr_line' id='line_1_8' title="bbox 212 616 1031 667; baseline -0.001 -8"><span class='ocrx_word' id='word_1_28' title='bbox 212 624 301 659; x_wconf 87' lang='lat' dir='ltr'>tuae</span> <span class='ocrx_word' id='word_1_29' title='bbox 326 617 537 659; x_wconf 75' lang='lat' dir='ltr'>miracula</span> <span class='ocrx_word' id='word_1_30' title='bbox 564 617 797 667; x_wconf 78' lang='lat' dir='ltr'>suscitasti;</span> <span class='ocrx_word' id='word_1_31' title='bbox 825 616 1031 666; x_wconf 80' lang='lat' dir='ltr'>concede3</span> 
     </span>
     <span class='ocr_line' id='line_1_9' title="bbox 212 673 1031 726; baseline 0 -12"><span class='ocrx_word' id='word_1_32' title='bbox 212 679 259 715; x_wconf 89' lang='lat' dir='ltr'>ut</span> <span class='ocrx_word' id='word_1_33' title='bbox 279 674 422 715; x_wconf 81' lang='lat' dir='ltr'>vitalis</span> <span class='ocrx_word' id='word_1_34' title='bbox 438 674 545 725; x_wconf 86' lang='lat' dir='ltr'>ligni</span> <span class='ocrx_word' id='word_1_35' title='bbox 563 673 716 726; x_wconf 78' lang='lat' dir='ltr'>pretio,</span> <span class='ocrx_word' id='word_1_36' title='bbox 735 675 910 715; x_wconf 79' lang='lat' dir='ltr'>aeternae</span> <span class='ocrx_word' id='word_1_37' title='bbox 930 673 1031 715; x_wconf 88' lang='lat' dir='ltr'>vitae</span> 
     </span>
     <span class='ocr_line' id='line_1_10' title="bbox 213 730 1031 782; baseline -0.002 -10"><span class='ocrx_word' id='word_1_38' title='bbox 213 730 416 781; x_wconf 80' lang='lat' dir='ltr'>suffragia</span> <span class='ocrx_word' id='word_1_39' title='bbox 441 731 772 782; x_wconf 65' lang='lat' dir='ltr'>consequamur:</span> <span class='ocrx_word' id='word_1_40' title='bbox 802 730 885 779; x_wconf 93' lang='lat' dir='ltr'>Qui</span> <span class='ocrx_word' id='word_1_41' title='bbox 910 730 1031 771; x_wconf 93' lang='lat' dir='ltr'>vivis.</span> 
     </span>
     <span class='ocr_line' id='line_1_11' title="bbox 268 793 777 829; baseline 0.002 -5"><span class='ocrx_word' id='word_1_42' title='bbox 268 795 467 826; x_wconf 57' lang='lat' dir='ltr'>(lanimem.</span> <span class='ocrx_word' id='word_1_43' title='bbox 494 795 548 825; x_wconf 44' lang='grc' dir='ltr'>ὃς.</span> <span class='ocrx_word' id='word_1_44' title='bbox 577 793 777 829; x_wconf 50' lang='lat' dir='ltr'>Man-tyrum</span> 
     </span>
     <span class='ocr_line' id='line_1_12' title="bbox 271 842 1032 892; baseline 0.003 -11"><span class='ocrx_word' id='word_1_45' title='bbox 271 847 363 883; x_wconf 58' lang='lat' dir='ltr'>Ant.</span> <span class='ocrx_word' id='word_1_46' title='bbox 397 842 510 883; x_wconf 52' lang='lat' dir='ltr'>lsssiae</span> <span class='ocrx_word' id='word_1_47' title='bbox 528 842 783 892; x_wconf 88' lang='lat' dir='ltr'>Jerusalem,</span> <span class='ocrx_word' id='word_1_48' title='bbox 806 843 965 891; x_wconf 80' lang='lat' dir='ltr'>venite,</span> <span class='ocrx_word' id='word_1_49' title='bbox 988 846 1032 883; x_wconf 90' lang='lat' dir='ltr'>et</span> 
     </span>
     <span class='ocr_line' id='line_1_13' title="bbox 212 898 1030 951; baseline -0.001 -11"><span class='ocrx_word' id='word_1_50' title='bbox 212 898 357 941; x_wconf 78' lang='lat' dir='ltr'>videte</span> <span class='ocrx_word' id='word_1_51' title='bbox 377 898 590 951; x_wconf 80' lang='lat' dir='ltr'>Martyres</span> <span class='ocrx_word' id='word_1_52' title='bbox 611 911 708 940; x_wconf 92' lang='lat' dir='ltr'>cum</span> <span class='ocrx_word' id='word_1_53' title='bbox 728 898 915 947; x_wconf 90' lang='lat' dir='ltr'>coronis,</span> <span class='ocrx_word' id='word_1_54' title='bbox 942 898 1030 950; x_wconf 82' lang='lat' dir='ltr'>qui-</span> 
     </span>
     <span class='ocr_line' id='line_1_14' title="bbox 212 954 1031 996; baseline -0.001 0"><span class='ocrx_word' id='word_1_55' title='bbox 212 955 293 996; x_wconf 91' lang='lat' dir='ltr'>bus</span> <span class='ocrx_word' id='word_1_56' title='bbox 317 954 542 996; x_wconf 81' lang='lat' dir='ltr'>coronavit</span> <span class='ocrx_word' id='word_1_57' title='bbox 566 967 642 996; x_wconf 90' lang='lat' dir='ltr'>eos</span> <span class='ocrx_word' id='word_1_58' title='bbox 660 955 876 996; x_wconf 90' lang='lat' dir='ltr'>Dominus</span> <span class='ocrx_word' id='word_1_59' title='bbox 898 955 941 995; x_wconf 92' lang='lat' dir='ltr'>in</span> <span class='ocrx_word' id='word_1_60' title='bbox 961 954 1031 996; x_wconf 91' lang='lat' dir='ltr'>die</span> 
     </span>
     <span class='ocr_line' id='line_1_15' title="bbox 212 1010 1030 1067; baseline -0.001 -15"><span class='ocrx_word' id='word_1_61' title='bbox 212 1011 496 1067; x_wconf 63' lang='lat' dir='ltr'>solemnitatis</span> <span class='ocrx_word' id='word_1_62' title='bbox 504 1016 547 1053; x_wconf 91' lang='lat' dir='ltr'>et</span> <span class='ocrx_word' id='word_1_63' title='bbox 554 1011 727 1062; x_wconf 81' lang='lat' dir='ltr'>laetitiae,</span> <span class='ocrx_word' id='word_1_64' title='bbox 735 1011 914 1063; x_wconf 87' lang='lat' dir='ltr'>alleluja,</span> <span class='ocrx_word' id='word_1_65' title='bbox 922 1010 1030 1052; x_wconf 86' lang='lat' dir='ltr'>allel.</span> 
     </span>
     <span class='ocr_line' id='line_1_16' title="bbox 269 1067 1030 1120; baseline 0 -12"><span class='ocrx_word' id='word_1_66' title='bbox 269 1068 313 1104; x_wconf 61' lang='grc' dir='ltr'>Υ,</span> <span class='ocrx_word' id='word_1_67' title='bbox 341 1067 539 1109; x_wconf 90' lang='lat' dir='ltr'>Pretiosa</span> <span class='ocrx_word' id='word_1_68' title='bbox 562 1068 606 1108; x_wconf 95' lang='lat' dir='ltr'>in</span> <span class='ocrx_word' id='word_1_69' title='bbox 625 1068 864 1120; x_wconf 77' lang='lat' dir='ltr'>conspectu</span> <span class='ocrx_word' id='word_1_70' title='bbox 883 1067 1030 1108; x_wconf 90' lang='lat' dir='ltr'>Domi-</span> 
     </span>
     <span class='ocr_line' id='line_1_17' title="bbox 212 1123 1031 1175; baseline 0 -11"><span class='ocrx_word' id='word_1_71' title='bbox 212 1124 271 1173; x_wconf 89' lang='lat' dir='ltr'>ni,</span> <span class='ocrx_word' id='word_1_72' title='bbox 308 1123 488 1175; x_wconf 86' lang='lat' dir='ltr'>alleluja.</span> <span class='ocrx_word' id='word_1_73' title='bbox 549 1128 590 1175; x_wconf 60' lang='lat' dir='ltr'>lx‘g.</span> <span class='ocrx_word' id='word_1_74' title='bbox 627 1124 747 1166; x_wconf 90' lang='lat' dir='ltr'>Mors</span> <span class='ocrx_word' id='word_1_75' title='bbox 783 1126 1031 1166; x_wconf 89' lang='lat' dir='ltr'>sanctorum</span> 
     </span>
     <span class='ocr_line' id='line_1_18' title="bbox 214 1179 512 1232; baseline -0.003 -11"><span class='ocrx_word' id='word_1_76' title='bbox 214 1181 313 1231; x_wconf 90' lang='lat' dir='ltr'>eius,</span> <span class='ocrx_word' id='word_1_77' title='bbox 333 1179 512 1232; x_wconf 88' lang='lat' dir='ltr'>alleluia.</span> 
     </span>
     <span class='ocr_line' id='line_1_19' title="bbox 545 1236 704 1274; baseline 0.013 -4"><span class='ocrx_word' id='word_1_78' title='bbox 545 1236 704 1274; x_wconf 71' lang='lat' dir='ltr'>Oratio.</span> 
     </span>
     <span class='ocr_line' id='line_1_20' title="bbox 292 1294 1031 1346; baseline 0.001 -13"><span class='ocrx_word' id='word_1_79' title='bbox 292 1296 421 1333; x_wconf 86' lang='lat' dir='ltr'>raesta</span> <span class='ocrx_word' id='word_1_80' title='bbox 466 1294 713 1345; x_wconf 64' lang='lat' dir='ltr'>quaesumus</span> <span class='ocrx_word' id='word_1_81' title='bbox 755 1295 1031 1346; x_wconf 83' lang='lat' dir='ltr'>omnipotens</span> 
     </span>
     <span class='ocr_line' id='line_1_21' title="bbox 308 1349 1030 1401; baseline 0.003 -12"><span class='ocrx_word' id='word_1_82' title='bbox 308 1349 443 1389; x_wconf 87' lang='lat' dir='ltr'>Deus:</span> <span class='ocrx_word' id='word_1_83' title='bbox 474 1354 521 1390; x_wconf 94' lang='lat' dir='ltr'>ut</span> <span class='ocrx_word' id='word_1_84' title='bbox 554 1349 627 1401; x_wconf 84' lang='lat' dir='ltr'>qui</span> <span class='ocrx_word' id='word_1_85' title='bbox 659 1352 911 1391; x_wconf 89' lang='lat' dir='ltr'>sanctorum</span> <span class='ocrx_word' id='word_1_86' title='bbox 938 1351 1030 1391; x_wconf 90' lang='lat' dir='ltr'>tuo-</span> 
     </span>
     <span class='ocr_line' id='line_1_22' title="bbox 210 1405 1030 1457; baseline 0.004 -12"><span class='ocrx_word' id='word_1_87' title='bbox 210 1417 306 1445; x_wconf 91' lang='lat' dir='ltr'>rum</span> <span class='ocrx_word' id='word_1_88' title='bbox 325 1405 574 1455; x_wconf 80' lang='lat' dir='ltr'>Alexandri,</span> <span class='ocrx_word' id='word_1_89' title='bbox 597 1406 778 1456; x_wconf 78' lang='lat' dir='ltr'>Eventii,</span> <span class='ocrx_word' id='word_1_90' title='bbox 802 1405 1030 1457; x_wconf 88' lang='lat' dir='ltr'>Theoduli,</span> 
     </span>
     <span class='ocr_line' id='line_1_23' title="bbox 210 1460 1030 1514; baseline 0.005 -13"><span class='ocrx_word' id='word_1_91' title='bbox 210 1466 341 1512; x_wconf 86' lang='lat' dir='ltr'>atque</span> <span class='ocrx_word' id='word_1_92' title='bbox 369 1461 393 1501; x_wconf 90' lang='lat' dir='ltr'>J</span> <span class='ocrx_word' id='word_1_93' title='bbox 396 1460 589 1503; x_wconf 78' lang='lat' dir='ltr'>uvenalis</span> <span class='ocrx_word' id='word_1_94' title='bbox 616 1463 808 1504; x_wconf 84' lang='lat' dir='ltr'>natalitia</span> <span class='ocrx_word' id='word_1_95' title='bbox 837 1462 1030 1514; x_wconf 85' lang='lat' dir='ltr'>colimus,</span> 
     </span>
     <span class='ocr_line' id='line_1_24' title="bbox 210 1518 1030 1570; baseline 0.006 -13"><span class='ocrx_word' id='word_1_96' title='bbox 210 1530 236 1557; x_wconf 91' lang='lat' dir='ltr'>a</span> <span class='ocrx_word' id='word_1_97' title='bbox 261 1518 426 1559; x_wconf 85' lang='lat' dir='ltr'>cunctis</span> <span class='ocrx_word' id='word_1_98' title='bbox 448 1518 572 1560; x_wconf 87' lang='lat' dir='ltr'>malis</span> <span class='ocrx_word' id='word_1_99' title='bbox 595 1519 934 1570; x_wconf 71' lang='lat' dir='ltr'>imminentibus,</span> <span class='ocrx_word' id='word_1_100' title='bbox 961 1522 1030 1562; x_wconf 90' lang='lat' dir='ltr'>eo-</span> 
     </span>
     <span class='ocr_line' id='line_1_25' title="bbox 211 1574 1030 1619; baseline 0.005 -5"><span class='ocrx_word' id='word_1_101' title='bbox 211 1586 306 1614; x_wconf 91' lang='lat' dir='ltr'>rum</span> <span class='ocrx_word' id='word_1_102' title='bbox 354 1574 736 1618; x_wconf 67' lang='lat' dir='ltr'>intercessionibus</span> <span class='ocrx_word' id='word_1_103' title='bbox 785 1576 1030 1619; x_wconf 78' lang='lat' dir='ltr'>liberemur.</span> 
     </span>
     <span class='ocr_line' id='line_1_26' title="bbox 210 1630 555 1673; baseline 0.006 -3"><span class='ocrx_word' id='word_1_104' title='bbox 210 1630 293 1671; x_wconf 92' lang='lat' dir='ltr'>Per</span> <span class='ocrx_word' id='word_1_105' title='bbox 311 1630 555 1673; x_wconf 92' lang='lat' dir='ltr'>Dominum.</span> 
     </span>
    </p>
   </div>
   <div class='ocr_carea' id='block_1_3' title="bbox 212 1706 1032 2436">
    <p class='ocr_par' dir='ltr' id='par_1_3' title="bbox 474 1706 765 1744">
     <span class='ocr_line' id='line_1_27' title="bbox 474 1706 765 1744; baseline 0.003 -2"><span class='ocrx_word' id='word_1_106' title='bbox 474 1706 541 1742; x_wconf 88' lang='lat' dir='ltr'>Ad</span> <span class='ocrx_word' id='word_1_107' title='bbox 564 1706 765 1744; x_wconf 89' lang='lat' dir='ltr'>Tertiam.</span> 
     </span>
    </p>

    <p class='ocr_par' dir='ltr' id='par_1_4' title="bbox 268 1759 622 1804">
     <span class='ocr_line' id='line_1_28' title="bbox 268 1759 622 1804; baseline 0.023 -8"><span class='ocrx_word' id='word_1_108' title='bbox 268 1759 360 1799; x_wconf 58' lang='lat' dir='ltr'>Ant.</span> <span class='ocrx_word' id='word_1_109' title='bbox 390 1760 515 1802; x_wconf 43' lang='lat' dir='ltr'>¹&lt;alva</span> <span class='ocrx_word' id='word_1_110' title='bbox 532 1775 622 1804; x_wconf 91' lang='lat' dir='ltr'>nos.</span> 
     </span>
    </p>

    <p class='ocr_par' dir='ltr' id='par_1_5' title="bbox 214 1820 1029 1925">
     <span class='ocr_line' id='line_1_29' title="bbox 266 1820 1029 1870; baseline 0.009 -12"><span class='ocrx_word' id='word_1_111' title='bbox 266 1820 444 1870; x_wconf 69' lang='lat' dir='ltr'>Capitul.</span> <span class='ocrx_word' id='word_1_112' title='bbox 490 1823 670 1865; x_wconf 72' lang='lat' dir='ltr'>Fratres:</span> <span class='ocrx_word' id='word_1_113' title='bbox 701 1825 800 1867; x_wconf 91' lang='lat' dir='ltr'>Hoc</span> <span class='ocrx_word' id='word_1_114' title='bbox 832 1825 956 1867; x_wconf 77' lang='lat' dir='ltr'>enim.</span> <span class='ocrx_word' id='word_1_115' title='bbox 986 1833 1029 1865; x_wconf 84' lang='lat' dir='ltr'>ut</span> 
     </span>
     <span class='ocr_line' id='line_1_30' title="bbox 214 1877 476 1925; baseline 0.027 -13"><span class='ocrx_word' id='word_1_116' title='bbox 214 1888 354 1925; x_wconf 71' lang='lat' dir='ltr'>supra.</span> <span class='ocrx_word' id='word_1_117' title='bbox 382 1877 476 1919; x_wconf 89' lang='grc'>487.</span> 
     </span>
    </p>

    <p class='ocr_par' dir='ltr' id='par_1_6' title="bbox 212 1932 1032 2215">
     <span class='ocr_line' id='line_1_31' title="bbox 268 1932 1032 1987; baseline 0.016 -19"><span class='ocrx_word' id='word_1_118' title='bbox 268 1932 313 1981; x_wconf 52' lang='grc' dir='ltr'>λῇ.</span> <span class='ocrx_word' id='word_1_119' title='bbox 343 1933 399 1970; x_wconf 79' lang='lat' dir='ltr'>br.</span> <span class='ocrx_word' id='word_1_120' title='bbox 438 1934 538 1976; x_wconf 91' lang='lat' dir='ltr'>Hoc</span> <span class='ocrx_word' id='word_1_121' title='bbox 569 1936 739 1987; x_wconf 87' lang='lat' dir='ltr'>signum</span> <span class='ocrx_word' id='word_1_122' title='bbox 768 1937 918 1979; x_wconf 88' lang='lat' dir='ltr'>Crucis</span> <span class='ocrx_word' id='word_1_123' title='bbox 951 1938 1032 1980; x_wconf 92' lang='lat' dir='ltr'>erit</span> 
     </span>
     <span class='ocr_line' id='line_1_32' title="bbox 212 1988 1032 2046; baseline 0.01 -18"><span class='ocrx_word' id='word_1_124' title='bbox 212 1988 254 2028; x_wconf 93' lang='lat' dir='ltr'>in</span> <span class='ocrx_word' id='word_1_125' title='bbox 280 1989 410 2039; x_wconf 82' lang='lat' dir='ltr'>coelo,</span> <span class='ocrx_word' id='word_1_126' title='bbox 436 1992 454 2011; x_wconf 68' lang='lat'><strong><em>⁴</em></strong></span> <span class='ocrx_word' id='word_1_127' title='bbox 482 1991 683 2044; x_wconf 82' lang='lat' dir='ltr'>Alleluia,</span> <span class='ocrx_word' id='word_1_128' title='bbox 712 1993 893 2046; x_wconf 88' lang='lat' dir='ltr'>alleluja.</span> <span class='ocrx_word' id='word_1_129' title='bbox 933 1995 1032 2036; x_wconf 93' lang='lat' dir='ltr'>Hoc</span> 
     </span>
     <span class='ocr_line' id='line_1_33' title="bbox 212 2045 1031 2103; baseline 0.012 -20"><span class='ocrx_word' id='word_1_130' title='bbox 212 2045 390 2095; x_wconf 89' lang='lat' dir='ltr'>signum.</span> <span class='ocrx_word' id='word_1_131' title='bbox 421 2046 465 2089; x_wconf 45' lang='grc' dir='ltr'>«Υ.</span> <span class='ocrx_word' id='word_1_132' title='bbox 490 2047 598 2088; x_wconf 93' lang='lat' dir='ltr'>Cum</span> <span class='ocrx_word' id='word_1_133' title='bbox 618 2049 831 2092; x_wconf 81' lang='lat' dir='ltr'>Dominus</span> <span class='ocrx_word' id='word_1_134' title='bbox 851 2050 908 2092; x_wconf 87' lang='lat' dir='ltr'>ad</span> <span class='ocrx_word' id='word_1_135' title='bbox 927 2051 1031 2103; x_wconf 92' lang='lat' dir='ltr'>iudi-</span> 
     </span>
     <span class='ocr_line' id='line_1_34' title="bbox 213 2100 1032 2160; baseline 0.01 -19"><span class='ocrx_word' id='word_1_136' title='bbox 213 2100 397 2142; x_wconf 80' lang='lat' dir='ltr'>candum</span> <span class='ocrx_word' id='word_1_137' title='bbox 417 2104 592 2146; x_wconf 78' lang='lat' dir='ltr'>venerit.</span> <span class='ocrx_word' id='word_1_138' title='bbox 626 2105 826 2159; x_wconf 81' lang='lat' dir='ltr'>Alleluia,</span> <span class='ocrx_word' id='word_1_139' title='bbox 851 2107 1032 2160; x_wconf 87' lang='lat' dir='ltr'>alleluja.</span> 
     </span>
     <span class='ocr_line' id='line_1_35' title="bbox 215 2156 646 2215; baseline 0.021 -21"><span class='ocrx_word' id='word_1_140' title='bbox 215 2156 363 2215; x_wconf 75' lang='lat' dir='ltr'>(iloria</span> <span class='ocrx_word' id='word_1_141' title='bbox 381 2158 510 2201; x_wconf 85' lang='lat' dir='ltr'>Patri.</span> <span class='ocrx_word' id='word_1_142' title='bbox 538 2161 646 2203; x_wconf 89' lang='lat' dir='ltr'>Hoc.</span> 
     </span>
    </p>

    <p class='ocr_par' dir='ltr' id='par_1_7' title="bbox 214 2214 1032 2436">
     <span class='ocr_line' id='line_1_36' title="bbox 269 2214 1031 2269; baseline 0.007 -11"><span class='ocrx_word' id='word_1_143' title='bbox 269 2215 311 2258; x_wconf 62' lang='grc' dir='ltr'>,Υ-</span> <span class='ocrx_word' id='word_1_144' title='bbox 339 2214 587 2258; x_wconf 78' lang='lat' dir='ltr'>Adoramus</span> <span class='ocrx_word' id='word_1_145' title='bbox 610 2224 654 2259; x_wconf 90' lang='lat' dir='ltr'>te</span> <span class='ocrx_word' id='word_1_146' title='bbox 681 2218 867 2269; x_wconf 87' lang='lat' dir='ltr'>Christe,</span> <span class='ocrx_word' id='word_1_147' title='bbox 893 2225 937 2262; x_wconf 88' lang='lat' dir='ltr'>et</span> <span class='ocrx_word' id='word_1_148' title='bbox 959 2220 1031 2262; x_wconf 89' lang='lat' dir='ltr'>be·</span> 
     </span>
     <span class='ocr_line' id='line_1_37' title="bbox 214 2269 1032 2327; baseline 0.011 -18"><span class='ocrx_word' id='word_1_149' title='bbox 214 2269 451 2312; x_wconf 87' lang='lat' dir='ltr'>nedicimus</span> <span class='ocrx_word' id='word_1_150' title='bbox 478 2272 573 2323; x_wconf 89' lang='lat' dir='ltr'>tibi,</span> <span class='ocrx_word' id='word_1_151' title='bbox 601 2274 784 2326; x_wconf 87' lang='lat' dir='ltr'>alleluja.</span> <span class='ocrx_word' id='word_1_152' title='bbox 840 2277 885 2326; x_wconf 60' lang='grc' dir='ltr'>Ιζν.</span> <span class='ocrx_word' id='word_1_153' title='bbox 922 2277 1032 2327; x_wconf 86' lang='lat' dir='ltr'>Quia</span> 
     </span>
     <span class='ocr_line' id='line_1_38' title="bbox 214 2326 1031 2375; baseline 0.012 -11"><span class='ocrx_word' id='word_1_154' title='bbox 214 2337 291 2375; x_wconf 88' lang='lat' dir='ltr'>per</span> <span class='ocrx_word' id='word_1_155' title='bbox 316 2326 498 2369; x_wconf 90' lang='lat' dir='ltr'>Crucem</span> <span class='ocrx_word' id='word_1_156' title='bbox 524 2335 642 2371; x_wconf 85' lang='lat' dir='ltr'>tuam</span> <span class='ocrx_word' id='word_1_157' title='bbox 667 2330 891 2373; x_wconf 83' lang='lat' dir='ltr'>redemisti</span> <span class='ocrx_word' id='word_1_158' title='bbox 913 2346 1031 2374; x_wconf 92' lang='lat' dir='ltr'>mun-</span> 
     </span>
     <span class='ocr_line' id='line_1_39' title="bbox 215 2379 523 2436; baseline 0.016 -15"><span class='ocrx_word' id='word_1_159' title='bbox 215 2379 326 2430; x_wconf 92' lang='lat' dir='ltr'>dum,</span> <span class='ocrx_word' id='word_1_160' title='bbox 345 2382 523 2436; x_wconf 86' lang='lat' dir='ltr'>alleluja.</span> 
     </span>
    </p>
   </div>
   <div class='ocr_carea' id='block_1_4' title="bbox 270 2459 1031 2733">
    <p class='ocr_par' dir='ltr' id='par_1_8' title="bbox 270 2459 1031 2733">
     <span class='ocr_line' id='line_1_40' title="bbox 487 2459 762 2497; baseline 0.011 -3"><span class='ocrx_word' id='word_1_161' title='bbox 487 2459 552 2495; x_wconf 91' lang='lat' dir='ltr'>Ad</span> <span class='ocrx_word' id='word_1_162' title='bbox 577 2459 762 2497; x_wconf 87' lang='lat' dir='ltr'>Sextam.</span> 
     </span>
     <span class='ocr_line' id='line_1_41' title="bbox 270 2512 912 2558; baseline 0.016 -10"><span class='ocrx_word' id='word_1_163' title='bbox 270 2512 364 2551; x_wconf 74' lang='lat' dir='ltr'>Ant.</span> <span class='ocrx_word' id='word_1_164' title='bbox 396 2514 506 2555; x_wconf 77' lang='lat' dir='ltr'>Ecce</span> <span class='ocrx_word' id='word_1_165' title='bbox 526 2515 708 2557; x_wconf 89' lang='lat' dir='ltr'>Crucem</span> <span class='ocrx_word' id='word_1_166' title='bbox 726 2517 912 2558; x_wconf 90' lang='lat' dir='ltr'>Domini.</span> 
     </span>
     <span class='ocr_line' id='line_1_42' title="bbox 270 2572 980 2621; baseline 0.014 -13"><span class='ocrx_word' id='word_1_167' title='bbox 270 2572 522 2621; x_wconf 63' lang='lat' dir='ltr'>Capitulum.</span> <span class='ocrx_word' id='word_1_168' title='bbox 736 2577 874 2618; x_wconf 75' lang='lat' dir='ltr'>Galat.</span> <span class='ocrx_word' id='word_1_169' title='bbox 889 2579 925 2617; x_wconf 74' lang='lat'>(3.</span> <span class='ocrx_word' id='word_1_170' title='bbox 941 2578 980 2618; x_wconf 90' lang='lat' dir='ltr'>d.</span> 
     </span>
     <span class='ocr_line' id='line_1_43' title="bbox 319 2627 1031 2684; baseline 0.011 -16"><span class='ocrx_word' id='word_1_171' title='bbox 319 2627 378 2668; x_wconf 93' lang='lat' dir='ltr'>ihi</span> <span class='ocrx_word' id='word_1_172' title='bbox 410 2635 551 2671; x_wconf 86' lang='lat' dir='ltr'>autem</span> <span class='ocrx_word' id='word_1_173' title='bbox 583 2632 697 2674; x_wconf 90' lang='lat' dir='ltr'>absit</span> <span class='ocrx_word' id='word_1_174' title='bbox 724 2632 918 2684; x_wconf 79' lang='lat' dir='ltr'>gloriari,</span> <span class='ocrx_word' id='word_1_175' title='bbox 950 2636 1031 2676; x_wconf 88' lang='lat' dir='ltr'>nisi</span> 
     </span>
     <span class='ocr_line' id='line_1_44' title="bbox 336 2684 1031 2733; baseline 0.013 -9"><span class='ocrx_word' id='word_1_176' title='bbox 336 2684 380 2724; x_wconf 89' lang='lat' dir='ltr'>in</span> <span class='ocrx_word' id='word_1_177' title='bbox 407 2685 542 2727; x_wconf 89' lang='lat' dir='ltr'>Cruce</span> <span class='ocrx_word' id='word_1_178' title='bbox 566 2688 741 2730; x_wconf 90' lang='lat' dir='ltr'>Domini</span> <span class='ocrx_word' id='word_1_179' title='bbox 766 2691 904 2732; x_wconf 90' lang='lat' dir='ltr'>nostri</span> <span class='ocrx_word' id='word_1_180' title='bbox 929 2691 1031 2733; x_wconf 91' lang='lat' dir='ltr'>Jesu</span> 
     </span>
    </p>
   </div>
   <div class='ocr_carea' id='block_1_5' title="bbox 715 172 1401 211">
    <p class='ocr_par' dir='ltr' id='par_1_9' title="bbox 715 172 1401 211">
     <span class='ocr_line' id='line_1_45' title="bbox 715 172 1401 211; baseline -0.001 -5"><span class='ocrx_word' id='word_1_181' title='bbox 715 174 781 207; x_wconf 55' lang='lat' dir='ltr'>mt-</span> <span class='ocrx_word' id='word_1_182' title='bbox 807 174 834 206; x_wconf 68' lang='lat'>4.</span> <span class='ocrx_word' id='word_1_183' title='bbox 862 173 958 211; x_wconf 68' lang='lat' dir='ltr'>Maii.</span> <span class='ocrx_word' id='word_1_184' title='bbox 1008 174 1040 205; x_wconf 69' lang='lat' dir='ltr'>S.</span> <span class='ocrx_word' id='word_1_185' title='bbox 1070 172 1230 206; x_wconf 53' lang='lat' dir='ltr'>§lonicae</span> <span class='ocrx_word' id='word_1_186' title='bbox 1257 172 1401 205; x_wconf 56' lang='lat' dir='ltr'>Viduam.</span> 
     </span>
    </p>
   </div>
   <div class='ocr_carea' id='block_1_6' title="bbox 213 234 1911 352">
    <p class='ocr_par' dir='ltr' id='par_1_10' title="bbox 213 234 1911 352">
     <span class='ocr_line' id='line_1_46' title="bbox 213 234 1911 352; baseline 0 -108"><span class='ocrx_word' id='word_1_187' title='bbox 213 244 214 352; x_wconf 95' lang='lat' dir='ltr'> </span> <span class='ocrx_word' id='word_1_188' title='bbox 1907 234 1911 244; x_wconf 95' lang='lat' dir='ltr'> </span> 
     </span>
    </p>
   </div>
   <div class='ocr_carea' id='block_1_7' title="bbox 1084 263 1971 883">
    <p class='ocr_par' dir='ltr' id='par_1_11' title="bbox 1086 263 1971 373">
     <span class='ocr_line' id='line_1_47' title="bbox 1087 263 1907 322; baseline -0.009 -11"><span class='ocrx_word' id='word_1_189' title='bbox 1087 269 1259 311; x_wconf 88' lang='lat' dir='ltr'>Christi:</span> <span class='ocrx_word' id='word_1_190' title='bbox 1301 281 1381 322; x_wconf 90' lang='lat' dir='ltr'>per</span> <span class='ocrx_word' id='word_1_191' title='bbox 1418 279 1547 320; x_wconf 92' lang='lat' dir='ltr'>quem</span> <span class='ocrx_word' id='word_1_192' title='bbox 1581 264 1687 306; x_wconf 88' lang='lat' dir='ltr'>mihi</span> <span class='ocrx_word' id='word_1_193' title='bbox 1720 263 1907 307; x_wconf 89' lang='lat' dir='ltr'>mundus</span> 
     </span>
     <span class='ocr_line' id='line_1_48' title="bbox 1086 319 1971 373; baseline -0.01 -5"><span class='ocrx_word' id='word_1_194' title='bbox 1086 326 1318 368; x_wconf 87' lang='lat' dir='ltr'>crucifixus</span> <span class='ocrx_word' id='word_1_195' title='bbox 1338 329 1414 373; x_wconf 89' lang='lat' dir='ltr'>est,</span> <span class='ocrx_word' id='word_1_196' title='bbox 1434 328 1477 365; x_wconf 91' lang='lat' dir='ltr'>et</span> <span class='ocrx_word' id='word_1_197' title='bbox 1497 333 1579 373; x_wconf 83' lang='lat' dir='ltr'>ego</span> <span class='ocrx_word' id='word_1_198' title='bbox 1598 319 1772 362; x_wconf 89' lang='lat' dir='ltr'>mundo.</span> <span class='ocrx_word' id='word_1_199' title='bbox 1967 331 1971 334; x_wconf 87' lang='lat'><em>·</em></span> 
     </span>
    </p>

    <p class='ocr_par' dir='ltr' id='par_1_12' title="bbox 1084 377 1907 708">
     <span class='ocr_line' id='line_1_49' title="bbox 1142 377 1907 434; baseline -0.005 -12"><span class='ocrx_word' id='word_1_200' title='bbox 1142 384 1186 434; x_wconf 61' lang='lat' dir='ltr'>l{·.</span> <span class='ocrx_word' id='word_1_201' title='bbox 1215 383 1274 422; x_wconf 78' lang='lat' dir='ltr'>br.</span> <span class='ocrx_word' id='word_1_202' title='bbox 1301 381 1551 423; x_wconf 79' lang='lat' dir='ltr'>Adoramus</span> <span class='ocrx_word' id='word_1_203' title='bbox 1575 384 1620 420; x_wconf 90' lang='lat' dir='ltr'>te</span> <span class='ocrx_word' id='word_1_204' title='bbox 1645 377 1831 427; x_wconf 90' lang='lat' dir='ltr'>Christe,</span> <span class='ocrx_word' id='word_1_205' title='bbox 1864 382 1907 419; x_wconf 91' lang='lat' dir='ltr'>et</span> 
     </span>
     <span class='ocr_line' id='line_1_50' title="bbox 1085 433 1905 486; baseline -0.007 -6"><span class='ocrx_word' id='word_1_206' title='bbox 1085 437 1383 481; x_wconf 82' lang='lat' dir='ltr'>benedicimus</span> <span class='ocrx_word' id='word_1_207' title='bbox 1409 435 1502 478; x_wconf 86' lang='lat' dir='ltr'>tibi:</span> <span class='ocrx_word' id='word_1_208' title='bbox 1525 439 1545 461; x_wconf 71' lang='lat'>²·</span> <span class='ocrx_word' id='word_1_209' title='bbox 1574 434 1777 486; x_wconf 80' lang='lat' dir='ltr'>Alleluia,</span> <span class='ocrx_word' id='word_1_210' title='bbox 1806 433 1905 475; x_wconf 88' lang='lat' dir='ltr'>alle-</span> 
     </span>
     <span class='ocr_line' id='line_1_51' title="bbox 1085 490 1906 547; baseline -0.006 -11"><span class='ocrx_word' id='word_1_211' title='bbox 1085 495 1181 547; x_wconf 90' lang='lat' dir='ltr'>luja.</span> <span class='ocrx_word' id='word_1_212' title='bbox 1210 493 1469 536; x_wconf 77' lang='lat' dir='ltr'>Adoramus.</span> <span class='ocrx_word' id='word_1_213' title='bbox 1504 491 1550 539; x_wconf 94' lang='grc' dir='ltr'>Χ.</span> <span class='ocrx_word' id='word_1_214' title='bbox 1573 491 1683 542; x_wconf 80' lang='lat' dir='ltr'>Quia</span> <span class='ocrx_word' id='word_1_215' title='bbox 1704 503 1784 544; x_wconf 92' lang='lat' dir='ltr'>per</span> <span class='ocrx_word' id='word_1_216' title='bbox 1804 490 1906 532; x_wconf 93' lang='lat' dir='ltr'>Cru-</span> 
     </span>
     <span class='ocr_line' id='line_1_52' title="bbox 1086 546 1906 594; baseline -0.006 -1"><span class='ocrx_word' id='word_1_217' title='bbox 1086 565 1181 594; x_wconf 88' lang='lat' dir='ltr'>cem</span> <span class='ocrx_word' id='word_1_218' title='bbox 1198 556 1318 593; x_wconf 86' lang='lat' dir='ltr'>tuam</span> <span class='ocrx_word' id='word_1_219' title='bbox 1337 548 1561 591; x_wconf 83' lang='lat' dir='ltr'>redemisti</span> <span class='ocrx_word' id='word_1_220' title='bbox 1581 547 1800 589; x_wconf 91' lang='lat' dir='ltr'>mundum.</span> <span class='ocrx_word' id='word_1_221' title='bbox 1833 546 1906 588; x_wconf 86' lang='lat' dir='ltr'>Al-</span> 
     </span>
     <span class='ocr_line' id='line_1_53' title="bbox 1084 602 1906 660; baseline -0.006 -11"><span class='ocrx_word' id='word_1_222' title='bbox 1084 608 1228 660; x_wconf 89' lang='lat' dir='ltr'>leluia,</span> <span class='ocrx_word' id='word_1_223' title='bbox 1257 606 1439 658; x_wconf 89' lang='lat' dir='ltr'>alleluja.</span> <span class='ocrx_word' id='word_1_224' title='bbox 1484 604 1635 646; x_wconf 85' lang='lat' dir='ltr'>Gloria</span> <span class='ocrx_word' id='word_1_225' title='bbox 1652 604 1782 646; x_wconf 88' lang='lat' dir='ltr'>Patri.</span> <span class='ocrx_word' id='word_1_226' title='bbox 1818 602 1906 645; x_wconf 91' lang='lat' dir='ltr'>Ad-</span> 
     </span>
     <span class='ocr_line' id='line_1_54' title="bbox 1085 667 1271 708; baseline 0.011 -2"><span class='ocrx_word' id='word_1_227' title='bbox 1085 667 1271 708; x_wconf 71' lang='lat' dir='ltr'>oramus</span> 
     </span>
    </p>

    <p class='ocr_par' dir='ltr' id='par_1_13' title="bbox 1084 716 1907 883">
     <span class='ocr_line' id='line_1_55' title="bbox 1141 716 1906 767; baseline -0.003 -6"><span class='ocrx_word' id='word_1_228' title='bbox 1141 716 1186 765; x_wconf 81' lang='grc' dir='ltr'>Χ’.</span> <span class='ocrx_word' id='word_1_229' title='bbox 1227 720 1379 762; x_wconf 92' lang='lat' dir='ltr'>Omnis</span> <span class='ocrx_word' id='word_1_230' title='bbox 1414 724 1533 761; x_wconf 88' lang='lat' dir='ltr'>terra</span> <span class='ocrx_word' id='word_1_231' title='bbox 1571 717 1727 760; x_wconf 86' lang='lat' dir='ltr'>adoret</span> <span class='ocrx_word' id='word_1_232' title='bbox 1763 721 1825 767; x_wconf 88' lang='lat' dir='ltr'>te,</span> <span class='ocrx_word' id='word_1_233' title='bbox 1862 722 1906 760; x_wconf 87' lang='lat' dir='ltr'>et</span> 
     </span>
     <span class='ocr_line' id='line_1_56' title="bbox 1084 773 1907 832; baseline -0.007 -11"><span class='ocrx_word' id='word_1_234' title='bbox 1084 778 1243 832; x_wconf 90' lang='lat' dir='ltr'>psallat</span> <span class='ocrx_word' id='word_1_235' title='bbox 1269 776 1363 826; x_wconf 91' lang='lat' dir='ltr'>tibi,</span> <span class='ocrx_word' id='word_1_236' title='bbox 1391 775 1572 827; x_wconf 89' lang='lat' dir='ltr'>alleluia.</span> <span class='ocrx_word' id='word_1_237' title='bbox 1610 778 1657 829; x_wconf 69' lang='lat' dir='ltr'>R.</span> <span class='ocrx_word' id='word_1_238' title='bbox 1687 773 1907 815; x_wconf 87' lang='lat' dir='ltr'>Psalmum</span> 
     </span>
     <span class='ocr_line' id='line_1_57' title="bbox 1084 830 1907 883; baseline -0.007 -6"><span class='ocrx_word' id='word_1_239' title='bbox 1084 834 1201 877; x_wconf 91' lang='lat' dir='ltr'>dicat</span> <span class='ocrx_word' id='word_1_240' title='bbox 1219 832 1382 875; x_wconf 89' lang='lat' dir='ltr'>nomini</span> <span class='ocrx_word' id='word_1_241' title='bbox 1401 837 1477 874; x_wconf 92' lang='lat' dir='ltr'>tuo</span> <span class='ocrx_word' id='word_1_242' title='bbox 1496 831 1698 881; x_wconf 89' lang='lat' dir='ltr'>Domine,</span> <span class='ocrx_word' id='word_1_243' title='bbox 1726 830 1907 883; x_wconf 88' lang='lat' dir='ltr'>alleluia.</span> 
     </span>
    </p>
   </div>
   <div class='ocr_carea' id='block_1_8' title="bbox 1083 896 1907 1347">
    <p class='ocr_par' dir='ltr' id='par_1_14' title="bbox 1083 896 1907 1347">
     <span class='ocr_line' id='line_1_58' title="bbox 1358 896 1751 939; baseline 0 -1"><span class='ocrx_word' id='word_1_244' title='bbox 1358 896 1425 939; x_wconf 84' lang='lat' dir='ltr'>Ad</span> <span class='ocrx_word' id='word_1_245' title='bbox 1448 903 1632 939; x_wconf 88' lang='lat' dir='ltr'>Nonam.</span> <span class='ocrx_word' id='word_1_246' title='bbox 1748 938 1751 939; x_wconf 13' lang='grc' dir='ltr'><em>γ</em></span> 
     </span>
     <span class='ocr_line' id='line_1_59' title="bbox 1139 954 1714 1007; baseline 0.003 -14"><span class='ocrx_word' id='word_1_247' title='bbox 1139 957 1234 995; x_wconf 67' lang='lat' dir='ltr'>Ant.</span> <span class='ocrx_word' id='word_1_248' title='bbox 1267 957 1344 998; x_wconf 70' lang='lat' dir='ltr'>l&#39;er</span> <span class='ocrx_word' id='word_1_249' title='bbox 1362 956 1534 1007; x_wconf 85' lang='lat' dir='ltr'>signum</span> <span class='ocrx_word' id='word_1_250' title='bbox 1553 954 1714 997; x_wconf 91' lang='lat' dir='ltr'>Crucis.</span> 
     </span>
     <span class='ocr_line' id='line_1_60' title="bbox 1139 1011 1854 1063; baseline -0.001 -12"><span class='ocrx_word' id='word_1_251' title='bbox 1139 1012 1395 1063; x_wconf 62' lang='lat' dir='ltr'>Capitulum.</span> <span class='ocrx_word' id='word_1_252' title='bbox 1625 1011 1804 1062; x_wconf 72' lang='lat' dir='ltr'>Philipp.</span> <span class='ocrx_word' id='word_1_253' title='bbox 1819 1011 1854 1050; x_wconf 81' lang='lat'>2.</span> 
     </span>
     <span class='ocr_line' id='line_1_61' title="bbox 1086 1064 1906 1168; baseline -0.002 -58"><span class='ocrx_word' id='word_1_254' title='bbox 1086 1064 1391 1168; x_wconf 80' lang='lat' dir='ltr'>Humiliavit</span> <span class='ocrx_word' id='word_1_255' title='bbox 1440 1070 1723 1121; x_wconf 85' lang='lat' dir='ltr'>semetipsum</span> <span class='ocrx_word' id='word_1_256' title='bbox 1766 1067 1906 1109; x_wconf 85' lang='lat' dir='ltr'>factus</span> 
     </span>
     <span class='ocr_line' id='line_1_62' title="bbox 1197 1123 1906 1177; baseline -0.003 -10"><span class='ocrx_word' id='word_1_257' title='bbox 1197 1125 1406 1167; x_wconf 78' lang='lat' dir='ltr'>obediens</span> <span class='ocrx_word' id='word_1_258' title='bbox 1442 1138 1582 1177; x_wconf 89' lang='lat' dir='ltr'>usque</span> <span class='ocrx_word' id='word_1_259' title='bbox 1616 1123 1674 1166; x_wconf 91' lang='lat' dir='ltr'>ad</span> <span class='ocrx_word' id='word_1_260' title='bbox 1704 1128 1906 1173; x_wconf 87' lang='lat' dir='ltr'>mortem,</span> 
     </span>
     <span class='ocr_line' id='line_1_63' title="bbox 1083 1181 1906 1233; baseline -0.002 -10"><span class='ocrx_word' id='word_1_261' title='bbox 1083 1187 1270 1225; x_wconf 90' lang='lat' dir='ltr'>mortem</span> <span class='ocrx_word' id='word_1_262' title='bbox 1310 1187 1456 1224; x_wconf 87' lang='lat' dir='ltr'>autem</span> <span class='ocrx_word' id='word_1_263' title='bbox 1498 1182 1659 1223; x_wconf 89' lang='lat' dir='ltr'>Crucis.</span> <span class='ocrx_word' id='word_1_264' title='bbox 1718 1181 1906 1233; x_wconf 90' lang='lat' dir='ltr'>Propter</span> 
     </span>
     <span class='ocr_line' id='line_1_64' title="bbox 1085 1236 1907 1292; baseline -0.004 -12"><span class='ocrx_word' id='word_1_265' title='bbox 1085 1238 1203 1292; x_wconf 90' lang='lat' dir='ltr'>quod</span> <span class='ocrx_word' id='word_1_266' title='bbox 1235 1243 1279 1280; x_wconf 92' lang='lat' dir='ltr'>et</span> <span class='ocrx_word' id='word_1_267' title='bbox 1306 1238 1426 1280; x_wconf 91' lang='lat' dir='ltr'>Deus</span> <span class='ocrx_word' id='word_1_268' title='bbox 1459 1237 1667 1280; x_wconf 81' lang='lat' dir='ltr'>exaltavit</span> <span class='ocrx_word' id='word_1_269' title='bbox 1693 1236 1830 1286; x_wconf 89' lang='lat' dir='ltr'>illum,</span> <span class='ocrx_word' id='word_1_270' title='bbox 1862 1240 1907 1278; x_wconf 87' lang='lat' dir='ltr'>et</span> 
     </span>
     <span class='ocr_line' id='line_1_65' title="bbox 1085 1292 1906 1347; baseline -0.004 -10"><span class='ocrx_word' id='word_1_271' title='bbox 1085 1295 1264 1338; x_wconf 81' lang='lat' dir='ltr'>donavit</span> <span class='ocrx_word' id='word_1_272' title='bbox 1281 1294 1343 1336; x_wconf 93' lang='lat' dir='ltr'>illi</span> <span class='ocrx_word' id='word_1_273' title='bbox 1361 1307 1530 1345; x_wconf 86' lang='lat' dir='ltr'>nomen,</span> <span class='ocrx_word' id='word_1_274' title='bbox 1549 1292 1669 1347; x_wconf 90' lang='lat' dir='ltr'>quod</span> <span class='ocrx_word' id='word_1_275' title='bbox 1689 1298 1756 1336; x_wconf 91' lang='lat' dir='ltr'>est</span> <span class='ocrx_word' id='word_1_276' title='bbox 1774 1304 1906 1345; x_wconf 90' lang='lat' dir='ltr'>super</span> 
     </span>
    </p>
   </div>
   <div class='ocr_carea' id='block_1_9' title="bbox 1084 1364 1907 1455">
    <p class='ocr_par' dir='ltr' id='par_1_15' title="bbox 1084 1364 1907 1455">
     <span class='ocr_line' id='line_1_66' title="bbox 1084 1364 1400 1394; baseline -0.003 -1"><span class='ocrx_word' id='word_1_277' title='bbox 1084 1364 1213 1394; x_wconf 85' lang='lat' dir='ltr'>omne</span> <span class='ocrx_word' id='word_1_278' title='bbox 1230 1364 1400 1394; x_wconf 87' lang='lat' dir='ltr'>nomen.</span> 
     </span>
     <span class='ocr_line' id='line_1_67' title="bbox 1137 1402 1907 1455; baseline 0.001 -12"><span class='ocrx_word' id='word_1_279' title='bbox 1137 1405 1185 1455; x_wconf 67' lang='lat' dir='ltr'>R.</span> <span class='ocrx_word' id='word_1_280' title='bbox 1207 1405 1265 1444; x_wconf 80' lang='lat' dir='ltr'>br.</span> <span class='ocrx_word' id='word_1_281' title='bbox 1299 1404 1451 1446; x_wconf 89' lang='lat' dir='ltr'>Omnis</span> <span class='ocrx_word' id='word_1_282' title='bbox 1469 1409 1587 1446; x_wconf 89' lang='lat' dir='ltr'>terra</span> <span class='ocrx_word' id='word_1_283' title='bbox 1604 1402 1760 1445; x_wconf 91' lang='lat' dir='ltr'>adoret</span> <span class='ocrx_word' id='word_1_284' title='bbox 1776 1406 1837 1452; x_wconf 88' lang='lat' dir='ltr'>te,</span> <span class='ocrx_word' id='word_1_285' title='bbox 1862 1405 1907 1444; x_wconf 91' lang='lat' dir='ltr'>et</span> 
     </span>
    </p>
   </div>
   <div class='ocr_carea' id='block_1_10' title="bbox 1082 1457 1908 1852">
    <p class='ocr_par' dir='ltr' id='par_1_16' title="bbox 1082 1457 1908 1672">
     <span class='ocr_line' id='line_1_68' title="bbox 1083 1457 1907 1513; baseline -0.002 -12"><span class='ocrx_word' id='word_1_286' title='bbox 1083 1460 1242 1513; x_wconf 88' lang='lat' dir='ltr'>psallat</span> <span class='ocrx_word' id='word_1_287' title='bbox 1278 1460 1374 1511; x_wconf 91' lang='lat' dir='ltr'>tibi,</span> <span class='ocrx_word' id='word_1_288' title='bbox 1417 1461 1437 1483; x_wconf 85' lang='lat'>*</span> <span class='ocrx_word' id='word_1_289' title='bbox 1482 1458 1684 1511; x_wconf 78' lang='lat' dir='ltr'>Alleluia,</span> <span class='ocrx_word' id='word_1_290' title='bbox 1725 1457 1907 1510; x_wconf 85' lang='lat' dir='ltr'>alleluia.</span> 
     </span>
     <span class='ocr_line' id='line_1_69' title="bbox 1084 1514 1908 1565; baseline -0.005 -6"><span class='ocrx_word' id='word_1_291' title='bbox 1084 1517 1246 1559; x_wconf 84' lang='lat' dir='ltr'>Omnis.</span> <span class='ocrx_word' id='word_1_292' title='bbox 1288 1514 1334 1565; x_wconf 59' lang='lat' dir='ltr'>Y.</span> <span class='ocrx_word' id='word_1_293' title='bbox 1358 1517 1580 1558; x_wconf 90' lang='lat' dir='ltr'>Psalmum</span> <span class='ocrx_word' id='word_1_294' title='bbox 1602 1515 1720 1558; x_wconf 90' lang='lat' dir='ltr'>dicat</span> <span class='ocrx_word' id='word_1_295' title='bbox 1742 1514 1908 1557; x_wconf 90' lang='lat' dir='ltr'>nomini</span> 
     </span>
     <span class='ocr_line' id='line_1_70' title="bbox 1082 1570 1906 1626; baseline -0.005 -10"><span class='ocrx_word' id='word_1_296' title='bbox 1082 1579 1158 1616; x_wconf 90' lang='lat' dir='ltr'>tuo</span> <span class='ocrx_word' id='word_1_297' title='bbox 1173 1574 1371 1616; x_wconf 91' lang='lat' dir='ltr'>Domine.</span> <span class='ocrx_word' id='word_1_298' title='bbox 1391 1574 1587 1626; x_wconf 88' lang='lat' dir='ltr'>Alleluia,</span> <span class='ocrx_word' id='word_1_299' title='bbox 1603 1571 1784 1625; x_wconf 89' lang='lat' dir='ltr'>alleluia.</span> <span class='ocrx_word' id='word_1_300' title='bbox 1805 1570 1906 1613; x_wconf 90' lang='lat' dir='ltr'>Glo-</span> 
     </span>
     <span class='ocr_line' id='line_1_71' title="bbox 1083 1630 1487 1672; baseline 0.002 -1"><span class='ocrx_word' id='word_1_301' title='bbox 1083 1630 1147 1671; x_wconf 86' lang='lat' dir='ltr'>ria</span> <span class='ocrx_word' id='word_1_302' title='bbox 1164 1631 1296 1672; x_wconf 88' lang='lat' dir='ltr'>Patri.</span> <span class='ocrx_word' id='word_1_303' title='bbox 1325 1630 1487 1672; x_wconf 92' lang='lat' dir='ltr'>Omnis.</span> 
     </span>
    </p>

    <p class='ocr_par' dir='ltr' id='par_1_17' title="bbox 1083 1681 1907 1852">
     <span class='ocr_line' id='line_1_72' title="bbox 1141 1681 1906 1739; baseline -0.01 -7"><span class='ocrx_word' id='word_1_304' title='bbox 1141 1681 1186 1732; x_wconf 65' lang='lat' dir='ltr'>Y.</span> <span class='ocrx_word' id='word_1_305' title='bbox 1224 1687 1324 1728; x_wconf 93' lang='lat' dir='ltr'>Hoc</span> <span class='ocrx_word' id='word_1_306' title='bbox 1358 1687 1527 1739; x_wconf 88' lang='lat' dir='ltr'>signum</span> <span class='ocrx_word' id='word_1_307' title='bbox 1563 1684 1714 1728; x_wconf 90' lang='lat' dir='ltr'>Crucis</span> <span class='ocrx_word' id='word_1_308' title='bbox 1748 1683 1830 1726; x_wconf 90' lang='lat' dir='ltr'>erit</span> <span class='ocrx_word' id='word_1_309' title='bbox 1860 1683 1906 1724; x_wconf 91' lang='lat' dir='ltr'>in</span> 
     </span>
     <span class='ocr_line' id='line_1_73' title="bbox 1084 1740 1907 1796; baseline -0.004 -12"><span class='ocrx_word' id='word_1_310' title='bbox 1084 1742 1213 1792; x_wconf 87' lang='lat' dir='ltr'>coelo,</span> <span class='ocrx_word' id='word_1_311' title='bbox 1246 1742 1428 1796; x_wconf 88' lang='lat' dir='ltr'>alleluia.</span> <span class='ocrx_word' id='word_1_312' title='bbox 1474 1743 1523 1792; x_wconf 68' lang='lat' dir='ltr'>K.</span> <span class='ocrx_word' id='word_1_313' title='bbox 1553 1742 1662 1784; x_wconf 89' lang='lat' dir='ltr'>Cum</span> <span class='ocrx_word' id='word_1_314' title='bbox 1692 1740 1907 1784; x_wconf 89' lang='lat' dir='ltr'>Dominus</span> 
     </span>
     <span class='ocr_line' id='line_1_74' title="bbox 1083 1797 1834 1852; baseline -0.003 -11"><span class='ocrx_word' id='word_1_315' title='bbox 1083 1799 1140 1841; x_wconf 90' lang='lat' dir='ltr'>ad</span> <span class='ocrx_word' id='word_1_316' title='bbox 1158 1799 1437 1852; x_wconf 80' lang='lat' dir='ltr'>iudicandum</span> <span class='ocrx_word' id='word_1_317' title='bbox 1454 1799 1633 1849; x_wconf 78' lang='lat' dir='ltr'>venerit,</span> <span class='ocrx_word' id='word_1_318' title='bbox 1651 1797 1834 1850; x_wconf 87' lang='lat' dir='ltr'>alleluia.</span> 
     </span>
    </p>
   </div>
   <div class='ocr_carea' id='block_1_11' title="bbox 1082 1879 1907 2745">
    <p class='ocr_par' dir='ltr' id='par_1_18' title="bbox 1289 1879 1701 1932">
     <span class='ocr_line' id='line_1_75' title="bbox 1289 1879 1701 1932; baseline -0.005 -9"><span class='ocrx_word' id='word_1_319' title='bbox 1289 1882 1351 1923; x_wconf 89' lang='lat' dir='ltr'>In</span> <span class='ocrx_word' id='word_1_320' title='bbox 1371 1881 1429 1923; x_wconf 89' lang='lat' dir='ltr'>H.</span> <span class='ocrx_word' id='word_1_321' title='bbox 1452 1879 1701 1932; x_wconf 82' lang='lat' dir='ltr'>vesperis.</span> 
     </span>
    </p>

    <p class='ocr_par' dir='ltr' id='par_1_19' title="bbox 1087 1936 1905 2028">
     <span class='ocr_line' id='line_1_76' title="bbox 1138 1936 1905 1986; baseline 0.003 -17"><span class='ocrx_word' id='word_1_322' title='bbox 1138 1937 1223 1986; x_wconf 66' lang='lat' dir='ltr'>Ant.</span> <span class='ocrx_word' id='word_1_323' title='bbox 1253 1942 1287 1970; x_wconf 80' lang='lat' dir='ltr'>ct</span> <span class='ocrx_word' id='word_1_324' title='bbox 1318 1936 1409 1979; x_wconf 76' lang='lat' dir='ltr'>Cup.</span> <span class='ocrx_word' id='word_1_325' title='bbox 1439 1936 1486 1970; x_wconf 84' lang='lat' dir='ltr'>de</span> <span class='ocrx_word' id='word_1_326' title='bbox 1512 1937 1627 1973; x_wconf 72' lang='lat' dir='ltr'>Laud.</span> <span class='ocrx_word' id='word_1_327' title='bbox 1678 1936 1736 1971; x_wconf 79' lang='lat' dir='ltr'>Ps.</span> <span class='ocrx_word' id='word_1_328' title='bbox 1769 1939 1905 1980; x_wconf 70' lang='lat' dir='ltr'>Hymn.</span> 
     </span>
     <span class='ocr_line' id='line_1_77' title="bbox 1087 1984 1605 2028; baseline 0.004 -11"><span class='ocrx_word' id='word_1_329' title='bbox 1087 1988 1120 2017; x_wconf 76' lang='lat' dir='ltr'>ct</span> <span class='ocrx_word' id='word_1_330' title='bbox 1149 1984 1188 2024; x_wconf 64' lang='grc' dir='ltr'>Χ.</span> <span class='ocrx_word' id='word_1_331' title='bbox 1215 1989 1251 2018; x_wconf 81' lang='lat' dir='ltr'>ut</span> <span class='ocrx_word' id='word_1_332' title='bbox 1280 1985 1315 2017; x_wconf 88' lang='lat' dir='ltr'>in</span> <span class='ocrx_word' id='word_1_333' title='bbox 1341 1985 1366 2018; x_wconf 91' lang='lat'>1.</span> <span class='ocrx_word' id='word_1_334' title='bbox 1393 1985 1506 2028; x_wconf 71' lang='lat' dir='ltr'>Vesp.</span> <span class='ocrx_word' id='word_1_335' title='bbox 1527 1986 1605 2022; x_wconf 88' lang='grc'>482.</span> 
     </span>
    </p>

    <p class='ocr_par' dir='ltr' id='par_1_20' title="bbox 1082 2036 1907 2261">
     <span class='ocr_line' id='line_1_78' title="bbox 1139 2036 1907 2087; baseline 0.005 -11"><span class='ocrx_word' id='word_1_336' title='bbox 1139 2036 1206 2077; x_wconf 73' lang='lat' dir='ltr'>Ad</span> <span class='ocrx_word' id='word_1_337' title='bbox 1240 2037 1412 2087; x_wconf 76' lang='lat' dir='ltr'>Magnif.</span> <span class='ocrx_word' id='word_1_338' title='bbox 1458 2039 1555 2079; x_wconf 87' lang='lat' dir='ltr'>Ant.</span> <span class='ocrx_word' id='word_1_339' title='bbox 1598 2040 1782 2080; x_wconf 89' lang='lat' dir='ltr'>Crucem</span> <span class='ocrx_word' id='word_1_340' title='bbox 1813 2050 1907 2080; x_wconf 88' lang='lat' dir='ltr'>san-</span> 
     </span>
     <span class='ocr_line' id='line_1_79' title="bbox 1084 2094 1906 2147; baseline 0.001 -12"><span class='ocrx_word' id='word_1_341' title='bbox 1084 2099 1198 2136; x_wconf 90' lang='lat' dir='ltr'>ctam</span> <span class='ocrx_word' id='word_1_342' title='bbox 1223 2094 1374 2144; x_wconf 86' lang='lat' dir='ltr'>subiit,</span> <span class='ocrx_word' id='word_1_343' title='bbox 1409 2095 1482 2147; x_wconf 92' lang='lat' dir='ltr'>qui</span> <span class='ocrx_word' id='word_1_344' title='bbox 1506 2095 1719 2136; x_wconf 78' lang='lat' dir='ltr'>infernum</span> <span class='ocrx_word' id='word_1_345' title='bbox 1742 2094 1906 2136; x_wconf 76' lang='lat' dir='ltr'>confre-</span> 
     </span>
     <span class='ocr_line' id='line_1_80' title="bbox 1082 2150 1906 2204; baseline 0.001 -13"><span class='ocrx_word' id='word_1_346' title='bbox 1082 2150 1159 2201; x_wconf 88' lang='lat' dir='ltr'>git:</span> <span class='ocrx_word' id='word_1_347' title='bbox 1188 2153 1408 2193; x_wconf 82' lang='lat' dir='ltr'>accinctus</span> <span class='ocrx_word' id='word_1_348' title='bbox 1435 2155 1502 2192; x_wconf 92' lang='lat' dir='ltr'>est</span> <span class='ocrx_word' id='word_1_349' title='bbox 1526 2151 1740 2204; x_wconf 78' lang='lat' dir='ltr'>potentia,</span> <span class='ocrx_word' id='word_1_350' title='bbox 1768 2151 1906 2192; x_wconf 69' lang='lat' dir='ltr'>surre-</span> 
     </span>
     <span class='ocr_line' id='line_1_81' title="bbox 1084 2207 1597 2261; baseline 0.004 -14"><span class='ocrx_word' id='word_1_351' title='bbox 1084 2207 1147 2248; x_wconf 86' lang='lat' dir='ltr'>xit</span> <span class='ocrx_word' id='word_1_352' title='bbox 1166 2207 1236 2249; x_wconf 90' lang='lat' dir='ltr'>die</span> <span class='ocrx_word' id='word_1_353' title='bbox 1255 2207 1397 2257; x_wconf 78' lang='lat' dir='ltr'>tertia,</span> <span class='ocrx_word' id='word_1_354' title='bbox 1416 2207 1597 2261; x_wconf 88' lang='lat' dir='ltr'>alleluia.</span> 
     </span>
    </p>

    <p class='ocr_par' dir='ltr' id='par_1_21' title="bbox 1137 2267 1716 2311">
     <span class='ocr_line' id='line_1_82' title="bbox 1137 2267 1716 2311; baseline 0.005 -11"><span class='ocrx_word' id='word_1_355' title='bbox 1137 2267 1182 2301; x_wconf 90' lang='lat' dir='ltr'>Et</span> <span class='ocrx_word' id='word_1_356' title='bbox 1207 2267 1245 2300; x_wconf 78' lang='lat' dir='ltr'>fit</span> <span class='ocrx_word' id='word_1_357' title='bbox 1269 2277 1463 2301; x_wconf 80' lang='lat' dir='ltr'>commem.</span> <span class='ocrx_word' id='word_1_358' title='bbox 1487 2269 1692 2311; x_wconf 76' lang='lat' dir='ltr'>sequentis.</span> <span class='ocrx_word' id='word_1_359' title='bbox 1714 2307 1716 2309; x_wconf 60' lang='grc'><strong>,</strong></span> 
     </span>
    </p>

    <p class='ocr_par' dir='ltr' id='par_1_22' title="bbox 1254 2350 1735 2524">
     <span class='ocr_line' id='line_1_83' title="bbox 1359 2350 1631 2403; baseline -0.004 -11"><span class='ocrx_word' id='word_1_360' title='bbox 1359 2351 1443 2393; x_wconf 89' lang='lat' dir='ltr'>Die</span> <span class='ocrx_word' id='word_1_361' title='bbox 1461 2352 1500 2391; x_wconf 89' lang='grc'>4.</span> <span class='ocrx_word' id='word_1_362' title='bbox 1518 2350 1631 2403; x_wconf 88' lang='lat' dir='ltr'>Maii.</span> 
     </span>
     <span class='ocr_line' id='line_1_84' title="bbox 1254 2417 1735 2461; baseline -0.008 0"><span class='ocrx_word' id='word_1_363' title='bbox 1254 2419 1297 2461; x_wconf 86' lang='lat' dir='ltr'>S.</span> <span class='ocrx_word' id='word_1_364' title='bbox 1326 2418 1536 2461; x_wconf 80' lang='lat' dir='ltr'>Monicae</span> <span class='ocrx_word' id='word_1_365' title='bbox 1567 2417 1735 2458; x_wconf 85' lang='lat' dir='ltr'>Viduae.</span> 
     </span>
     <span class='ocr_line' id='line_1_85' title="bbox 1416 2481 1579 2524; baseline 0.012 -10"><span class='ocrx_word' id='word_1_366' title='bbox 1416 2481 1579 2524; x_wconf 82' lang='lat' dir='ltr'>Duplex.</span> 
     </span>
    </p>

    <p class='ocr_par' dir='ltr' id='par_1_23' title="bbox 1088 2536 1907 2630">
     <span class='ocr_line' id='line_1_86' title="bbox 1139 2536 1907 2582; baseline 0.001 -11"><span class='ocrx_word' id='word_1_367' title='bbox 1139 2536 1273 2571; x_wconf 85' lang='lat' dir='ltr'>Omnia</span> <span class='ocrx_word' id='word_1_368' title='bbox 1306 2537 1352 2570; x_wconf 84' lang='lat' dir='ltr'>dc</span> <span class='ocrx_word' id='word_1_369' title='bbox 1384 2537 1583 2572; x_wconf 84' lang='lat' dir='ltr'>Communi</span> <span class='ocrx_word' id='word_1_370' title='bbox 1613 2549 1682 2572; x_wconf 86' lang='lat' dir='ltr'>nec</span> <span class='ocrx_word' id='word_1_371' title='bbox 1707 2539 1810 2582; x_wconf 74' lang='lat' dir='ltr'>Virg.</span> <span class='ocrx_word' id='word_1_372' title='bbox 1838 2548 1907 2572; x_wconf 83' lang='lat' dir='ltr'>nec</span> 
     </span>
     <span class='ocr_line' id='line_1_87' title="bbox 1088 2584 1599 2630; baseline 0.006 -13"><span class='ocrx_word' id='word_1_373' title='bbox 1088 2585 1193 2619; x_wconf 80' lang='lat' dir='ltr'>Mart.</span> <span class='ocrx_word' id='word_1_374' title='bbox 1214 2584 1304 2629; x_wconf 85' lang='lat'>[116]</span> <span class='ocrx_word' id='word_1_375' title='bbox 1333 2591 1471 2627; x_wconf 76' lang='lat' dir='ltr'>praetcr</span> <span class='ocrx_word' id='word_1_376' title='bbox 1495 2597 1599 2630; x_wconf 80' lang='lat' dir='ltr'>sequ.</span> 
     </span>
    </p>

    <p class='ocr_par' dir='ltr' id='par_1_24' title="bbox 1083 2636 1905 2745">
     <span class='ocr_line' id='line_1_88' title="bbox 1141 2636 1904 2687; baseline 0.003 -11"><span class='ocrx_word' id='word_1_377' title='bbox 1141 2636 1238 2677; x_wconf 88' lang='lat' dir='ltr'>Ant.</span> <span class='ocrx_word' id='word_1_378' title='bbox 1252 2636 1399 2678; x_wconf 84' lang='lat' dir='ltr'>Simile</span> <span class='ocrx_word' id='word_1_379' title='bbox 1417 2641 1483 2678; x_wconf 90' lang='lat' dir='ltr'>est</span> <span class='ocrx_word' id='word_1_380' title='bbox 1499 2649 1678 2687; x_wconf 89' lang='lat' dir='ltr'>regnum</span> <span class='ocrx_word' id='word_1_381' title='bbox 1693 2637 1904 2678; x_wconf 85' lang='lat' dir='ltr'>coelorum</span> 
     </span>
     <span class='ocr_line' id='line_1_89' title="bbox 1083 2693 1905 2745; baseline 0.001 -11"><span class='ocrx_word' id='word_1_382' title='bbox 1083 2693 1247 2735; x_wconf 92' lang='lat' dir='ltr'>homini</span> <span class='ocrx_word' id='word_1_383' title='bbox 1264 2693 1523 2745; x_wconf 87' lang='lat' dir='ltr'>negotiatori</span> <span class='ocrx_word' id='word_1_384' title='bbox 1542 2693 1753 2745; x_wconf 81' lang='lat' dir='ltr'>quaerenti</span> <span class='ocrx_word' id='word_1_385' title='bbox 1767 2693 1905 2735; x_wconf 73' lang='lat' dir='ltr'>bonan</span> 
     </span>
    </p>
   </div>
   <div class='ocr_carea' id='block_1_12' title="bbox 1946 115 1965 2797">
    <p class='ocr_par' dir='ltr' id='par_1_25' title="bbox 1946 115 1965 2797">
     <span class='ocr_line' id='line_1_90' title="bbox 1946 115 1965 2797; baseline 0 0"><span class='ocrx_word' id='word_1_386' title='bbox 1946 115 1965 2797; x_wconf 95' lang='lat' dir='ltr'> </span> 
     </span>
    </p>
   </div>
  </div>
 </body>
</html>
