2066 2904
784 142 997 175 Commune
1025 141 1242 174 Doctorum.

163 244 266 285 vitae
293 243 339 283 in
366 240 624 284 aeternitatis
649 238 796 281 cibum
820 237 989 280 alendae

164 300 338 342 familiae
393 296 649 351 dispendat,
708 300 841 348 atque
893 294 989 336 haec

165 369 318 409 agens,
362 355 519 407 hisque
555 355 793 395 immorans
836 351 989 404 depre-

165 413 390 462 hendatur,
419 410 603 463 gleriam
627 422 652 451 a
669 408 861 450 Demino
882 412 989 449 tam-

167 482 297 523 quam
325 468 602 522 dispensator
630 465 785 515 fidelis,
813 469 857 506 et
882 464 988 506 villi-

166 538 243 568 cus
275 524 395 567 utih's
428 524 742 576 consequetur,
786 526 830 563 et
858 534 991 574 super

167 581 314 624 emnia
345 580 463 624 bona
498 579 804 629 constituetur,
839 577 886 619 id
914 581 990 627 est,

167 639 212 680 in
243 638 328 680 Dei
361 637 502 690 gloria
538 635 845 685 collocabitur,
889 634 991 686 quia

166 694 274 736 nihil
301 695 358 736 sit
384 693 515 744 ultra,
548 692 668 746 quod
689 691 844 733 melius
871 691 940 732 sit.

220 754 270 805 Rl.
305 751 401 794 Sint
426 750 564 793 lumbi
590 749 728 792 vestri
754 747 991 802 praecincti,

169 813 213 851 et
246 809 436 850 lucernae
470 807 675 850 ardentes
710 806 755 847 in
791 804 992 847 manibus

168 865 344 908 vestris:
358 867 380 891 *
395 864 453 907 Et
465 867 546 907 vos
566 863 730 906 similes
743 860 992 904 hominibus

169 921 530 975 exspectantibus
580 920 805 962 deminum
856 931 993 967 suum,

169 977 346 1031 quando
362 979 611 1020 revertatur
625 990 651 1018 a
664 976 842 1030 nuptiis.
855 971 905 1023 V.
918 974 994 1016 Vi-

169 1034 303 1088 gilate
322 1048 438 1087 ergo,
463 1035 566 1087 quia
581 1034 760 1076 nescitis
781 1045 867 1085 qua
884 1031 996 1073 hora

1378 235 1541 274 Oratio.

1055 305 1266 362 *χ
1295 297 1370 349 qui
1395 297 1562 350 pupulo
1588 302 1666 338 tuo
1691 297 1869 338 aeternae

1052 362 1056 407 J
1080 376 1143 405 Ι
1187 354 1341 395 salutis
1360 353 1540 395 beatum
1554 354 1605 394 N.
1621 353 1870 394 ministrum

1054 414 1056 421 ¹
1079 408 1166 437 ὲἈ
1187 410 1397 452 tribuisti:
1415 415 1580 463 praesta
1603 412 1870 462 quaesumus,

1042 472 1091 510 ut
1107 481 1238 520 quem
1253 467 1498 509 Docterem
1514 467 1618 508 vitae
1638 466 1871 508 habuimus

1043 525 1088 565 in
1128 524 1278 574 terris,
1331 523 1670 565 intercesserem
1708 522 1872 564 habere

1043 583 1290 623 mereamur
1307 580 1351 621 in
1367 580 1503 622 coelis.
1521 581 1606 622 Per
1622 580 1872 621 Dominum.

1098 648 1301 682 Lectiones
1326 649 1531 689 sequentes
1558 645 1735 685 leguntur
1761 643 1798 676 in
1824 643 1872 677 se-

1047 697 1116 730 stis
1136 696 1356 730 Doctorum.
1394 693 1571 728 Officium
1595 697 1719 726 autem
1739 692 1775 724 in
1796 691 1872 724 illis

1047 746 1085 779 fit
1101 745 1146 778 de
1161 744 1393 779 Confessore
1410 742 1591 776 l‘ontitice
1612 741 1669 774 vel
1690 751 1763 774 non
1776 740 1872 773 l’on-

1046 794 1156 831 tifiee,
1183 803 1252 836 pro
1272 791 1456 835 qualitate
1475 790 1589 824 Festi.

1280 866 1327 904 In
1356 866 1384 903 Ι.
1413 865 1447 903 N
1450 865 1636 903 oeturno.

1189 941 1265 981 De-
1279 938 1395 980 libro
1424 937 1735 979 Ecclesiastici.

1127 1001 1278 1042 Lectio
1299 1001 1322 1039 i.
1611 1000 1712 1048 (lup.
1734 998 1796 1036 132».

1054 1061 1390 1116 (apientiam
1436 1061 1630 1103 omnium
1676 1059 1875 1111 antique-

169 1092 383 1134 Deminus
410 1096 557 1134 vester
583 1093 794 1133 venturus
821 1090 889 1131 sit.
924 1088 994 1129 Et.
1054 1119 1059 1125 ,

172 1148 323 1191 Gleria
340 1148 471 1191 Patri.
506 1148 575 1190 Et.

466 1206 616 1246 Lectio
637 1205 690 1245 ix.

171 1249 348 1375 Quod
382 1266 421 1308 si
457 1268 670 1308 centuens
701 1264 879 1315 longam
912 1262 997 1304 Dei

274 1323 540 1377 patientiam,
569 1334 667 1375 quae
687 1321 733 1362 in
750 1320 998 1374 profectum

170 1381 373 1423 humanae
394 1379 546 1421 salutis
565 1378 826 1428 extenditur,
847 1376 997 1419 adver-

172 1451 269 1480 sum
297 1438 534 1479 conservos
561 1435 813 1484 insolescet,
849 1438 893 1476 et
921 1435 997 1474 sae-

173 1494 260 1536 culi
275 1493 401 1535 malis
419 1493 625 1546 vitiisque
644 1505 691 1534 se
710 1491 867 1541 tradet,
888 1503 998 1543 prae-

173 1550 363 1593 sentium
401 1554 573 1592 tantum
610 1561 759 1591 curam
799 1548 844 1588 in
880 1547 1000 1588 cultu

173 1607 339 1649 ventris
380 1608 605 1648 exercens:
652 1605 887 1658 desperata
928 1603 1000 1645 die

173 1663 389 1705 Dominus
406 1662 620 1712 adveniet,
632 1665 820 1714 eumque
835 1674 861 1702 a
873 1660 1000 1702 bonis

177 1733 276 1774 quae
294 1718 606 1773 spopunderat,
630 1718 808 1768 dividet,
835 1717 1000 1771 portio-

175 1778 363 1830 nemque
408 1776 498 1829 ejus
540 1789 639 1818 cum
676 1775 918 1828 hypocritis
957 1774 1002 1814 in

175 1846 323 1887 poenae
342 1833 590 1875 aeternitate
617 1834 870 1874 constituet:
902 1830 1003 1883 quia

177 1889 414 1932 adventum
434 1887 744 1942 desperaverit,
766 1888 867 1941 quia
884 1900 1002 1928 man-

178 1945 293 1988 datis
331 1958 422 1988 non
459 1945 854 1998 obtemperaverit,
901 1944 1004 1996 quia

178 2002 470 2056 praesentibus
504 2001 741 2052 studuerit,
779 2001 880 2053 quia
913 2000 1004 2042 vita

180 2059 387 2101 Gentium
426 2059 603 2110 vixerit,
659 2058 760 2110 quia
801 2056 1003 2110 despera-

178 2116 299 2158 tiene
335 2114 482 2168 judicii
517 2117 794 2157 commissam
829 2113 915 2155 sibi
945 2113 1004 2155 fa-

178 2172 342 2214 miliam
361 2173 485 2223 fame,
513 2172 597 2222 siti,
625 2170 747 2213 caede
769 2170 1005 2212 vexaverit.

235 2235 296 2277 Te
314 2234 459 2276 Deum
480 2232 736 2275 laudamus..
749 2232 808 2274 15.

420 2324 486 2327 -
520 2310 767 2339 ..μμ-ὴ

374 2385 471 2426 Pro
499 2383 812 2425 Doctoribus.

232 2448 303 2490 Ad
339 2447 526 2499 Magnis„
569 2448 609 2487 in
648 2448 841 2498 utrisque
872 2446 1003 2497 Vesp.

182 2506 281 2546 Ant.
305 2505 342 2546 O
362 2507 534 2549 Doctor
554 2506 730 2560 Optime,
753 2506 777 2531 *
797 2504 1007 2546 Ecclesiae

185 2568 348 2605 sanctae
386 2563 548 2613 lumen,
589 2563 720 2605 beate
754 2560 805 2600 N.
849 2561 1007 2603 divinae

183 2619 293 2671 legis
312 2622 490 2670 amator,
518 2619 758 2672 deprecare
776 2630 859 2671 pro
879 2616 1008 2658 nobis

183 2675 341 2718 Filium
356 2676 452 2718 Dei.

1131 1127 1137 1131 ”
1176 1133 1274 1161 rum
1302 1120 1504 1171 exquiret
1532 1117 1725 1171 sapiens,
1759 1121 1804 1158 et
1830 1117 1876 1157 in

1145 1192 1147 1203 *
1177 1175 1408 1229 prophetis
1427 1174 1614 1217 vacabit.
1650 1174 1876 1215 Narratio-

1047 1247 1148 1276 nem
1179 1233 1375 1274 virerum
1415 1232 1742 1273 nominatorum
1777 1243 1876 1272 con-

1049 1289 1255 1340 servabit,
1284 1294 1327 1331 et
1346 1289 1390 1330 in
1410 1289 1627 1331 versutias
1647 1287 1876 1341 parabola—

1047 1361 1146 1389 rum
1167 1346 1296 1388 simul
1317 1345 1526 1387 introibit.
1569 1344 1756 1387 Occulta
1779 1356 1877 1397 pro-

1049 1404 1302 1446 verbierum
1325 1404 1542 1454 exquiret,
1570 1408 1615 1445 et
1633 1402 1677 1443 in
1696 1400 1878 1443 abscen-

1051 1461 1156 1503 ditis
1190 1459 1501 1513 parabolarum
1534 1457 1879 1500 conversabitur.

1049 1519 1102 1559 In
1116 1516 1263 1559 medio
1279 1518 1586 1568 magnatorum
1600 1514 1879 1564 ministrabit,

1052 1579 1096 1617 et
1125 1575 1170 1615 in
1199 1575 1442 1626 conspectu
1466 1572 1672 1626 praesidis
1698 1573 1879 1625 appare-

1051 1631 1126 1674 bit.
1154 1631 1205 1672 In
1229 1635 1392 1672 terram
1415 1629 1758 1681 alienigenarum
1779 1629 1879 1680 gen-

1051 1688 1161 1730 tium
1197 1687 1482 1740 pertransiet:
1529 1686 1649 1728 bona
1687 1686 1801 1727 enim
1836 1689 1881 1727 et

1051 1744 1167 1786 mala
1194 1745 1238 1785 in
1265 1743 1516 1785 hominibus
1543 1742 1743 1785 tentabit.

1107 1806 1156 1857 Β..
1195 1805 1319 1856 Euge
1353 1817 1478 1846 serve
1511 1803 1628 1846 bone
1657 1809 1701 1845 et
1729 1802 1882 1853 fidelis,

1055 1862 1157 1915 quia
1184 1862 1228 1903 in
1255 1874 1399 1914 pauca
1423 1861 1544 1902 fuisti
1566 1860 1720 1911 fidelis,
1749 1873 1883 1913 supra

1053 1919 1191 1961 multa
1227 1924 1271 1960 te
1307 1920 1592 1960 constituam:
1626 1919 1647 1940 *
1680 1918 1801 1959 Intra
1837 1917 1882 1957 in

1054 1975 1262 2028 gaudium
1291 1975 1471 2016 Demini
1499 1975 1574 2016 tui.
1617 1967 1662 2018 Ψ
1692 1973 1882 2015 Demine

1056 2033 1249 2085 quinque
1291 2032 1456 2074 talenta
1497 2030 1720 2073 tradidisti
1765 2029 1882 2079 mihi,

1056 2102 1159 2131 ecce
1197 2089 1282 2130 alia
1320 2089 1513 2141 quinque
1555 2087 1882 2140 superlucratus

1056 2159 1163 2187 sum.
1198 2146 1331 2187 Intra.

1369 2205 1518 2245 Lectio
1539 2204 1576 2243 ii,

1132 2290 1182 2319 or
1209 2290 1335 2319 suum
1362 2276 1509 2319 tradet
1534 2276 1590 2318 ad
1614 2275 1884 2326 vigilandum

1142 2333 1335 2376 diluculo
1354 2332 1411 2375 ad
1425 2333 1674 2383 Do'minum,
1691 2333 1766 2385 qui
1780 2333 1884 2375 fecit

1056 2391 1198 2441 illum,
1236 2395 1280 2433 et
1314 2391 1358 2431 in
1390 2391 1631 2442 conspectu
1667 2389 1884 2432 Altissimi

1058 2447 1379 2501 deprecabitur.
1414 2446 1599 2499 Aperiet
1618 2459 1668 2488 os
1688 2460 1815 2488 suum
1839 2447 1885 2488 in

1058 2505 1275 2553 oratione,
1308 2508 1352 2545 et
1378 2515 1461 2555 pro
1490 2502 1664 2545 delictis
1692 2503 1783 2545 suis
1812 2502 1884 2546 de·

1057 2560 1322 2614 precabitur.
1358 2559 1405 2600 Si
1424 2559 1539 2600 enim
1557 2560 1772 2601 Deminus
1797 2573 1885 2602 ma-

1057 2631 1168 2669 gnus
1187 2616 1388 2666 voluerit,
1407 2616 1566 2669 spiritu
1584 2616 1885 2669 intelligentiae

1058 2673 1247 2726 replebit
1280 2672 1419 2714 illum:
1456 2677 1500 2714 et
1532 2672 1627 2726 ipse
1659 2678 1885 2726 tamquam
