2066 2956
220 215 313 260 [172]

220 325 318 353 eum
351 311 542 353 salutare
573 312 725 364 ipsius:
752 312 777 337 *
804 316 852 353 ut
880 311 1044 353 inhabi-

218 373 282 409 tet
301 368 439 419 gloria
458 368 501 409 in
520 373 638 410 terra
657 373 818 410 nostra.

269 424 593 474 Misericordia,
627 430 671 467 et
701 425 865 466 veritas
898 425 1044 466 obvia-

218 483 373 523 verunt
392 481 489 523 sibi:
508 484 532 509 *
551 482 729 534 justitia,
753 487 797 524 et
815 494 902 534 pax
922 494 1045 523 oscu-

218 538 319 579 latae
339 544 450 580 sunt.

269 595 446 636 Veritas
479 594 534 637 de
569 599 686 637 terra
715 600 811 638 orta
841 599 923 637 est:
950 597 973 622 *
1002 599 1046 636 et

217 651 379 703 justitia
400 651 455 693 de
474 651 589 693 coelo
608 652 847 705 prospexit.

269 708 443 750 Etenim
466 708 682 750 Dominus
707 708 828 750 dabit
854 708 1045 759 benigni-

217 766 369 806 tatem:
387 766 411 790 *
431 771 475 807 et
498 770 616 807 terra
639 770 791 807 nostra
816 764 940 806 dabit
961 764 1045 806 fru-

218 827 335 863 ctum
355 835 492 863 suum.

268 878 293 918 J
295 879 444 920 ustitia
475 883 576 920 ante
608 891 707 920 eum
739 877 995 920 ambulabit:
1022 878 1046 904 *

218 940 261 976 et
279 940 416 988 ponet
434 935 479 976 in
498 935 569 976 via
587 948 764 987 gressus
784 948 900 977 suos.

270 991 423 1033 Gloria
446 992 579 1034 Patri.

481 1065 675 1105 l'salmus
706 1066 783 1103 1115.

215 1122 433 1226 Eudate
447 1127 684 1168 Dominum
699 1139 850 1169 omnes
864 1127 1045 1168 Gentes:

310 1184 334 1209 *
352 1183 529 1225 laudate
549 1196 648 1225 eum
668 1196 819 1225 omnes
838 1183 1006 1237 populi:

269 1241 486 1291 Quoniam
520 1240 779 1282 confirmata
812 1245 879 1282 est
913 1253 1046 1293 super

216 1309 297 1338 nos
320 1296 621 1338 misericordia
641 1297 747 1349 ejus:
771 1297 794 1322 *
819 1301 863 1338 et
883 1297 1045 1338 veritas

215 1354 394 1394 Domini
411 1358 558 1395 manet
575 1353 619 1394 in
639 1354 861 1395 aeternum.

268 1410 421 1452 Gloria
438 1410 569 1451 Patri.

268 1473 366 1512 Ant.
395 1472 633 1524 Assumpta
652 1475 719 1513 est
738 1470 877 1512 Maria
895 1470 938 1511 in
958 1483 1043 1512 coe-
1140 1458 1209 1503 ''ff—1³<

215 1527 323 1569 lum:
364 1527 557 1579 gaudent
593 1527 771 1579 Angeli:
813 1526 1044 1569 laudantes

215 1584 481 1626 benedicunt
498 1584 748 1626 Dominum.

307 1654 565 1706 Capitulum.
727 1655 845 1694 Cant.
866 1656 903 1693 (5.
923 1667 957 1694 c.

217 1700 370 1826 Quae
400 1723 467 1761 est
496 1719 599 1769 ista,
636 1731 735 1771 quae
763 1717 1046 1771 progreditur

321 1776 445 1828 quasi
469 1778 627 1818 aurora
650 1778 929 1826 consurgens,
952 1774 1044 1827 pul-

216 1831 320 1873 chra
339 1837 387 1873 ut
406 1832 519 1882 luna,
544 1832 684 1874 electa
702 1836 750 1873 ut
773 1833 851 1881 sol,
876 1830 1044 1872 terribi-

216 1889 268 1929 lis
287 1894 334 1931 ut
353 1891 599 1930 castrorum
619 1889 735 1930 acies
756 1885 980 1930 ordinata?

271 1947 322 1986 R.
345 1946 443 1987 Deo
462 1946 637 1997 gratias.

270 1998 320 2049 V.
345 2003 538 2053 Dignare
561 2015 631 2043 me
656 2001 837 2043 laudare
862 2005 921 2051 te,
947 2001 1044 2042 Vir-

216 2071 273 2110 go
300 2061 482 2101 sacrata.
532 2059 579 2099 R-.
614 2059 683 2100 Da
707 2057 812 2099 mihi
838 2058 1046 2099 virtutem

217 2121 371 2157 contra
388 2115 542 2158 hostes
560 2121 672 2157 tuos.

277 2173 404 2225 Kyrie
436 2172 612 2214 eleison.
666 2172 840 2213 Christe
868 2171 1045 2213 eleison.

230 2230 353 2282 Kyrie
373 2229 550 2271 eleison.

273 2283 320 2332 Χῖ
356 2287 570 2328 Dominus
607 2285 845 2328 vobiscum.
903 2288 950 2338 R·.
989 2286 1046 2327 Et

218 2354 316 2383 cum
336 2343 493 2395 spiritu
511 2347 600 2385 tuo.

554 2401 717 2441 Oratio.

222 2449 393 2553 Deus,
416 2460 490 2512 qui
509 2458 765 2510 virginalem
784 2458 927 2500 aulam
946 2458 1045 2500 bea-

330 2520 388 2557 tae
417 2516 568 2557 Mariae
609 2516 653 2556 in
691 2528 777 2568 qua
813 2514 1045 2565 habitares,

220 2570 378 2622 eligere
394 2571 598 2623 dignatus
614 2585 677 2614 es:
696 2572 763 2622 da,
779 2573 1045 2624 quaesumus

219 2631 267 2668 ut
287 2640 365 2668 sua
383 2641 464 2670 nos
485 2629 739 2671 defensione
757 2630 964 2678 munitOS,
988 2629 1045 2680 ju-

221 2683 388 2725 cundos
412 2685 546 2726 facias
572 2699 663 2727 suae
691 2686 904 2728 interesse
930 2698 1044 2726 com-

218 2741 537 2782 memorationi:
556 2743 639 2792 Qui
659 2743 770 2784 vivis
789 2747 833 2784 et
851 2754 1018 2793 regnas.

719 218 892 251 osticium
921 227 1080 260 parrum
1108 217 1146 251 B.
1174 217 1304 251 Maria:
1331 218 1433 259 Virg.

1369 313 1437 350 Ad
1461 313 1662 350 Tertiam.

1160 367 1247 407 Ave
1265 365 1414 407 Maria.

1156 422 1202 473 V.
1227 426 1348 468 Deus
1366 427 1410 468 in
1429 426 1703 479 adjutorium.

1409 488 1616 538 Hymnus.

1231 546 1417 595 em6nto,
1436 557 1582 586 rerum
1602 545 1826 595 Conditor,

1250 600 1405 642 Nostri
1425 601 1546 653 quod
1565 601 1670 643 olim
1690 601 1890 655 corporis

1174 656 1356 699 Sacrata
1376 657 1431 699 ab
1451 657 1552 700 alvo
1570 658 1765 710 Virginis

1173 714 1409 756 Nascendo
1429 715 1615 756 formam
1635 716 1882 768 sumpseris.

1127 781 1261 821 Maria
1279 779 1421 821 Mater
1439 780 1605 832 gratiae,

1175 836 1328 878 Dulcis
1346 836 1510 878 Parens
1531 837 1784 888 clementiae‚

1175 892 1245 934 Tu
1263 906 1344 934 nos
1365 893 1419 935 ab
1439 892 1568 936 hoste
1585 896 1781 948 protege,

1175 949 1232 991 Et
1250 950 1405 992 mortis
1423 950 1533 992 hora
1552 950 1737 1004 suscipe.

1126 1015 1144 1053 J
1149 1028 1237 1066 esu,
1256 1014 1337 1057 tibi
1356 1015 1413 1057 sit
1430 1014 1582 1067 gloria,

1176 1072 1260 1123 Qui
1277 1077 1406 1114 natus
1426 1085 1473 1114 es
1493 1071 1548 1114 de
1567 1072 1760 1124 Virgine,

1177 1129 1285 1171 Cum
1302 1129 1444 1179 Patre,
1465 1134 1509 1171 et
1528 1129 1643 1171 almo
1664 1129 1828 1182 Spiritu

1174 1186 1225 1226 In
1245 1186 1511 1239 sempiterna
1531 1186 1704 1228 saecula.
1731 1186 1885 1228 Amen.

1155 1248 1253 1287 Ant.
1283 1246 1416 1288 Maria
1434 1245 1585 1298 Virgo.

1367 1304 1564 1345 Psalmus
1586 1306 1663 1344 119.

1109 1364 1279 1419 1:de
1303 1364 1541 1406 Dominum
1569 1377 1669 1406 cum
1694 1363 1927 1406 tribularer

1160 1421 1183 1467 (ζ
1214 1427 1225 1434 ”
1267 1421 1465 1463 clamavi:
1488 1421 1512 1447 *
1537 1425 1581 1463 et
1604 1418 1827 1463 exaudIvit
1844 1433 1927 1463 me.

1318 1478 1507 1520 Domine
1553 1477 1692 1520 libera
1737 1477 1927 1519 animam

1096 1547 1239 1576 meam
1258 1547 1284 1576 a
1302 1534 1430 1576 labiis
1448 1534 1618 1587 iniquis,
1636 1534 1660 1560 *
1677 1538 1721 1576 et
1736 1546 1764 1575 a
1779 1533 1927 1586 lingua

1098 1591 1263 1633 dolosa.

1150 1648 1266 1700 Quid
1290 1648 1417 1690 detur
1436 1647 1533 1698 tibi,
1561 1651 1636 1690 aut
1659 1646 1766 1699 quid
1789 1660 1925 1700 appo-

1096 1707 1225 1747 natur
1250 1704 1330 1747 tibi
1354 1705 1378 1731 *
1403 1704 1460 1747 ad
1484 1704 1675 1756 linguam
1704 1703 1925 1746 dolosam?

1148 1766 1328 1818 Sagittae
1360 1765 1554 1819 potentis
1587 1767 1746 1815 acutae,
1774 1764 1797 1790 *
1826 1777 1926 1806 cum

1098 1822 1361 1865 carbonibus
1382 1821 1671 1864 desolatoriis.

1149 1881 1250 1922 Heu
1275 1879 1401 1930 mihi5
1429 1878 1531 1932 quia
1557 1877 1775 1920 incolatus
1802 1890 1926 1919 meus

1097 1937 1383 1991 prolongatus
1403 1939 1484 1978 est:
1511 1934 1706 1976 habitavi
1731 1947 1830 1976 cum
1852 1933 1925 1976 ha-

1096 1992 1338 2036 bitantibus
1359 1992 1517 2035 Cedar:
1535 1991 1559 2017 *
1577 1990 1761 2033 multum
1783 1990 1927 2032 incola

1097 2050 1178 2092 fuit
1197 2050 1340 2092 anima
1357 2061 1466 2091 mea.

1151 2107 1260 2149 Cum
1296 2106 1380 2156 his,
1426 2105 1501 2158 qui
1536 2104 1724 2146 oderunt
1758 2116 1925 2157 pacem,

1099 2176 1219 2205 eram
1259 2162 1486 2216 pacificus:
1517 2161 1541 2188 *
1574 2174 1672 2203 eum
1712 2159 1925 2213 loquebar

1097 2220 1193 2269 illis,
1212 2218 1527 2273 impugnabant
1543 2230 1614 2260 me
1632 2216 1778 2269 gratis.
1855 2260 1859 2264 ,

1150 2280 1303 2323 Gloria
1321 2279 1454 2322 Patri.

1360 2334 1557 2376 Psalmus
1579 2335 1669 2375 120.

1102 2387 1286 2493 Levavi
1310 2396 1463 2438 oculos
1482 2409 1605 2438 meos
1628 2395 1673 2437 in
1694 2399 1878 2444 montes,
1902 2395 1926 2422 *

1192 2453 1308 2504 unde
1326 2454 1471 2495 veniet
1490 2452 1698 2494 auxilium
1715 2449 1832 2492 mihi.

1151 2515 1373 2557 Auxilium
1389 2527 1535 2556 meum
1554 2526 1580 2555 a
1593 2513 1794 2562 Domino,
1811 2513 1835 2539 *
1851 2511 1925 2564 qui

1098 2574 1201 2615 fecit
1219 2572 1380 2614 eoelum
1398 2576 1443 2613 et
1461 2575 1635 2612 terram.

1149 2630 1252 2671 Non
1288 2628 1364 2670 det
1397 2628 1442 2668 in
1477 2625 1815 2669 commotionem
1850 2638 1923 2678 pe·

1098 2685 1198 2728 dem
1225 2691 1365 2728 tuum:
1393 2685 1416 2709 *
1443 2696 1586 2736 neque
1615 2682 1823 2724 dormitet
1850 2681 1925 2735 qui

1097 2741 1291 2783 custodit
1308 2746 1363 2783 te.
