2028 2892
163 194 230 229 222
743 197 852 230 Furia

218 292 286 333 Ibi
311 290 526 341 confregit
551 290 775 342 potentias
805 291 995 338 arcuum,

166 349 189 374 *
209 353 392 396 scutum,
411 346 617 397 gladium,
637 351 681 388 et
698 345 875 387 bellum.

214 403 469 444 Illuminans
487 408 536 444 tu
555 401 812 444 mirabiliter
831 413 857 441 a
874 402 995 441 men-

164 459 281 501 tibus
301 459 493 501 aeternis:
507 459 531 485 *
546 458 710 500 turbati
726 462 827 498 sunt
842 469 994 498 omnes

162 516 418 568 insipientes
439 515 585 557 corde.

216 572 502 613 Dormierunt
525 584 727 612 somnum
746 582 889 611 suum:
907 569 931 595 *
951 573 995 609 et

162 628 267 669 nihil
300 629 560 670 invenerunt
591 639 743 668 omnes
772 625 855 666 viri
889 624 994 666 divi-

162 685 323 725 tiarum
342 685 386 725 in
404 683 607 725 mdnibus
628 683 728 724 suis.

213 741 284 782 Ab
303 741 604 793 increpatic'me
622 744 699 781 tua
717 738 839 779 Deus
854 736 992 778 Jacob

160 798 184 825 *
213 797 564 839 dormitaverunt
600 796 674 848 qui
702 793 993 836 ascenderunt

159 867 310 906 equos

211 910 281 951 Tu
299 909 507 952 terribilis
527 921 591 958 es,
621 912 665 948 et
691 907 789 959 quis
814 908 992 948 resistet

158 965 261 1008 tibi?
281 968 305 993 *
325 979 380 1008 ex
398 971 503 1007 tunc
521 965 586 1005 ira
605 968 692 1005 tua.

211 1024 280 1065 De
318 1023 433 1064 coelo
472 1021 670 1063 auditum
707 1019 850 1061 fecisti
885 1019 992 1072 judi-

159 1080 287 1121 cium:
305 1080 328 1106 *
347 1085 466 1122 terra
483 1078 662 1120 tremuit
683 1080 726 1117 et
745 1076 920 1128 quievit,

211 1136 321 1177 Cum
341 1139 599 1186 exsurgeret
616 1134 661 1174 in
681 1131 891 1184 judicium
905 1132 990 1173 De-

156 1205 219 1242 uS,
238 1193 261 1218 *
281 1197 329 1234 ut
348 1192 495 1233 salvos
514 1192 679 1232 faceret
698 1200 852 1230 omnes
871 1201 990 1230 man-

158 1251 308 1291 suetos
326 1253 468 1290 terrae.

210 1305 427 1356 Quoniam
452 1303 659 1355 cogitatio
679 1301 869 1343 hominis
888 1313 988 1342 con-

156 1361 351 1403 fitebitur
375 1361 470 1402 tibi:
493 1362 517 1387 *
537 1365 580 1402 et
605 1358 801 1411 reliquiae
826 1357 988 1408 cogita-

155 1418 288 1459 tionis
311 1417 427 1459 diem
446 1417 607 1459 festum
626 1420 757 1466 agent
775 1414 867 1456 tibi.

206 1474 396 1523 Vovete,
422 1479 465 1515 et
487 1472 660 1515 reddite
678 1471 871 1512 Domino
890 1470 987 1511 Deo

155 1535 322 1572 vestro:
358 1531 382 1556 *
419 1543 572 1571 omnes
610 1529 685 1580 qui
721 1528 766 1568 in
803 1526 988 1568 circuitu

156 1588 247 1638 ejus
266 1586 431 1628 affertis
449 1590 642 1627 munera.

206 1642 413 1684 Terribili
445 1647 489 1683 et
521 1643 560 1683 ei
589 1642 663 1694 qui
691 1640 832 1681 aufert
861 1638 985 1692 spiri-

155 1703 247 1739 tum
282 1698 547 1751 principum,
584 1698 608 1723 *
645 1695 830 1738 terribili
866 1694 986 1747 apud

155 1767 282 1806 reges
300 1759 441 1796 terrae.

206 1818 302 1860 Ant.
347 1820 485 1861 Terra
519 1817 698 1860 tremuit
731 1821 775 1857 et
811 1815 987 1868 quievit,

157 1875 261 1917 dum
280 1879 538 1926 exsurgeret
558 1875 602 1914 in
620 1872 781 1925 judicio
802 1872 935 1913 Deus.

207 1943 304 1980 Ant.
356 1942 404 1980 In
440 1938 511 1980 die
546 1936 843 1980 tribulatioms
874 1948 987 1978 meae

155 1997 301 2038 Deum
319 1995 535 2048 exquisivi
553 1993 755 2035 manibus
773 1992 894 2034 meis.

426 2076 622 2115 psalmus
643 2076 707 2115 76.

152 2133 325 2238 Voce
343 2160 442 2189 mea
457 2145 515 2188 ad
528 2144 768 2186 Deminum
784 2143 986 2186 clamavi:

249 2205 274 2231 *
292 2216 403 2246 voce
421 2215 520 2245 mea
538 2201 595 2243 ad
613 2201 768 2250 Deum,
790 2205 833 2242 et
850 2201 985 2242 inten-

155 2260 218 2302 dit
237 2261 353 2301 mihi.

205 2318 256 2357 In
285 2317 356 2358 die
382 2313 676 2358 tribulationis
704 2325 815 2353 meae
840 2313 984 2354 Deum

154 2373 380 2424 exquisivi,
398 2371 599 2413 menibus
613 2368 722 2410 meis
737 2373 867 2409 nocte
883 2381 983 2409 con-

152 2432 220 2469 tra
240 2441 353 2469 eum:
372 2429 395 2454 *
416 2433 460 2470 et
480 2440 568 2469 non
588 2439 685 2467 sum
708 2424 931 2476 deceptus.

205 2484 367 2525 Renuit
396 2483 614 2525 consolari
647 2482 791 2523 anima
819 2493 930 2521 mea:
958 2481 981 2506 *

152 2552 320 2581 memor
341 2540 401 2580 fui
420 2540 518 2589 Dei,
545 2544 588 2580 et
608 2538 853 2580 delectatus
874 2549 981 2586 sum,

153 2600 196 2637 ct
220 2596 484 2636 exercitatus
509 2608 619 2636 sum:
645 2599 688 2636 et
714 2592 874 2635 defecit
897 2595 981 2644 spi—

151 2652 259 2692 ritus
278 2664 413 2693 meus.

202 2707 566 2759 Anticipaverunt
573 2706 744 2758 vigilias
755 2703 870 2746 oculi
880 2704 981 2745 mei:

883 209 912 230 v.
940 198 975 230 in
1003 199 1123 230 (hi-nn
1149 197 1315 231 Domini.

1048 288 1072 314 *
1090 288 1294 331 turbatus
1319 302 1432 338 sum,
1461 294 1505 330 et
1528 301 1618 330 non
1643 301 1740 331 sum
1762 289 1880 332 locu-

1047 349 1131 385 tus.

1101 399 1305 451 Cogitavi
1329 400 1423 442 dies
1449 404 1670 454 antiquos:
1694 402 1719 428 *
1740 406 1784 444 et
1808 415 1879 444 an-

1047 469 1130 498 nos
1149 459 1341 499 aetemos
1358 458 1403 498 in
1423 463 1569 500 mente
1588 458 1733 500 habui.

1099 512 1157 554 Et
1196 513 1436 555 meditatus
1478 527 1576 555 sum
1613 519 1744 557 nocte
1781 527 1881 556 cum

1048 568 1184 610 corde
1215 582 1331 620 meo,
1366 571 1390 598 *
1429 574 1473 612 et
1509 570 1800 620 exercitebar‚
1837 575 1881 612 et

1048 625 1287 678 scopebam
1309 627 1511 679 spiritum
1529 639 1688 668 meum.

1098 681 1325 738 Numquid
1356 683 1404 723 in
1436 684 1650 724 aeternum
1677 682 1879 735 projiciet

1046 737 1183 779 Deus:
1207 738 1231 764 *
1252 743 1332 780 aut
1356 751 1445 780 non
1469 742 1666 792 appenet
1689 743 1739 780 ut
1762 751 1878 780 com-

1045 793 1250 845 placitior
1269 795 1325 836 sit
1344 794 1514 837 adhuc?

1098 850 1225 892 Aut
1213 864 1258 891 m
1281 851 1414 892 finem
1437 851 1787 893 misericerdiam
1810 864 1878 893 su-

1046 918 1117 947 am
1145 906 1394 957 abscindet,
1419 908 1443 934 *
1472 921 1497 949 a
1524 908 1807 959 generatione
1834 908 1879 949 in

1044 961 1396 1012 generatienem?

1096 1019 1189 1061 Aut
1213 1019 1496 1062 obliviscetur
1518 1020 1716 1062 misereri
1733 1019 1877 1062 Deus?

1043 1074 1068 1100 *
1088 1079 1164 1116 aut
1187 1076 1430 1118 continebit
1453 1076 1498 1117 in
1521 1076 1587 1118 ira
1609 1089 1689 1118 sua
1712 1077 1878 1118 miseri-

1044 1131 1219 1173 cordias
1238 1130 1364 1173 suas?

1095 1188 1153 1229 Et
1177 1187 1282 1229 dixi:
1310 1188 1440 1230 Nunc
1466 1189 1597 1242 coepi:
1619 1189 1643 1217 *
1662 1188 1760 1231 haec
1786 1203 1877 1232 mu-

1044 1244 1155 1285 tatio
1175 1243 1371 1286 dexterae
1390 1244 1578 1286 Excelsi.

1094 1300 1266 1342 Memor
1302 1301 1365 1342 fui
1404 1303 1590 1354 eperum
1627 1302 1822 1344 Demini:
1853 1303 1878 1330 *

1044 1356 1146 1407 quia
1170 1369 1339 1398 memor
1364 1369 1441 1399 ero
1468 1356 1524 1399 ab
1551 1358 1675 1400 initio
1702 1357 1877 1400 mirabi-

1042 1411 1148 1453 lium
1168 1415 1355 1463 tuorum,

1093 1468 1151 1512 Et
1173 1468 1424 1511 meditabor
1446 1469 1491 1510 in
1512 1469 1715 1512 emnibus
1735 1471 1876 1524 operi-

1042 1524 1126 1566 bus
1158 1525 1259 1566 tuis:
1286 1526 1311 1552 *
1340 1530 1384 1567 et
1415 1525 1460 1567 in
1491 1525 1876 1569 adinventienibus

1041 1581 1127 1622 tuis
1139 1581 1399 1623 exercebor.

1092 1637 1215 1679 Deus
1232 1638 1277 1679 in
1296 1643 1451 1680 sancto
1470 1638 1542 1680 via
1560 1643 1652 1680 tua:
1673 1639 1771 1692 quis
1787 1639 1874 1682 De-

1041 1706 1092 1734 us
1111 1706 1295 1744 magnus
1314 1694 1428 1736 sicut
1445 1695 1567 1736 Deus
1590 1693 1764 1737 noster?
1782 1695 1807 1722 *
1826 1699 1875 1737 tu

1042 1762 1090 1790 es
1108 1750 1232 1791 Deus
1253 1751 1328 1802 qui
1346 1750 1454 1792 facis
1472 1751 1698 1793 mirabilia.

1093 1805 1259 1848 Notam
1289 1807 1432 1851 fecisti
1462 1807 1507 1847 in
1534 1807 1712 1860 pepuiis
1739 1807 1873 1850 virtu-

1039 1865 1130 1903 tem
1154 1867 1291 1904 tuam:
1316 1863 1341 1890 *
1365 1862 1592 1905 redemisti
1619 1863 1664 1904 in
1688 1863 1872 1907 brechio

1036 1922 1117 2014 luo
1138 1918 1354 2015 papulum
1371 1923 1506 1996 tuum,
1523 1919 1641 1961 filios
1656 1919 1807 1971 Jacob,
1827 1925 1872 1962 et

1066 1986 1175 2027 osep

1090 2030 1310 2073 Viderunt
1340 2036 1385 2073 te
1417 2043 1545 2084 aquae
1575 2032 1718 2083 Deus,
1754 2033 1870 2075 vide-

1038 2091 1140 2128 runt
1167 2091 1212 2128 te
1240 2099 1382 2140 aquae:
1410 2089 1435 2116 *
1463 2092 1507 2129 et
1538 2088 1793 2140 timuerunt,
1827 2094 1872 2131 et

1038 2142 1228 2184 turbatae
1248 2149 1350 2185 sunt
1368 2143 1528 2196 abyssi.

1089 2198 1328 2241 Multitudo
1369 2200 1539 2241 senitus
1580 2202 1809 2253 aquarum:
1845 2200 1870 2227 *

1037 2267 1195 2296 vocem
1213 2254 1432 2297 dederunt
1450 2255 1601 2298 nubes.

1088 2311 1262 2352 Etenim
1281 2314 1454 2362 sagittae
1474 2317 1564 2354 tuae
1582 2314 1826 2354 trenseunt:
1845 2312 1870 2338 ²⁸¹

1037 2379 1126 2408 vox
1145 2367 1326 2408 tonitrui
1343 2368 1408 2409 tui
1426 2368 1470 2409 in
1488 2373 1597 2410 rota.

1088 2422 1332 2465 Hluxerunt
1351 2424 1681 2466 coruscationes
1696 2428 1785 2465 tuae
1801 2437 1867 2465 or-

1036 2479 1083 2521 bi
1108 2484 1255 2520 terrae:
1282 2480 1307 2504 *
1333 2482 1556 2522 commeta
1583 2485 1666 2529 est,
1694 2485 1739 2521 et
1766 2493 1868 2522 con-

1036 2535 1214 2576 tremuit
1232 2540 1360 2577 terra.

1087 2591 1139 2631 In
1164 2591 1274 2633 mari
1298 2592 1369 2633 via
1395 2596 1487 2642 tua,
1515 2597 1560 2635 et
1584 2592 1752 2634 semitae
1776 2597 1865 2635 tuae

1035 2647 1078 2687 in
1105 2648 1233 2700 aquis
1260 2648 1426 2691 multis:
1454 2649 1478 2675 *
1507 2654 1551 2691 et
1577 2649 1763 2699 vestigia
1790 2654 1866 2691 tua

1034 2716 1120 2744 non
1140 2706 1473 2754 cognoscentur.
