2028 2892
556 174 658 207 Infra
683 174 978 210 Hebdomadam
1001 178 1022 211 i.
1044 184 1133 220 post
1162 178 1239 212 Oct.
1266 179 1435 213 l'aschae.

198 265 248 316 V.
269 268 470 319 Exsurge
491 267 680 318 Christe,
701 269 858 321 adjuva
876 283 968 320 nos,

143 324 325 376 alleluia.
364 325 415 376 Rz.
439 324 496 365 Et
521 323 661 365 libera
683 337 766 366 nos
787 330 970 378 propter

142 393 303 424 nomen
320 385 459 429 tuum,
479 379 661 431 alleluia.

197 443 243 477 Et
261 443 317 477 sic
338 443 478 477 dicitur
495 442 538 485 R.
556 442 610 475 br.
626 452 748 485 usque
765 442 813 475 ad
830 443 972 476 Ascen—

145 491 304 525 sionem.

195 538 243 572 Et
267 537 423 581 quando
449 547 525 571 non
551 542 609 571 est
632 537 804 579 Duplex,
830 543 893 571 aut
919 538 971 570 in-

144 585 201 619 fra
219 585 397 626 0613135,
422 585 494 618 dic.
530 584 669 618 Preces
696 584 742 618 de
767 584 971 618 Dominica

144 637 184 667 ut
208 633 247 666 in
271 632 471 666 Psaltcrio.
496 633 548 668 24.

196 681 259 714 Ad
295 680 593 714 Absolutionem
631 680 802 722 Capituli
840 680 970 713 Lectio

143 728 285 762 brevis
318 727 359 762 Si
383 729 682 764 consurrexistis
701 739 787 764 cum
803 729 970 764 Christo.

143 780 185 809 ut
206 776 245 809 in
263 775 463 809 Psalterio.
482 775 535 811 26.

415 844 483 880 Ad
507 844 707 880 Tertiam.

199 900 299 940 Ant.
338 900 537 951 Alleluia,
571 900 758 951 alleluia,
788 900 971 951 alleluia,

143 955 324 1008 alleluja.

195 1017 290 1057 Quae
314 1017 400 1051 Ant.
427 1016 498 1050 dic.
526 1017 575 1050 ad
600 1017 697 1050 alias
722 1017 859 1050 Horas.

197 1068 455 1119 Capitulum.
531 1067 770 1108 Carissimi:
832 1067 972 1109 Omne

145 1122 276 1174 quod.
301 1123 394 1164 272.

198 1182 247 1233 Rg.
270 1181 331 1221 br.
364 1179 563 1220 Surrexit
587 1179 803 1220 Dominus
828 1178 883 1220 de
909 1192 972 1220 se-

144 1234 347 1287 pulchro,
375 1239 397 1262 *
421 1234 623 1286 Alleluia,
652 1234 834 1286 alleluia.
874 1235 972 1275 Sur-

145 1290 268 1331 rexit.
306 1287 356 1339 V.
387 1290 472 1340 Qui
498 1303 580 1342 pro
609 1290 737 1332 nobis
762 1290 974 1342 pependit

144 1346 189 1386 in
207 1346 338 1397 ligno.
374 1346 577 1398 Alleluia,
601 1346 784 1397 alleluja.
821 1346 974 1387 Gloria

144 1402 273 1444 Patri.
299 1402 507 1444 Surrexit.

196 1449 246 1501 V·
273 1458 471 1499 Surrexit
488 1458 705 1498 Dominus
726 1471 845 1508 vere,
871 1457 972 1498 alle-

145 1513 241 1610 }uja.
279 1511 329 1562 R·-
353 1513 412 1554 Et
434 1513 640 1565 apparuit
663 1513 845 1564 Simoni,
874 1513 973 1554 alle-

161 1570 242 1621 uia.

423 1628 492 1665 Ad
514 1628 702 1666 Sextam.

223 1681 482 1733 Capitulum.
678 1682 706 1719 1.
720 1681 841 1720 Joan.
856 1681 893 1719 5.

231 1745 300 1786 uis
327 1750 394 1787 est
420 1750 566 1787 autem
594 1745 668 1797 qui
693 1744 827 1786 vincit
852 1757 973 1785 mun-

249 1800 369 1850 dum,
395 1801 478 1841 nisi
504 1801 578 1853 qui
602 1800 743 1842 credit
768 1800 974 1852 quoniam

145 1857 273 1899 Jesus
302 1861 368 1898 est
393 1856 529 1897 Filius
556 1854 662 1898 Dei?
689 1855 760 1896 1116
786 1860 870 1905 est,
900 1855 974 1907 qui

146 1912 265 1953 venit
282 1924 363 1964 per
382 1924 541 1964 aquam
561 1916 604 1953 et
623 1911 888 1962 sanguinem,
906 1910 931 1950 J
933 1923 973 1951 e-

146 1980 221 2008 sus
247 1967 463 2009 Christus:
491 1980 580 2008 non
606 1967 651 2007 in
679 1979 794 2018 aqua
820 1966 973 2015 solum,

146 2022 227 2065 sed
245 2023 290 2063 in
308 2035 423 2074 aqua
442 2027 487 2064 et
505 2023 725 2073 sanguine.

151 2099 164 2110 κ
198 2079 249 2129 R.
269 2077 330 2118 br.
359 2079 557 2119 Surrexit
576 2078 791 2118 Dominus
811 2089 931 2126 vere,
949 2078 972 2101 ²⁶¹

147 2133 351 2186 Alleluia,
379 2133 562 2185 alleluja.
597 2133 803 2174 Surrexit.
842 2129 891 2178 Υ.
916 2132 974 2172 Et

147 2189 352 2242 apparuit
368 2189 545 2230 Simoni.
572 2188 770 2240 Alleluia,
794 2186 973 2238 alleluja.

149 2245 301 2286 Gloria
318 2244 448 2286 Patri.
475 2244 684 2285 Surrexit.

199 2294 249 2346 Ys.
269 2300 422 2341 Gavisi
440 2303 540 2340 sunt
560 2298 774 2351 discipuli,
793 2298 973 2348 alleluia.

147 2357 197 2407 R.
215 2356 327 2397 Viso
346 2355 551 2403 Domino,
572 2354 753 2406 alleluia.

427 2431 495 2467 Ad
514 2432 698 2468 Nonam.

201 2488 460 2539 Capitulum.
649 2487 865 2526 1.J0a1·1.5.
883 2485 920 2524 b.

149 2538 231 2644 Si
254 2548 555 2590 testimenium
573 2547 798 2587 hominum
818 2544 973 2595 accipi-

1779 177 1845 212 273

1021 270 1121 320 Dei,
1150 270 1270 321 quod
1288 272 1425 322 majus
1445 276 1527 320 est,
1557 272 1762 323 quoniam
1784 277 1844 313 te-

1023 326 1238 367 stificatus
1258 331 1324 367 est
1342 326 1396 367 de
1411 326 1520 367 Filio
1538 340 1628 368 suo.
1657 328 1740 377 Qui
1755 340 1844 368 cre-

1024 381 1087 423 dit
1110 382 1155 422 in
1179 381 1338 422 Filium
1362 382 1459 431 Dei,
1494 382 1626 424 habet
1650 383 1843 424 testimo-

1022 438 1142 478 nium
1160 438 1245 479 Dei
1261 439 1306 478 in
1326 450 1384 478 se.

1080 493 1130 543 K.
1158 492 1219 532 br.
1262 493 1413 534 Gavisi
1445 498 1545 534 sunt
1576 493 1793 556 discipuli,
1828 499 1848 520 *

1023 548 1221 600 Alleluia,
1250 549 1431 600 alleluja.
1469 549 1629 590 Gavisi.
1667 551 1715 596 V.
1734 550 1843 590 Viso

1022 604 1226 645 Domino.
1258 604 1459 655 Alleluia,
1479 604 1659 655 alleluja.
1698 604 1845 646 Gloria

1022 660 1154 701 Patri.
1182 660 1343 701 Gavisi.

1081 712 1130 762 V.
1154 716 1282 757 Mane
1305 715 1534 757 nobiscum
1556 715 1759 765 Domine,
1789 716 1845 756 al-

1023 771 1161 823 leluja.
1201 773 1250 822 Rg.
1272 772 1487 821 Quoniam
1507 771 1846 822 advesperascit,

1024 827 1205 878 alleluja.

1249 907 1328 947 Ad.
1353 908 1621 957 Vesper-as.

1082 970 1181 1009 Ant.
1212 968 1402 1019 Alleluia,
1420 968 1600 1019 alleluja,
1621 968 1801 1019 alleluja.

1080 1027 1140 1060 I's.
1172 1027 1217 1060 de
1242 1027 1349 1060 Dom.
1371 1027 1450 1063 107.
1484 1028 1548 1070 qui
1577 1029 1646 1061 sub
1673 1039 1746 1061 una
1773 1034 1850 1062 tan-

1028 1078 1106 1107 tum
1131 1075 1217 1108 Ant.
1244 1075 1430 1108 dicuntur.

1082 1126 1218 1177 Capit.
1247 1126 1482 1167 Carissimi:
1507 1126 1656 1166 Omne.
1675 1125 1765 1165 272.

1080 1183 1288 1233 Hymnus.
1318 1181 1383 1223 Ad
1402 1182 1554 1232 regias.
1573 1182 1658 1221 110.

1083 1235 1130 1283 V.
1155 1239 1283 1280 Mane
1307 1238 1537 1279 nobiscum
1560 1236 1763 1284 Domine,
1791 1235 1847 1275 al-

1025 1295 1169 1359 leluja.
1202 1295 1251 1345 R.
1273 1294 1486 1344 Quoniam
1512 1291 1848 1343 advesperascit,

1025 1350 1341 1451 alljxldlllellllagnif.
1372 1403 1469 1441 Ant.
1502 1403 1602 1444 Post
1626 1402 1720 1443 dies
1745 1406 1847 1441 octo

1024 1461 1161 1513 januis
1193 1461 1352 1502 clausis
1384 1460 1605 1510 ingressus
1633 1457 1847 1498 Dominus

1025 1517 1135 1612 {lixit
1155 1517 1232 1558 eis:
1258 1516 1350 1557 Pax
1370 1515 1511 1564 vobis,
1536 1513 1722 1563 alleluja,
1747 1511 1847 1552 alle-

1041 1585 1234 1678 ulfi-ymni,
1259 1630 1341 1675 W.
1368 1640 1403 1668 ct
1426 1634 1502 1677 RRv.
1529 1635 1581 1668 br.
1607 1635 1718 1675 huius
1740 1635 1848 1668 Dom.

1028 1683 1207 1716 dicuntur
1237 1692 1357 1725 usque
1388 1682 1434 1715 ad
1461 1683 1635 1722 Ascens.,
1669 1682 1781 1715 etiam
1812 1682 1848 1714 in

1028 1730 1151 1763 feriali
1177 1729 1323 1763 Officio.

1181 1817 1364 1853 Feria
1400 1815 1695 1851 Secunda.

1226 1880 1305 1921 Ad
1331 1878 1649 1920 matutinum.

1053 1942 1202 2009 '‘Inxvit.
1241 1939 1438 1990 Alleluia,
1466 1938 1652 1989 alleluja,
1682 1943 1703 1965 *
1731 1936 1846 1977 Alle-

1024 1997 1144 2095 mila-S.
1172 2053 1334 2099 Venite,
1354 2049 1631 2091 exsultemus.
1648 2049 1686 2089 2.

1078 2111 1290 2160 Hymnus.
1322 2109 1407 2147 Rex
1426 2105 1697 2156 sempiterne.
1715 2104 1751 2141 3.

1082 2166 1223 2200 Psalmi
1264 2165 1415 2198 feriales
1455 2164 1631 2198 dicuntur
1668 2163 1738 2196 sub
1774 2173 1847 2195 una

1028 2215 1115 2248 Ant.
1148 2212 1320 2256 Alleluia.
1356 2217 1391 2245 et
1424 2207 1466 2251 V.
1502 2211 1547 2244 dc
1579 2210 1692 2243 Psalt.
1725 2220 1846 2251 usque

1029 2261 1078 2295 ad
1104 2261 1391 2295 Ascensioncm.

1080 2321 1236 2373 Incipit
1258 2319 1369 2361 liber
1391 2320 1581 2359 Actuum
1604 2316 1793 2367 Aposto-

1358 2374 1509 2414 lorum.
1761 2389 1767 2395 ·

1132 2433 1282 2472 Lectio
1305 2432 1326 2470 i.
1598 2427 1699 2477 Cap.
1717 2428 1745 2466 1.

1034 2498 1087 2536 11η
1108 2487 1264 2527 rimum
1289 2482 1464 2535 quidem
1487 2482 1735 2522 sermonem
1761 2480 1845 2521 feci

1048 2542 1095 2578 ΜΓ
1126 2542 1181 2583 (16
1200 2539 1400 2582 omnibus
1420 2550 1446 2578 ο
1465 2535 1726 2588 Theophile,
1747 2547 1844 2587 quae

234 2617 350 2653 mus,
389 2603 688 2645 testimonium
719 2601 803 2641 Dei
836 2599 974 2649 majus
1025 2597 1162 2648 coepit
1184 2597 1310 2637 Jesus
1333 2593 1494 2641 facere,
1527 2595 1570 2632 et
1594 2591 1754 2632 docere
1777 2602 1844 2630 us-

150 2663 232 2700 est:
258 2659 466 2711 quoniam
483 2658 569 2699 hoc
588 2662 656 2699 est
674 2654 974 2698 testimonium
1026 2665 1110 2705 que
1128 2653 1172 2693 in
1191 2651 1320 2698 diem,
1344 2660 1430 2700 qua
1449 2647 1709 2700 praecipiens
1727 2645 1844 2698 Apo-
