2066 2904
386 148 458 182 Dic
484 149 514 182 9.
540 147 639 187 Maii.
688 148 723 182 S.
750 147 929 188 Gregorii
956 144 1193 195 Nazianzcni
1221 144 1347 187 Episc.
1375 145 1484 177 (jons.
1511 148 1547 177 ct
1574 143 1680 176 Doct.

174 256 321 286 merus
341 245 495 285 eorum
512 242 650 283 millia
667 241 870 291 millium,
896 254 1007 283 voce

174 314 333 352 magna
366 299 617 342 dicentium:
649 297 777 339 Salus
802 298 900 339 Deo
933 310 1007 339 no-

176 362 280 399 stro.

228 416 277 467 R·.
310 415 372 455 br.
419 411 632 453 Ascendit
662 411 807 452 fumus
840 413 1008 452 ardma—

175 475 269 512 tum
297 469 341 510 in
368 470 610 521 conspectu
632 468 829 517 Domini,
847 469 869 492 *
892 467 1007 508 Alle-

176 526 279 578 fflja,
299 524 483 577 allelfija.
509 522 735 566 Ascendit.
761 521 812 572 V
832 524 901 565 De
920 537 1008 564 ma-

175 595 235 623 nu
253 580 422 632 Angeli.
457 581 661 633 Allelffia,
685 580 868 632 alleh‘ija.
902 579 1007 621 Glo-

177 638 242 679 ria
259 637 390 679 Patri.
419 636 645 679 Ascendit.

227 691 277 742 V.
294 695 346 735 In
362 696 604 747 conspectu
618 693 889 744 Angelorum
903 692 1011 745 psal-

177 751 265 792 lam
274 750 355 792 tibi
364 750 486 791 Deus
497 763 632 799 meus,
652 749 834 801 allehija.
850 750 902 801 R.
921 748 1008 789 Ad-

179 806 318 848 orabo
343 806 400 848 ad
423 806 638 859 templum
657 811 856 847 sanctum
874 810 1009 855 tuum,

179 869 223 906 et
246 863 491 905 confitebor
513 863 682 904 nemini
706 867 800 911 tuo7
826 861 1010 913 alleltiJa.

459 932 527 968 Ad
549 933 735 968 Nonam.

227 990 327 1030 Ant.
357 988 524 1040 Augen,
543 988 821 1041 Archangeli.

228 1050 488 1102 Capitulum.
688 1049 828 1099 Apoc.
846 1050 900 1087 12.
917 1048 956 1088 b.

176 1106 403 1211 Factum
429 1116 496 1153 est
519 1111 723 1164 praelium
741 1123 950 1161 magnum
967 1110 1012 1150 in

270 1167 401 1210 coelo:
432 1167 635 1217 MichaeL
665 1172 709 1209 et
732 1166 892 1218 Angeli
920 1168 1011 1219 eJus

178 1223 491 1276 praeliabantur
510 1237 611 1265 cum
629 1223 831 1273 dracone,
852 1227 897 1265 et
915 1222 1011 1265 dra—

180 1293 233 1322 co
252 1279 489 1333 pugnabat,
509 1284 553 1322 et
572 1280 716 1331 angeli
735 1281 842 1331 ejus:
862 1284 906 1321 et
923 1292 1012 1321 non

179 1336 519 1389 praevaluerunt,
547 1349 691 1388 neque
716 1336 841 1378 locus
866 1337 1012 1377 inven-

179 1398 251 1434 tus
271 1398 338 1435 est
357 1396 510 1434 eorum
530 1393 718 1446 amplius
738 1393 782 1434 in
800 1393 927 1434 coelo.

229 1451 280 1502 R.
305 1450 366 1491 br.
398 1450 449 1490 In
475 1451 718 1502 conspectu
741 1449 1013 1501 Angelorum

179 1506 367 1558 psallam
385 1506 467 1548 tibi
483 1506 606 1548 Deus
625 1519 760 1555 meus,
773 1506 796 1529 *
815 1505 1013 1557 Alleh‘ija,

182 1562 366 1614 allehija.
401 1563 463 1603 In.
495 1556 547 1608 V.
578 1562 794 1604 Adorabo
822 1562 879 1604 ad
906 1567 1012 1603 tem-

180 1618 303 1672 plum
323 1623 523 1660 sanctum
539 1624 678 1669 tuum,
705 1624 749 1661 et
768 1618 1014 1661 confitebor

180 1675 345 1716 nomini
363 1680 454 1717 tuo.
482 1675 680 1728 Alleli‘ija,
699 1675 882 1727 allehiJa.
908 1674 1013 1716 Glo-

181 1731 246 1772 ria
263 1731 396 1774 Patri.
422 1732 485 1773 In.

231 1781 282 1833 V.
303 1787 503 1830 Adorate
514 1788 670 1838 Deum,
689 1787 873 1839 allehiJa.
890 1787 941 1838 R.
958 1787 1014 1828 0-

182 1857 305 1886 mnes
323 1844 484 1896 Angeli
502 1846 604 1895 ejus,
623 1844 807 1897 allehija.

389 1927 451 1967 In
472 1926 530 1968 11.
554 1926 806 1977 vesperis.

235 1994 322 2026 Ant.
348 1996 385 2026 et
409 1992 533 2034 Capit.
559 1991 605 2025 de
628 1991 748 2025 Laud.
772 1992 851 2028 499.
879 1991 939 2024 Ps.
966 1991 1012 2024 de

183 2041 334 2075 Domin.
360 2040 440 2077 107.
464 2044 500 2074 et
522 2040 611 2074 loco
636 2040 701 2073 ult.

445 2095 645 2137 Psalmus
664 2095 749 2135 137.

184 2148 479 2255 Confitebor
510 2153 592 2195 tibi
621 2153 810 2194 Domine
843 2152 888 2192 in
920 2156 1018 2193 toto

277 2210 412 2253 corde
438 2222 555 2252 meo:
574 2211 599 2237 *
625 2209 833 2262 quoniam
857 2206 1019 2250 audisti

185 2267 323 2310 verba
342 2267 431 2311 oris
453 2266 550 2308 mei.

238 2324 290 2365 In
325 2324 567 2376 conspectu
600 2321 872 2373 Angelorum
904 2320 1019 2373 psal-

187 2380 275 2421 lam
307 2379 403 2421 tibi:
430 2379 455 2405 *
483 2378 683 2420 adorAbo
717 2377 775 2419 ad
806 2376 1021 2430 templum

191 2441 390 2478 sanctum
415 2436 559 2488 imum,
592 2439 636 2476 et
668 2433 914 2476 confitebor
945 2434 1021 2473 no-

188 2491 295 2533 mini
310 2496 401 2534 tuo.

246 2547 387 2600 Super
412 2546 714 2590 misericordia
733 2552 823 2595 tua,
851 2549 896 2586 et
914 2544 1022 2586 veri-

190 2606 283 2646 tate
314 2608 404 2645 tua:
434 2604 459 2631 *
495 2603 703 2656 queniam
733 2599 1024 2653 magnificasti

192 2671 325 2713 super
339 2672 479 2710 omne,
498 2672 660 2702 nomen
675 2663 875 2700 sanctum
889 2661 1024 2698 tuum.

1821 140 1893 176 501

1110 241 1161 281 In
1178 243 1455 292 quacnmque
1471 239 1542 280 die
1559 239 1824 280 invocavero
1839 243 1894 288 te,

1060 296 1221 338 exandi
1243 309 1329 337 me:
1353 296 1377 322 *
1400 295 1714 349 multiplicabis
1738 295 1781 335 in
1807 295 1894 336 ani-

1058 366 1130 394 ma
1148 365 1247 402 mea
1266 352 1485 394 virtiitem.

1113 409 1417 451 Confiteantur
1435 407 1516 449 tibi
1534 408 1724 449 D6mine
1742 421 1896 449 omnes

1059 479 1187 517 reges
1220 471 1365 507 terrae:
1393 466 1416 492 *
1451 465 1553 516 quia
1586 463 1819 505 audierunt
1852 466 1895 504 ό-

1059 523 1176 563 mnia
1194 521 1330 564 verba
1350 521 1437 562 oris
1455 521 1534 563 tui:

1111 580 1169 620 Et
1187 583 1365 620 cantent
1383 579 1427 619 in
1446 578 1528 619 viis
1544 577 1736 619 Domini:
1751 577 1775 603 *
1791 579 1896 628 quo-

1060 637 1178 678 niam
1196 648 1356 686 magna
1375 639 1442 676 est
1462 634 1604 685 gloria
1622 633 1811 675 Domini.

1114 692 1331 742 Quoniam
1360 691 1561 733 excelsus
1590 690 1824 739 Dominus.
1854 694 1898 730 et

1060 748 1242 790 humilia
1270 748 1464 801 respicit:
1484 749 1508 775 *
1529 752 1573 789 et
1600 746 1688 787 alta
1715 760 1741 787 a
1765 746 1898 797 longe

1063 805 1301 856 cognoscit.

1113 863 1159 904 Si
1179 861 1463 904 ambulavero
1487 861 1531 900 in
1551 859 1698 902 medio
1718 858 1897 901 tribula-

1062 919 1209 969 tic'mis,
1243 917 1488 959 vivificabis
1521 930 1606 958 me:
1634 918 1659 944 *
1687 921 1731 958 et
1767 927 1899 967 super

1062 976 1173 1017 iram
1190 975 1467 1017 inimicorum
1486 976 1687 1016 meorum
1704 971 1899 1013 extendi-

1064 1032 1121 1073 sti
1138 1045 1316 1072 manum
1334 1037 1470 1081 tuam,
1498 1036 1541 1072 et
1560 1030 1731 1071 salvum
1749 1041 1820 1069 me
1840 1028 1898 1069 fe-

1064 1088 1123 1129 cit
1143 1087 1325 1129 dextera
1342 1093 1429 1129 tua.

1115 1144 1332 1186 Dominus
1373 1143 1587 1186 retribuet
1627 1155 1711 1195 pro
1751 1154 1837 1182 me:
1877 1140 1900 1165 *

1063 1201 1252 1242 Domine
1276 1199 1581 1242 misericordia
1603 1203 1679 1240 tua
1702 1198 1746 1238 in
1765 1199 1900 1238 saecu·

1063 1257 1170 1298 lum:
1217 1259 1354 1309 opera
1389 1259 1598 1297 manuum
1633 1256 1809 1296 tuarum
1845 1265 1900 1294 ne

1065 1314 1295 1366 despicias.

1122 1379 1279 1429 Hymn.
1308 1378 1370 1420 Te
1392 1377 1614 1430 splendor.
1634 1380 1681 1415 ut
1702 1375 1741 1414 in
1766 1376 1795 1414 Ι.
1817 1376 1900 1415 Vc-

1068 1435 1218 1487 speris.
1238 1436 1335 1476 496.

1121 1493 1172 1544 Ys-
1228 1501 1280 1540 In
1331 1501 1575 1552 conspectu
1626 1496 1902 1548 Angelorum

1065 1556 1254 1610 psallam
1284 1556 1364 1598 tibi
1390 1556 1513 1597 Deus
1540 1567 1680 1604 meus,
1719 1552 1902 1605 alleh'ija.

1068 1611 1118 1662 Κν-
1143 1612 1357 1654 Adorabo
1387 1611 1444 1653 ad
1466 1611 1682 1664 templum
1701 1613 1902 1651 sanctum

1065 1675 1199 1719 tuum,
1219 1674 1263 1711 et
1282 1667 1528 1710 confitebor
1546 1666 1712 1708 nomini
1732 1670 1822 1715 tuo,
1845 1664 1901 1706 al-

1065 1726 1205 1778 leh'ija.
1950 1774 1951 1777 Ἴ

1122 1792 1193 1833 Ad
1221 1792 1395 1840 Magnis.
1430 1794 1530 1832 Ant.
1569 1792 1784 1844 Princeps
1813 1791 1903 1842 glo-

1066 1851 1327 1901 riosissime,
1373 1850 1563 1892 Michael
1607 1847 1903 1899 Archangele,

1068 1912 1164 1950 esto
1183 1920 1353 1949 memor
1371 1907 1529 1949 nostri:
1556 1906 1643 1956 hic,
1672 1910 1717 1946 et
1740 1904 1904 1955 ubique
1951 1907 1953 1910 “

1068 1977 1244 2017 semper
1271 1966 1457 2017 precare
1483 1976 1567 2016 pro
1592 1961 1721 2004 nobis
1745 1960 1905 2001 Filium

1067 2021 1162 2071 Dei,
1182 2020 1365 2073 alleli'lja,
1385 2020 1569 2071 allehiJa.

1122 2088 1169 2121 Et
1193 2087 1234 2120 fit
1259 2095 1457 2119 commem.
1484 2094 1589 2127 sequ.

1351 2185 1435 2226 Die
1454 2185 1492 2225 9.
1511 2183 1624 2235 Maji.

1093 2254 1136 2295 S.
1157 2253 1387 2303 Gregorii
1406 2250 1715 2294 Nazianzeni
1738 2248 1882 2299 Episc.

1255 2304 1375 2345 Conf.
1397 2310 1439 2344 et
1459 2303 1575 2343 Eccl.
1595 2303 1722 2344 Doct.

1404 2373 1569 2415 Duplex

1124 2435 1262 2469 Omnia
1297 2435 1343 2468 dc
1375 2434 1519 2468 Comm.
1551 2432 1660 2467 Conf.
1690 2433 1799 2468 Pont.
1837 2431 1906 2475 [66]

1072 2488 1213 2526 praeter
1237 2493 1343 2525 sequ.

1124 2540 1167 2573 In
1192 2540 1365 2582 utrisque
1393 2539 1508 2580 chp.
1535 2538 1584 2571 ad
1607 2538 1762 2581 Magnis.

1124 2595 1223 2635 Ant.
1252 2595 1288 2634 O
1308 2598 1480 2638 Doctor
1499 2595 1675 2648 optime,
1695 2594 1908 2636 Ecclesiae

1077 2661 1241 2697 sanctae
1269 2654 1430 2702 lumen,
1458 2652 1590 2695 beate
1618 2651 1819 2702 (negoti,
1848 2649 1909 2692 di-
