2028 2892
186 202 249 238 164

236 303 270 341 2.
304 296 516 340 Dominus
539 296 563 320 *
588 294 695 335 mihi
726 292 898 344 adjutor
930 296 1007 339 est,

187 368 272 396 non
291 352 454 395 timebo
475 350 580 403 quid
599 351 730 392 faciat
743 349 847 390 mihi
864 348 1007 389 homo.

236 416 272 453 3.
299 414 419 453 Deus
446 408 705 449 misereatur
732 406 886 454 nostri,
913 405 936 431 *
966 408 1008 445 et

186 465 415 509 benedicat
434 477 525 506 nos.

237 530 272 566 4.
297 526 334 565 V
340 523 398 562 im
417 521 589 562 virtatis
609 532 699 561 suae
719 521 742 546 *
762 518 923 560 oblitus
943 523 1008 558 est

186 580 310 631 ignis:
338 583 386 620 ut
411 578 536 631 paeri
564 576 627 618 tui
650 576 938 617 liberarentur
963 573 1008 614 il-

185 636 288 678 laesi.

237 696 273 734 Γ).
304 691 378 734 Sol
409 695 452 732 et
478 690 579 731 luna
602 691 625 716 *
650 688 825 730 laudate
852 687 1009 728 Deum:

189 749 289 802 quia
309 747 544 790 exaltatum
570 750 636 787 est
654 758 813 787 nomen
833 745 922 795 ejus
943 756 1010 784 so-

187 805 281 846 lius.

266 885 523 937 Capitulum.
718 883 875 935 Ephes.
895 884 930 922 5.

187 943 419 1050 Fratres:
450 947 605 988 Estote
636 946 878 987 imitat6res
910 944 1010 993 Dei,

283 1005 396 1046 sicut
424 1003 502 1044 filii
530 1002 755 1044 carissimi:
792 1006 835 1043 et
863 1000 1010 1042 ambu-

188 1061 276 1103 late
294 1062 336 1102 in
357 1059 601 1108 dilectione,
621 1060 733 1100 sicut
752 1062 795 1099 et
814 1057 1011 1099 Christus

189 1117 341 1159 dilexit
355 1130 446 1166 nos,
466 1121 509 1158 et
527 1116 709 1157 tradidit
727 1116 1011 1166 semetipsum

189 1187 270 1226 pro
298 1173 424 1215 nobis
452 1172 720 1214 oblationem
749 1176 792 1213 et
824 1170 1012 1212 hostiam

189 1231 285 1272 Deo
305 1231 349 1271 in
368 1229 550 1271 odorem
569 1228 805 1271 suavitatis.

497 1314 706 1365 Hymnus.

340 1374 407 1415 sol
426 1374 590 1422 salutis,
608 1373 771 1414 intimis

359 1431 383 1471 J
385 1444 462 1472 esu
480 1430 644 1480 refulge
664 1429 891 1479 mentibus,

291 1488 406 1528 Dum
424 1492 554 1528 nocte
573 1486 699 1539 pulsa
717 1486 883 1537 gratior

291 1543 399 1586 Orbi
418 1543 510 1585 dies
529 1543 781 1584 renascitur.

240 1612 360 1652 Dans
379 1614 551 1661 tempus
574 1607 856 1661 acceptabile,

294 1666 371 1714 Da,
391 1665 666 1706 lacrimarum
686 1664 835 1705 rivulis

293 1722 461 1763 Lavare
481 1721 626 1763 cordis
645 1721 874 1771 victimam,

295 1779 435 1828 Quam
454 1777 556 1819 laeta
575 1777 730 1819 adurat
751 1778 921 1819 caritas.

244 1847 342 1894 Quo
363 1843 482 1884 fonte
500 1842 691 1883 manavit
709 1843 840 1892 nefas,

294 1899 450 1941 Fluent
468 1901 682 1952 perennes
699 1899 901 1949 lacrimae,

294 1955 338 1996 Si
358 1955 479 2007 virga
499 1956 765 2008 poenitentiae

296 2011 453 2053 Cordis
472 2012 659 2063 rigorem
678 2014 886 2054 conterat.

244 2077 351 2118 Dies
370 2077 498 2126 venit,
519 2076 611 2118 dies
631 2082 715 2127 tua,

296 2134 346 2174 In
367 2146 451 2186 qua
470 2133 678 2174 reflorent
698 2134 855 2174 emnia:

299 2190 516 2231 Laetemur
537 2195 580 2231 et
599 2203 680 2230 nos
698 2190 742 2230 in
760 2190 874 2231 viam

297 2247 392 2288 Tua
411 2246 580 2288 reducti
600 2246 790 2288 dextera.

247 2311 314 2353 Te
332 2324 472 2363 prona
489 2310 639 2352 mundi
657 2310 857 2351 machina

300 2367 502 2409 Clemens
520 2366 675 2409 adoret
694 2367 894 2416 Trinitas,

300 2424 355 2465 Et
374 2437 453 2465 nos
474 2424 575 2465 novi
593 2436 672 2476 per
690 2423 873 2474 gratiam

299 2479 472 2521 Novum
491 2482 696 2521 canamus
715 2480 941 2521 canticum.

504 2536 658 2577 Amen.

250 2600 299 2651 V.
327 2606 506 2656 Angelis
534 2606 622 2647 suis
648 2607 768 2648 Deus
795 2605 1018 2647 mandavit

199 2661 254 2702 de
273 2667 326 2702 te.
357 2660 405 2711 Rg.
427 2662 484 2703 Ut
503 2662 749 2704 custodiant
767 2667 811 2704 te
826 2663 869 2703 in
886 2662 1018 2702 omni-

199 2718 280 2759 bus
300 2718 379 2759 viis
398 2718 495 2759 tuis.

707 202 906 235 Dominicu
935 201 995 233 Ill.
1022 199 1345 240 (juadrauesimae.

1114 294 1183 335 Ad
1207 293 1365 335 Bened.
1404 294 1501 333 Ant.
1534 293 1647 332 Cum
1669 286 1797 329 fortis
1821 299 1885 328 ar-

1060 348 1203 388 matus
1221 347 1245 371 *
1270 344 1464 387 custodit
1488 343 1647 385 atrium
1671 356 1816 394 suum,
1841 343 1886 384 in

1060 416 1169 456 pace
1188 407 1289 444 sunt
1308 401 1453 443 emnia
1473 413 1572 453 quae
1589 399 1801 453 possidet.

1398 470 1561 510 Oratio.

1144 527 1365 566 uaesumus
1381 526 1658 576 omnipotens
1667 523 1800 573 Deus,
1815 534 1887 563 vo·

1155 587 1201 623 ta
1218 581 1445 622 humilium
1465 579 1651 633 respice:
1676 583 1808 632 atque
1831 577 1887 620 ad

1063 638 1118 680 de
1134 638 1360 680 'ensionem
1405 641 1616 686 nostram,
1661 635 1889 678 dexteram

1062 701 1149 737 tuae
1168 694 1407 747 maiestatis
1427 692 1626 735 extende.
1658 693 1744 734 Per
1761 692 1889 734 Dfim.

1333 762 1402 799 Ad
1424 762 1625 799 Primam.

1120 821 1217 860 Ant.
1260 820 1317 860 Et
1350 829 1449 857 cum
1481 815 1680 868 eiecisset
1709 813 1836 855 Jesus
1865 812 1890 838 *

1063 874 1343 924 daemonium,
1370 872 1544 914 locutus
1569 876 1636 914 est
1657 875 1818 920 mutuS,
1847 873 1892 911 et

1063 930 1288 973 admiratae
1308 934 1409 971 sunt
1428 928 1581 971 turbae.

1329 999 1396 1035 Ad
1419 998 1619 1035 Tertiam.

1116 1057 1214 1097 Ant.
1242 1052 1289 1094 Si
1308 1052 1351 1092 in
1372 1051 1509 1102 digito
1525 1050 1609 1092 Dei
1623 1050 1647 1076 *
1663 1049 1785 1102 ejicio
1805 1046 1892 1089 dae-

1063 1109 1223 1157 monia,
1260 1108 1459 1161 profecto
1497 1106 1698 1161 pervenit
1733 1105 1779 1147 in
1812 1116 1893 1146 vos

1064 1179 1245 1218 regnum
1273 1166 1367 1207 Dei.

1119 1224 1255 1276 Cupit.
1287 1225 1475 1263 Fratres:
1498 1221 1664 1262 Estote.
1685 1226 1730 1263 ut
1750 1233 1893 1273 supra.

1118 1283 1167 1334 R'·
1200 1284 1259 1323 br.
1306 1279 1410 1331 Ipse
1441 1277 1643 1320 liberavit
1673 1288 1744 1317 me
1774 1278 1798 1302 *
1822 1273 1891 1315 De

1064 1337 1222 1389 laqueo
1252 1335 1511 1376 venantium.
1545 1335 1660 1387 Ipse.
1702 1328 1753 1381 V.
1782 1331 1838 1372 Et
1865 1342 1891 1371 a

1065 1393 1201 1435 verbo
1231 1394 1401 1445 aspero.
1437 1391 1505 1433 De
1532 1391 1702 1443 laqueo.
1741 1386 1893 1430 Gloria

1064 1450 1194 1492 Patri.
1222 1450 1335 1502 Ipse.

1117 1502 1167 1555 V.
1184 1505 1384 1559 Scapulis
1399 1505 1488 1547 suis
1504 1501 1787 1546 obumbrabit
1800 1499 1894 1542 tibi.

1068 1566 1116 1618 R.
1132 1563 1189 1605 Et
1207 1562 1289 1604 sub
1308 1562 1464 1616 pennis
1484 1561 1575 1613 ejus
1594 1557 1814 1613 sperabis.

1343 1631 1408 1668 Ad
1434 1630 1620 1667 Sextam.

1117 1686 1217 1727 Ant.
1246 1683 1331 1736 Qui
1354 1695 1443 1724 non
1469 1681 1636 1733 colligit
1657 1692 1844 1728 mecum,
1867 1678 1892 1704 *

1065 1741 1293 1794 dispergit:
1325 1745 1369 1782 et
1398 1739 1473 1792 qui
1499 1751 1588 1780 non
1615 1741 1683 1779 est
1710 1748 1893 1785 mecum,

1065 1802 1219 1840 contra
1237 1810 1308 1838 me
1326 1801 1404 1838 est.

1146 1866 1404 1917 Capitulum.
1550 1862 1708 1915 Ephes.
1724 1863 1761 1902 5.
1777 1862 1815 1903 b.

1065 1920 1215 2028 Hoc
1248 1923 1364 1966 enim
1401 1922 1561 1964 scitote
1591 1918 1894 1970 intelligentes,

1180 1979 1301 2034 quod
1337 1979 1478 2021 omnis
1518 1976 1774 2024 fornicator,
1819 1978 1894 2016 aut

1066 2037 1333 2086 immundus,
1365 2040 1440 2077 aut
1467 2036 1645 2082 avaruS,
1678 2030 1799 2084 quod
1827 2035 1895 2072 est

1067 2095 1286 2138 idolorum
1303 2093 1507 2141 servitus,
1537 2103 1627 2131 non
1649 2087 1783 2130 habet
1807 2086 1893 2128 hae-

1067 2152 1298 2194 reditatem
1318 2151 1362 2191 in
1381 2161 1515 2200 regno
1536 2145 1712 2195 Christi,
1737 2149 1781 2186 et
1798 2143 1894 2185 Dei.

1123 2208 1171 2259 R.
1192 2207 1254 2248 br.
1277 2206 1476 2260 Scapulis
1496 2205 1586 2246 suis
1608 2206 1630 2228 *
1649 2200 1893 2244 Obumbra-

1068 2265 1132 2307 bit
1151 2264 1242 2306 tibi.
1277 2262 1487 2316 Scapulis.
1524 2258 1574 2309 Y.
1599 2260 1657 2302 Et
1683 2258 1764 2300 sub
1790 2270 1893 2310 pen-

1069 2322 1134 2363 nis
1180 2322 1270 2372 ejus
1319 2318 1530 2373 sperabis.
1591 2313 1895 2358 Obumbrabit.

1072 2378 1221 2419 Gloria
1237 2377 1367 2418 Patri.
1394 2373 1606 2428 Scapulis.

1124 2430 1173 2481 Y.
1192 2434 1326 2475 Scuto
1354 2429 1644 2474 circumdabit
1667 2433 1712 2470 te
1734 2427 1894 2469 veritas

1070 2491 1171 2542 ejus.
1209 2491 1257 2541 R.
1278 2489 1379 2530 Non
1402 2487 1576 2530 timebis
1600 2499 1627 2528 a
1644 2486 1800 2527 timore
1820 2495 1894 2524 no-

1070 2550 1236 2588 cturno.

1348 2609 1416 2644 Ad
1438 2609 1623 2645 Nonam.

1124 2664 1160 2703 A
1168 2668 1222 2703 nt.
1252 2664 1364 2703 Cum
1391 2659 1640 2702 immandus
1669 2657 1847 2711 spiritus
1871 2656 1894 2682 *

1072 2719 1226 2760 exierit
1244 2717 1299 2760 ab
1318 2717 1504 2767 homine,
1525 2715 1720 2758 ambulat
1738 2725 1817 2766 per
1835 2712 1894 2754 lo-
