2066 2904
625 164 835 198 Commune
861 162 1071 205 Martyrum
1097 167 1268 204 tempore
1296 160 1485 194 Paschali.

254 259 312 301 Ut
331 261 455 300 eruat
474 271 499 299 a
513 262 655 299 morte
676 257 842 299 animas
862 259 1028 298 eorum:

201 316 224 341 *
244 321 287 357 et
307 314 395 356 alat
414 327 490 356 eos
510 315 553 355 in
572 314 696 355 fame.

254 372 411 412 Anima
457 375 607 412 nostra
654 370 840 412 sustinet
880 370 1028 410 Domi-

200 442 318 470 num:
346 429 369 454 *
399 427 604 480 quoniam
642 422 814 479 adji’itor
851 431 894 468 et
930 438 1028 478 pro-

200 487 341 526 tector
360 489 510 526 noster
529 489 605 525 est.

253 541 362 592 Quia
374 541 416 582 in
428 554 481 583 eo
492 540 712 582 laetabitur
728 552 805 581 cor
816 544 1029 580 nostrum:

200 599 223 624 *
244 603 287 640 et
314 598 357 639 in
386 598 560 639 nomine
588 602 741 638 sancto
767 597 857 647 ejus
883 597 1028 648 spera-

200 655 352 696 vimus.

252 712 350 752 Fiat
389 709 690 752 misericordia
730 714 805 751 tua
840 708 1028 749 Domine

201 780 334 820 super
348 781 448 809 nos:
461 768 484 793 *
501 765 870 820 quemadmodum
883 767 1028 817 spera-

200 824 341 866 vimus
359 824 403 865 in
423 829 478 865 te.

473 918 669 957 l'salmus
688 918 751 955 33.

289 992 514 1035 enedicam
550 991 789 1033 Dominum
829 990 872 1031 in
912 991 1030 1032 omni

294 1052 510 1103 tempore:
524 1050 547 1075 *
567 1061 741 1101 semper
760 1048 855 1089 laus
878 1048 968 1100 ejus
987 1048 1030 1089 in

202 1120 277 1149 ore
296 1120 407 1149 meo.

252 1165 303 1205 In
328 1164 428 1205 Dfio
461 1162 710 1205 laudabitur
739 1162 883 1203 anima
915 1175 1030 1203 mea:

201 1221 224 1246 *
244 1220 422 1262 audiant
439 1219 654 1261 mansueti
673 1223 716 1260 et
740 1219 954 1260 laetentur.

253 1277 532 1328 Magnificate
548 1277 786 1318 Dominum
805 1289 992 1317 mecum:
1007 1276 1030 1302 *

203 1340 246 1376 et
257 1334 497 1376 exaltemus
507 1346 667 1375 nomen
675 1335 765 1386 ejus
775 1333 817 1374 in
828 1332 1031 1386 idipsum.

254 1391 481 1443 Exquisivi
505 1390 759 1440 Dominum,
788 1395 831 1431 et
856 1389 1031 1431 exaudi-

203 1448 265 1490 vit
283 1460 368 1489 me:
386 1448 409 1473 *
430 1452 474 1489 et
494 1460 548 1488 ex
569 1447 770 1489 omnibus
788 1446 1030 1489 tribulatio-

202 1504 329 1546 nibus
348 1504 456 1545 meis
477 1504 636 1556 eripuit
654 1517 735 1546 me.

254 1561 466 1603 Accedite
498 1561 555 1602 ad
587 1574 704 1611 eum,
744 1565 788 1602 et
820 1560 1031 1601 illumina-

203 1618 320 1658 mini:
345 1618 368 1643 *
394 1622 437 1659 et
464 1617 598 1659 facies
626 1622 786 1659 vestrae
815 1629 902 1658 non
932 1629 1031 1658 con-

203 1674 447 1716 fundentur.

256 1731 345 1772 Iste
369 1743 538 1783 pauper
563 1730 783 1782 clamavit,
821 1735 865 1773 et
883 1730 1032 1772 Domi-

204 1800 285 1828 nus
311 1786 533 1828 exaudivit
553 1800 668 1829 eum:
695 1788 719 1813 *
748 1791 791 1829 et
818 1787 873 1829 de
899 1787 1032 1828 omni-

204 1843 287 1884 bus
328 1843 680 1886 tribulationibus
718 1844 808 1896 ejus
848 1843 1034 1885 salvavit

207 1913 316 1941 eum.

256 1957 470 1998 Immittet
484 1957 679 2007 Angelus
696 1957 873 1998 Domini
891 1957 936 1998 in
956 1957 1032 1999 cir-

205 2013 325 2055 cuitu
348 2013 592 2055 timentium
612 2027 727 2055 eum:
754 2014 778 2039 *
806 2018 850 2055 et
878 2014 1035 2067 eripiet

209 2082 297 2111 eos.

258 2126 455 2177 Gustate‚
483 2131 528 2168 et
546 2126 693 2169 videte
714 2127 919 2179 queniam
933 2129 1034 2168 sua-

206 2183 272 2224 vis
291 2187 358 2224 est
375 2183 606 2225 Dominus:
629 2184 653 2210 *
680 2183 837 2226 beatus
858 2184 932 2234 vir,
962 2184 1034 2236 qui

207 2245 355 2292 sperat
373 2240 417 2281 in
435 2253 500 2282 eo.

259 2296 430 2339 Timete
455 2297 693 2338 Dominum
719 2310 871 2339 omnes
898 2299 1035 2340 sancti

210 2353 314 2403 ejus:
337 2353 360 2379 *
387 2354 593 2406 queniam
615 2366 703 2396 non
730 2359 798 2396 est
820 2354 967 2407 inopia
987 2355 1035 2396 ti-

208 2409 424 2451 mentibus
443 2423 553 2452 eum.

261 2465 429 2508 Divites
444 2469 657 2517 eguerunt
676 2472 720 2509 et
739 2467 999 2509 esurierunt:
1013 2468 1036 2493 *

211 2521 475 2573 inquirentes
507 2529 652 2566 autem
685 2524 921 2565 Dominum
949 2537 1036 2565 non

212 2577 456 2620 minuentur
476 2581 594 2621 omni
614 2580 744 2622 bono.

263 2634 421 2676 Venite
445 2635 537 2685 filii,
574 2636 721 2679 audite
750 2650 835 2679 me:
863 2638 886 2663 *
913 2637 1037 2679 timo-

211 2702 304 2731 rem
324 2691 500 2732 Domini
519 2692 689 2735 docebo
709 2707 799 2736 vos.

1134 254 1241 305 Quis
1265 258 1333 296 est
1356 253 1491 295 homo
1512 252 1586 305 qui
1610 252 1704 294 vult
1721 252 1871 294 vitam:
1890 253 1913 278 *

1082 311 1223 362 diligit
1241 310 1336 352 dies
1355 309 1506 351 videre
1524 307 1690 351 bonos?

1132 366 1324 409 Prohibe
1344 367 1538 418 linguam
1556 371 1676 408 tuam
1695 379 1721 408 a
1739 365 1871 408 malo:
1890 367 1914 392 *

1082 429 1126 466 et
1144 423 1259 466 labia
1278 429 1354 466 tua
1372 436 1428 464 ne
1447 423 1684 476 loquantur
1704 422 1865 464 dolum.

1132 481 1314 522 Diverte
1335 493 1360 521 a
1379 479 1512 528 malo,
1541 484 1585 521 et
1603 479 1672 521 fac
1691 479 1872 521 bonum:
1889 480 1913 505 *

1081 538 1252 590 inquire
1271 549 1439 589 pacem,
1459 540 1503 578 et
1521 538 1790 589 persequere
1806 549 1914 578 eam.

1135 593 1263 636 Oculi
1280 592 1459 634 Domini
1485 605 1618 645 super
1643 593 1795 645 justos:
1821 593 1845 620 *
1870 597 1915 635 et

1081 663 1208 693 aures
1226 651 1320 703 ejus
1338 649 1382 690 in
1401 662 1558 702 preces
1578 651 1741 691 eorum.

1133 706 1295 750 Vultus
1321 710 1468 748 autem
1491 705 1669 747 Domini
1694 718 1827 758 super
1855 705 1914 747 fa·

1082 764 1247 806 cientes
1272 762 1404 804 mala:
1428 763 1451 787 *
1475 767 1523 804 ut
1546 761 1706 815 perdat
1725 761 1780 804 de
1797 766 1915 804 terra

1082 833 1342 862 memonam
1362 832 1524 861 eorum.

1135 877 1444 918 Clamaverunt
1474 875 1590 927 justi,
1627 879 1671 917 et
1698 874 1914 917 Dominus

1083 932 1307 976 exaudivit
1326 945 1419 974 eos:
1437 932 1461 958 *
1487 937 1530 974 et
1545 944 1600 973 ex
1620 931 1823 974 omnibus
1841 931 1914 974 tri-

1082 988 1378 1033 bulationibus
1399 990 1552 1030 eorum
1568 988 1772 1030 liberavit
1791 1001 1880 1031 eos.

1134 1048 1266 1088 Juxta
1287 1050 1354 1087 est
1367 1045 1584 1087 Dominus
1603 1046 1666 1095 iis,
1689 1045 1764 1098 qui
1781 1045 1914 1088 tribu-

1083 1104 1174 1146 lato
1196 1108 1296 1145 sunt
1315 1102 1465 1144 corde:
1494 1103 1516 1128 *
1546 1107 1591 1144 et
1617 1102 1803 1144 humiles
1831 1104 1916 1155 spi-

1084 1162 1169 1203 ritu
1188 1159 1386 1202 salvabit.

1135 1217 1286 1259 Multae
1314 1216 1618 1259 tribulationes
1646 1216 1874 1267 justorum:
1892 1216 1916 1241 *

1084 1279 1128 1316 et
1167 1274 1223 1316 de
1261 1273 1464 1316 omnibus
1496 1272 1564 1314 his
1597 1271 1802 1314 liberabit
1838 1285 1916 1314 eos

1084 1331 1310 1373 Dominus.

1137 1387 1341 1430 Custodit
1376 1386 1594 1428 Dominus
1631 1385 1778 1427 omnia
1815 1398 1918 1427 ossa

1085 1447 1254 1487 eorum:
1279 1445 1303 1471 *
1328 1457 1462 1485 unum
1488 1456 1542 1485 ex
1565 1443 1633 1484 his
1657 1455 1746 1484 non
1770 1446 1917 1484 c‘onte-

1084 1504 1215 1544 retur.

1136 1559 1258 1600 Mors
1287 1559 1574 1611 peccatorum
1600 1556 1807 1609 pessima:
1830 1556 1854 1583 ¹⁰¹
1875 1560 1919 1598 et

1086 1616 1160 1668 qui
1180 1615 1368 1657 oderunt
1386 1615 1548 1666 justum
1567 1613 1833 1666 delinquent.

1137 1672 1343 1714 Redimet
1357 1671 1574 1713 Dominus
1589 1670 1757 1712 animas
1772 1671 1918 1712 servo-

1085 1743 1182 1771 rum
1201 1731 1397 1771 suorum:
1422 1728 1446 1754 *
1475 1731 1519 1770 et
1546 1740 1634 1769 non
1663 1726 1919 1780 delinquent

1085 1799 1238 1829 omnes
1261 1786 1336 1839 qui
1354 1789 1534 1839 sperant
1555 1784 1600 1825 in
1619 1796 1684 1826 eo.

1358 1847 1557 1888 Psalmus
1578 1848 1643 1887 45.

1087 1901 1253 2007 Deus
1272 1903 1422 1941 noster
1444 1897 1679 1949 refugium,
1705 1901 1749 1939 et
1766 1896 1920 1939 virtus:

1191 1957 1215 1982 *
1252 1955 1426 2009 adjutor
1468 1955 1512 1996 in
1552 1953 1919 2004 tribulationibus,

1081 2027 1187 2067 quae
1205 2014 1465 2055 invenerunt
1483 2024 1565 2053 nos
1584 2010 1725 2053 nimis.

1137 2071 1382 2123 Propterea
1412 2081 1501 2110 non
1532 2067 1783 2110 timebimus
1815 2067 1920 2109 dum

1086 2127 1335 2170 turbabitur
1367 2131 1501 2168 terra:
1528 2126 1552 2152 *
1581 2129 1626 2167 et
1658 2123 1919 2166 transferen-

1085 2190 1157 2227 tur
1175 2189 1349 2226 montes
1366 2183 1411 2224 in
1430 2195 1508 2224 cor
1525 2181 1669 2223 maris.

1139 2242 1399 2290 Sonuerunt,
1415 2244 1459 2282 et
1472 2238 1661 2281 turbatae
1678 2242 1779 2280 sunt
1793 2250 1919 2290 aquae

1088 2300 1257 2340 eorum:
1285 2297 1308 2323 *
1337 2295 1588 2338 conturbati
1620 2299 1721 2336 sunt
1747 2299 1920 2336 montes

1087 2356 1132 2396 in
1151 2353 1409 2396 fortitudine
1429 2353 1531 2404 ejus.

1139 2410 1351 2452 Fluminis
1379 2411 1571 2462 impetus
1598 2408 1793 2450 laetificat
1821 2407 1920 2449 civi-

1088 2469 1225 2510 tatem
1243 2467 1342 2508 Dei:
1361 2467 1385 2494 *
1405 2465 1696 2507 sanctificavit
1721 2464 1920 2506 taberna-

1090 2524 1235 2566 culum
1255 2536 1381 2565 suum
1401 2522 1665 2580 Altissimus.

1141 2582 1263 2623 Deus
1283 2580 1327 2620 in
1341 2578 1488 2620 medio
1505 2579 1606 2630 ejus,
1624 2591 1712 2620 non
1729 2591 1921 2620 commo-

1090 2638 1279 2679 vebitur:
1295 2638 1318 2664 *
1333 2634 1557 2688 adjuvabit
1577 2648 1673 2677 eam
1692 2635 1814 2677 Deus
1833 2648 1920 2676 ma-

1091 2708 1145 2736 ne
1164 2692 1370 2736 diliiculo.
