2066 2956
233 216 327 261 [386]

232 320 423 371 Virginis
453 317 532 359 sub
558 316 685 357 titulo
711 315 863 357 Matris
890 313 1054 354 Miseri-

233 376 393 418 cordiae
435 373 619 415 solemni
654 372 739 413 ritu
775 370 1055 424 propriisque

231 431 429 473 manibus
450 429 686 471 decoravit.
723 429 863 478 Quam
882 425 1054 467 mirabi-

232 489 315 530 lem
360 500 504 529 rerum
549 484 894 527 vicissitudinem
939 482 1055 523 idem

230 544 430 586 Pontifex
454 543 669 583 Maximus
695 541 798 582 Pius
833 540 1055 593 septimus,

231 602 366 642 totius
412 601 593 641 eventus
643 598 792 639 intime
838 596 1055 644 consciuS,

231 670 329 698 cum
346 656 656 698 intercessione
671 653 957 695 sanctissimae
973 652 1055 693 Dei

232 714 481 762 Genitricis,
512 713 632 765 cujus
660 713 885 765 potentem
914 721 1055 762 opem,

232 776 275 812 et
302 771 396 823 ipse
424 770 620 822 impense
648 768 977 821 imploraverat,
1013 771 1057 807 et

232 828 286 869 ab
320 827 520 868 omnibus
554 826 713 867 Christi
747 823 950 865 fidelibus
979 823 1055 863 im-

231 883 397 937 plorari
417 886 659 930 curaverat,
685 883 913 932 acceptam
931 880 1055 920 meri-

231 947 279 982 to
316 941 515 988 referret,
552 940 595 980 in
633 938 826 991 ejusdem
862 936 1056 987 Virginis

232 998 384 1039 Matris
403 997 631 1045 honorem,
658 995 739 1036 sub
760 993 1056 1047 appellatione

232 1054 393 1095 Auxilii
409 1053 765 1101 Christianorum,
785 1050 978 1092 solemne
999 1050 1055 1091 fe-

232 1116 345 1151 stum
386 1109 540 1151 indixit
580 1111 795 1162 perpetuo
838 1106 1056 1149 celebran-

232 1166 335 1208 dum
383 1166 453 1207 die
499 1167 659 1207 mensis
699 1165 799 1214 Maii
844 1163 1056 1214 vigesimo

237 1228 409 1276 quarto,
442 1223 693 1264 faustissimi
724 1222 790 1262 sui
821 1221 864 1261 in
893 1219 1057 1261 Urbem

158 1295 161 1299 ·
234 1280 397 1321 reditus
444 1279 753 1328 anniversario,
806 1276 1056 1330 approbato

234 1337 363 1377 etiam
384 1335 540 1377 Officio
560 1335 759 1388 proprio,
784 1339 832 1375 ut
854 1333 965 1374 tanti
986 1332 1055 1373 be-

232 1393 374 1434 neficii
399 1392 603 1434 distincta
628 1398 671 1434 et
691 1392 894 1445 perennis
915 1394 1058 1431 exstet

232 1450 451 1495 memoria.v
473 1455 515 1491 et
533 1450 771 1500 gratiarum
791 1448 918 1490 actio.

286 1512 336 1562 R.
363 1510 571 1552 Ornatam
589 1510 833 1551 monilibus.
852 1508 963 1561 [160]

457 1586 505 1624 In
524 1585 594 1623 111.
613 1585 835 1624 Nocturno.

240 1651 391 1692 Lectio
417 1649 552 1691 sancti
576 1649 801 1701 Evangelii
820 1649 1058 1691 secundum

550 1706 727 1747 Lucam.

339 1767 486 1807 Lectio
508 1767 575 1807 vii.
734 1767 835 1817 Cap.
852 1767 901 1807 11.
918 1765 956 1806 d.

235 1823 310 1929 In
342 1827 415 1868 illo
449 1828 661 1878 ternpore:
693 1826 923 1879 Loquente
955 1826 979 1866 J
983 1838 1060 1867 esu

301 1883 357 1925 ad
371 1882 531 1931 turbas,
552 1882 766 1924 extollens
783 1896 937 1924 vocem
953 1895 1061 1934 quae-

237 1941 337 1982 dam
355 1939 509 1980 mulier
530 1938 584 1980 de
603 1939 740 1989 turba,
760 1938 868 1981 dixit
883 1939 960 1980 illi:
979 1939 1059 1979 Be-

237 1999 334 2039 atus
354 2001 515 2044 venter,
536 1995 609 2047 qui
628 2000 671 2037 te
691 1996 894 2048 portavit.
923 1997 978 2038 Et
997 1998 1059 2037 re-

236 2054 364 2105 liqua.

351 2118 561 2163 Homilia‘
571 2123 710 2164 sancti
738 2122 951 2164 Bernardi

551 2179 749 2222 Abbatis.

406 2239 447 2272 In
472 2240 683 2274 Nativitatc
710 2240 750 2273 B.
776 2240 822 2275 M.
847 2240 890 2273 V.

250 2299 287 2348 ’3,εῇ
310 2296 510 2340 ntuere
526 2306 552 2333 o
567 2293 712 2340 homo,
730 2292 957 2334 consilium
969 2293 1063 2342 Dei,

250 2350 287 2403 ,ιὲᾖέ
315 2348 353 2407 ³3³ss
377 2352 565 2399 agnosce
582 2349 811 2391 consilium
827 2349 1064 2401 sapientiae,

254 2414 267 2421 ‘¹
379 2406 606 2447 consilium
644 2406 831 2459 pietatis.
886 2405 1065 2447 Coelesti

242 2473 340 2501 rore
360 2464 504 2502 aream
522 2462 750 2512 rigaturus,
769 2467 911 2503 totum
926 2461 1065 2502 vellus

243 2516 362 2568 prius
386 2517 558 2567 infudit;
586 2517 894 2571 redempturus
919 2517 1065 2558 huma-

244 2586 345 2613 num
389 2586 539 2624 genus,
583 2575 771 2626 pretium
814 2575 1066 2616 universum

244 2629 426 2670 contulit
458 2630 499 2669 in
534 2630 726 2671 Mariam.
786 2632 928 2673 Altius
963 2643 1066 2681 ergo

243 2684 480 2734 intuemini,
511 2693 671 2737 quanto
699 2687 942 2729 devotionis
967 2686 1066 2728 affe-

245 2746 316 2782 ctu
336 2754 360 2782 a
379 2741 506 2782 nobis
526 2755 621 2783 eam
640 2744 827 2786 voluerit
849 2744 1067 2793 honorari,

455 218 520 250 l)ic
542 218 592 249 24.
620 215 716 253 Maii.
753 214 791 247 Β,
817 214 862 246 M.
882 213 923 246 V.
947 213 1017 246 sub
1041 212 1150 245 titulo
1175 210 1372 244 Auxilium
1395 209 1713 243 Christianorum.

1111 307 1183 360 qui
1215 308 1350 348 totius
1382 304 1487 346 boni
1518 301 1836 356 plenitudinem
1859 303 1937 354 po-

1109 364 1194 405 suit
1221 363 1265 403 in
1292 362 1443 402 Maria:
1476 365 1523 401 ut
1550 358 1737 412 proinde
1766 358 1803 399 si
1833 355 1939 409 quid

1109 420 1202 470 spei
1230 420 1273 460 in
1300 418 1429 459 nobis
1458 422 1544 464 est,
1577 416 1613 457 si
1643 414 1747 467 quid
1775 414 1938 465 gratiae,

1109 477 1145 518 si
1175 474 1280 528 quid
1313 474 1483 523 salutis,
1516 472 1572 514 ab
1605 485 1656 513 ea
1687 471 1938 513 noverimus

1109 532 1371 580 redundare,
1405 543 1504 582 quae
1538 527 1736 571 ascendit
1771 527 1938 569 deliciis

1110 589 1304 630 affluens.
1337 588 1464 628 Totis
1491 599 1595 638 ergo
1622 584 1826 626 medullis
1846 586 1938 625 cor-

1110 647 1245 696 dium,
1272 645 1378 687 totis
1404 643 1751 697 praecordiorum
1777 640 1938 683 affecti-

1109 703 1201 753 bus,
1221 708 1264 745 et
1283 702 1399 744 votis
1415 700 1616 743 omnibus
1631 699 1813 740 Mariam
1827 697 1939 739 hanc

1110 762 1378 809 veneremur,
1413 758 1514 810 quia
1546 757 1608 798 sic
1642 761 1708 797 est
1735 754 1940 796 voluntas

1110 819 1200 868 eius
1234 816 1307 869 qui
1334 821 1477 857 totum
1506 827 1588 855 nos
1611 812 1776 854 habere
1801 811 1940 853 voluit

1109 886 1188 926 per
1206 874 1399 915 Mariam.
1433 872 1557 920 Haec,
1576 870 1769 922 inquam,
1788 868 1939 910 volun-

1109 935 1177 971 tas
1197 931 1288 983 ejus
1309 935 1387 979 est,
1408 928 1486 971 sed
1504 940 1586 981 pro
1606 926 1745 968 nobis.

1162 1009 1212 1061 R.
1239 1007 1363 1049 Felix
1388 1018 1576 1058 namque
1603 1017 1667 1054 eS,
1694 1016 1819 1046 sacra
1842 1002 1939 1044 Vir-

1109 1078 1165 1117 go
1185 1065 1339 1112 Maria,
1370 1069 1413 1105 et
1439 1062 1558 1104 omni
1582 1060 1713 1103 laude
1741 1060 1939 1112 dignissi-

1109 1121 1235 1163 maz*
1261 1121 1371 1171 Quia
1398 1133 1451 1161 ex
1477 1124 1520 1161 te
1549 1123 1671 1160 ortus
1697 1123 1764 1159 est
1790 1117 1858 1159 sol
1882 1118 1939 1169 ju—

1110 1179 1262 1239 stitiae,
1284 1177 1481 1218 Christus
1500 1176 1620 1217 Deus
1645 1179 1811 1225 noster,
1839 1174 1939 1216 alle-

1110 1235 1206 1286 luja.
1236 1232 1286 1279 V.
1305 1234 1393 1275 Ora
1414 1246 1495 1286 pro
1515 1232 1699 1285 populo,
1725 1231 1939 1273 interveni

1109 1305 1191 1344 pro
1229 1291 1362 1342 clero,
1399 1289 1624 1331 intercede
1661 1301 1742 1342 pro
1775 1287 1938 1330 devoto

1110 1349 1297 1390 femineo
1323 1361 1444 1389 sexu:
1477 1347 1666 1388 sentiant
1694 1358 1846 1387 omnes
1873 1349 1937 1387 tu-

1110 1419 1183 1446 um
1197 1406 1408 1457 juvamen,
1429 1403 1692 1456 quicumque
1707 1407 1830 1443 tuum
1845 1414 1938 1443 san-

1111 1468 1229 1504 ctum
1247 1461 1484 1514 implerant
1503 1459 1722 1502 auxilium.
1755 1458 1866 1509 Quia
1885 1470 1939 1500 ex

1110 1524 1153 1560 te
1173 1524 1306 1561 ortus.

1396 1593 1550 1634 Lectio
1570 1593 1656 1633 viii.

1115 1659 1191 1764 In
1225 1668 1426 1711 omnibus
1461 1666 1679 1720 siquidem
1711 1672 1754 1708 et
1785 1678 1866 1719 per
1896 1667 1940 1707 o-

1182 1726 1299 1767 mnia
1323 1723 1563 1778 providens
1589 1723 1776 1772 miseris,
1807 1722 1940 1775 trepi-

1113 1782 1335 1825 dationem
1365 1786 1563 1823 nostram
1591 1780 1776 1831 solatur,
1809 1778 1943 1821 fidem

1113 1840 1285 1888 excitat,
1305 1851 1428 1891 spem
1443 1837 1634 1887 roborat,
1654 1836 1943 1878 diffidentiam

1113 1897 1260 1948 abigit,
1282 1895 1407 1947 erigit
1426 1893 1840 1947 pusillanimitatem.
1870 1891 1943 1933 Ad

1111 1954 1287 1995 Patrem
1321 1951 1544 1994 verebaris
1576 1949 1803 2000 accedere,
1845 1948 1942 1990 solo

1113 2010 1263 2051 auditu
1288 2009 1484 2057 territus,
1517 2007 1574 2049 ad
1600 2007 1705 2049 folia
1731 2004 1943 2057 fugiebas:

1112 2067 1136 2108 J
1139 2080 1262 2108 esum
1275 2065 1356 2107 tibi
1374 2064 1496 2107 dedit
1510 2064 1809 2106 mediatorem.
1829 2060 1945 2115 Quid

1114 2136 1201 2165 non
1227 2122 1346 2176 apud
1370 2121 1503 2163 talem
1527 2122 1704 2163 Patrem
1723 2119 1858 2161 Filius
1881 2124 1943 2161 ta-

1113 2180 1167 2221 lis
1204 2176 1422 2225 obtineat?
1482 2178 1755 2219 Exaudietur
1790 2176 1943 2228 utique

1114 2249 1196 2290 pro
1216 2234 1461 2277 reverentia
1480 2248 1573 2284 sua3
1595 2234 1729 2275 Pater
1749 2233 1863 2275 enim
1883 2232 1943 2274 di-

1114 2294 1208 2343 ligit
1222 2292 1390 2333 Filium.
1418 2291 1504 2332 Sed
1524 2291 1706 2333 forsitan
1727 2295 1770 2332 et
1786 2290 1829 2331 in
1845 2290 1944 2342 ipso

1114 2351 1386 2402 maiestatem
1405 2350 1586 2389 vereare
1602 2347 1804 2396 divinam,
1825 2345 1945 2398 quod

1115 2406 1217 2447 licet
1242 2406 1380 2447 factus
1404 2405 1460 2445 sit
1478 2404 1628 2454 homo,
1654 2403 1864 2445 manserit
1882 2407 1944 2444 ta-

1115 2475 1215 2504 men
1234 2462 1366 2503 Deus.
1399 2459 1679 2502 Advocatum
1698 2460 1860 2501 habere
1879 2459 1945 2501 vis

1117 2525 1161 2560 et
1180 2518 1237 2560 ad
1262 2517 1426 2571 ipsum?
1461 2516 1533 2558 Ad
1551 2517 1731 2558 Mariam
1758 2519 1945 2557 recurre.

1116 2576 1231 2616 Pura
1265 2572 1483 2627 siquidem
1511 2572 1758 2615 humanitas
1786 2573 1830 2623 in
1857 2572 1945 2613 Ma-

1118 2634 1196 2681 ria,
1224 2644 1311 2673 non
1337 2628 1471 2671 modo
1495 2643 1607 2682 pura
1632 2629 1687 2670 ab
1708 2630 1826 2671 omni
1846 2641 1946 2670 con-

1118 2688 1411 2735 taminatione,
1432 2684 1510 2727 sed
1531 2691 1574 2727 et
1592 2698 1702 2739 pura
1722 2685 1946 2736 singulari-

1118 2746 1208 2785 tate
1233 2746 1411 2785 naturae.
1447 2742 1542 2784 Nec
1566 2742 1726 2784 dubius
1751 2740 1945 2791 dixerim,
