2028 2892
409 255 493 296 Die
512 255 549 296 7.
568 254 805 297 Februarii.

330 319 373 359 S.
401 318 669 360 Romualdi
697 317 891 358 Abbatis.

527 379 689 421 Duplex.

248 437 382 469 omnia
417 436 462 469 dc
495 437 637 468 (Iomm.
669 436 776 468 (lons.
808 446 881 468 non
915 435 1018 468 l'ont.

196 485 268 529 [84]
292 491 430 527 practer
455 495 559 526 sequ.
588 486 647 527 (m.
672 490 696 521 t.
719 489 768 527 v.)
813 525 816 529 ,

531 536 693 576 013110.

242 593 481 635 11101008810
518 606 615 643 1108,
654 596 903 646 quaesumus
935 595 1022 636 Do-

256 650 388 700 mine,
425 650 544 692 beati
572 649 807 691 Romualdi
835 650 1023 692 Abbatis

198 706 487 749 commendet:
510 711 559 748 ut
581 706 701 758 quod
719 707 880 749 nostris
899 708 1023 749 meri-

196 765 252 805 tis
285 776 373 804 non
406 763 616 813 valemus,
655 764 746 814 ejus
777 765 1022 816 patrocinio

197 823 492 873 assequamur.
520 820 604 861 Per
622 820 868 861 Deminum.

252 884 292 916 Et
321 883 357 917 tit
385 893 580 916 commem.
607 881 769 924 praeced.

252 936 347 977 Ant.
389 933 563 974 Amavit
590 946 687 974 eum
714 934 947 984 Dominus,
982 939 1024 976 et

199 989 371 1031 ornavit
391 1003 505 1030 eum:
530 990 688 1031 stolam
711 990 864 1041 gleriae
885 990 1024 1032 induit

198 1060 314 1095 eum,
349 1052 391 1088 et
420 1046 476 1088 ad
500 1052 652 1099 portas
679 1047 870 1099 paradisi
901 1060 1023 1089 coro—

197 1103 317 1144 navit
337 1116 446 1144 eum.

250 1154 297 1205 Y.
318 1159 343 1199 J
346 1164 491 1201 ustum
513 1159 695 1202 deduxit
712 1160 926 1201 Deminus
945 1172 1024 1212 per

198 1216 290 1257 vias
310 1221 463 1257 rectas.
505 1216 549 1266 len
573 1217 631 1258 Et
658 1216 850 1258 ostendit
875 1216 936 1257 illi
961 1229 1024 1257 re-

197 1285 329 1323 gnum
348 1273 443 1314 Dei.

249 1334 399 1373 Oratio
423 1340 466 1373 ut
488 1345 617 1383 supra
643 1330 729 1371 371.

250 1396 388 1429 l'ostcu
415 1404 609 1428 commem.
635 1392 767 1426 Feriau.

253 1449 293 1481 In
312 1448 336 1481 Ι.
352 1448 559 1481 Nocturno.
576 1446 778 1479 Lectiones
798 1445 937 1480 Beatus
953 1445 1022 1480 Vir.

198 1497 242 1530 dc
268 1496 403 1530 eodem
429 1496 573 1528 Comm.
598 1496 627 1528 2.
654 1495 750 1527 loco.
777 1493 848 1536 [94]

430 1561 478 1598 In
498 1560 546 1598 ΙΙ.
568 1559 789 1598 Νο01111110.

503 1616 534 1655 Ι
539 1616 651 1655 ectio
674 1615 723 1654 ix.

235 1668 558 1731 fflomualdus
594 1669 834 1721 Ravennae,
875 1671 1025 1722 Sergio

202 1700 317 1804 <v
345 1731 486 1777 patre,
523 1725 658 1766 nebili
693 1728 851 1777 genere
887 1733 1026 1777 natus,

207 1749 322 1807 3³3³}
321 1793 322 1800 ¹
345 1780 602 1823 adolescens
646 1783 689 1823 in
729 1785 1026 1836 propinquum

198 1839 511 1879 monasterium
548 1839 777 1881 Classense
814 1841 1026 1892 poeniten-

199 1895 272 1936 tiae
310 1907 442 1936 031183
479 1895 678 1937 secessit:
723 1895 798 1937 ubi
834 1896 1026 1949 religiosi

200 1950 389 1992 hominis
418 1954 620 1993 8011110110
648 1952 704 1994 3(1
737 1953 912 2005 pietatis
940 1957 1026 1996 stu-

201 2007 320 2049 dium
351 2007 651 2050 vehementius
682 2010 899 2059 incensus,
932 2011 1026 2051 viso

201 2065 331 2106 etiam
355 2065 490 2106 semel
514 2070 557 2106 01
576 2067 733 2107 iterum
753 2078 832 2118 per
851 2072 1027 2108 noctem

200 2121 243 2161 in
263 2121 446 2163 ecclesia
465 2121 598 2163 beato
619 2122 879 2174 Apollinari,
908 2123 1027 2175 quod

201 2178 284 2220 Dei
318 2191 469 2219 servus
503 2178 563 2219 illi
599 2178 790 2220 futurum
818 2182 1027 2232 promise-

201 2239 284 2283 rat,
320 2234 561 2276 menachus
593 2234 790 2276 efficitur.
835 2236 939 2277 Mox
972 2236 1027 2278 ad

202 2290 432 2341 Marinum,
459 2292 561 2332 vitae
587 2292 818 2333 sanctitate
838 2305 889 2333 ac
909 2306 1027 2334 seve-

202 2347 315 2388 11010
340 2347 571 2400 disciplina
593 2348 636 2388 in
661 2347 820 2389 finibus
839 2348 1028 2391 Veneto-

203 2415 297 2443 rum
317 2416 369 2444 eo
389 2406 588 2456 tempore
609 2404 842 2453 celebrem,
862 2418 909 2446 se
929 2408 1027 2446 con-

203 2459 317 2508 tulit,
358 2466 405 2501 ut
436 2460 492 2502 ad
525 2467 689 2502 arctam
724 2466 767 2502 et
799 2460 1029 2502 sublimem

202 2515 482 2567 perfectic'mis
515 2518 630 2559 viam
659 2530 711 2559 eo
740 2519 948 2567 magistro
978 2531 1028 2559 ac

204 2570 315 2613 duce
335 2575 540 2615 uteretur.

260 2630 304 2678 N.
337 2628 582 2671 Honestum
611 2630 714 2672 fecit
738 2630 858 2671 illum
882 2631 1028 2671 Demi-

203 2697 300 2734 nus,
321 2690 364 2726 et
382 2685 619 2727 custodivit
640 2700 739 2728 eum
759 2686 812 2728 ab
833 2686 1029 2735 inimicis,

652 158 719 191 Dic
745 158 773 191 7.
802 158 909 191 Febr.
958 159 991 190 S.
1020 157 1222 190 Romuuldi

1249 158 1279 190 A
1289 158 1423 192 inbutis.

1074 260 1117 297 01
1140 268 1166 296 3
1194 255 1500 298 seductoribus
1528 257 1688 299 tutavit
1714 256 1849 298 illum:
1875 256 1896 278 ²*

1072 311 1129 354 Et
1160 310 1282 354 dedit
1314 312 1375 353 1111
1409 313 1654 355 claritatem
1679 315 1898 355 aeternam.

1079 362 1126 413 l.
1155 368 1327 410 Justum
1358 368 1541 411 deduxit
1572 369 1788 410 Deminus
1819 381 1898 422 per

1074 425 1166 466 vias
1185 430 1342 474 rectas,
1366 431 1409 467 et
1429 425 1621 468 ostendit
1639 425 1699 466 illi
1719 438 1900 476 regnum

1074 481 1167 522 Dei.
1194 481 1251 522 Et
1270 480 1403 523 dedit.

1386 537 1537 577 Lectio
1559 551 1595 576 v.

1076 589 1284 694 Multis
1308 597 1473 637 satanae
1492 594 1676 643 insidiis,
1703 600 1746 636 et
1763 595 1900 636 1101111·

1194 665 1297 693 1111111
1316 651 1479 693 invidia
1499 653 1789 704 oppugnetus,
1809 657 1899 693 tan-

1074 713 1121 750 to
1149 707 1351 749 humilior
1381 721 1427 749 se
1457 707 1632 749 assidue
1660 708 1826 759 jejuniis
1858 713 1902 750 et

1076 764 1346 806 orati6nibus
1383 763 1632 813 exercebat,
1676 769 1720 806 et
1756 777 1902 807 rerum

1076 821 1319 863 coelestium
1343 820 1643 871 meditatione,
1672 821 1760 862 vim
1779 820 1900 862 lacri-

1075 880 1244 919 marum
1261 876 1543 930 profundens,
1562 877 1802 919 fruebatur:
1821 877 1903 918 vul-

1075 940 1123 976 tu
1150 940 1295 976 tamen
1324 933 1436 976 adeo
1464 934 1568 975 13010
1597 946 1770 986 semper
1798 938 1902 982 erat,

1076 997 1124 1033 ut
1158 992 1377 1032 intuentes
1413 989 1684 1032 exhilararet.
1741 990 1902 1041 Magno

1077 1047 1195 1100 apud
1218 1048 1437 1100 principes
1461 1051 1505 1088 et
1529 1059 1654 1098 reges
1673 1047 1716 1087 in
1734 1046 1902 1088 honere

1077 1105 1168 1145 fuit:
1187 1104 1400 1155 multique
1420 1105 1510 1155 ejus
1530 1103 1729 1152 consilio,
1753 1101 1903 1144 mundi

1076 1160 1293 1202 illecebris
1313 1160 1507 1212 abjectiS,
1532 1159 1813 1201 solitudinem
1830 1171 1903 1211 pe-

1076 1218 1247 1259 tierunt.
1293 1217 1489 1269 Martyrii
1528 1229 1702 1269 quoque
1739 1214 1903 1269 cupidi-

1074 1276 1165 1316 tate
1186 1273 1402 1324 flagravit,
1430 1274 1550 1325 cujus
1578 1285 1710 1314 031183
1734 1271 1872 1314 dum
1860 1285 1903 1312 111

1075 1330 1344 1371 Pannoniam
1379 1329 1689 1382 proficiscitur,
1726 1327 1901 1377 morbo,

1079 1400 1165 1439 quo
1185 1386 1478 1428 afflictabatur
1502 1399 1600 1427 cum
1620 1383 1903 1438 progredere-

1077 1448 1165 1493 tur,
1191 1443 1420 1485 levabatur
1443 1456 1543 1484 cum
1568 1441 1811 1492 recederet,
1840 1453 1903 1483 re-

1077 1501 1189 1542 verti
1208 1500 1389 1550 cogitur.

1133 1560 1181 1598 R.
1206 1557 1384 1598 Amavit
1404 1569 1503 1598 eum
1522 1556 1748 1605 Dominus,
1768 1560 1812 1597 et
1836 1567 1903 1596 or-

1077 1614 1198 1655 navit
1234 1627 1350 1655 eum:
1388 1613 1547 1655 stolam
1579 1611 1733 1663 gloriae
1763 1610 1904 1653 induit

1079 1683 1189 1719 eum,
1218 1670 1238 1691 ²⁸
1264 1670 1320 1711 Et
1348 1669 1405 1711 ad
1432 1674 1585 1731 portas
1612 1668 1807 1721 paradisi
1833 1680 1903 1708 co-

1078 1727 1251 1768 ronavit
1284 1739 1392 1767 eum.
1432 1721 1480 1772 Y.
1513 1724 1661 1766 Induit
1688 1737 1788 1766 eum
1810 1724 1904 1765 1)118

1079 1783 1259 1824 101103111
1278 1782 1401 1832 fidei,
1430 1788 1472 1824 01
1497 1782 1668 1823 ornavit
1693 1793 1802 1823 eum.
1835 1780 1903 1822 Et

1380 1838 1530 1879 Lectio
1553 1838 1602 1877 vi.

1079 1890 1154 1995 In
1178 1896 1266 1937 vita
1290 1901 1334 1937 et
1354 1900 1456 1948 post
1479 1900 1666 1936 mortem
1684 1894 1904 1935 miraculis

1140 1952 1298 2001 clarus,
1324 1951 1480 2004 spiritu
1504 1951 1634 1993 etiam
1658 1950 1904 2003 prophetiae

1080 2022 1166 2051 non
1187 2009 1337 2050 caruit.
1370 2007 1541 2050 Scalam
1565 2020 1589 2049 a
1607 2013 1725 2049 terra
1745 2007 1904 2049 coelum

1079 2066 1409 2119 pertingentem,
1428 2065 1474 2105 in·
1491 2064 1818 2106 similitudinem
1837 2064 1861 2104 J
1864 2076 1904 2104 3-

1080 2122 1164 2165 cob
1191 2121 1475 2171 Patrizirchae,
1503 2134 1582 2174 per
1612 2133 1742 2174 quam
1769 2120 1904 2161 hemi-

1079 2192 1158 2221 nes
1186 2179 1228 2219 in
1252 2183 1374 2220 veste
1401 2178 1588 2219 candida
1611 2176 1906 2219 ascendebant

1081 2242 1124 2278 et
1151 2234 1493 2284 descendebant,
1529 2247 1609 2287 per
1636 2235 1777 2275 visum
1805 2246 1905 2274 con-

1081 2292 1241 2345 spexit:
1270 2293 1411 2343 eoque
1437 2290 1791 2332 Camaldulenses
1816 2291 1905 2330 mo-

1080 2348 1262 2397 naehos,
1308 2361 1494 2400 quorum
1530 2346 1718 2388 instituti
1753 2351 1906 2387 auctor

1080 2406 1175 2455 fuit,
1204 2404 1423 2454 designari
1442 2402 1697 2444 mirabiliter
1716 2401 1905 2453 agnovit.

1081 2461 1280 2513 Denique
1306 2473 1404 2501 cum
1429 2471 1564 2501 annos
1589 2463 1763 2500 centum
1785 2463 1827 2499 01
1846 2457 1904 2499 vi-

1080 2518 1187 2569 ginti
1220 2519 1385 2567 ageret,
1422 2521 1466 2557 et
1502 2520 1675 2557 centum
1710 2514 1831 2566 ipsos
1863 2514 1905 2554 in

1082 2585 1249 2615 summa
1267 2573 1369 2614 vitae
1388 2572 1623 2624 asperitate
1634 2571 1731 2611 Deo
1752 2572 1906 2611 servis-

1082 2635 1159 2680 set,
1184 2629 1239 2671 ad
1259 2642 1357 2670 eum
1377 2627 1594 2679 migravit,
1620 2639 1734 2668 anno
1755 2626 1906 2667 salutis

1081 2686 1311 2728 millesimo
1337 2685 1546 2735 vigesimo
1569 2683 1767 2736 septimo.
1804 2683 1906 2734 Ejus
