2066 2904
213 171 281 216 [44]

642 168 851 202 Commune
880 170 1087 210 Mart-imm
1114 176 1284 211 tempore
1312 170 1501 203 Puselmli.

525 263 672 303 Lectio
694 263 744 302 vi.

256 328 388 377 gnota
412 325 527 367 enim
551 330 645 367 erat
668 331 768 367 ante
789 326 948 367 Christi
968 325 1040 367 ad-

278 384 456 423 ventum
489 382 559 423 via
591 383 709 432 vitae,
750 395 849 435 quae
882 381 1040 423 nullius

212 438 354 480 adhuc
377 439 644 489 resurgentis
663 438 804 480 fuerat
827 441 1040 480 temerata

211 495 406 545 vestigio.
439 495 499 536 At
518 494 592 536 ubi
611 495 826 536 Deminus
850 496 1039 536 resurre-

211 551 284 599 xit,
303 556 409 593 nota
427 551 553 601 facta,
578 551 674 593 solo
694 554 842 593 attrita
861 556 928 592 est
947 550 1039 603 plu-

210 608 430 649 rimOrum.
467 609 535 650 De
565 608 722 660 quibus
751 612 929 649 sanctus
948 607 1039 661 >Ev-

211 665 423 715 angelista
456 665 534 706 ait:
576 664 814 706 Multorum
851 666 1040 716 cerpora

211 724 462 763 sanctOrum
481 723 764 763 surrexerunt
782 733 882 761 cum
901 733 971 769 e0,
997 725 1040 762 et

210 777 470 819 introierunt
501 778 544 818 in
580 782 775 819 sanctam
804 777 1039 818 civitatem.

209 834 335 876 Unde
377 847 475 876 cum
511 834 726 875 Deminus
766 834 809 874 in
850 846 1038 876 resurre-

209 891 353 932 ctione
378 904 456 932 sua
479 890 653 940 dixerit,
680 890 822 932 Notas
849 890 955 931 mihi
981 890 1038 932 fe-

209 947 304 988 cisti
337 947 431 988 vias
458 947 574 989 vitae:
615 949 850 999 possumus
883 952 927 989 et
956 960 1038 989 nos

208 1003 292 1054 jam
320 1003 466 1046 dicere
494 1004 701 1045 Demino:
727 1004 870 1045 Notas
897 1004 1039 1045 fecisti

207 1059 334 1101 nobis
363 1061 454 1102 vias
483 1061 595 1102 vitae.
636 1061 739 1114 Ipse
768 1060 883 1102 enim
910 1060 1038 1102 nobis

208 1121 335 1157 notas
355 1117 457 1159 fecit
476 1117 568 1158 vias
588 1117 706 1167 vitae,
733 1117 807 1169 qui
826 1117 954 1159 nobis
975 1119 1037 1158 se-

207 1173 357 1214 mitam
376 1174 670 1215 manifestavit
693 1172 750 1215 ad
769 1173 915 1215 vitam.
949 1173 1037 1215 No-

207 1234 275 1271 tas
295 1231 409 1271 enim
432 1230 537 1271 mihi
559 1231 662 1272 fecit
681 1231 774 1271 vias
794 1230 911 1280 vitae,
939 1243 1038 1271 cum

207 1299 276 1328 me
309 1286 460 1328 docuit
491 1286 641 1337 fidem,
678 1286 1037 1338 misericerdiam,

206 1343 423 1394 justitiam,
440 1344 697 1386 castitatem.
717 1344 800 1385 His
816 1343 931 1386 enim
941 1356 1037 1397 per-

206 1402 377 1441 venitur
398 1401 624 1442 itineribus
645 1400 701 1442 ad
720 1400 917 1442 salntem.

268 1464 314 1514 lx‘g.
330 1461 452 1503 Filiae
472 1462 726 1511 Jerusalem,
747 1464 892 1504 venite
913 1466 957 1503 et
976 1461 1033 1503 vi-

207 1518 307 1560 dete
322 1519 540 1571 Martyres
555 1532 655 1560 cum
669 1519 857 1568 corenis,
879 1518 1037 1571 quibus

207 1576 436 1617 coronavit
474 1588 550 1617 eos
582 1576 801 1617 Deminus'
834 1581 853 1602 *
878 1576 929 1616 In
967 1574 1038 1617 die

207 1632 495 1673 solemnitatis
540 1637 583 1674 et
627 1632 811 1682 laetitiae,
857 1631 1038 1683 alleluja.

216 1686 262 1733 N'.
277 1689 493 1739 Quoniam
513 1689 777 1730 confortavit
797 1701 918 1730 seras
938 1701 1036 1741 por-

207 1747 352 1786 tarum
367 1748 551 1796 tuarum,
569 1745 794 1787 benedixit
807 1745 922 1787 filios
937 1750 1038 1787 tuos

209 1802 253 1842 in
273 1806 327 1843 te.
359 1803 410 1843 In
431 1802 512 1844 die.
549 1804 560 1838 (
573 1802 697 1844 lloria
716 1802 847 1844 Patri.
881 1802 931 1843 In
956 1802 1038 1844 die.

437 1881 483 1918 In
506 1883 575 1921 III.
600 1884 821 1921 Nocturna.

268 1952 363 1990 Ant.
391 1951 477 1991 Lux
498 1952 711 2003 perpetua
725 1950 925 1992 *lucebit
944 1963 1037 1991 san-

211 2007 293 2048 ctis
307 2007 393 2048 tuis
408 2007 607 2057 Demine,
628 2012 671 2048 et
690 2007 913 2049 aeternitas
932 2009 1037 2048 tem-

210 2075 380 2116 porum,
400 2063 581 2116 alleluja.

415 2130 494 2166 Ρη)
526 2143 609 2169 uno
645 2130 842 2169 Marum.

483 2191 534 2228 l's
540 2192 676 2230 [Sllmu
713 2193 737 2229 1(
753 2198 770 2228 ῡ.

216 2252 258 2292 ,ξω
247 2253 356 2295 ,affin
376 2245 570 2287 Domino
590 2245 783 2287 confido:
813 2246 1037 2298 quemodo

216 2304 258 2359 (S
282 2306 319 2362 ²³,
338 2301 483 2344 dicitis
508 2303 665 2344 animae
689 2316 815 2344 meae.
836 2304 859 2328 *
878 2303 1038 2344 Trans-

223 2359 254 2383 ‘³
338 2372 477 2409 migra
487 2359 734 2400 1nmontem
743 2358 1037 2424 sicutpasser?

265 2416 479 2465 Queniam
500 2429 604 2457 ecce
624 2417 883 2468 peccatores
902 2416 1037 2458 inten-

213 2470 371 2513 derunt
389 2485 554 2522 arcum,
572 2474 838 2525 paraverunt
857 2474 1038 2523 sagittas

213 2540 314 2568 suas
338 2528 381 2568 in
405 2528 627 2580 pharetra,
646 2530 669 2554 *
690 2533 738 2570 ut
763 2531 970 2579 sagittent
995 2530 1039 2570 in

213 2582 404 2625 obscuro
423 2590 569 2626 rectos
590 2585 735 2627 corde.

265 2640 481 2690 Queniam
503 2654 601 2693 quae
621 2642 853 2695 perfecisti,
873 2641 1040 2683 destru-

213 2698 384 2737 xerunt:
403 2697 426 2722 *
450 2697 587 2748 justus
611 2704 758 2740 autem
783 2697 889 2751 quid
914 2697 1038 2740 fecit?

1145 268 1362 310 Dominus
1382 268 1426 310 in
1444 269 1611 323 templo
1627 275 1780 313 sancto
1795 272 1922 322 suo,*

1092 325 1308 366 Dominus
1326 325 1370 366 in
1390 325 1505 368 coelo
1527 326 1656 368 sedes
1678 328 1784 380 ejus:

1146 381 1274 423 Oculi
1298 382 1389 434 ejus
1412 382 1456 423 in
1479 386 1722 437 pauperem
1746 385 1922 437 respici-

1093 443 1185 479 unt:
1212 439 1235 464 *
1263 438 1491 491 palpebrae
1525 440 1616 492 ejus
1649 440 1923 493 interrogant

1092 494 1208 536 filios
1230 494 1468 536 hominum.

1144 551 1360 592 Dominus
1402 552 1645 603 interrogat
1680 554 1842 605 justum
1878 558 1923 595 et

1092 608 1290 660 impium:
1304 609 1327 633 *
1349 608 1422 660 qui
1442 613 1589 650 autem
1609 608 1750 660 diligit
1768 610 1921 662 iniqui-

1091 666 1239 714 tatem,
1259 664 1354 706 odit
1373 665 1562 706 animam
1581 678 1714 707 suam.

1143 721 1271 763 Pluet
1290 734 1422 774 super
1446 723 1705 774 peccateres
1724 721 1922 775 laqueos:

1092 778 1115 804 *
1134 777 1257 828 ignis,
1278 783 1322 820 et
1342 778 1535 831 sulphur,
1560 783 1605 820 et
1624 779 1802 832 spiritus
1821 791 1921 832 pro-

1092 833 1302 875 cellarum
1320 847 1424 888 pars
1444 834 1593 876 calicis
1611 837 1775 877 eorum.

1144 891 1362 941 Queniam
1381 892 1520 943 justus
1537 891 1771 941 Deminus,
1800 896 1844 933 et
1863 891 1921 944 ju-

1093 948 1233 988 stitias
1271 947 1437 989 dilexit:
1465 948 1488 973 *
1520 948 1777 1000 aequitatem
1811 947 1922 990 vidit

1091 1003 1237 1045 vultus
1257 1005 1359 1056 ejus.

1375 1088 1572 1128 l'sulmus
1595 1090 1650 1127 14.

1184 1157 1328 1198 emine
1354 1156 1449 1209 quis
1472 1155 1689 1198 habitabit
1714 1157 1758 1198 in
1777 1156 1920 1200 taber-

1203 1213 1362 1255 naculo
1382 1212 1480 1255 tuo?
1503 1213 1527 1238 *
1552 1218 1628 1255 aut
1653 1213 1750 1265 quis
1776 1214 1918 1267 requi-

1091 1272 1211 1312 escet
1229 1270 1273 1311 in
1292 1275 1442 1312 monte
1461 1275 1615 1312 sancto
1635 1269 1736 1312 tuo?

1143 1332 1227 1382 Qui
1246 1330 1489 1383 ingreditur
1507 1330 1602 1373 sine
1619 1331 1806 1382 macula,
1826 1331 1850 1357 *
1875 1335 1919 1373 et

1091 1390 1299 1441 operatur
1318 1387 1541 1440 justitiam:

1143 1449 1228 1499 Qui
1250 1449 1446 1502 loquitur
1462 1449 1696 1491 veritatem
1717 1449 1762 1490 in
1784 1447 1920 1490 corde

1090 1519 1186 1556 suo,
1206 1507 1230 1533 *
1259 1506 1333 1558 qui
1361 1518 1450 1547 non
1475 1506 1564 1559 egit
1591 1505 1743 1548 dolum
1769 1506 1813 1547 in
1840 1503 1918 1546 lin-

1090 1575 1175 1614 gua
1203 1576 1296 1605 sua:

1142 1624 1237 1666 Nec
1257 1624 1362 1666 fecit
1379 1624 1583 1678 proximo
1603 1637 1684 1666 suo
1703 1622 1876 1674 malum,
1895 1625 1919 1651 *

1091 1686 1135 1723 et
1154 1680 1446 1734 opprebrium
1468 1693 1558 1722 non
1577 1681 1750 1734 accepit
1767 1679 1919 1722 adver-

1091 1751 1165 1780 sus
1183 1738 1412 1791 proximos
1427 1750 1544 1779 suos.

1141 1798 1215 1840 Ad
1233 1798 1417 1841 nihilum
1431 1798 1649 1840 deductus
1665 1804 1733 1841 est
1750 1798 1796 1839 in
1817 1810 1919 1840 con-

1091 1858 1246 1909 spectu
1274 1856 1364 1908 ejus
1391 1855 1626 1907 malignus:
1658 1855 1683 1881 *
1714 1854 1920 1897 timentes

1090 1918 1238 1955 autem
1256 1913 1495 1954 Deminum
1513 1911 1747 1964 glorificat:

1143 1974 1227 2025 Qui
1254 1975 1367 2026 jurat
1393 1973 1597 2027 preximo
1627 1985 1723 2023 suo,
1761 1977 1806 2014 et
1832 1984 1921 2014 non

1091 2030 1266 2084 decipit,
1287 2033 1311 2058 *
1341 2031 1415 2083 qui
1438 2030 1672 2084 pecuniam
1691 2042 1815 2071 suam
1833 2041 1920 2070 non

1091 2087 1215 2130 dedit
1234 2087 1292 2129 ad
1310 2090 1498 2137 usuram,
1525 2091 1569 2129 et
1587 2089 1770 2128 munera
1788 2097 1921 2138 super

1091 2145 1370 2186 innocentem
1389 2157 1478 2186 non
1497 2143 1682 2195 accepit:

1143 2205 1229 2256 Qui
1252 2205 1357 2247 facit
1380 2204 1492 2256 haec,
1511 2205 1535 2230 *
1563 2216 1652 2245 non
1672 2202 1921 2246 movebitur

1091 2262 1134 2302 in
1162 2263 1386 2303 aeternum.

1365 2341 1559 2382 I‘salmus
1581 2342 1649 2380 ΞΗ.

1094 2407 1328 2512 Demine
1351 2414 1396 2455 in
1415 2413 1578 2455 virtute
1603 2418 1679 2455 tua
1697 2411 1920 2454 laetabitur

1195 2484 1285 2513 rex:
1309 2473 1333 2498 *
1360 2475 1403 2512 et
1427 2482 1559 2523 super
1584 2469 1777 2511 salutare
1797 2473 1920 2510 tuum

1092 2527 1331 2570 exsultabit
1351 2526 1643 2569 vehementer.

1143 2584 1423 2627 Desiderium
1447 2582 1594 2625 cordis
1615 2583 1705 2635 ejus
1729 2581 1922 2624 tribuisti

1092 2642 1147 2684 ei:
1179 2643 1203 2668 *
1237 2646 1280 2684 et
1312 2640 1539 2682 voluntate
1575 2639 1792 2681 labiorum
1829 2639 1920 2691 ejus

1092 2711 1179 2741 non
1207 2697 1421 2740 fraudasti
1450 2709 1560 2739 eum.
