2066 2956
232 205 330 249 [320]

690 198 962 232 l‘retiosissimi
990 197 1196 238 Sanguinis
1223 196 1263 229 Ι).
1290 196 1333 229 N.
1358 196 1390 229 J.
1416 195 1454 229 C.

230 304 428 341 naturam
458 299 643 351 peccato
679 294 895 348 perditam
928 306 1049 346 repa-

231 357 349 398 rasti:
376 354 517 396 tribue
541 352 684 402 nobis,
713 353 976 403 quaesumus3
1004 354 1051 390 ut

232 413 304 464 qui
330 411 383 453 ab
411 423 463 452 eo
491 411 695 462 suscepta
713 407 906 450 Vulnera
926 418 1051 447 vene-

231 471 375 509 ramur
394 468 435 508 in
455 467 593 515 terris,
618 463 811 517 ejusdem
830 463 1051 516 pretiosis-

232 525 327 566 simi
363 523 583 574 sanguinis
620 522 807 563 fructum
844 518 1051 570 censequi

230 582 472 621 mereamur
497 580 540 619 in
567 577 700 619 coelis.
740 577 824 617 Per
850 573 1052 616 eumdem

230 637 465 677 Deminum
483 639 688 677 nostrum.

280 711 323 744 Et
346 712 383 744 fit
408 721 601 744 commem.
628 710 758 743 Feriae.

499 790 566 826 Ad
589 789 786 825 Primam.

280 864 327 903 In
354 864 402 915 R».
427 863 487 904 br.
530 857 578 908 V.
613 858 695 909 Qui
725 856 976 899 vulneratus
1006 867 1052 896 es

232 931 312 971 pro
332 917 469 959 nobis.

493 1011 560 1048 Ad
584 1010 784 1047 Tertiam.

279 1087 376 1127 Ant.
415 1088 510 1135 lpse
530 1086 685 1123 autem.

334 1156 590 1206 Capitulum.
811 1155 865 1194 Is.
882 1156 945 1194 53.

305 1225 465 1266 hristus
493 1224 743 1265 vulneratus
777 1227 844 1264 est
871 1227 1052 1275 propter

321 1281 571 1332 iniquitates
590 1284 774 1328 nostras,
794 1281 965 1320 attritus
986 1284 1052 1320 est

228 1341 410 1389 propter
429 1336 594 1378 scelera
613 1341 776 1377 nostra:
803 1336 922 1387 eujus
945 1334 1051 1375 livo-

229 1405 274 1433 re
295 1393 433 1434 sanati
454 1406 612 1433 sumus.

280 1472 329 1522 Rv.
341 1471 402 1511 br.
416 1470 639 1512 Foderunt
652 1483 804 1511 manus
823 1482 942 1511 meas
959 1475 981 1498 *
996 1469 1053 1511 Et

229 1525 365 1578 pedes
392 1540 526 1568 meos.
566 1526 799 1568 Foderunt.
841 1523 891 1575 V.
918 1525 1051 1567 Dinu-

229 1584 503 1624 meraverunt
535 1584 678 1624 emnia
710 1595 811 1624 ossa
837 1595 945 1624 mea.
985 1582 1052 1624 Et.

232 1638 381 1679 Gloria
398 1639 527 1681 Patri.
554 1639 787 1681 Foderunt.

284 1701 332 1750 Y.
351 1703 387 1744 O
404 1717 483 1745 vos
499 1717 660 1754 omnes,
681 1704 752 1756 qui
767 1703 958 1745 transitis
972 1716 1052 1756 per

232 1759 355 1799 viam.
387 1763 435 1814 Rg.
453 1760 688 1810 Attendite,
709 1766 752 1803 et
767 1760 913 1802 videte
931 1758 1051 1801 dolo-

233 1828 324 1856 rem
342 1829 496 1857 meum.

508 1912 574 1948 Ad
597 1912 781 1949 Sextam.

287 1973 319 2012 A
328 1979 382 2014 nt.
414 1973 619 2026 Alligavit
637 1973 861 2015 Deminus.

287 2050 542 2102 Capitulum.
857 2054 910 2094 Is.
931 2056 1000 2095 50.

234 2116 448 2223 Faciem
472 2136 613 2165 meam
640 2137 726 2166 non
752 2124 888 2166 averti
913 2124 967 2166 ab
991 2124 1052 2165 in-

336 2180 614 2233 crepantibus
642 2186 685 2222 et
713 2180 1053 2233 conspuentibus

236 2235 278 2274 in
308 2248 387 2276 me.
431 2236 643 2277 Deminus
671 2237 791 2278 Deus
824 2237 1054 2279 auxiliator

235 2303 366 2340 meus,
387 2296 429 2333 et
447 2291 547 2333 ideo
565 2304 653 2333 non
673 2306 768 2333 sum
787 2292 1003 2334 confusus.

287 2364 336 2415 Rg.
356 2363 417 2404 br.
445 2365 561 2406 Vere
580 2365 811 2437 languores
835 2370 1011 2407 nostros
1031 2371 1052 2392 *

237 2419 336 2470 Ipse
351 2420 459 2461 tulit.
486 2421 614 2463 Vere.
644 2423 671 2469 Ν
686 2455 693 2462 .
710 2421 766 2463 Et
787 2420 963 2463 dolores
980 2434 1053 2463 no-

238 2480 352 2516 stros
385 2476 478 2529 ipse
510 2478 712 2529 portavit.
751 2478 863 2530 Ipse.
905 2477 1055 2519 Gleria

237 2530 364 2572 Patri.
391 2533 518 2574 Vere.

290 2591 339 2641 W.
375 2596 613 2649 Disciplina
644 2599 764 2650 pacis
798 2603 961 2639 nostrae
990 2611 1055 2639 su-

240 2663 318 2703 per
341 2664 448 2692 eum.
486 2655 533 2704 R.
561 2654 616 2694 Et
640 2654 776 2695 livore
802 2655 892 2706 ejus
919 2654 1056 2695 sanati

240 2720 399 2748 sumus.

1379 291 1447 328 Ad
1469 292 1653 328 Nonam.

1154 357 1252 398 Ant,
1282 356 1318 396 Ο
1340 361 1421 390 vos
1440 361 1602 391 omnes.

1157 421 1414 474 Capitulum.
1736 417 1790 456 Is.
1810 416 1875 456 53.

1181 474 1343 517 radidit
1362 474 1559 516 Christus
1577 474 1621 515 in
1640 479 1827 515 mortem
1843 473 1929 514 ani-

1195 544 1310 573 mam
1337 544 1474 581 suam,
1509 536 1553 572 et
1581 544 1679 572 cum
1706 530 1930 572 sceleratis

1105 590 1332 641 reputatus
1348 593 1428 629 est:
1448 592 1492 629 et
1510 588 1604 640 ipse
1623 589 1806 640 peccata
1823 585 1929 627 mul-

1104 646 1249 686 terum
1275 644 1393 694 tulit,
1421 649 1465 685 et
1491 656 1573 697 pro
1601 643 1929 695 transgressori-

1105 701 1188 743 bus
1206 701 1389 753 rogavit.

1156 762 1205 812 R».
1221 760 1282 801 br.
1307 758 1410 810 Ipse
1429 757 1680 799 vulneratus
1700 761 1766 798 est
1784 756 1807 780 ¹⁸¹
1827 756 1930 797 Pro-

1106 819 1203 867 pter
1213 814 1465 866 iniquitates
1475 819 1659 855 nostras.
1673 813 1788 866 Ipse.
1800 806 1849 859 W.
1862 812 1932 854 At-

1105 873 1233 913 tritus
1263 875 1329 912 est
1356 875 1541 923 propter
1577 869 1743 912 seelera
1769 873 1930 911 nostra.

1104 928 1302 980 Propter.
1330 927 1484 969 Gloria
1502 926 1631 968 Patri.
1663 927 1776 979 Ipse.

1157 982 1205 1032 Y.
1235 983 1422 1026 Oblatus
1447 988 1515 1025 est
1540 984 1641 1037 quia
1665 983 1760 1035 ipse
1783 982 1931 1023 valuit.

1104 1044 1154 1094 R.
1175 1042 1230 1083 Et
1249 1054 1337 1083 non
1357 1040 1528 1094 aperuit
1547 1053 1598 1082 os
1618 1052 1754 1081 suum.

1311 1114 1372 1155 In
1389 1114 1451 1155 H.
1471 1112 1721 1163 vesperis.

1157 1178 1292 1212 Omnia
1316 1182 1355 1211 ut
1380 1178 1417 1211 in
1442 1177 1467 1212 Ι.
1485 1177 1601 1221 Vesp.
1626 1174 1728 1218 [312],
1752 1180 1892 1220 praeter

1156 1229 1227 1269 Ad
1256 1229 1428 1279 Magnif.
1469 1228 1566 1269 Ant.
1607 1228 1702 1277 Ego
1737 1239 1833 1267 sum
1860 1238 1930 1267 ve-

1106 1289 1195 1326 stra
1214 1282 1475 1336 redemptio:
1501 1295 1656 1324 manus
1668 1291 1802 1332 meae,
1833 1294 1931 1334 quae

1105 1353 1184 1382 vos
1203 1340 1415 1390 fecerunt,
1445 1339 1579 1381 clavis
1605 1339 1790 1381 confixae
1817 1343 1931 1380 sunt:

1103 1402 1286 1449 propter
1316 1409 1397 1438 vos
1429 1395 1612 1447 flagellis
1643 1408 1784 1437 caesus
1817 1407 1930 1444 sum,

1105 1453 1239 1506 spinis
1259 1455 1495 1495 coronatus
1516 1466 1628 1493 sum:
1647 1464 1807 1504 aquam
1824 1451 1931 1504 petii

1104 1509 1319 1562 pendens,
1352 1514 1396 1551 et
1424 1511 1596 1551 acetum
1623 1510 1931 1562 porrexerunt:

1103 1567 1147 1607 in
1167 1579 1314 1608 eseam
1331 1579 1474 1607 meam
1491 1565 1549 1607 fel
1569 1564 1798 1615 dederunt,
1825 1569 1869 1607 et
1886 1564 1931 1605 in

1104 1622 1218 1664 latus
1245 1623 1458 1665 lanceam:
1491 1625 1688 1664 mortuus
1716 1626 1760 1663 et
1787 1620 1930 1674 sepul-

1104 1685 1174 1721 tus
1205 1680 1438 1721 resurrexi:
1478 1678 1708 1721 vobiscum
1738 1691 1851 1728 sum,
1887 1682 1931 1720 et

1104 1736 1205 1777 vivo
1225 1736 1268 1776 in
1289 1738 1510 1778 aeternum.

1159 1799 1204 1832 Et
1228 1799 1269 1832 fit
1293 1808 1487 1832 commem.
1512 1798 1645 1832 Feriae.

1381 1883 1509 1924 Feria
1527 1883 1660 1924 Sexta

1130 1944 1233 1992 post
1251 1940 1526 1981 Dominicam
1543 1939 1619 1981 IV.
1639 1938 1903 1990 Quadrages.

1194 2008 1549 2049 Pretiosissimi
1575 2007 1844 2058 Sanguinis

1387 2065 1442 2105 D.
1463 2065 1518 2105 N.
1540 2064 1582 2106 J.
1608 2064 1653 2106 G.

1361 2130 1514 2174 Duplex
1539 2131 1672 2174 majus.

1320 2200 1381 2240 In
1407 2200 1443 2240 1.
1463 2199 1714 2250 vesperis.

1159 2265 1256 2305 Ant.
1277 2265 1305 2304 1.
1331 2261 1437 2314 Quis
1457 2266 1524 2302 est
1542 2261 1624 2302 iste
1645 2260 1718 2313 qui
1738 2258 1856 2300 venit
1875 2257 1930 2300 de

1106 2317 1263 2367 Edom,
1289 2317 1435 2359 tinctis
1463 2317 1658 2359 vestibus
1686 2315 1741 2358 de
1766 2313 1929 2357 Bosra?

1107 2375 1188 2416 iste
1207 2374 1426 2415 formosus
1444 2373 1488 2413 in
1507 2373 1621 2415 stola
1639 2386 1727 2414 sua.

1159 2437 1219 2471 Ps.
1238 2442 1278 2471 ut
1297 2437 1335 2470 in
1352 2436 1378 2470 I.
1396 2436 1512 2479 Vesp.
1535 2436 1582 2470 de
1600 2436 1705 2471 Com.
1722 2436 1858 2478 Apost.
1883 2431 1929 2475 [l]

1158 2490 1193 2529 2.
1226 2489 1322 2537 Ego
1351 2485 1424 2537 qui
1451 2484 1610 2537 loquor
1638 2484 1858 2538 justitiam,
1887 2488 1931 2525 et

1108 2544 1406 2595 propugnator
1425 2554 1520 2582 sum
1539 2541 1597 2583 ad
1616 2540 1882 2582 salvandum.

1158 2603 1192 2640 3.
1238 2600 1432 2641 Vestitus
1469 2602 1561 2638 erat
1594 2602 1716 2638 veste
1753 2598 1931 2649 aspersa

1109 2654 1332 2705 sanguine,
1365 2658 1408 2695 et
1440 2655 1622 2694 vocatur
1654 2666 1813 2695 nomen
1841 2653 1931 2704 ejus

1108 2710 1304 2752 Verbum
1323 2709 1416 2751 Dei.
