<?xml version="1.0" encoding="UTF-8"?>
<!DOCTYPE html PUBLIC "-//W3C//DTD XHTML 1.0 Transitional//EN"
    "http://www.w3.org/TR/xhtml1/DTD/xhtml1-transitional.dtd">
<html xmlns="http://www.w3.org/1999/xhtml" xml:lang="en" lang="en">
 <head>
  <title>
</title>
<meta http-equiv="Content-Type" content="text/html;charset=utf-8" />
  <meta name='ocr-system' content='tesseract 3.04.00' />
  <meta name='ocr-capabilities' content='ocr_page ocr_carea ocr_par ocr_line ocrx_word'/>
</head>
<body>
  <div class='ocr_page' id='page_1' title='image "./p2breviariumroma00cathuoft_0975.png"; bbox 0 0 2066 2956; ppageno 0'>
   <div class='ocr_carea' id='block_1_1' title="bbox 733 231 1235 276">
    <p class='ocr_par' dir='ltr' id='par_1_1' title="bbox 733 231 1235 276">
     <span class='ocr_line' id='line_1_1' title="bbox 733 231 1235 276; baseline -0.006 -9"><span class='ocrx_word' id='word_1_1' title='bbox 733 233 971 276; x_wconf 72' lang='lat' dir='ltr'>l’raeparatio</span> <span class='ocrx_word' id='word_1_2' title='bbox 996 232 1046 266; x_wconf 86' lang='lat' dir='ltr'>ad</span> <span class='ocrx_word' id='word_1_3' title='bbox 1068 231 1235 265; x_wconf 88' lang='lat' dir='ltr'>Missam.</span> 
     </span>
    </p>
   </div>
   <div class='ocr_carea' id='block_1_2' title="bbox 131 292 1831 311">
    <p class='ocr_par' dir='ltr' id='par_1_2' title="bbox 131 292 1831 311">
     <span class='ocr_line' id='line_1_2' title="bbox 131 292 1831 311; baseline 0 0"><span class='ocrx_word' id='word_1_4' title='bbox 131 292 132 311; x_wconf 95' lang='lat' dir='ltr'> </span> <span class='ocrx_word' id='word_1_5' title='bbox 955 292 1831 311; x_wconf 95' lang='lat' dir='ltr'> </span> 
     </span>
    </p>
   </div>
   <div class='ocr_carea' id='block_1_3' title="bbox 131 326 962 1319">
    <p class='ocr_par' dir='ltr' id='par_1_3' title="bbox 131 326 962 1319">
     <span class='ocr_line' id='line_1_3' title="bbox 132 326 955 369; baseline -0.001 -7"><span class='ocrx_word' id='word_1_6' title='bbox 132 331 169 362; x_wconf 90' lang='lat' dir='ltr'>et</span> <span class='ocrx_word' id='word_1_7' title='bbox 191 327 399 362; x_wconf 91' lang='lat' dir='ltr'>Dominum</span> <span class='ocrx_word' id='word_1_8' title='bbox 422 326 716 369; x_wconf 73' lang='lat' dir='ltr'>dominantium,</span> <span class='ocrx_word' id='word_1_9' title='bbox 743 330 850 361; x_wconf 86' lang='lat' dir='ltr'>tanta</span> <span class='ocrx_word' id='word_1_10' title='bbox 873 336 955 361; x_wconf 89' lang='lat' dir='ltr'>sus-</span> 
     </span>
     <span class='ocr_line' id='line_1_4' title="bbox 131 375 957 421; baseline -0.002 -9"><span class='ocrx_word' id='word_1_11' title='bbox 131 377 271 421; x_wconf 89' lang='lat' dir='ltr'>cipiam</span> <span class='ocrx_word' id='word_1_12' title='bbox 294 376 509 412; x_wconf 87' lang='lat' dir='ltr'>reverentia</span> <span class='ocrx_word' id='word_1_13' title='bbox 535 379 572 411; x_wconf 89' lang='lat' dir='ltr'>et</span> <span class='ocrx_word' id='word_1_14' title='bbox 595 375 825 420; x_wconf 85' lang='lat' dir='ltr'>humilitate,</span> <span class='ocrx_word' id='word_1_15' title='bbox 850 379 957 411; x_wconf 87' lang='lat' dir='ltr'>tanta</span> 
     </span>
     <span class='ocr_line' id='line_1_5' title="bbox 132 426 957 470; baseline -0.002 -8"><span class='ocrx_word' id='word_1_16' title='bbox 132 427 362 463; x_wconf 66' lang='lat' dir='ltr'>contritione</span> <span class='ocrx_word' id='word_1_17' title='bbox 391 430 428 461; x_wconf 90' lang='lat' dir='ltr'>et</span> <span class='ocrx_word' id='word_1_18' title='bbox 458 426 684 470; x_wconf 88' lang='lat' dir='ltr'>devotione,</span> <span class='ocrx_word' id='word_1_19' title='bbox 715 430 822 461; x_wconf 89' lang='lat' dir='ltr'>tanta</span> <span class='ocrx_word' id='word_1_20' title='bbox 853 426 957 470; x_wconf 91' lang='lat' dir='ltr'>puri-</span> 
     </span>
     <span class='ocr_line' id='line_1_6' title="bbox 131 476 956 520; baseline -0.002 -7"><span class='ocrx_word' id='word_1_21' title='bbox 131 480 208 513; x_wconf 88' lang='lat' dir='ltr'>tate</span> <span class='ocrx_word' id='word_1_22' title='bbox 241 481 278 512; x_wconf 89' lang='lat' dir='ltr'>et</span> <span class='ocrx_word' id='word_1_23' title='bbox 306 476 398 520; x_wconf 90' lang='lat' dir='ltr'>fide,</span> <span class='ocrx_word' id='word_1_24' title='bbox 428 476 498 511; x_wconf 90' lang='lat' dir='ltr'>tali</span> <span class='ocrx_word' id='word_1_25' title='bbox 531 476 735 520; x_wconf 89' lang='lat' dir='ltr'>proposito</span> <span class='ocrx_word' id='word_1_26' title='bbox 769 480 805 511; x_wconf 90' lang='lat' dir='ltr'>et</span> <span class='ocrx_word' id='word_1_27' title='bbox 837 476 956 511; x_wconf 90' lang='lat' dir='ltr'>inten-</span> 
     </span>
     <span class='ocr_line' id='line_1_7' title="bbox 131 525 957 571; baseline 0 -9"><span class='ocrx_word' id='word_1_28' title='bbox 131 527 250 571; x_wconf 86' lang='lat' dir='ltr'>tione,</span> <span class='ocrx_word' id='word_1_29' title='bbox 269 526 370 561; x_wconf 89' lang='lat' dir='ltr'>sicut</span> <span class='ocrx_word' id='word_1_30' title='bbox 390 526 548 570; x_wconf 84' lang='lat' dir='ltr'>expedit</span> <span class='ocrx_word' id='word_1_31' title='bbox 564 525 679 560; x_wconf 75' lang='lat' dir='ltr'>saliiti</span> <span class='ocrx_word' id='word_1_32' title='bbox 697 526 835 560; x_wconf 82' lang='lat' dir='ltr'>animae</span> <span class='ocrx_word' id='word_1_33' title='bbox 850 537 957 562; x_wconf 87' lang='lat' dir='ltr'>meae.</span> 
     </span>
     <span class='ocr_line' id='line_1_8' title="bbox 132 575 958 621; baseline 0 -9"><span class='ocrx_word' id='word_1_34' title='bbox 132 578 191 612; x_wconf 91' lang='lat' dir='ltr'>Da</span> <span class='ocrx_word' id='word_1_35' title='bbox 205 577 316 620; x_wconf 89' lang='lat' dir='ltr'>mihi,</span> <span class='ocrx_word' id='word_1_36' title='bbox 340 587 490 621; x_wconf 87' lang='lat' dir='ltr'>quaeso,</span> <span class='ocrx_word' id='word_1_37' title='bbox 513 575 707 611; x_wconf 90' lang='lat' dir='ltr'>Dominici</span> <span class='ocrx_word' id='word_1_38' title='bbox 727 577 902 620; x_wconf 91' lang='lat' dir='ltr'>corporis</span> <span class='ocrx_word' id='word_1_39' title='bbox 921 581 958 612; x_wconf 93' lang='lat' dir='ltr'>et</span> 
     </span>
     <span class='ocr_line' id='line_1_9' title="bbox 132 626 957 671; baseline 0 -9"><span class='ocrx_word' id='word_1_40' title='bbox 132 627 333 671; x_wconf 87' lang='lat' dir='ltr'>sanguinis</span> <span class='ocrx_word' id='word_1_41' title='bbox 357 637 436 662; x_wconf 89' lang='lat' dir='ltr'>non</span> <span class='ocrx_word' id='word_1_42' title='bbox 460 627 587 662; x_wconf 91' lang='lat' dir='ltr'>solum</span> <span class='ocrx_word' id='word_1_43' title='bbox 612 626 807 670; x_wconf 83' lang='lat' dir='ltr'>suscipere</span> <span class='ocrx_word' id='word_1_44' title='bbox 832 637 957 662; x_wconf 90' lang='lat' dir='ltr'>sacra-</span> 
     </span>
     <span class='ocr_line' id='line_1_10' title="bbox 131 676 958 720; baseline 0 -8"><span class='ocrx_word' id='word_1_45' title='bbox 131 678 313 720; x_wconf 85' lang='lat' dir='ltr'>mentum,</span> <span class='ocrx_word' id='word_1_46' title='bbox 352 677 422 711; x_wconf 91' lang='lat' dir='ltr'>sed</span> <span class='ocrx_word' id='word_1_47' title='bbox 457 676 572 711; x_wconf 90' lang='lat' dir='ltr'>etiam</span> <span class='ocrx_word' id='word_1_48' title='bbox 601 686 682 711; x_wconf 89' lang='lat' dir='ltr'>rem</span> <span class='ocrx_word' id='word_1_49' title='bbox 713 680 749 711; x_wconf 90' lang='lat' dir='ltr'>et</span> <span class='ocrx_word' id='word_1_50' title='bbox 778 676 958 712; x_wconf 81' lang='lat' dir='ltr'>virtutem</span> 
     </span>
     <span class='ocr_line' id='line_1_11' title="bbox 133 725 957 770; baseline -0.001 -8"><span class='ocrx_word' id='word_1_51' title='bbox 133 726 370 762; x_wconf 77' lang='lat' dir='ltr'>sacramenti.</span> <span class='ocrx_word' id='word_1_52' title='bbox 405 725 435 761; x_wconf 93' lang='lat' dir='ltr'>O</span> <span class='ocrx_word' id='word_1_53' title='bbox 458 726 660 760; x_wconf 85' lang='lat' dir='ltr'>mitissime</span> <span class='ocrx_word' id='word_1_54' title='bbox 677 725 793 770; x_wconf 90' lang='lat' dir='ltr'>Deus,</span> <span class='ocrx_word' id='word_1_55' title='bbox 818 727 868 761; x_wconf 91' lang='lat' dir='ltr'>da</span> <span class='ocrx_word' id='word_1_56' title='bbox 890 727 957 761; x_wconf 90' lang='lat' dir='ltr'>mi-</span> 
     </span>
     <span class='ocr_line' id='line_1_12' title="bbox 132 775 958 820; baseline -0.001 -9"><span class='ocrx_word' id='word_1_57' title='bbox 132 777 173 811; x_wconf 90' lang='lat' dir='ltr'>hi</span> <span class='ocrx_word' id='word_1_58' title='bbox 205 786 348 820; x_wconf 89' lang='lat' dir='ltr'>corpus</span> <span class='ocrx_word' id='word_1_59' title='bbox 379 775 569 819; x_wconf 89' lang='lat' dir='ltr'>unigeniti</span> <span class='ocrx_word' id='word_1_60' title='bbox 598 775 687 809; x_wconf 84' lang='lat' dir='ltr'>Filii</span> <span class='ocrx_word' id='word_1_61' title='bbox 719 775 775 810; x_wconf 86' lang='lat' dir='ltr'>tui</span> <span class='ocrx_word' id='word_1_62' title='bbox 802 775 958 811; x_wconf 89' lang='lat' dir='ltr'>Domini</span> 
     </span>
     <span class='ocr_line' id='line_1_13' title="bbox 132 826 958 870; baseline 0.001 -9"><span class='ocrx_word' id='word_1_63' title='bbox 132 826 255 862; x_wconf 85' lang='lat' dir='ltr'>nostri</span> <span class='ocrx_word' id='word_1_64' title='bbox 286 826 382 861; x_wconf 88' lang='lat' dir='ltr'>Jesu</span> <span class='ocrx_word' id='word_1_65' title='bbox 416 826 576 869; x_wconf 82' lang='lat' dir='ltr'>Christi,</span> <span class='ocrx_word' id='word_1_66' title='bbox 616 826 722 870; x_wconf 92' lang='lat' dir='ltr'>quod</span> <span class='ocrx_word' id='word_1_67' title='bbox 758 826 876 861; x_wconf 83' lang='lat' dir='ltr'>traxit</span> <span class='ocrx_word' id='word_1_68' title='bbox 911 827 958 862; x_wconf 90' lang='lat' dir='ltr'>de</span> 
     </span>
     <span class='ocr_line' id='line_1_14' title="bbox 132 875 959 920; baseline -0.001 -9"><span class='ocrx_word' id='word_1_69' title='bbox 132 875 291 920; x_wconf 88' lang='lat' dir='ltr'>Virgine</span> <span class='ocrx_word' id='word_1_70' title='bbox 314 875 451 919; x_wconf 87' lang='lat' dir='ltr'>Maria,</span> <span class='ocrx_word' id='word_1_71' title='bbox 487 875 544 910; x_wconf 92' lang='lat' dir='ltr'>sic</span> <span class='ocrx_word' id='word_1_72' title='bbox 570 875 782 919; x_wconf 88' lang='lat' dir='ltr'>suscipere,</span> <span class='ocrx_word' id='word_1_73' title='bbox 814 879 856 910; x_wconf 89' lang='lat' dir='ltr'>ut</span> <span class='ocrx_word' id='word_1_74' title='bbox 880 877 959 910; x_wconf 92' lang='lat' dir='ltr'>cor-</span> 
     </span>
     <span class='ocr_line' id='line_1_15' title="bbox 133 925 959 971; baseline 0 -11"><span class='ocrx_word' id='word_1_75' title='bbox 133 926 221 971; x_wconf 89' lang='lat' dir='ltr'>pori</span> <span class='ocrx_word' id='word_1_76' title='bbox 244 935 316 961; x_wconf 92' lang='lat' dir='ltr'>suo</span> <span class='ocrx_word' id='word_1_77' title='bbox 340 927 507 971; x_wconf 70' lang='lat' dir='ltr'>mystico</span> <span class='ocrx_word' id='word_1_78' title='bbox 537 926 684 960; x_wconf 89' lang='lat' dir='ltr'>merear</span> <span class='ocrx_word' id='word_1_79' title='bbox 708 925 959 969; x_wconf 84' lang='lat' dir='ltr'>incorporari,</span> 
     </span>
     <span class='ocr_line' id='line_1_16' title="bbox 134 975 959 1019; baseline -0.001 -7"><span class='ocrx_word' id='word_1_80' title='bbox 134 980 171 1012; x_wconf 93' lang='lat' dir='ltr'>et</span> <span class='ocrx_word' id='word_1_81' title='bbox 208 976 308 1011; x_wconf 87' lang='lat' dir='ltr'>inter</span> <span class='ocrx_word' id='word_1_82' title='bbox 348 976 430 1019; x_wconf 90' lang='lat' dir='ltr'>ejus</span> <span class='ocrx_word' id='word_1_83' title='bbox 473 975 645 1010; x_wconf 91' lang='lat' dir='ltr'>membra</span> <span class='ocrx_word' id='word_1_84' title='bbox 684 976 959 1011; x_wconf 88' lang='lat' dir='ltr'>connumerari.</span> 
     </span>
     <span class='ocr_line' id='line_1_17' title="bbox 135 1024 961 1068; baseline -0.002 -7"><span class='ocrx_word' id='word_1_85' title='bbox 135 1026 166 1061; x_wconf 95' lang='lat' dir='ltr'>O</span> <span class='ocrx_word' id='word_1_86' title='bbox 202 1025 464 1060; x_wconf 85' lang='lat' dir='ltr'>amantissime</span> <span class='ocrx_word' id='word_1_87' title='bbox 493 1024 625 1068; x_wconf 83' lang='lat' dir='ltr'>Pater,</span> <span class='ocrx_word' id='word_1_88' title='bbox 664 1025 831 1060; x_wconf 89' lang='lat' dir='ltr'>concede</span> <span class='ocrx_word' id='word_1_89' title='bbox 865 1025 961 1059; x_wconf 90' lang='lat' dir='ltr'>mihi</span> 
     </span>
     <span class='ocr_line' id='line_1_18' title="bbox 135 1074 961 1118; baseline -0.001 -8"><span class='ocrx_word' id='word_1_90' title='bbox 135 1075 317 1110; x_wconf 90' lang='lat' dir='ltr'>dilectum</span> <span class='ocrx_word' id='word_1_91' title='bbox 331 1074 472 1109; x_wconf 81' lang='lat' dir='ltr'>Filium</span> <span class='ocrx_word' id='word_1_92' title='bbox 492 1078 614 1117; x_wconf 91' lang='lat' dir='ltr'>tuum,</span> <span class='ocrx_word' id='word_1_93' title='bbox 639 1084 753 1118; x_wconf 91' lang='lat' dir='ltr'>quem</span> <span class='ocrx_word' id='word_1_94' title='bbox 776 1085 878 1109; x_wconf 92' lang='lat' dir='ltr'>nunc</span> <span class='ocrx_word' id='word_1_95' title='bbox 898 1085 961 1110; x_wconf 87' lang='lat' dir='ltr'>ve-</span> 
     </span>
     <span class='ocr_line' id='line_1_19' title="bbox 135 1124 961 1169; baseline 0 -9"><span class='ocrx_word' id='word_1_96' title='bbox 135 1126 255 1160; x_wconf 89' lang='lat' dir='ltr'>latum</span> <span class='ocrx_word' id='word_1_97' title='bbox 277 1124 318 1159; x_wconf 90' lang='lat' dir='ltr'>in</span> <span class='ocrx_word' id='word_1_98' title='bbox 340 1124 407 1160; x_wconf 89' lang='lat' dir='ltr'>via</span> <span class='ocrx_word' id='word_1_99' title='bbox 431 1125 627 1169; x_wconf 89' lang='lat' dir='ltr'>suscipere</span> <span class='ocrx_word' id='word_1_100' title='bbox 643 1126 832 1169; x_wconf 91' lang='lat' dir='ltr'>propono,</span> <span class='ocrx_word' id='word_1_101' title='bbox 855 1135 961 1160; x_wconf 82' lang='lat' dir='ltr'>reve-</span> 
     </span>
     <span class='ocr_line' id='line_1_20' title="bbox 134 1174 962 1219; baseline 0 -9"><span class='ocrx_word' id='word_1_102' title='bbox 134 1175 213 1210; x_wconf 87' lang='lat' dir='ltr'>lata</span> <span class='ocrx_word' id='word_1_103' title='bbox 247 1174 403 1210; x_wconf 89' lang='lat' dir='ltr'>tandem</span> <span class='ocrx_word' id='word_1_104' title='bbox 442 1174 540 1209; x_wconf 82' lang='lat' dir='ltr'>facie</span> <span class='ocrx_word' id='word_1_105' title='bbox 572 1176 760 1219; x_wconf 88' lang='lat' dir='ltr'>perpetuo</span> <span class='ocrx_word' id='word_1_106' title='bbox 796 1179 962 1210; x_wconf 91' lang='lat' dir='ltr'>contem—</span> 
     </span>
     <span class='ocr_line' id='line_1_21' title="bbox 135 1224 960 1270; baseline -0.001 -10"><span class='ocrx_word' id='word_1_107' title='bbox 135 1225 245 1270; x_wconf 89' lang='lat' dir='ltr'>plari.</span> <span class='ocrx_word' id='word_1_108' title='bbox 290 1224 365 1266; x_wconf 91' lang='lat' dir='ltr'>Qui</span> <span class='ocrx_word' id='word_1_109' title='bbox 393 1228 520 1259; x_wconf 90' lang='lat' dir='ltr'>tecum</span> <span class='ocrx_word' id='word_1_110' title='bbox 542 1224 656 1268; x_wconf 89' lang='lat' dir='ltr'>vivit,</span> <span class='ocrx_word' id='word_1_111' title='bbox 690 1228 727 1259; x_wconf 91' lang='lat' dir='ltr'>et</span> <span class='ocrx_word' id='word_1_112' title='bbox 756 1228 891 1268; x_wconf 88' lang='lat' dir='ltr'>regnat</span> <span class='ocrx_word' id='word_1_113' title='bbox 920 1225 960 1259; x_wconf 91' lang='lat' dir='ltr'>in</span> 
     </span>
     <span class='ocr_line' id='line_1_22' title="bbox 134 1274 852 1319; baseline 0 -9"><span class='ocrx_word' id='word_1_114' title='bbox 134 1275 279 1310; x_wconf 90' lang='lat' dir='ltr'>unitate</span> <span class='ocrx_word' id='word_1_115' title='bbox 304 1274 470 1319; x_wconf 85' lang='lat' dir='ltr'>Spiritus</span> <span class='ocrx_word' id='word_1_116' title='bbox 495 1274 619 1310; x_wconf 90' lang='lat' dir='ltr'>sancti</span> <span class='ocrx_word' id='word_1_117' title='bbox 642 1274 758 1319; x_wconf 89' lang='lat' dir='ltr'>Deus,</span> <span class='ocrx_word' id='word_1_118' title='bbox 784 1279 852 1310; x_wconf 91' lang='lat' dir='ltr'>etc.</span> 
     </span>
    </p>
   </div>
   <div class='ocr_carea' id='block_1_4' title="bbox 170 1335 928 1408">
    <p class='ocr_par' dir='ltr' id='par_1_4' title="bbox 170 1335 928 1408">
     <span class='ocr_line' id='line_1_23' title="bbox 170 1335 928 1408; baseline -0.003 0"><span class='ocrx_word' id='word_1_119' title='bbox 170 1367 314 1408; x_wconf 78' lang='lat' dir='ltr'>Oratio</span> <span class='ocrx_word' id='word_1_120' title='bbox 340 1368 392 1408; x_wconf 76' lang='lat' dir='ltr'>ad</span> <span class='ocrx_word' id='word_1_121' title='bbox 413 1335 534 1407; x_wconf 51' lang='grc' dir='ltr'><em>ΒῘΜ.</em></span> <span class='ocrx_word' id='word_1_122' title='bbox 553 1367 600 1407; x_wconf 89' lang='lat' dir='ltr'>v.</span> <span class='ocrx_word' id='word_1_123' title='bbox 626 1367 725 1407; x_wconf 76' lang='lat' dir='ltr'>ante</span> <span class='ocrx_word' id='word_1_124' title='bbox 747 1366 928 1407; x_wconf 82' lang='lat' dir='ltr'>Missam.</span> 
     </span>
    </p>
   </div>
   <div class='ocr_carea' id='block_1_5' title="bbox 134 1429 963 2152">
    <p class='ocr_par' dir='ltr' id='par_1_5' title="bbox 309 1429 786 1499">
     <span class='ocr_line' id='line_1_24' title="bbox 396 1429 706 1462; baseline -0.006 -7"><span class='ocrx_word' id='word_1_125' title='bbox 396 1429 502 1462; x_wconf 80' lang='lat' dir='ltr'>Induig.</span> <span class='ocrx_word' id='word_1_126' title='bbox 524 1431 572 1455; x_wconf 70' lang='lat'>10⁴)</span> <span class='ocrx_word' id='word_1_127' title='bbox 591 1429 706 1454; x_wconf 80' lang='lat' dir='ltr'>dierum.</span> 
     </span>
     <span class='ocr_line' id='line_1_25' title="bbox 309 1472 786 1499; baseline -0.008 0"><span class='ocrx_word' id='word_1_128' title='bbox 309 1473 365 1499; x_wconf 66' lang='lat' dir='ltr'>Leo</span> <span class='ocrx_word' id='word_1_129' title='bbox 386 1473 440 1499; x_wconf 82' lang='lat' dir='ltr'>PP.</span> <span class='ocrx_word' id='word_1_130' title='bbox 460 1472 538 1499; x_wconf 82' lang='lat' dir='ltr'>xm.</span> <span class='ocrx_word' id='word_1_131' title='bbox 561 1473 598 1498; x_wconf 79' lang='lat'>17.</span> <span class='ocrx_word' id='word_1_132' title='bbox 619 1472 698 1497; x_wconf 60' lang='lat' dir='ltr'>Febr.</span> <span class='ocrx_word' id='word_1_133' title='bbox 722 1473 786 1497; x_wconf 56' lang='lat' dir='ltr'>issa</span> 
     </span>
    </p>

    <p class='ocr_par' dir='ltr' id='par_1_6' title="bbox 138 1514 962 1597">
     <span class='ocr_line' id='line_1_26' title="bbox 138 1514 962 1597; baseline -0.002 -47"><span class='ocrx_word' id='word_1_134' title='bbox 138 1519 186 1597; x_wconf 85' lang='grc' dir='ltr'>Ο</span> <span class='ocrx_word' id='word_1_135' title='bbox 204 1515 327 1550; x_wconf 89' lang='lat' dir='ltr'>Mater</span> <span class='ocrx_word' id='word_1_136' title='bbox 341 1515 499 1560; x_wconf 86' lang='lat' dir='ltr'>pietatis</span> <span class='ocrx_word' id='word_1_137' title='bbox 517 1519 554 1550; x_wconf 91' lang='lat' dir='ltr'>et</span> <span class='ocrx_word' id='word_1_138' title='bbox 569 1514 857 1558; x_wconf 82' lang='lat' dir='ltr'>misericordiae,</span> <span class='ocrx_word' id='word_1_139' title='bbox 873 1514 962 1548; x_wconf 90' lang='lat' dir='ltr'>bea-</span> 
     </span>
    </p>

    <p class='ocr_par' dir='ltr' id='par_1_7' title="bbox 134 1564 963 2152">
     <span class='ocr_line' id='line_1_27' title="bbox 229 1564 963 1609; baseline -0.003 -9"><span class='ocrx_word' id='word_1_140' title='bbox 229 1565 380 1601; x_wconf 90' lang='lat' dir='ltr'>tissima</span> <span class='ocrx_word' id='word_1_141' title='bbox 397 1565 520 1609; x_wconf 90' lang='lat' dir='ltr'>Virgo</span> <span class='ocrx_word' id='word_1_142' title='bbox 537 1566 672 1608; x_wconf 90' lang='lat' dir='ltr'>Maria,</span> <span class='ocrx_word' id='word_1_143' title='bbox 695 1574 767 1608; x_wconf 89' lang='lat' dir='ltr'>ego</span> <span class='ocrx_word' id='word_1_144' title='bbox 788 1564 906 1599; x_wconf 92' lang='lat' dir='ltr'>miser</span> <span class='ocrx_word' id='word_1_145' title='bbox 926 1568 963 1599; x_wconf 89' lang='lat' dir='ltr'>et</span> 
     </span>
     <span class='ocr_line' id='line_1_28' title="bbox 136 1614 961 1660; baseline -0.004 -9"><span class='ocrx_word' id='word_1_146' title='bbox 136 1615 316 1660; x_wconf 89' lang='lat' dir='ltr'>indignus</span> <span class='ocrx_word' id='word_1_147' title='bbox 337 1617 520 1660; x_wconf 90' lang='lat' dir='ltr'>peccator</span> <span class='ocrx_word' id='word_1_148' title='bbox 540 1615 591 1650; x_wconf 87' lang='lat' dir='ltr'>ad</span> <span class='ocrx_word' id='word_1_149' title='bbox 611 1619 648 1650; x_wconf 90' lang='lat' dir='ltr'>te</span> <span class='ocrx_word' id='word_1_150' title='bbox 671 1614 853 1658; x_wconf 71' lang='lat' dir='ltr'>confagio</span> <span class='ocrx_word' id='word_1_151' title='bbox 879 1618 961 1649; x_wconf 89' lang='lat' dir='ltr'>toto</span> 
     </span>
     <span class='ocr_line' id='line_1_29' title="bbox 136 1664 963 1709; baseline -0.004 -8"><span class='ocrx_word' id='word_1_152' title='bbox 136 1665 253 1701; x_wconf 91' lang='lat' dir='ltr'>corde</span> <span class='ocrx_word' id='word_1_153' title='bbox 284 1670 321 1701; x_wconf 93' lang='lat' dir='ltr'>et</span> <span class='ocrx_word' id='word_1_154' title='bbox 352 1665 504 1709; x_wconf 87' lang='lat' dir='ltr'>affectu,</span> <span class='ocrx_word' id='word_1_155' title='bbox 544 1669 582 1700; x_wconf 90' lang='lat' dir='ltr'>et</span> <span class='ocrx_word' id='word_1_156' title='bbox 611 1675 750 1709; x_wconf 89' lang='lat' dir='ltr'>precor</span> <span class='ocrx_word' id='word_1_157' title='bbox 780 1664 963 1708; x_wconf 86' lang='lat' dir='ltr'>pietatem</span> 
     </span>
     <span class='ocr_line' id='line_1_30' title="bbox 135 1714 963 1752; baseline -0.004 0"><span class='ocrx_word' id='word_1_158' title='bbox 135 1721 254 1752; x_wconf 90' lang='lat' dir='ltr'>tuam:</span> <span class='ocrx_word' id='word_1_159' title='bbox 277 1720 319 1752; x_wconf 93' lang='lat' dir='ltr'>ut</span> <span class='ocrx_word' id='word_1_160' title='bbox 343 1716 443 1751; x_wconf 89' lang='lat' dir='ltr'>sicut</span> <span class='ocrx_word' id='word_1_161' title='bbox 466 1716 690 1751; x_wconf 88' lang='lat' dir='ltr'>dulcissimo</span> <span class='ocrx_word' id='word_1_162' title='bbox 707 1715 806 1750; x_wconf 88' lang='lat' dir='ltr'>Filio</span> <span class='ocrx_word' id='word_1_163' title='bbox 830 1718 896 1750; x_wconf 91' lang='lat' dir='ltr'>tuo</span> <span class='ocrx_word' id='word_1_164' title='bbox 923 1714 963 1749; x_wconf 91' lang='lat' dir='ltr'>in</span> 
     </span>
     <span class='ocr_line' id='line_1_31' title="bbox 137 1764 963 1811; baseline -0.005 -9"><span class='ocrx_word' id='word_1_165' title='bbox 137 1777 248 1802; x_wconf 89' lang='lat' dir='ltr'>cruce</span> <span class='ocrx_word' id='word_1_166' title='bbox 279 1765 465 1811; x_wconf 78' lang='lat' dir='ltr'>pendenti</span> <span class='ocrx_word' id='word_1_167' title='bbox 498 1765 670 1808; x_wconf 87' lang='lat' dir='ltr'>astitisti,</span> <span class='ocrx_word' id='word_1_168' title='bbox 713 1765 767 1800; x_wconf 88' lang='lat' dir='ltr'>ita</span> <span class='ocrx_word' id='word_1_169' title='bbox 800 1768 837 1799; x_wconf 89' lang='lat' dir='ltr'>et</span> <span class='ocrx_word' id='word_1_170' title='bbox 867 1764 963 1798; x_wconf 87' lang='lat' dir='ltr'>mihi</span> 
     </span>
     <span class='ocr_line' id='line_1_32' title="bbox 135 1815 963 1862; baseline -0.004 -9"><span class='ocrx_word' id='word_1_171' title='bbox 135 1817 275 1853; x_wconf 90' lang='lat' dir='ltr'>misero</span> <span class='ocrx_word' id='word_1_172' title='bbox 291 1816 497 1862; x_wconf 87' lang='lat' dir='ltr'>peccatori,</span> <span class='ocrx_word' id='word_1_173' title='bbox 514 1820 551 1851; x_wconf 92' lang='lat' dir='ltr'>et</span> <span class='ocrx_word' id='word_1_174' title='bbox 563 1816 831 1851; x_wconf 85' lang='lat' dir='ltr'>sacerdotibus</span> <span class='ocrx_word' id='word_1_175' title='bbox 845 1815 963 1850; x_wconf 90' lang='lat' dir='ltr'>omni-</span> 
     </span>
     <span class='ocr_line' id='line_1_33' title="bbox 134 1865 963 1903; baseline -0.005 0"><span class='ocrx_word' id='word_1_176' title='bbox 134 1867 208 1903; x_wconf 92' lang='lat' dir='ltr'>bus</span> <span class='ocrx_word' id='word_1_177' title='bbox 232 1866 297 1902; x_wconf 91' lang='lat' dir='ltr'>hic</span> <span class='ocrx_word' id='word_1_178' title='bbox 321 1870 358 1902; x_wconf 90' lang='lat' dir='ltr'>et</span> <span class='ocrx_word' id='word_1_179' title='bbox 379 1866 420 1901; x_wconf 93' lang='lat' dir='ltr'>in</span> <span class='ocrx_word' id='word_1_180' title='bbox 443 1870 525 1902; x_wconf 88' lang='lat' dir='ltr'>tota</span> <span class='ocrx_word' id='word_1_181' title='bbox 549 1870 683 1901; x_wconf 88' lang='lat' dir='ltr'>sancta</span> <span class='ocrx_word' id='word_1_182' title='bbox 701 1865 875 1901; x_wconf 75' lang='lat' dir='ltr'>Ecclesia</span> <span class='ocrx_word' id='word_1_183' title='bbox 896 1865 963 1900; x_wconf 94' lang='lat' dir='ltr'>ho-</span> 
     </span>
     <span class='ocr_line' id='line_1_34' title="bbox 137 1915 962 1960; baseline -0.004 -8"><span class='ocrx_word' id='word_1_184' title='bbox 137 1917 200 1952; x_wconf 91' lang='lat' dir='ltr'>die</span> <span class='ocrx_word' id='word_1_185' title='bbox 236 1916 501 1960; x_wconf 88' lang='lat' dir='ltr'>offerentibus,</span> <span class='ocrx_word' id='word_1_186' title='bbox 544 1916 749 1951; x_wconf 89' lang='lat' dir='ltr'>clementer</span> <span class='ocrx_word' id='word_1_187' title='bbox 782 1915 962 1950; x_wconf 86' lang='lat' dir='ltr'>assistere</span> 
     </span>
     <span class='ocr_line' id='line_1_35' title="bbox 137 1964 963 2011; baseline -0.005 -9"><span class='ocrx_word' id='word_1_188' title='bbox 137 1967 319 2011; x_wconf 84' lang='lat' dir='ltr'>digneris,</span> <span class='ocrx_word' id='word_1_189' title='bbox 341 1970 383 2002; x_wconf 91' lang='lat' dir='ltr'>ut</span> <span class='ocrx_word' id='word_1_190' title='bbox 405 1970 472 2001; x_wconf 89' lang='lat' dir='ltr'>tua</span> <span class='ocrx_word' id='word_1_191' title='bbox 495 1966 620 2010; x_wconf 88' lang='lat' dir='ltr'>gratia</span> <span class='ocrx_word' id='word_1_192' title='bbox 645 1965 781 2009; x_wconf 77' lang='lat' dir='ltr'>adjati,</span> <span class='ocrx_word' id='word_1_193' title='bbox 806 1964 963 2008; x_wconf 87' lang='lat' dir='ltr'>dignam</span> 
     </span>
     <span class='ocr_line' id='line_1_36' title="bbox 137 2013 963 2061; baseline -0.005 -9"><span class='ocrx_word' id='word_1_194' title='bbox 137 2021 175 2052; x_wconf 86' lang='lat' dir='ltr'>et</span> <span class='ocrx_word' id='word_1_195' title='bbox 198 2016 475 2061; x_wconf 79' lang='lat' dir='ltr'>acceptabilem</span> <span class='ocrx_word' id='word_1_196' title='bbox 496 2013 666 2051; x_wconf 87' lang='lat' dir='ltr'>hostiam</span> <span class='ocrx_word' id='word_1_197' title='bbox 690 2015 730 2050; x_wconf 94' lang='lat' dir='ltr'>in</span> <span class='ocrx_word' id='word_1_198' title='bbox 754 2015 963 2058; x_wconf 88' lang='lat' dir='ltr'>conspectu</span> 
     </span>
     <span class='ocr_line' id='line_1_37' title="bbox 138 2064 962 2102; baseline -0.004 -1"><span class='ocrx_word' id='word_1_199' title='bbox 138 2076 298 2102; x_wconf 90' lang='lat' dir='ltr'>summae</span> <span class='ocrx_word' id='word_1_200' title='bbox 320 2070 356 2101; x_wconf 92' lang='lat' dir='ltr'>et</span> <span class='ocrx_word' id='word_1_201' title='bbox 377 2065 591 2101; x_wconf 87' lang='lat' dir='ltr'>individuae</span> <span class='ocrx_word' id='word_1_202' title='bbox 606 2065 807 2100; x_wconf 79' lang='lat' dir='ltr'>Trinitatis</span> <span class='ocrx_word' id='word_1_203' title='bbox 828 2064 962 2099; x_wconf 85' lang='lat' dir='ltr'>offerre</span> 
     </span>
     <span class='ocr_line' id='line_1_38' title="bbox 137 2115 519 2152; baseline -0.005 0"><span class='ocrx_word' id='word_1_204' title='bbox 137 2117 346 2152; x_wconf 86' lang='lat' dir='ltr'>valeamus.</span> <span class='ocrx_word' id='word_1_205' title='bbox 383 2115 519 2151; x_wconf 90' lang='lat' dir='ltr'>Amen.</span> 
     </span>
    </p>
   </div>
   <div class='ocr_carea' id='block_1_6' title="bbox 446 2179 652 2183">
    <p class='ocr_par' dir='ltr' id='par_1_8' title="bbox 446 2179 652 2183">
     <span class='ocr_line' id='line_1_39' title="bbox 446 2179 652 2183; baseline 0 0"><span class='ocrx_word' id='word_1_206' title='bbox 446 2179 652 2183; x_wconf 95' lang='lat' dir='ltr'> </span> 
     </span>
    </p>
   </div>
   <div class='ocr_carea' id='block_1_7' title="bbox 273 2206 833 2258">
    <p class='ocr_par' dir='ltr' id='par_1_9' title="bbox 273 2206 833 2258">
     <span class='ocr_line' id='line_1_40' title="bbox 273 2206 833 2258; baseline -0.007 -10"><span class='ocrx_word' id='word_1_207' title='bbox 273 2207 417 2248; x_wconf 76' lang='lat' dir='ltr'>Oratio</span> <span class='ocrx_word' id='word_1_208' title='bbox 445 2207 497 2248; x_wconf 85' lang='lat' dir='ltr'>ad</span> <span class='ocrx_word' id='word_1_209' title='bbox 524 2207 566 2247; x_wconf 89' lang='lat' dir='ltr'>S.</span> <span class='ocrx_word' id='word_1_210' title='bbox 594 2206 833 2258; x_wconf 83' lang='lat' dir='ltr'>Josephum.</span> 
     </span>
    </p>
   </div>
   <div class='ocr_carea' id='block_1_8' title="bbox 138 2267 963 2792">
    <p class='ocr_par' dir='ltr' id='par_1_10' title="bbox 138 2267 963 2792">
     <span class='ocr_line' id='line_1_41' title="bbox 400 2267 711 2300; baseline -0.013 -5"><span class='ocrx_word' id='word_1_211' title='bbox 400 2268 505 2300; x_wconf 74' lang='lat' dir='ltr'>Indulg.</span> <span class='ocrx_word' id='word_1_212' title='bbox 528 2269 576 2293; x_wconf 73' lang='lat'>100</span> <span class='ocrx_word' id='word_1_213' title='bbox 597 2267 711 2293; x_wconf 82' lang='lat' dir='ltr'>dicrum.</span> 
     </span>
     <span class='ocr_line' id='line_1_42' title="bbox 371 2311 740 2338; baseline -0.008 0"><span class='ocrx_word' id='word_1_214' title='bbox 371 2313 436 2338; x_wconf 79' lang='lat' dir='ltr'>I’ius</span> <span class='ocrx_word' id='word_1_215' title='bbox 456 2312 503 2338; x_wconf 84' lang='lat' dir='ltr'>IX.</span> <span class='ocrx_word' id='word_1_216' title='bbox 523 2312 547 2337; x_wconf 80' lang='lat'>4.</span> <span class='ocrx_word' id='word_1_217' title='bbox 567 2312 646 2337; x_wconf 82' lang='lat' dir='ltr'>Febr.</span> <span class='ocrx_word' id='word_1_218' title='bbox 670 2311 740 2336; x_wconf 63' lang='lat'>1⁸77.</span> 
     </span>
     <span class='ocr_line' id='line_1_43' title="bbox 216 2351 963 2396; baseline -0.008 -5"><span class='ocrx_word' id='word_1_219' title='bbox 216 2356 367 2391; x_wconf 88' lang='lat' dir='ltr'>felicem</span> <span class='ocrx_word' id='word_1_220' title='bbox 389 2356 517 2391; x_wconf 88' lang='lat' dir='ltr'>virum</span> <span class='ocrx_word' id='word_1_221' title='bbox 538 2356 694 2390; x_wconf 86' lang='lat' dir='ltr'>beatum</span> <span class='ocrx_word' id='word_1_222' title='bbox 717 2354 741 2388; x_wconf 93' lang='lat' dir='ltr'>J</span> <span class='ocrx_word' id='word_1_223' title='bbox 744 2353 877 2396; x_wconf 89' lang='lat' dir='ltr'>oseph,</span> <span class='ocrx_word' id='word_1_224' title='bbox 901 2351 963 2386; x_wconf 93' lang='lat' dir='ltr'>cui</span> 
     </span>
     <span class='ocr_line' id='line_1_44' title="bbox 240 2402 962 2449; baseline -0.007 -8"><span class='ocrx_word' id='word_1_225' title='bbox 240 2406 371 2441; x_wconf 92' lang='lat' dir='ltr'>datum</span> <span class='ocrx_word' id='word_1_226' title='bbox 395 2410 463 2449; x_wconf 87' lang='lat' dir='ltr'>est,</span> <span class='ocrx_word' id='word_1_227' title='bbox 481 2406 616 2449; x_wconf 89' lang='lat' dir='ltr'>Deum,</span> <span class='ocrx_word' id='word_1_228' title='bbox 641 2415 755 2449; x_wconf 92' lang='lat' dir='ltr'>quem</span> <span class='ocrx_word' id='word_1_229' title='bbox 776 2402 886 2438; x_wconf 92' lang='lat' dir='ltr'>multi</span> <span class='ocrx_word' id='word_1_230' title='bbox 906 2412 962 2437; x_wconf 90' lang='lat' dir='ltr'>re-</span> 
     </span>
     <span class='ocr_line' id='line_1_45' title="bbox 138 2453 962 2499; baseline -0.007 -7"><span class='ocrx_word' id='word_1_231' title='bbox 138 2466 206 2499; x_wconf 87' lang='lat' dir='ltr'>ges</span> <span class='ocrx_word' id='word_1_232' title='bbox 225 2458 432 2492; x_wconf 89' lang='lat' dir='ltr'>voluerunt</span> <span class='ocrx_word' id='word_1_233' title='bbox 447 2457 590 2499; x_wconf 87' lang='lat' dir='ltr'>videre,</span> <span class='ocrx_word' id='word_1_234' title='bbox 614 2459 651 2490; x_wconf 90' lang='lat' dir='ltr'>et</span> <span class='ocrx_word' id='word_1_235' title='bbox 673 2465 752 2490; x_wconf 91' lang='lat' dir='ltr'>non</span> <span class='ocrx_word' id='word_1_236' title='bbox 774 2453 962 2495; x_wconf 88' lang='lat' dir='ltr'>viderunt,</span> 
     </span>
     <span class='ocr_line' id='line_1_46' title="bbox 139 2502 963 2550; baseline -0.006 -10"><span class='ocrx_word' id='word_1_237' title='bbox 139 2506 288 2550; x_wconf 87' lang='lat' dir='ltr'>audire,</span> <span class='ocrx_word' id='word_1_238' title='bbox 321 2511 358 2542; x_wconf 90' lang='lat' dir='ltr'>et</span> <span class='ocrx_word' id='word_1_239' title='bbox 383 2517 462 2541; x_wconf 92' lang='lat' dir='ltr'>non</span> <span class='ocrx_word' id='word_1_240' title='bbox 485 2506 705 2547; x_wconf 88' lang='lat' dir='ltr'>audierunt,</span> <span class='ocrx_word' id='word_1_241' title='bbox 736 2513 814 2538; x_wconf 91' lang='lat' dir='ltr'>non</span> <span class='ocrx_word' id='word_1_242' title='bbox 837 2502 963 2536; x_wconf 89' lang='lat' dir='ltr'>solum</span> 
     </span>
     <span class='ocr_line' id='line_1_47' title="bbox 140 2552 963 2599; baseline -0.006 -9"><span class='ocrx_word' id='word_1_243' title='bbox 140 2556 272 2592; x_wconf 91' lang='lat' dir='ltr'>videre</span> <span class='ocrx_word' id='word_1_244' title='bbox 296 2561 333 2592; x_wconf 88' lang='lat' dir='ltr'>et</span> <span class='ocrx_word' id='word_1_245' title='bbox 357 2556 499 2599; x_wconf 89' lang='lat' dir='ltr'>audire,</span> <span class='ocrx_word' id='word_1_246' title='bbox 522 2555 592 2590; x_wconf 91' lang='lat' dir='ltr'>sed</span> <span class='ocrx_word' id='word_1_247' title='bbox 615 2555 779 2598; x_wconf 83' lang='lat' dir='ltr'>portare,</span> <span class='ocrx_word' id='word_1_248' title='bbox 804 2552 963 2586; x_wconf 89' lang='lat' dir='ltr'>deoscu—</span> 
     </span>
     <span class='ocr_line' id='line_1_48' title="bbox 138 2605 672 2649; baseline -0.004 -9"><span class='ocrx_word' id='word_1_249' title='bbox 138 2606 220 2649; x_wconf 86' lang='lat' dir='ltr'>lari,</span> <span class='ocrx_word' id='word_1_250' title='bbox 242 2607 384 2642; x_wconf 86' lang='lat' dir='ltr'>vestire</span> <span class='ocrx_word' id='word_1_251' title='bbox 409 2610 446 2641; x_wconf 89' lang='lat' dir='ltr'>et</span> <span class='ocrx_word' id='word_1_252' title='bbox 469 2605 672 2641; x_wconf 89' lang='lat' dir='ltr'>custodire.</span> 
     </span>
     <span class='ocr_line' id='line_1_49' title="bbox 194 2650 962 2700; baseline -0.008 -10"><span class='ocrx_word' id='word_1_253' title='bbox 194 2651 239 2696; x_wconf 67' lang='lat' dir='ltr'>V.</span> <span class='ocrx_word' id='word_1_254' title='bbox 278 2656 355 2691; x_wconf 91' lang='lat' dir='ltr'>Ora</span> <span class='ocrx_word' id='word_1_255' title='bbox 391 2667 463 2700; x_wconf 92' lang='lat' dir='ltr'>pro</span> <span class='ocrx_word' id='word_1_256' title='bbox 501 2655 615 2691; x_wconf 91' lang='lat' dir='ltr'>nobis</span> <span class='ocrx_word' id='word_1_257' title='bbox 654 2654 765 2688; x_wconf 87' lang='lat' dir='ltr'>beate</span> <span class='ocrx_word' id='word_1_258' title='bbox 803 2650 962 2694; x_wconf 88' lang='lat' dir='ltr'>Joseph.</span> 
     </span>
     <span class='ocr_line' id='line_1_50' title="bbox 144 2700 963 2750; baseline -0.007 -10"><span class='ocrx_word' id='word_1_259' title='bbox 144 2706 186 2749; x_wconf 63' lang='lat' dir='ltr'>R«.</span> <span class='ocrx_word' id='word_1_260' title='bbox 222 2705 274 2740; x_wconf 92' lang='lat' dir='ltr'>Ut</span> <span class='ocrx_word' id='word_1_261' title='bbox 311 2706 419 2750; x_wconf 89' lang='lat' dir='ltr'>digni</span> <span class='ocrx_word' id='word_1_262' title='bbox 455 2705 666 2741; x_wconf 86' lang='lat' dir='ltr'>efficiamur</span> <span class='ocrx_word' id='word_1_263' title='bbox 698 2700 963 2746; x_wconf 89' lang='lat' dir='ltr'>promissioni-</span> 
     </span>
     <span class='ocr_line' id='line_1_51' title="bbox 139 2755 392 2792; baseline 0 -2"><span class='ocrx_word' id='word_1_264' title='bbox 139 2756 212 2791; x_wconf 87' lang='lat' dir='ltr'>bus</span> <span class='ocrx_word' id='word_1_265' title='bbox 237 2755 392 2792; x_wconf 89' lang='lat' dir='ltr'>Christi.</span> 
     </span>
    </p>
   </div>
   <div class='ocr_carea' id='block_1_9' title="bbox 1733 229 1830 273">
    <p class='ocr_par' dir='ltr' id='par_1_11' title="bbox 1733 229 1830 273">
     <span class='ocr_line' id='line_1_52' title="bbox 1733 229 1830 273; baseline -0.01 -8"><span class='ocrx_word' id='word_1_266' title='bbox 1733 229 1830 273; x_wconf 80' lang='lat'>[403]</span> 
     </span>
    </p>
   </div>
   <div class='ocr_carea' id='block_1_10' title="bbox 1341 328 1509 363">
    <p class='ocr_par' dir='ltr' id='par_1_12' title="bbox 1341 328 1509 363">
     <span class='ocr_line' id='line_1_53' title="bbox 1341 328 1509 363; baseline 0 -1"><span class='ocrx_word' id='word_1_267' title='bbox 1341 328 1509 363; x_wconf 86' lang='lat' dir='ltr'>Oremus.</span> 
     </span>
    </p>
   </div>
   <div class='ocr_carea' id='block_1_11' title="bbox 1006 383 1835 967">
    <p class='ocr_par' dir='ltr' id='par_1_13' title="bbox 1006 383 1835 967">
     <span class='ocr_line' id='line_1_54' title="bbox 1013 383 1832 463; baseline -0.002 -45"><span class='ocrx_word' id='word_1_268' title='bbox 1013 389 1151 463; x_wconf 89' lang='lat' dir='ltr'>Deus,</span> <span class='ocrx_word' id='word_1_269' title='bbox 1176 383 1242 427; x_wconf 92' lang='lat' dir='ltr'>qui</span> <span class='ocrx_word' id='word_1_270' title='bbox 1266 383 1407 419; x_wconf 86' lang='lat' dir='ltr'>dedisti</span> <span class='ocrx_word' id='word_1_271' title='bbox 1430 384 1545 419; x_wconf 91' lang='lat' dir='ltr'>nobis</span> <span class='ocrx_word' id='word_1_272' title='bbox 1564 383 1692 427; x_wconf 87' lang='lat' dir='ltr'>regale</span> <span class='ocrx_word' id='word_1_273' title='bbox 1709 392 1832 418; x_wconf 88' lang='lat' dir='ltr'>sacer-</span> 
     </span>
     <span class='ocr_line' id='line_1_55' title="bbox 1092 433 1833 478; baseline 0 -11"><span class='ocrx_word' id='word_1_274' title='bbox 1092 433 1248 477; x_wconf 81' lang='lat' dir='ltr'>dotium,</span> <span class='ocrx_word' id='word_1_275' title='bbox 1264 438 1409 477; x_wconf 84' lang='lat' dir='ltr'>praesta</span> <span class='ocrx_word' id='word_1_276' title='bbox 1425 435 1656 478; x_wconf 76' lang='lat' dir='ltr'>quaesumus,</span> <span class='ocrx_word' id='word_1_277' title='bbox 1675 437 1717 468; x_wconf 90' lang='lat' dir='ltr'>ut</span> <span class='ocrx_word' id='word_1_278' title='bbox 1734 433 1833 467; x_wconf 90' lang='lat' dir='ltr'>sicut</span> 
     </span>
     <span class='ocr_line' id='line_1_56' title="bbox 1006 483 1834 527; baseline -0.002 -9"><span class='ocrx_word' id='word_1_279' title='bbox 1006 484 1144 518; x_wconf 87' lang='lat' dir='ltr'>beatus</span> <span class='ocrx_word' id='word_1_280' title='bbox 1157 483 1180 517; x_wconf 89' lang='lat' dir='ltr'><strong>J</strong></span> <span class='ocrx_word' id='word_1_281' title='bbox 1184 483 1307 527; x_wconf 90' lang='lat' dir='ltr'>oseph</span> <span class='ocrx_word' id='word_1_282' title='bbox 1323 483 1562 526; x_wconf 89' lang='lat' dir='ltr'>unigenitum</span> <span class='ocrx_word' id='word_1_283' title='bbox 1572 483 1711 518; x_wconf 86' lang='lat' dir='ltr'>Filium</span> <span class='ocrx_word' id='word_1_284' title='bbox 1726 487 1834 517; x_wconf 90' lang='lat' dir='ltr'>tuum</span> 
     </span>
     <span class='ocr_line' id='line_1_57' title="bbox 1007 532 1833 576; baseline -0.002 -8"><span class='ocrx_word' id='word_1_285' title='bbox 1007 537 1140 568; x_wconf 88' lang='lat' dir='ltr'>natum</span> <span class='ocrx_word' id='word_1_286' title='bbox 1161 543 1209 567; x_wconf 82' lang='lat' dir='ltr'>ex</span> <span class='ocrx_word' id='word_1_287' title='bbox 1224 533 1344 567; x_wconf 85' lang='lat' dir='ltr'>Maria</span> <span class='ocrx_word' id='word_1_288' title='bbox 1362 533 1533 576; x_wconf 86' lang='lat' dir='ltr'>Virgine,</span> <span class='ocrx_word' id='word_1_289' title='bbox 1558 533 1639 568; x_wconf 91' lang='lat' dir='ltr'>suis</span> <span class='ocrx_word' id='word_1_290' title='bbox 1655 532 1833 567; x_wconf 91' lang='lat' dir='ltr'>manibus</span> 
     </span>
     <span class='ocr_line' id='line_1_58' title="bbox 1009 583 1833 626; baseline -0.004 -7"><span class='ocrx_word' id='word_1_291' title='bbox 1009 584 1228 619; x_wconf 80' lang='lat' dir='ltr'>reverenter</span> <span class='ocrx_word' id='word_1_292' title='bbox 1255 585 1418 618; x_wconf 90' lang='lat' dir='ltr'>tractare</span> <span class='ocrx_word' id='word_1_293' title='bbox 1445 583 1582 618; x_wconf 85' lang='lat' dir='ltr'>meruit</span> <span class='ocrx_word' id='word_1_294' title='bbox 1607 586 1644 618; x_wconf 91' lang='lat' dir='ltr'>et</span> <span class='ocrx_word' id='word_1_295' title='bbox 1668 584 1833 626; x_wconf 84' lang='lat' dir='ltr'>portare,</span> 
     </span>
     <span class='ocr_line' id='line_1_59' title="bbox 1011 632 1835 669; baseline -0.002 -1"><span class='ocrx_word' id='word_1_296' title='bbox 1011 634 1065 669; x_wconf 90' lang='lat' dir='ltr'>ita</span> <span class='ocrx_word' id='word_1_297' title='bbox 1085 643 1158 668; x_wconf 91' lang='lat' dir='ltr'>nos</span> <span class='ocrx_word' id='word_1_298' title='bbox 1185 633 1306 667; x_wconf 90' lang='lat' dir='ltr'>facias</span> <span class='ocrx_word' id='word_1_299' title='bbox 1329 643 1415 667; x_wconf 91' lang='lat' dir='ltr'>cum</span> <span class='ocrx_word' id='word_1_300' title='bbox 1439 633 1568 667; x_wconf 93' lang='lat' dir='ltr'>cordis</span> <span class='ocrx_word' id='word_1_301' title='bbox 1589 632 1775 667; x_wconf 90' lang='lat' dir='ltr'>munditia</span> <span class='ocrx_word' id='word_1_302' title='bbox 1798 636 1835 666; x_wconf 91' lang='lat' dir='ltr'>et</span> 
     </span>
     <span class='ocr_line' id='line_1_60' title="bbox 1011 682 1834 727; baseline -0.002 -9"><span class='ocrx_word' id='word_1_303' title='bbox 1011 683 1140 727; x_wconf 89' lang='lat' dir='ltr'>operis</span> <span class='ocrx_word' id='word_1_304' title='bbox 1157 682 1375 717; x_wconf 88' lang='lat' dir='ltr'>innocentia</span> <span class='ocrx_word' id='word_1_305' title='bbox 1395 683 1472 717; x_wconf 91' lang='lat' dir='ltr'>tuis</span> <span class='ocrx_word' id='word_1_306' title='bbox 1487 682 1631 717; x_wconf 89' lang='lat' dir='ltr'>sanctis</span> <span class='ocrx_word' id='word_1_307' title='bbox 1649 682 1834 716; x_wconf 87' lang='lat' dir='ltr'>altaribus</span> 
     </span>
     <span class='ocr_line' id='line_1_61' title="bbox 1012 731 1835 776; baseline -0.004 -8"><span class='ocrx_word' id='word_1_308' title='bbox 1012 733 1216 776; x_wconf 84' lang='lat' dir='ltr'>deservire,</span> <span class='ocrx_word' id='word_1_309' title='bbox 1229 736 1270 767; x_wconf 91' lang='lat' dir='ltr'>ut</span> <span class='ocrx_word' id='word_1_310' title='bbox 1282 734 1569 766; x_wconf 88' lang='lat' dir='ltr'>sacrosanctum</span> <span class='ocrx_word' id='word_1_311' title='bbox 1579 731 1667 766; x_wconf 91' lang='lat' dir='ltr'>Filii</span> <span class='ocrx_word' id='word_1_312' title='bbox 1677 731 1734 766; x_wconf 90' lang='lat' dir='ltr'>tui</span> <span class='ocrx_word' id='word_1_313' title='bbox 1744 731 1835 766; x_wconf 90' lang='lat' dir='ltr'>Cor-</span> 
     </span>
     <span class='ocr_line' id='line_1_62' title="bbox 1010 781 1834 827; baseline -0.004 -9"><span class='ocrx_word' id='word_1_314' title='bbox 1010 794 1083 827; x_wconf 92' lang='lat' dir='ltr'>pus</span> <span class='ocrx_word' id='word_1_315' title='bbox 1110 787 1147 818; x_wconf 88' lang='lat' dir='ltr'>et</span> <span class='ocrx_word' id='word_1_316' title='bbox 1173 782 1407 825; x_wconf 83' lang='lat' dir='ltr'>Sanguinem</span> <span class='ocrx_word' id='word_1_317' title='bbox 1431 782 1547 816; x_wconf 90' lang='lat' dir='ltr'>hodie</span> <span class='ocrx_word' id='word_1_318' title='bbox 1574 781 1688 825; x_wconf 86' lang='lat' dir='ltr'>digne</span> <span class='ocrx_word' id='word_1_319' title='bbox 1711 782 1834 816; x_wconf 88' lang='lat' dir='ltr'>suma-</span> 
     </span>
     <span class='ocr_line' id='line_1_63' title="bbox 1010 831 1834 876; baseline -0.002 -9"><span class='ocrx_word' id='word_1_320' title='bbox 1010 843 1112 876; x_wconf 82' lang='lat' dir='ltr'>mus,</span> <span class='ocrx_word' id='word_1_321' title='bbox 1135 837 1171 867; x_wconf 90' lang='lat' dir='ltr'>ct</span> <span class='ocrx_word' id='word_1_322' title='bbox 1191 833 1231 866; x_wconf 92' lang='lat' dir='ltr'>in</span> <span class='ocrx_word' id='word_1_323' title='bbox 1246 832 1374 866; x_wconf 75' lang='lat' dir='ltr'>futaro</span> <span class='ocrx_word' id='word_1_324' title='bbox 1392 832 1535 867; x_wconf 71' lang='lat' dir='ltr'>saeculo</span> <span class='ocrx_word' id='word_1_325' title='bbox 1552 832 1753 875; x_wconf 53' lang='lat' dir='ltr'>praemium</span> <span class='ocrx_word' id='word_1_326' title='bbox 1769 831 1834 865; x_wconf 91' lang='lat' dir='ltr'>ha-</span> 
     </span>
     <span class='ocr_line' id='line_1_64' title="bbox 1011 880 1835 918; baseline -0.004 -1"><span class='ocrx_word' id='word_1_327' title='bbox 1011 884 1100 918; x_wconf 90' lang='lat' dir='ltr'>bere</span> <span class='ocrx_word' id='word_1_328' title='bbox 1135 884 1347 916; x_wconf 88' lang='lat' dir='ltr'>mereamur</span> <span class='ocrx_word' id='word_1_329' title='bbox 1380 882 1571 916; x_wconf 80' lang='lat' dir='ltr'>aeternum.</span> <span class='ocrx_word' id='word_1_330' title='bbox 1622 880 1696 915; x_wconf 91' lang='lat' dir='ltr'>Per</span> <span class='ocrx_word' id='word_1_331' title='bbox 1728 880 1835 916; x_wconf 92' lang='lat' dir='ltr'>Chri-</span> 
     </span>
     <span class='ocr_line' id='line_1_65' title="bbox 1014 931 1705 967; baseline -0.003 0"><span class='ocrx_word' id='word_1_332' title='bbox 1014 937 1113 967; x_wconf 87' lang='lat' dir='ltr'>stum</span> <span class='ocrx_word' id='word_1_333' title='bbox 1129 932 1335 967; x_wconf 90' lang='lat' dir='ltr'>Dominum</span> <span class='ocrx_word' id='word_1_334' title='bbox 1353 935 1536 965; x_wconf 89' lang='lat' dir='ltr'>nostrum.</span> <span class='ocrx_word' id='word_1_335' title='bbox 1572 931 1705 965; x_wconf 90' lang='lat' dir='ltr'>Amen.</span> 
     </span>
    </p>
   </div>
   <div class='ocr_carea' id='block_1_12' title="bbox 1321 1003 1526 1007">
    <p class='ocr_par' dir='ltr' id='par_1_14' title="bbox 1321 1003 1526 1007">
     <span class='ocr_line' id='line_1_66' title="bbox 1321 1003 1526 1007; baseline 0 0"><span class='ocrx_word' id='word_1_336' title='bbox 1321 1003 1526 1007; x_wconf 95' lang='lat' dir='ltr'> </span> 
     </span>
    </p>
   </div>
   <div class='ocr_carea' id='block_1_13' title="bbox 1088 1043 1764 1140">
    <p class='ocr_par' dir='ltr' id='par_1_15' title="bbox 1088 1043 1764 1140">
     <span class='ocr_line' id='line_1_67' title="bbox 1088 1043 1764 1094; baseline -0.004 -9"><span class='ocrx_word' id='word_1_337' title='bbox 1088 1045 1232 1085; x_wconf 80' lang='lat' dir='ltr'>Oratio</span> <span class='ocrx_word' id='word_1_338' title='bbox 1260 1045 1310 1084; x_wconf 86' lang='lat' dir='ltr'>ad</span> <span class='ocrx_word' id='word_1_339' title='bbox 1338 1056 1480 1083; x_wconf 85' lang='lat' dir='ltr'>omnes</span> <span class='ocrx_word' id='word_1_340' title='bbox 1509 1043 1693 1094; x_wconf 84' lang='lat' dir='ltr'>Angelos</span> <span class='ocrx_word' id='word_1_341' title='bbox 1721 1043 1764 1082; x_wconf 82' lang='lat' dir='ltr'>et</span> 
     </span>
     <span class='ocr_line' id='line_1_68' title="bbox 1330 1100 1522 1140; baseline -0.005 0"><span class='ocrx_word' id='word_1_342' title='bbox 1330 1100 1522 1140; x_wconf 80' lang='lat' dir='ltr'>Sanctus.</span> 
     </span>
    </p>
   </div>
   <div class='ocr_carea' id='block_1_14' title="bbox 1011 1167 1838 1747">
    <p class='ocr_par' dir='ltr' id='par_1_16' title="bbox 1194 1167 1660 1239">
     <span class='ocr_line' id='line_1_69' title="bbox 1276 1167 1582 1199; baseline -0.01 -6"><span class='ocrx_word' id='word_1_343' title='bbox 1276 1169 1378 1199; x_wconf 62' lang='lat' dir='ltr'>lndulg.</span> <span class='ocrx_word' id='word_1_344' title='bbox 1403 1168 1449 1192; x_wconf 64' lang='lat' dir='ltr'>los)</span> <span class='ocrx_word' id='word_1_345' title='bbox 1468 1167 1582 1192; x_wconf 76' lang='lat' dir='ltr'>dierum.</span> 
     </span>
     <span class='ocr_line' id='line_1_70' title="bbox 1194 1210 1660 1239; baseline -0.009 -1"><span class='ocrx_word' id='word_1_346' title='bbox 1194 1214 1249 1239; x_wconf 72' lang='lat' dir='ltr'>Leo</span> <span class='ocrx_word' id='word_1_347' title='bbox 1271 1213 1323 1238; x_wconf 79' lang='lat' dir='ltr'>PP.</span> <span class='ocrx_word' id='word_1_348' title='bbox 1344 1211 1422 1237; x_wconf 82' lang='lat' dir='ltr'>XIII.</span> <span class='ocrx_word' id='word_1_349' title='bbox 1442 1210 1480 1235; x_wconf 67' lang='lat'>90.</span> <span class='ocrx_word' id='word_1_350' title='bbox 1502 1210 1566 1235; x_wconf 80' lang='lat' dir='ltr'>Dee.</span> <span class='ocrx_word' id='word_1_351' title='bbox 1589 1211 1660 1235; x_wconf 58' lang='lat'>18⁵4.</span> 
     </span>
    </p>

    <p class='ocr_par' dir='ltr' id='par_1_17' title="bbox 1018 1257 1837 1346">
     <span class='ocr_line' id='line_1_71' title="bbox 1018 1257 1837 1346; baseline -0.007 -50"><span class='ocrx_word' id='word_1_352' title='bbox 1018 1261 1179 1346; x_wconf 70' lang='lat' dir='ltr'>Angeli,</span> <span class='ocrx_word' id='word_1_353' title='bbox 1201 1259 1451 1303; x_wconf 85' lang='lat' dir='ltr'>Archangeli,</span> <span class='ocrx_word' id='word_1_354' title='bbox 1472 1258 1635 1301; x_wconf 91' lang='lat' dir='ltr'>Throni,</span> <span class='ocrx_word' id='word_1_355' title='bbox 1656 1257 1837 1292; x_wconf 90' lang='lat' dir='ltr'>Domina-</span> 
     </span>
    </p>

    <p class='ocr_par' dir='ltr' id='par_1_18' title="bbox 1011 1307 1838 1747">
     <span class='ocr_line' id='line_1_72' title="bbox 1087 1307 1836 1355; baseline -0.008 -8"><span class='ocrx_word' id='word_1_356' title='bbox 1087 1313 1222 1355; x_wconf 89' lang='lat' dir='ltr'>tiones,</span> <span class='ocrx_word' id='word_1_357' title='bbox 1238 1311 1493 1354; x_wconf 85' lang='lat' dir='ltr'>Principatus,</span> <span class='ocrx_word' id='word_1_358' title='bbox 1510 1309 1736 1351; x_wconf 88' lang='lat' dir='ltr'>Potestates,</span> <span class='ocrx_word' id='word_1_359' title='bbox 1752 1307 1836 1342; x_wconf 92' lang='lat' dir='ltr'>Vir-</span> 
     </span>
     <span class='ocr_line' id='line_1_73' title="bbox 1012 1357 1837 1404; baseline -0.008 -6"><span class='ocrx_word' id='word_1_360' title='bbox 1012 1366 1112 1399; x_wconf 75' lang='lat' dir='ltr'>tiites</span> <span class='ocrx_word' id='word_1_361' title='bbox 1136 1362 1331 1404; x_wconf 82' lang='lat' dir='ltr'>coelorum,</span> <span class='ocrx_word' id='word_1_362' title='bbox 1352 1359 1570 1402; x_wconf 90' lang='lat' dir='ltr'>Cherubim,</span> <span class='ocrx_word' id='word_1_363' title='bbox 1596 1362 1709 1402; x_wconf 91' lang='lat' dir='ltr'>atque</span> <span class='ocrx_word' id='word_1_364' title='bbox 1730 1357 1837 1392; x_wconf 88' lang='lat' dir='ltr'>Sera-</span> 
     </span>
     <span class='ocr_line' id='line_1_74' title="bbox 1012 1407 1836 1457; baseline -0.007 -9"><span class='ocrx_word' id='word_1_365' title='bbox 1012 1413 1135 1457; x_wconf 89' lang='lat' dir='ltr'>phim,</span> <span class='ocrx_word' id='word_1_366' title='bbox 1170 1421 1303 1447; x_wconf 89' lang='lat' dir='ltr'>omnes</span> <span class='ocrx_word' id='word_1_367' title='bbox 1327 1410 1472 1452; x_wconf 87' lang='lat' dir='ltr'>Sancti,</span> <span class='ocrx_word' id='word_1_368' title='bbox 1508 1413 1544 1443; x_wconf 87' lang='lat' dir='ltr'>et</span> <span class='ocrx_word' id='word_1_369' title='bbox 1575 1408 1726 1443; x_wconf 85' lang='lat' dir='ltr'>Sanctae</span> <span class='ocrx_word' id='word_1_370' title='bbox 1754 1407 1836 1450; x_wconf 90' lang='lat' dir='ltr'>Dei,</span> 
     </span>
     <span class='ocr_line' id='line_1_75' title="bbox 1011 1458 1836 1508; baseline -0.007 -10"><span class='ocrx_word' id='word_1_371' title='bbox 1011 1462 1228 1508; x_wconf 84' lang='lat' dir='ltr'>praesertim</span> <span class='ocrx_word' id='word_1_372' title='bbox 1264 1460 1422 1496; x_wconf 88' lang='lat' dir='ltr'>Patroni</span> <span class='ocrx_word' id='word_1_373' title='bbox 1459 1460 1554 1502; x_wconf 89' lang='lat' dir='ltr'>mei,</span> <span class='ocrx_word' id='word_1_374' title='bbox 1602 1458 1836 1494; x_wconf 89' lang='lat' dir='ltr'>intercedere</span> 
     </span>
     <span class='ocr_line' id='line_1_76' title="bbox 1014 1508 1837 1558; baseline -0.007 -10"><span class='ocrx_word' id='word_1_375' title='bbox 1014 1513 1225 1558; x_wconf 89' lang='lat' dir='ltr'>dignemini</span> <span class='ocrx_word' id='word_1_376' title='bbox 1249 1522 1320 1556; x_wconf 93' lang='lat' dir='ltr'>pro</span> <span class='ocrx_word' id='word_1_377' title='bbox 1343 1521 1414 1553; x_wconf 85' lang='lat' dir='ltr'>me,</span> <span class='ocrx_word' id='word_1_378' title='bbox 1436 1514 1477 1545; x_wconf 90' lang='lat' dir='ltr'>ut</span> <span class='ocrx_word' id='word_1_379' title='bbox 1499 1510 1574 1545; x_wconf 91' lang='lat' dir='ltr'>hoc</span> <span class='ocrx_word' id='word_1_380' title='bbox 1597 1508 1837 1544; x_wconf 83' lang='lat' dir='ltr'>Sacrificium</span> 
     </span>
     <span class='ocr_line' id='line_1_77' title="bbox 1012 1558 1836 1605; baseline -0.007 -7"><span class='ocrx_word' id='word_1_381' title='bbox 1012 1564 1096 1598; x_wconf 92' lang='lat' dir='ltr'>Deo</span> <span class='ocrx_word' id='word_1_382' title='bbox 1120 1561 1373 1605; x_wconf 89' lang='lat' dir='ltr'>omnipotenti</span> <span class='ocrx_word' id='word_1_383' title='bbox 1398 1560 1513 1603; x_wconf 87' lang='lat' dir='ltr'>digne</span> <span class='ocrx_word' id='word_1_384' title='bbox 1534 1559 1685 1594; x_wconf 88' lang='lat' dir='ltr'>valeam</span> <span class='ocrx_word' id='word_1_385' title='bbox 1703 1558 1836 1593; x_wconf 87' lang='lat' dir='ltr'>offerre</span> 
     </span>
     <span class='ocr_line' id='line_1_78' title="bbox 1014 1608 1838 1654; baseline -0.007 -7"><span class='ocrx_word' id='word_1_386' title='bbox 1014 1613 1064 1648; x_wconf 90' lang='lat' dir='ltr'>ad</span> <span class='ocrx_word' id='word_1_387' title='bbox 1085 1612 1239 1647; x_wconf 89' lang='lat' dir='ltr'>laudem</span> <span class='ocrx_word' id='word_1_388' title='bbox 1263 1615 1300 1645; x_wconf 88' lang='lat' dir='ltr'>et</span> <span class='ocrx_word' id='word_1_389' title='bbox 1323 1610 1486 1654; x_wconf 86' lang='lat' dir='ltr'>gloriam</span> <span class='ocrx_word' id='word_1_390' title='bbox 1507 1608 1674 1643; x_wconf 79' lang='lat' dir='ltr'>neminis</span> <span class='ocrx_word' id='word_1_391' title='bbox 1697 1608 1771 1650; x_wconf 89' lang='lat' dir='ltr'>sui,</span> <span class='ocrx_word' id='word_1_392' title='bbox 1801 1611 1838 1642; x_wconf 91' lang='lat' dir='ltr'>et</span> 
     </span>
     <span class='ocr_line' id='line_1_79' title="bbox 1014 1657 1837 1702; baseline -0.009 -4"><span class='ocrx_word' id='word_1_393' title='bbox 1014 1663 1064 1698; x_wconf 94' lang='lat' dir='ltr'>ad</span> <span class='ocrx_word' id='word_1_394' title='bbox 1087 1662 1289 1697; x_wconf 89' lang='lat' dir='ltr'>utilitatem</span> <span class='ocrx_word' id='word_1_395' title='bbox 1316 1669 1458 1702; x_wconf 89' lang='lat' dir='ltr'>meam,</span> <span class='ocrx_word' id='word_1_396' title='bbox 1490 1659 1686 1702; x_wconf 70' lang='lat' dir='ltr'>totiasque</span> <span class='ocrx_word' id='word_1_397' title='bbox 1709 1657 1837 1692; x_wconf 90' lang='lat' dir='ltr'>Eccle—</span> 
     </span>
     <span class='ocr_line' id='line_1_80' title="bbox 1014 1710 1536 1747; baseline -0.008 0"><span class='ocrx_word' id='word_1_398' title='bbox 1014 1713 1084 1747; x_wconf 85' lang='lat' dir='ltr'>siae</span> <span class='ocrx_word' id='word_1_399' title='bbox 1108 1722 1189 1746; x_wconf 84' lang='lat' dir='ltr'>suae</span> <span class='ocrx_word' id='word_1_400' title='bbox 1215 1715 1368 1746; x_wconf 78' lang='lat' dir='ltr'>sanctae.</span> <span class='ocrx_word' id='word_1_401' title='bbox 1402 1710 1536 1744; x_wconf 86' lang='lat' dir='ltr'>Amen.</span> 
     </span>
    </p>
   </div>
   <div class='ocr_carea' id='block_1_15' title="bbox 1288 1823 1561 1864">
    <p class='ocr_par' dir='ltr' id='par_1_19' title="bbox 1288 1823 1561 1864">
     <span class='ocr_line' id='line_1_81' title="bbox 1288 1823 1561 1864; baseline -0.007 0"><span class='ocrx_word' id='word_1_402' title='bbox 1288 1823 1561 1864; x_wconf 79' lang='lat' dir='ltr'>Oratio</span> 
     </span>
    </p>
   </div>
   <div class='ocr_carea' id='block_1_16' title="bbox 1013 1888 1838 2736">
    <p class='ocr_par' dir='ltr' id='par_1_20' title="bbox 1018 1888 1838 2128">
     <span class='ocr_line' id='line_1_82' title="bbox 1018 1888 1838 1931; baseline -0.015 0"><span class='ocrx_word' id='word_1_403' title='bbox 1018 1894 1282 1931; x_wconf 87' lang='lat' dir='ltr'>tantummodo</span> <span class='ocrx_word' id='word_1_404' title='bbox 1320 1891 1483 1925; x_wconf 82' lang='lat' dir='ltr'>dicenda</span> <span class='ocrx_word' id='word_1_405' title='bbox 1520 1888 1674 1931; x_wconf 83' lang='lat' dir='ltr'>quando</span> <span class='ocrx_word' id='word_1_406' title='bbox 1711 1888 1838 1921; x_wconf 82' lang='lat' dir='ltr'>Sacer-</span> 
     </span>
     <span class='ocr_line' id='line_1_83' title="bbox 1063 1937 1796 1980; baseline -0.015 0"><span class='ocrx_word' id='word_1_407' title='bbox 1063 1947 1133 1980; x_wconf 85' lang='lat' dir='ltr'>dos</span> <span class='ocrx_word' id='word_1_408' title='bbox 1160 1945 1197 1978; x_wconf 89' lang='lat' dir='ltr'>in</span> <span class='ocrx_word' id='word_1_409' title='bbox 1222 1943 1405 1976; x_wconf 85' lang='lat' dir='ltr'>honorem</span> <span class='ocrx_word' id='word_1_410' title='bbox 1432 1939 1578 1976; x_wconf 73' lang='lat' dir='ltr'>Sancti,</span> <span class='ocrx_word' id='word_1_411' title='bbox 1602 1938 1663 1971; x_wconf 73' lang='lat' dir='ltr'>vel</span> <span class='ocrx_word' id='word_1_412' title='bbox 1690 1937 1796 1970; x_wconf 80' lang='lat' dir='ltr'>Beati</span> 
     </span>
     <span class='ocr_line' id='line_1_84' title="bbox 1253 1989 1613 2026; baseline -0.014 0"><span class='ocrx_word' id='word_1_413' title='bbox 1253 1992 1410 2026; x_wconf 84' lang='lat' dir='ltr'>Missam</span> <span class='ocrx_word' id='word_1_414' title='bbox 1437 1989 1613 2023; x_wconf 83' lang='lat' dir='ltr'>celebrat.</span> 
     </span>
     <span class='ocr_line' id='line_1_85' title="bbox 1279 2047 1586 2081; baseline -0.013 -5"><span class='ocrx_word' id='word_1_415' title='bbox 1279 2049 1383 2081; x_wconf 75' lang='lat' dir='ltr'>Indulg.</span> <span class='ocrx_word' id='word_1_416' title='bbox 1407 2050 1454 2074; x_wconf 71' lang='lat' dir='ltr'>loo</span> <span class='ocrx_word' id='word_1_417' title='bbox 1471 2047 1586 2073; x_wconf 84' lang='lat' dir='ltr'>dicrum.</span> 
     </span>
     <span class='ocr_line' id='line_1_86' title="bbox 1198 2097 1666 2128; baseline -0.015 0"><span class='ocrx_word' id='word_1_418' title='bbox 1198 2103 1254 2128; x_wconf 61' lang='lat' dir='ltr'>Leo</span> <span class='ocrx_word' id='word_1_419' title='bbox 1275 2101 1328 2127; x_wconf 70' lang='lat'><em>1³1³.</em></span> <span class='ocrx_word' id='word_1_420' title='bbox 1348 2099 1425 2126; x_wconf 82' lang='lat' dir='ltr'>xm.</span> <span class='ocrx_word' id='word_1_421' title='bbox 1447 2100 1487 2125; x_wconf 73' lang='lat'>20.</span> <span class='ocrx_word' id='word_1_422' title='bbox 1508 2098 1572 2123; x_wconf 60' lang='lat' dir='ltr'>Dee.</span> <span class='ocrx_word' id='word_1_423' title='bbox 1597 2097 1666 2122; x_wconf 23' lang='lat' dir='ltr'>issi*</span> 
     </span>
    </p>

    <p class='ocr_par' dir='ltr' id='par_1_21' title="bbox 1013 2145 1837 2694">
     <span class='ocr_line' id='line_1_87' title="bbox 1083 2145 1836 2193; baseline -0.012 -7"><span class='ocrx_word' id='word_1_424' title='bbox 1083 2154 1214 2186; x_wconf 87' lang='lat' dir='ltr'>sancte</span> <span class='ocrx_word' id='word_1_425' title='bbox 1235 2151 1292 2193; x_wconf 91' lang='lat' dir='ltr'>N.,</span> <span class='ocrx_word' id='word_1_426' title='bbox 1317 2159 1405 2184; x_wconf 86' lang='lat' dir='ltr'>ecce</span> <span class='ocrx_word' id='word_1_427' title='bbox 1426 2156 1499 2191; x_wconf 86' lang='lat' dir='ltr'>ego</span> <span class='ocrx_word' id='word_1_428' title='bbox 1514 2145 1632 2181; x_wconf 91' lang='lat' dir='ltr'>miser</span> <span class='ocrx_word' id='word_1_429' title='bbox 1646 2145 1836 2188; x_wconf 89' lang='lat' dir='ltr'>peccator,</span> 
     </span>
     <span class='ocr_line' id='line_1_88' title="bbox 1098 2195 1836 2238; baseline -0.012 -2"><span class='ocrx_word' id='word_1_430' title='bbox 1098 2201 1145 2236; x_wconf 89' lang='lat' dir='ltr'>de</span> <span class='ocrx_word' id='word_1_431' title='bbox 1158 2201 1235 2235; x_wconf 91' lang='lat' dir='ltr'>tuis</span> <span class='ocrx_word' id='word_1_432' title='bbox 1249 2199 1394 2234; x_wconf 87' lang='lat' dir='ltr'>meritis</span> <span class='ocrx_word' id='word_1_433' title='bbox 1410 2196 1591 2238; x_wconf 76' lang='lat' dir='ltr'>confisus,</span> <span class='ocrx_word' id='word_1_434' title='bbox 1605 2195 1723 2230; x_wconf 89' lang='lat' dir='ltr'>offero</span> <span class='ocrx_word' id='word_1_435' title='bbox 1736 2203 1836 2228; x_wconf 92' lang='lat' dir='ltr'>nunc</span> 
     </span>
     <span class='ocr_line' id='line_1_89' title="bbox 1015 2243 1836 2287; baseline -0.013 1"><span class='ocrx_word' id='word_1_436' title='bbox 1015 2251 1317 2287; x_wconf 86' lang='lat' dir='ltr'>sacratissimum</span> <span class='ocrx_word' id='word_1_437' title='bbox 1341 2247 1627 2284; x_wconf 88' lang='lat' dir='ltr'>Sacramentum</span> <span class='ocrx_word' id='word_1_438' title='bbox 1651 2243 1836 2287; x_wconf 78' lang='lat' dir='ltr'>Corporis</span> 
     </span>
     <span class='ocr_line' id='line_1_90' title="bbox 1016 2293 1837 2345; baseline -0.012 -7"><span class='ocrx_word' id='word_1_439' title='bbox 1016 2307 1052 2337; x_wconf 89' lang='lat' dir='ltr'>et</span> <span class='ocrx_word' id='word_1_440' title='bbox 1067 2300 1275 2345; x_wconf 88' lang='lat' dir='ltr'>Sanguinis</span> <span class='ocrx_word' id='word_1_441' title='bbox 1291 2297 1446 2334; x_wconf 89' lang='lat' dir='ltr'>Domini</span> <span class='ocrx_word' id='word_1_442' title='bbox 1468 2295 1592 2331; x_wconf 85' lang='lat' dir='ltr'>nostri</span> <span class='ocrx_word' id='word_1_443' title='bbox 1612 2295 1636 2329; x_wconf 88' lang='lat' dir='ltr'><strong>J</strong></span> <span class='ocrx_word' id='word_1_444' title='bbox 1639 2305 1707 2330; x_wconf 90' lang='lat' dir='ltr'>esu</span> <span class='ocrx_word' id='word_1_445' title='bbox 1729 2293 1837 2329; x_wconf 82' lang='lat' dir='ltr'>Chri·</span> 
     </span>
     <span class='ocr_line' id='line_1_91' title="bbox 1015 2344 1836 2396; baseline -0.012 -8"><span class='ocrx_word' id='word_1_446' title='bbox 1015 2353 1066 2388; x_wconf 90' lang='lat' dir='ltr'>sti</span> <span class='ocrx_word' id='word_1_447' title='bbox 1080 2362 1152 2396; x_wconf 92' lang='lat' dir='ltr'>pro</span> <span class='ocrx_word' id='word_1_448' title='bbox 1169 2355 1235 2386; x_wconf 89' lang='lat' dir='ltr'>tuo</span> <span class='ocrx_word' id='word_1_449' title='bbox 1252 2349 1397 2385; x_wconf 89' lang='lat' dir='ltr'>honore</span> <span class='ocrx_word' id='word_1_450' title='bbox 1420 2351 1456 2382; x_wconf 91' lang='lat' dir='ltr'>et</span> <span class='ocrx_word' id='word_1_451' title='bbox 1472 2346 1605 2390; x_wconf 89' lang='lat' dir='ltr'>gloria.</span> <span class='ocrx_word' id='word_1_452' title='bbox 1635 2344 1778 2379; x_wconf 88' lang='lat' dir='ltr'>Precor</span> <span class='ocrx_word' id='word_1_453' title='bbox 1799 2346 1836 2378; x_wconf 89' lang='lat' dir='ltr'>te</span> 
     </span>
     <span class='ocr_line' id='line_1_92' title="bbox 1013 2394 1837 2441; baseline -0.015 -2"><span class='ocrx_word' id='word_1_454' title='bbox 1013 2402 1207 2438; x_wconf 88' lang='lat' dir='ltr'>humiliter</span> <span class='ocrx_word' id='word_1_455' title='bbox 1223 2405 1260 2435; x_wconf 91' lang='lat' dir='ltr'>et</span> <span class='ocrx_word' id='word_1_456' title='bbox 1277 2399 1429 2441; x_wconf 87' lang='lat' dir='ltr'>devote,</span> <span class='ocrx_word' id='word_1_457' title='bbox 1450 2401 1492 2431; x_wconf 89' lang='lat' dir='ltr'>ut</span> <span class='ocrx_word' id='word_1_458' title='bbox 1511 2406 1583 2440; x_wconf 90' lang='lat' dir='ltr'>pro</span> <span class='ocrx_word' id='word_1_459' title='bbox 1603 2405 1663 2430; x_wconf 90' lang='lat' dir='ltr'>me</span> <span class='ocrx_word' id='word_1_460' title='bbox 1679 2394 1837 2429; x_wconf 84' lang='lat' dir='ltr'>interce-</span> 
     </span>
     <span class='ocr_line' id='line_1_93' title="bbox 1015 2443 1837 2495; baseline -0.013 -7"><span class='ocrx_word' id='word_1_461' title='bbox 1015 2453 1106 2488; x_wconf 91' lang='lat' dir='ltr'>dere</span> <span class='ocrx_word' id='word_1_462' title='bbox 1133 2450 1319 2495; x_wconf 86' lang='lat' dir='ltr'>digneris,</span> <span class='ocrx_word' id='word_1_463' title='bbox 1350 2452 1391 2483; x_wconf 90' lang='lat' dir='ltr'>ut</span> <span class='ocrx_word' id='word_1_464' title='bbox 1421 2450 1569 2482; x_wconf 83' lang='lat' dir='ltr'>tantum</span> <span class='ocrx_word' id='word_1_465' title='bbox 1598 2443 1837 2480; x_wconf 87' lang='lat' dir='ltr'>Sacrificium</span> 
     </span>
     <span class='ocr_line' id='line_1_94' title="bbox 1016 2494 1837 2546; baseline -0.013 -8"><span class='ocrx_word' id='word_1_466' title='bbox 1016 2503 1131 2546; x_wconf 88' lang='lat' dir='ltr'>digne</span> <span class='ocrx_word' id='word_1_467' title='bbox 1154 2506 1190 2536; x_wconf 88' lang='lat' dir='ltr'>et</span> <span class='ocrx_word' id='word_1_468' title='bbox 1211 2497 1498 2543; x_wconf 87' lang='lat' dir='ltr'>acceptabiliter</span> <span class='ocrx_word' id='word_1_469' title='bbox 1518 2495 1652 2530; x_wconf 87' lang='lat' dir='ltr'>offerre</span> <span class='ocrx_word' id='word_1_470' title='bbox 1669 2494 1837 2538; x_wconf 75' lang='lat' dir='ltr'>valeam,</span> 
     </span>
     <span class='ocr_line' id='line_1_95' title="bbox 1014 2543 1837 2591; baseline -0.012 -4"><span class='ocrx_word' id='word_1_471' title='bbox 1014 2556 1055 2587; x_wconf 88' lang='lat' dir='ltr'>ut</span> <span class='ocrx_word' id='word_1_472' title='bbox 1071 2562 1157 2587; x_wconf 92' lang='lat' dir='ltr'>eum</span> <span class='ocrx_word' id='word_1_473' title='bbox 1172 2555 1315 2591; x_wconf 87' lang='lat' dir='ltr'>tecum,</span> <span class='ocrx_word' id='word_1_474' title='bbox 1343 2552 1380 2583; x_wconf 91' lang='lat' dir='ltr'>et</span> <span class='ocrx_word' id='word_1_475' title='bbox 1400 2556 1486 2582; x_wconf 91' lang='lat' dir='ltr'>cum</span> <span class='ocrx_word' id='word_1_476' title='bbox 1506 2545 1684 2580; x_wconf 89' lang='lat' dir='ltr'>omnibus</span> <span class='ocrx_word' id='word_1_477' title='bbox 1705 2543 1837 2578; x_wconf 89' lang='lat' dir='ltr'>electis</span> 
     </span>
     <span class='ocr_line' id='line_1_96' title="bbox 1015 2596 1836 2645; baseline -0.012 -8"><span class='ocrx_word' id='word_1_478' title='bbox 1015 2602 1097 2645; x_wconf 90' lang='lat' dir='ltr'>ejus</span> <span class='ocrx_word' id='word_1_479' title='bbox 1114 2599 1344 2635; x_wconf 68' lang='lat' dir='ltr'>aeternaliter</span> <span class='ocrx_word' id='word_1_480' title='bbox 1359 2596 1532 2639; x_wconf 87' lang='lat' dir='ltr'>laudare,</span> <span class='ocrx_word' id='word_1_481' title='bbox 1557 2598 1671 2639; x_wconf 87' lang='lat' dir='ltr'>atque</span> <span class='ocrx_word' id='word_1_482' title='bbox 1688 2604 1774 2629; x_wconf 92' lang='lat' dir='ltr'>cum</span> <span class='ocrx_word' id='word_1_483' title='bbox 1790 2603 1836 2628; x_wconf 90' lang='lat' dir='ltr'>eo</span> 
     </span>
     <span class='ocr_line' id='line_1_97' title="bbox 1015 2643 1836 2694; baseline -0.011 -8"><span class='ocrx_word' id='word_1_484' title='bbox 1015 2652 1174 2694; x_wconf 86' lang='lat' dir='ltr'>regnare</span> <span class='ocrx_word' id='word_1_485' title='bbox 1189 2649 1350 2684; x_wconf 88' lang='lat' dir='ltr'>valeam.</span> <span class='ocrx_word' id='word_1_486' title='bbox 1383 2646 1456 2687; x_wconf 88' lang='lat' dir='ltr'>Qui</span> <span class='ocrx_word' id='word_1_487' title='bbox 1471 2644 1571 2680; x_wconf 88' lang='lat' dir='ltr'>vivit</span> <span class='ocrx_word' id='word_1_488' title='bbox 1591 2648 1628 2679; x_wconf 93' lang='lat' dir='ltr'>et</span> <span class='ocrx_word' id='word_1_489' title='bbox 1647 2647 1781 2688; x_wconf 88' lang='lat' dir='ltr'>regnat</span> <span class='ocrx_word' id='word_1_490' title='bbox 1797 2643 1836 2677; x_wconf 91' lang='lat' dir='ltr'>in</span> 
     </span>
    </p>

    <p class='ocr_par' dir='ltr' id='par_1_22' title="bbox 1015 2695 1580 2736">
     <span class='ocr_line' id='line_1_98' title="bbox 1015 2695 1580 2736; baseline -0.012 0"><span class='ocrx_word' id='word_1_491' title='bbox 1015 2700 1159 2736; x_wconf 69' lang='lat' dir='ltr'>saecula</span> <span class='ocrx_word' id='word_1_492' title='bbox 1175 2698 1412 2734; x_wconf 84' lang='lat' dir='ltr'>saeculorum.</span> <span class='ocrx_word' id='word_1_493' title='bbox 1446 2695 1580 2730; x_wconf 88' lang='lat' dir='ltr'>Amen.</span> 
     </span>
    </p>
   </div>
   <div class='ocr_carea' id='block_1_17' title="bbox 1324 2762 1528 2767">
    <p class='ocr_par' dir='ltr' id='par_1_23' title="bbox 1324 2762 1528 2767">
     <span class='ocr_line' id='line_1_99' title="bbox 1324 2762 1528 2767; baseline 0 0"><span class='ocrx_word' id='word_1_494' title='bbox 1324 2762 1528 2767; x_wconf 95' lang='lat' dir='ltr'> </span> 
     </span>
    </p>
   </div>
  </div>
 </body>
</html>
