2028 2892
687 170 784 202 lnfra
812 171 994 202 Octavam
1022 167 1282 200 Ascensionis.

134 260 343 302 remorari
359 261 567 309 sermone,
582 265 629 301 ut
642 259 817 300 humani
832 261 957 309 gene-

134 316 193 357 ris
217 316 637 365 commemoratione,
662 314 851 356 divinam
874 315 956 356 cle-

134 373 339 414 mentiam
375 385 473 414 cum
513 372 629 413 omni
671 371 956 413 admiratione

135 427 362 478 discamus,
383 441 480 480 quae
500 442 715 469 summum
734 427 956 478 honorem,

133 487 420 536 magnamque
446 484 627 535 gloriam
652 490 815 526 nostrae
838 488 958 526 natu-

134 553 195 581 rae
213 540 368 592 largita
392 546 469 590 est,
494 553 592 592 quae
616 540 816 582 omnibus
835 540 957 582 hodi-

135 597 237 638 erna
261 595 330 638 die
354 596 511 638 meruit
534 596 746 638 excelsior
765 597 957 649 reperiri.

133 651 279 694 Hodie
322 652 477 703 Angeli
520 658 651 705 atque
694 652 957 703 Archangeli

132 712 330 750 naturam
344 714 538 750 nostram
552 709 596 750 in
611 708 715 751 sede
728 709 954 750 Dominica

132 764 365 806 immortali
402 764 540 816 gloria
571 765 808 816 fulgentem
840 764 956 806 vide-

133 826 242 863 runt.

187 881 236 932 Rz.
261 877 517 920 Ascendens
539 877 745 919 Christus.
773 879 865 919 323.

351 958 399 997 In
423 958 493 997 111.
516 958 735 998 Noctumo.

132 1020 285 1062 Lectio
310 1021 449 1063 sancti
468 1021 692 1073 Evangelii
717 1020 955 1063 secundum

441 1078 646 1120 Marcum.

200 1136 350 1177 Lectio
372 1137 439 1177 vii.
658 1138 759 1189 Cap.
775 1138 833 1177 16.
850 1150 883 1177 c.

129 1185 206 1292 In
231 1190 306 1232 illo
333 1193 548 1245 tempore:
582 1190 954 1234 Recumbentibus

194 1246 395 1289 undecim
415 1247 655 1301 discipulis,
683 1248 887 1301 apparuit
909 1248 955 1288 il-

130 1302 183 1344 lis
203 1304 228 1344 J
231 1317 348 1345 esus:
367 1310 410 1346 et
429 1304 711 1358 exprobravit
729 1303 955 1345 increduli-

129 1361 265 1401 tatem
292 1362 459 1410 eorum,
493 1366 535 1402 et
562 1360 765 1402 duritiam
792 1359 954 1402 cordis:

131 1415 232 1467 quia
249 1416 317 1465 iis,
341 1417 414 1468 qui
433 1415 631 1458 viderant
650 1429 748 1458 eum
767 1429 955 1458 resurre-

130 1473 257 1522 xisse,
275 1485 363 1513 non
383 1471 669 1514 crediderunt.
703 1472 759 1514 Et
777 1472 954 1524 reliqua.

132 1550 200 1590 De
218 1549 410 1591 Homilia
435 1549 572 1591 sancti
590 1549 791 1600 Gregorii
809 1550 953 1603 Papae.

299 1614 357 1648 Ex
382 1614 514 1648 eadem
539 1614 709 1649 Homilia
730 1615 784 1648 29.

140 1684 147 1719 ς
165 1674 235 1734 43x
245 1675 263 1712 t
277 1671 490 1713 Dominus
506 1669 682 1722 quidem
691 1670 716 1711 J
718 1682 829 1715 esus,
843 1676 954 1723 post-

144 1731 147 1778 :
165 1748 240 1797 U
264 1739 394 1779 quam
415 1726 588 1769 locutus
608 1732 675 1768 est
694 1726 770 1775 eis,
790 1730 952 1768 assum-

145 1788 147 1795 '
262 1788 365 1837 ptus
393 1788 459 1825 est
485 1783 529 1824 in
555 1783 728 1832 coelum,
758 1788 801 1824 et
828 1783 953 1826 sedet

128 1851 154 1880 a
172 1838 336 1881 dextris
351 1840 444 1881 Dei.
471 1840 523 1880 In
537 1839 674 1881 veteri
687 1841 951 1882 testamento

110 1896 428 1950 cognovimus,
449 1895 569 1947 quod
586 1895 706 1936 Elias
725 1895 780 1936 sit
799 1901 951 1948 raptus

127 1950 171 1991 in
203 1951 371 1993 coelum.
423 1950 511 1993 Sed
544 1950 663 1992 aliud
694 1956 761 1992 est
792 1951 948 1992 coelum

128 2008 318 2056 aereum,
347 2006 464 2049 aliud
492 2006 740 2048 aethereum.
782 2006 950 2048 Coelum

130 2062 291 2115 quippe
328 2065 502 2104 aereum
538 2068 667 2104 terrae
704 2068 771 2103 est
806 2063 950 2115 proxi-

127 2132 260 2160 mum:
286 2118 401 2160 unde
429 2124 472 2161 et
499 2132 603 2160 aves
631 2118 730 2160 eoeli
756 2117 950 2168 dicimus,

129 2175 229 2226 quia
253 2187 326 2216 eas
349 2174 533 2216 volitare
555 2176 599 2216 in
622 2177 722 2216 aere
741 2173 950 2216 videmus.

127 2232 177 2272 In
192 2231 350 2273 coelum
369 2234 515 2283 itaque
530 2233 705 2272 aereum
720 2231 836 2272 Elias
853 2231 951 2272 sub-

126 2287 295 2329 levatus
322 2293 398 2337 est,
426 2293 473 2329 ut
497 2288 541 2328 in
566 2290 778 2329 secretam
803 2300 949 2339 quam-

128 2342 229 2385 dam
259 2349 388 2385 terrae
415 2344 635 2394 regionem
666 2345 844 2396 repente
874 2343 949 2385 du-

128 2402 307 2449 ceretur,
321 2399 395 2441 ubi
414 2400 457 2440 in
474 2413 630 2450 magna
650 2400 733 2451 jam
748 2400 887 2440 carnis
907 2405 950 2440 et

129 2456 305 2508 spiritus
334 2456 478 2507 quiete
506 2458 688 2505 viveret,
721 2459 948 2507 quosisque

129 2510 185 2552 ad
208 2511 339 2552 finem
363 2511 512 2553 mundi
534 2511 701 2561 redeat,
729 2517 772 2553 et
795 2511 948 2552 mortis

129 2565 323 2609 debitum
350 2567 501 2609 solvat.
541 2567 619 2608 Ille
648 2568 805 2609 etenim
836 2579 948 2607 mor-

129 2626 217 2663 tem
227 2622 402 2674 distulit,
413 2636 499 2665 non
511 2623 663 2665 evasit:
678 2623 950 2675 Redemptor

131 2682 274 2718 autem
307 2685 476 2728 noster,
514 2680 614 2731 quia
649 2693 737 2721 non
773 2678 949 2727 distulit,

1009 259 1242 312 superavit,
1259 262 1442 312 eamque
1457 259 1724 311 resurgendo
1743 273 1835 301 con-

1008 316 1204 368 sompsit,
1225 322 1268 357 et
1286 317 1615 358 resurrectionis
1635 330 1726 358 suae
1745 317 1835 368 glo-

1007 372 1115 413 riam
1134 372 1411 415 ascendendo
1431 373 1679 415 declaravit.

1062 445 1111 496 R.
1137 442 1233 492 Ego
1254 442 1432 493 rogabo.
1452 443 1544 483 325.

1293 532 1443 571 Lectio
1469 532 1549 571 viii.

1104 598 1314 640 otandum
1360 611 1536 650 quoque
1582 605 1667 645 est,
1714 599 1834 651 quod

1128 655 1245 697 Elias
1277 656 1321 696 in
1351 669 1479 697 curru
1505 656 1663 707 legitur
1690 670 1835 698 ascen-

1009 711 1143 754 disse:
1174 718 1221 754 ut
1249 712 1452 755 videlicet
1479 715 1629 766 aperte
1659 712 1834 755 demon-

1009 771 1232 818 straretur,
1266 769 1366 820 quia
1393 769 1526 810 homo
1555 783 1690 822 purus
1719 769 1834 822 adju-

1007 825 1121 866 torio
1136 824 1358 876 indigebat
1373 825 1525 866 alieno.
1543 826 1627 867 Per
1641 826 1835 876 Angelos

1009 881 1172 935 quippe
1202 881 1315 923 facta
1346 882 1419 923 illa
1453 888 1495 923 et
1528 884 1704 923 ostensa
1736 889 1835 924 sunt

1008 937 1270 990 adjumenta:
1291 938 1391 990 quia
1409 951 1490 979 nec
1508 938 1551 978 in
1566 938 1725 980 coelum
1746 939 1835 990 qui-

1008 993 1108 1035 dem
1128 996 1301 1036 aereum
1320 1007 1399 1048 per
1420 1008 1466 1036 se
1484 995 1720 1036 ascendere
1740 998 1835 1048 pot-

1008 1056 1114 1100 erat,
1144 1064 1274 1102 quem
1298 1054 1465 1092 naturae
1491 1064 1582 1092 suae
1608 1052 1834 1093 infirmitas

1007 1107 1228 1158 gravabat.
1274 1107 1547 1161 Redemptor
1580 1114 1724 1149 autem
1759 1122 1833 1150 no-

1007 1170 1096 1206 ster
1114 1177 1201 1206 non
1221 1178 1365 1215 curru,
1385 1178 1472 1206 non
1494 1165 1673 1215 Angelis
1694 1165 1834 1207 suble-

1006 1223 1134 1262 vatus
1159 1221 1332 1272 legitur:
1361 1222 1461 1273 quia
1486 1222 1539 1271 is,
1569 1222 1642 1273 qui
1672 1222 1834 1264 fecerat

1007 1278 1169 1327 omnia,
1197 1278 1396 1319 nimirum
1424 1291 1556 1331 super
1585 1279 1728 1319 omnia
1755 1292 1833 1320 sua

1006 1333 1165 1375 virtute
1198 1334 1427 1376 ferebatur.
1464 1334 1546 1375 Illo
1580 1335 1738 1375 etenim
1770 1348 1833 1375 re-

1006 1389 1272 1439 vertebatur,
1301 1390 1374 1432 ubi
1403 1396 1511 1431 erat:
1540 1395 1583 1431 et
1610 1390 1710 1431 inde
1736 1390 1832 1432 red-

1006 1444 1110 1495 ibat,
1130 1445 1204 1487 ubi
1222 1446 1490 1488 remanebat:
1515 1446 1616 1497 quia
1636 1459 1734 1487 cum
1754 1459 1832 1499 per

1005 1500 1317 1550 humanitatem
1333 1501 1588 1544 ascenderet
1603 1502 1645 1542 in
1662 1502 1831 1551 coelum,

1006 1570 1085 1610 per
1121 1557 1393 1600 divinitatem
1429 1571 1551 1599 suam
1587 1564 1630 1599 et
1670 1564 1831 1600 terram

1004 1614 1169 1666 pariter
1189 1615 1439 1656 continebat
1458 1620 1501 1656 et
1521 1615 1689 1656 coelum.

1062 1685 1110 1736 R.
1136 1683 1267 1725 Ponis
1287 1683 1457 1726 nubem.
1480 1685 1572 1725 325.

1310 1770 1459 1811 Lectio
1479 1771 1531 1810 ix.

1008 1834 1164 1942 Sicut
1195 1845 1339 1881 autem
1369 1839 1535 1893 Joseph
1567 1853 1591 1881 a
1623 1840 1828 1883 fratribus

1098 1895 1301 1937 venditus
1324 1895 1618 1938 venditionem
1642 1897 1828 1938 Redem-

1002 1952 1141 2004 ptoris
1164 1953 1303 1993 nostri
1322 1952 1537 2003 figuravit:
1562 1954 1624 1994 sic
1643 1953 1826 1995 Henoch

1001 2007 1253 2056 translatus,
1282 2012 1413 2060 atque
1441 2007 1498 2049 ad
1525 2009 1684 2050 coelum
1712 2011 1827 2050 aere-

1001 2077 1074 2104 um
1093 2064 1211 2105 Elias
1232 2063 1499 2114 sublevatus,
1527 2065 1825 2106 ascensionem

1001 2119 1275 2161 Dominicam
1330 2122 1514 2171 uterque
1572 2119 1826 2170 designavit.

1001 2175 1281 2217 Ascensionis
1326 2189 1431 2227 ergo
1477 2189 1567 2217 suae
1612 2176 1825 2216 Dominus

1000 2232 1269 2284 praenuntios
1288 2238 1332 2273 et
1349 2237 1483 2273 testes
1502 2231 1667 2280 habuit,
1692 2245 1824 2272 unum

1001 2293 1099 2328 ante
1135 2287 1295 2338 legem,
1337 2288 1467 2328 alium
1508 2287 1588 2328 sub
1625 2286 1738 2337 lege:
1778 2293 1825 2329 ut

1003 2342 1265 2397 quandoque
1285 2346 1450 2384 veniret
1473 2343 1582 2395 ipse,
1608 2343 1681 2393 qui
1704 2345 1825 2384 vera-

1001 2398 1107 2440 citer
1152 2399 1289 2440 coelos
1325 2400 1554 2451 penetrare
1597 2401 1824 2450 potuisset.

1000 2453 1125 2496 Unde
1149 2460 1193 2496 et
1218 2455 1311 2507 ipse
1338 2453 1447 2495 ordo
1474 2454 1516 2493 in
1542 2456 1693 2494 eorum
1720 2467 1824 2506 quo-

1002 2523 1085 2561 que
1110 2514 1394 2562 utrorumque
1421 2508 1719 2551 sublevatione
1744 2523 1824 2563 per

1002 2566 1202 2617 quaedam
1238 2566 1501 2607 incrementa
1537 2564 1824 2616 distinguitur.

1000 2621 1113 2663 Nam
1127 2622 1310 2663 Henoch
1325 2620 1570 2671 translatus,
1585 2622 1702 2663 Elias
1718 2635 1822 2664 vero

1001 2677 1058 2719 ad
1086 2678 1244 2720 coelum
1272 2676 1506 2718 subvectus
1538 2690 1635 2719 esse
1661 2691 1822 2720 memo-
