2028 2892
494 158 566 192 Die
593 158 624 193 9.
649 157 758 192 Febr.
803 158 838 192 S.
864 158 1000 202 Cyrilli
1023 158 1162 201 Episc.,
1187 158 1295 192 Conf.
1322 162 1357 192 ct
1381 158 1488 191 Doct.

1780 155 1847 191 377

188 252 232 286 In
256 252 428 295 utrisque
452 252 565 295 Vcsp.
590 252 640 286 ad
663 253 818 295 Magnis.

189 304 288 345 Ant.
313 304 350 344 O
372 306 540 348 Doctor
560 306 735 359 optime,
754 305 965 346 Ecclesiae

140 368 303 405 sanctae
322 363 484 413 lumen,
507 362 636 405 beate
657 361 835 414 Cyrille,
860 361 965 403 divi-

139 432 209 461 nae
238 419 348 471 legis
381 421 566 469 amator,
606 418 844 471 deprecare
883 430 965 470 pro

140 475 268 518 nobis
286 476 443 517 Filium
462 476 556 517 Dei.

470 529 632 569 Oratio.

227 601 319 639 eus,
340 589 414 641 qui
431 589 609 631 beatum
629 588 837 641 Cyrillum
857 587 967 629 Con-

250 645 462 687 fessorem
488 651 611 687 tuum
639 651 770 697 atque
788 644 966 686 Pontifi-

141 714 237 743 cem
265 701 424 743 divinae
450 701 737 743 maternitatis
770 700 966 742 beatissi-

141 770 225 799 mae
243 757 435 808 Virginis
454 758 604 799 Mariae
625 759 889 799 assertorem
908 757 966 796 in-

141 815 305 856 victum
357 813 553 856 effecisti:
608 812 815 864 concede,
868 812 966 865 ipso

141 868 453 920 intercedente;
479 875 526 912 ut
550 870 624 922 qui
642 882 745 911 vere
769 882 866 911 eam
884 869 967 909 Ge-

141 926 338 968 nitricem
373 926 457 967 Dei
498 925 730 976 credimus,
774 927 969 967 materna

142 981 336 1034 ejusdem
348 982 623 1035 protecti6ne
637 981 865 1023 salvemur.
885 981 969 1022 Per

142 1037 345 1081 eumdem
361 1039 607 1081 Dominum.

189 1100 339 1134 Deinde
352 1099 394 1134 fit
408 1110 541 1135 comm.
558 1099 592 1134 S.
607 1099 744 1133 Joaffis
762 1098 808 1132 dc
822 1098 963 1132 Matha.

192 1148 291 1189 Ant.
311 1147 396 1189 Hic
414 1147 479 1190 vir
497 1147 742 1201 despiciens
756 1146 966 1189 mundum

144 1209 187 1246 et
230 1205 416 1253 terrena,
460 1203 748 1257 triumphans,
794 1203 969 1245 divitias

143 1260 257 1303 coelo
278 1259 473 1302 condidit
493 1273 580 1311 ore,
598 1274 739 1302 manu.

190 1312 241 1362 V.
262 1317 286 1358 J
289 1321 435 1358 ustum
453 1315 635 1358 deduxit
654 1316 869 1358 Deminus
889 1329 969 1369 per

143 1372 237 1414 vias
254 1378 408 1414 rectas.
442 1373 494 1424 R.
522 1373 579 1415 Et
603 1371 795 1414 ostendit
818 1372 880 1412 illi
905 1384 968 1413 re-

143 1441 275 1480 gnum
293 1428 386 1470 Dei.

190 1488 332 1524 Postea
346 1489 470 1524 Fcriae
485 1500 628 1524 occurr.
643 1493 679 1524 ct
690 1489 725 1523 S.
739 1488 963 1533 Apolloniae

139 1536 244 1581 Virg.
269 1541 306 1572 et
328 1537 437 1572 Mart.

194 1585 292 1627 Ant.
319 1584 429 1626 Veni
447 1597 610 1638 sponsa
628 1583 797 1634 Christi,
818 1584 970 1637 accipe

145 1642 363 1690 corenam,
383 1653 514 1692 quam
532 1640 611 1682 tibi
626 1641 840 1682 Deminus
858 1654 968 1693 prae-

144 1696 316 1749 paravit
333 1696 377 1737 in
397 1698 619 1739 aeternum.

192 1751 243 1802 V.
277 1752 432 1805 Specie
462 1757 539 1795 tua
571 1758 615 1795 et
646 1751 970 1806 pulchritudine

145 1814 230 1850 tua.
253 1810 304 1862 R.
324 1808 518 1860 Intende,
532 1811 746 1862 prospere
765 1808 969 1862 procede,

147 1870 189 1906 et
208 1878 351 1916 regna·
473 1894 637 1935 Oratio.

234 1959 329 1996 eus,
355 1947 429 1999 qui
452 1947 564 1989 inter
590 1949 736 1989 cetera
759 1948 970 2000 potentiae

251 2007 339 2044 tuae
374 2003 583 2045 miracula
619 2003 748 2045 etiam
783 2003 828 2044 in
863 2016 971 2045 sexu

146 2058 287 2110 fragili
311 2059 538 2101 victoriam
569 2059 763 2112 martyrii
790 2060 970 2101 contuli-

146 2115 216 2156 sti:
242 2114 435 2157 concede
453 2116 685 2169 propitius3
709 2120 757 2157 ut
777 2115 851 2168 qui
869 2115 969 2157 bea-

145 2176 204 2212 tae
222 2171 471 2224 Apolloniae
490 2172 681 2223 Virginis
705 2177 748 2213 et
766 2172 971 2224 Martyris

145 2232 234 2268 tuae
252 2227 447 2269 natalitia
467 2227 667 2278 celimus,
691 2241 771 2281 per
797 2229 888 2279 ejus
914 2227 971 2270 ad

145 2288 189 2325 te
217 2283 417 2336 exempla
441 2283 702 2335 gradiamur.
737 2284 822 2325 Per
844 2284 971 2324 Dfim.

198 2340 243 2374 In
277 2340 303 2374 Ι.
337 2340 446 2375 Noct.
482 2340 684 2375 Lectiones
720 2343 969 2389 Sapientiam.

145 2388 191 2422 de
216 2388 419 2423 Communi
443 2389 662 2423 Doctorum.
689 2393 759 2437 [79]

367 2444 417 2484 In
443 2445 493 2484 ΙΙ.
521 2445 742 2485 Nocturno.

444 2506 596 2547 Lectio
616 2506 668 2546 iv.

195 2576 255 2625 «ἐζ-ξ
267 2564 417 2617 yrillus
461 2565 799 2615 Alexandrinus,
851 2565 970 2616 cujus

163 2618 259 2678 33:43-'T
285 2623 507 2674 praeconia
533 2635 621 2663 non
648 2624 775 2663 unius
802 2626 971 2663 tantum

158 2667 253 2701 Q&
286 2678 356 2719 vel
374 2678 550 2720 alterius
566 2683 668 2720 sunt
683 2677 975 2730 comprobata

300 2818 363 2843 Pars
379 2819 471 2843 Verna.

1017 253 1286 303 testimenio,
1306 254 1386 295 sed
1406 254 1537 296 etiam
1557 255 1845 296 oecumenica·
1892 307 1893 310 Ἴ

1017 323 1115 351 rum
1130 310 1425 351 Conciliorum
1437 310 1649 363 Ephesini
1664 316 1707 352 et
1723 310 1846 352 Chal-

1019 365 1278 408 cedonensis
1310 367 1419 408 actis
1451 366 1687 417 celebrata,
1720 367 1848 408 claris

1019 427 1142 464 ortus
1156 422 1424 476 parentibus,
1441 435 1492 464 ac
1510 422 1745 476 Theophili
1760 425 1847 476 epi-

1019 479 1145 532 scopi
1181 478 1469 520 Alexandrini
1503 491 1661 531 nepos,
1705 479 1849 521 adhuc

1020 535 1276 577 adolescens
1338 535 1630 589 praecellentis
1690 536 1849 586 ingenii

1020 592 1138 633 clara
1162 592 1401 645 specimina
1428 591 1559 633 dedit.
1596 592 1773 633 Litteris
1798 605 1848 634 ac
1894 606 1896 610 ’

1021 648 1211 690 scientiis
1231 648 1404 700 egregie
1421 648 1626 698 imbutus,
1646 647 1703 689 ad
1720 649 1744 689 J
1747 650 1847 689 oan-

1020 717 1120 746 nem
1135 707 1393 758 episcopum
1402 703 1851 756 Hierosolymitanum

1021 774 1068 802 se
1084 761 1277 811 contulit,
1291 766 1338 803 ut
1352 761 1396 802 in
1412 760 1646 802 christiana
1660 760 1746 802 fide
1762 774 1852 814 per·

1021 817 1237 859 ficeretur.
1255 816 1569 859 Alexandriam
1583 815 1741 858 deinde
1753 830 1852 858 cum

1021 872 1234 924 rediisset,
1245 873 1494 926 Theephilo
1510 874 1600 915 vita
1616 873 1779 923 functo,
1795 873 1852 916 ad

1020 929 1135 971 illius
1168 929 1319 972 sedem
1351 931 1529 971 evectus
1563 935 1645 980 est,
1684 942 1771 982 quo
1808 930 1852 971 in

1021 989 1200 1027 munere
1216 986 1278 1028 ita
1293 986 1448 1039 optimi
1462 986 1653 1038 pastoris
1666 986 1852 1027 formam
1895 1035 1897 1037 ,

1022 1042 1077 1084 ab
1102 1042 1324 1096 Apestolo
1349 1041 1574 1084 definitam
1600 1045 1852 1085 constanter

1021 1112 1115 1152 prae
1151 1112 1198 1141 se
1230 1099 1343 1150 tulit,
1374 1104 1422 1140 ut
1452 1099 1715 1140 sanctissimi
1740 1101 1850 1152 prae·
1896 1102 1897 1105 ’

1022 1155 1129 1197 sulis
1149 1155 1334 1208 gleriam
1351 1155 1507 1197 merito
1527 1155 1583 1197 sit
1603 1154 1800 1208 adeptus.

1071 1217 1121 1268 Rv.
1151 1216 1305 1258 Inveni
1326 1215 1472 1258 David
1496 1229 1672 1257 servum
1696 1229 1851 1267 meum,

1022 1272 1122 1315 oleo
1149 1278 1300 1315 sancto
1325 1285 1424 1314 meo
1448 1273 1552 1314 unxi
1577 1285 1690 1314 eum:
1711 1271 1733 1295 *
1763 1273 1850 1314 Ma-

1022 1342 1103 1370 nus
1119 1330 1235 1371 enim
1247 1341 1346 1370 mea
1360 1328 1637 1371 auxiliabitur
1653 1329 1703 1370 ei.
1717 1320 1766 1371 V·
1786 1329 1853 1370 Ni-

1022 1385 1083 1426 hil
1100 1385 1305 1438 proficiet
1319 1385 1518 1426 inimicus
1537 1385 1580 1425 in
1596 1397 1661 1435 eo,
1677 1390 1720 1427 et
1737 1385 1851 1426 filius

1022 1441 1262 1494 iniquitatis
1280 1453 1369 1483 non
1387 1440 1563 1483 nocebit
1583 1441 1632 1482 ei.
1659 1442 1825 1483 Manus.

1329 1497 1480 1537 Lectio
1502 1510 1538 1535 v.

1093 1553 1222 1596 alatis
1254 1554 1495 1596 animarum
1526 1553 1622 1595 zelo
1649 1553 1852 1595 incensus

1114 1623 1242 1652 curas
1274 1624 1426 1652 omnes
1457 1609 1660 1660 intendit,
1693 1615 1741 1651 ut
1769 1610 1852 1652 sibi

1023 1669 1305 1709 commissum
1322 1680 1501 1719 gregem
1518 1667 1562 1707 in
1578 1665 1683 1707 fidei
1702 1671 1746 1708 et
1761 1679 1850 1708 mo-

1022 1736 1120 1765 rum
1143 1723 1392 1775 integritate
1421 1725 1632 1773 servaret,
1667 1727 1798 1775 atque
1827 1736 1852 1764 a

1022 1780 1248 1822 venenatis
1279 1779 1520 1821 infidelium
1551 1784 1594 1821 et
1624 1778 1851 1820 haeretico-

1022 1849 1119 1878 rum
1137 1836 1314 1890 pascuis
1333 1834 1599 1878 defenderet.
1624 1835 1741 1876 Hinc
1759 1840 1853 1876 tum

1022 1892 1187 1935 Novati
1211 1893 1402 1934 asseclas
1427 1905 1451 1934 e
1481 1892 1656 1934 civitate
1681 1891 1851 1944 expelli,

1022 1954 1117 1991 tum
1134 1947 1313 1990 Judaeos
1339 1949 1414 2002 qui
1436 1949 1583 1990 furore
1603 1947 1690 1989 acti
1708 1948 1751 1987 in
1771 1960 1850 1988 cae-

1024 2004 1125 2046 dem
1176 2004 1522 2047 Christianorum
1575 2003 1850 2056 conspirave-

1023 2066 1137 2110 rant,
1182 2062 1302 2114 juxta
1341 2061 1461 2113 leges
1502 2059 1646 2113 puniri
1683 2059 1851 2109 sategit.
1894 2072 1895 2075 ¹

1023 2117 1249 2168 Singulare
1269 2130 1375 2159 vero
1396 2117 1545 2170 Cyrilli
1567 2128 1649 2169 pro
1673 2114 1850 2156 catholi-

1024 2186 1088 2215 cae
1120 2173 1224 2216 fidei
1256 2173 1554 2216 incolumitate
1585 2171 1738 2213 enituit
1763 2174 1850 2212 stu-

1023 2229 1144 2272 dium
1163 2236 1316 2272 contra
1332 2229 1586 2272 Nestorium
1608 2227 1850 2269 Constanti-

1022 2286 1328 2340 nopolitanum
1352 2288 1630 2339 episcopum,
1656 2285 1849 2324 asseren-

1021 2347 1112 2384 tem
1129 2343 1155 2384 J
1156 2355 1279 2384 esum
1295 2342 1515 2384 Christum
1533 2353 1587 2381 ex
1601 2339 1740 2380 Maria
1753 2339 1850 2381 Vir-

1022 2398 1121 2449 gine
1135 2398 1356 2440 h6minem
1370 2402 1538 2439 tantum
1553 2400 1597 2437 et
1610 2407 1698 2436 non
1707 2395 1851 2437 Deum

1022 2460 1190 2505 natum,
1220 2457 1347 2506 eique
1371 2451 1654 2495 divinitatem·
1662 2463 1744 2504 pro
1763 2453 1849 2493 me-

1023 2511 1117 2552 ritis
1143 2524 1240 2552 esse
1268 2510 1486 2558 collatam3
1511 2508 1630 2560 cujus
1650 2507 1848 2549 emenda·
1896 2537 1897 2540 ,

1010 2567 1187 2608 tionem
1204 2579 1301 2608 cum
1319 2566 1478 2605 frustra
1496 2565 1725 2613 tentasset,
1750 2576 1851 2604 eum

1023 2628 1174 2664 sancto
1209 2621 1447 2663 Coelestino
1479 2619 1682 2661 Pontifici
1714 2619 1849 2660 Maxi-

1022 2691 1095 2719 mo
1115 2676 1394 2719 denuntiavit.

1578 2807 1620 2839 25
