2066 2904
585 160 656 195 Die
680 161 735 194 28.
761 160 919 203 Aprilis.
967 160 1001 194 S
1028 159 1137 193 Pauli
1165 170 1185 193 a
1211 158 1333 193 Cruce
1357 159 1465 193 Cont‘.

167 260 342 311 cognita
372 271 478 301 vero
514 258 628 299 inter
664 256 880 298 orandum
911 256 996 298 Dei

167 317 409 366 voluntate,
459 327 579 356 arma
623 313 739 355 ultro
783 312 995 363 reddidit,

167 372 462 426 praestantiori
480 371 647 412 militiae
671 372 851 422 operam
871 369 993 411 datu-

166 443 256 480 rus,
285 441 384 482 quae
410 427 621 470 Ecclesiae
649 425 857 479 praesidio
887 438 996 476 esse,

168 487 465 537 aeternamque
522 483 747 525 hominum
810 482 996 524 salutem

166 544 405 595 procurare
437 541 543 583 totis
574 539 739 582 viribus
775 539 996 581 niteretur.

166 599 388 640 Reversus
404 598 448 639 in
461 597 660 650 patriam,
677 596 996 638 honestissimis

166 655 346 708 nuptiis,
373 654 543 707 sibique
570 653 715 696 delata
740 653 886 706 patrui
909 652 995 694 hae-

168 712 371 762 reditate,
390 711 618 760 recusatis,
637 710 870 752 arctiorem
888 709 996 751 inire

169 769 309 810 crucis
334 768 550 818 semitam,
582 780 634 809 ac
663 765 761 808 rudi
791 766 940 808 tunica
971 779 997 807 a

170 838 249 866 suo
287 827 500 878 episcopo
537 824 659 866 indui
690 823 839 865 voluit.
883 823 997 864 Tum

169 882 260 934 ejus
279 883 408 934 jussu,
424 881 481 923 ob
502 881 762 923 eminentem
780 880 883 922 vitae
903 893 996 921 san-

169 938 419 980 ctimoniam
470 943 513 980 et
560 951 706 980 rerum
754 936 999 979 divinarum

169 994 405 1045 scientiam,
423 993 620 1036 nondum
635 994 829 1043 clericuS,
848 993 997 1035 Domi-

168 1051 314 1093 nicum
332 1064 494 1102 agrum,
513 1051 704 1093 maximo
725 1064 824 1093 cum
839 1051 998 1092 anima-

170 1121 266 1149 rum
290 1108 450 1159 fructu,
481 1107 615 1150 divini
639 1107 763 1150 verbi
788 1107 998 1161 praedica-

168 1164 287 1206 tione
306 1164 509 1207 excoluit.

221 1239 272 1292 Rz.
304 1238 553 1280 Honestum
576 1238 679 1280 fecit
704 1238 826 1280 illum
850 1238 999 1280 Domi-

169 1308 265 1345 nus,
290 1300 334 1337 et
353 1294 590 1337 custodivit
609 1308 709 1337 eum
728 1296 783 1337 ab
803 1296 998 1346 inimicis,

170 1357 214 1392 et
241 1365 267 1392 a
294 1351 599 1393 seductoribus
627 1353 787 1394 tutavit
814 1352 952 1393 illum:
972 1356 995 1379 *

169 1408 226 1449 Et
258 1407 380 1450 dedit
411 1408 474 1449 illi
506 1408 750 1450 claritatem
780 1411 999 1459 aeternam,

170 1463 353 1517 alleluja.
381 1460 431 1512 V.
455 1465 628 1507 Justum
647 1465 830 1507 deduxit
848 1466 998 1507 Domi-

170 1534 251 1562 nus
288 1534 368 1574 per
399 1522 494 1563 vias
532 1529 691 1572 rectas,
731 1527 774 1564 et
807 1522 1000 1564 ostendit

169 1577 231 1618 illi
248 1590 432 1629 regnum
450 1578 544 1620 Dei.
571 1579 628 1620 Et
647 1578 779 1620 dedit.

478 1662 632 1703 Lectio
652 1675 689 1701 v.

166 1725 394 1833 Romam
407 1735 643 1787 profectus
662 1734 922 1787 theologicis
938 1735 999 1777 di-

274 1791 469 1844 sciplinis
493 1792 575 1834 rite
598 1791 810 1842 imbutus,
835 1805 862 1833 a
878 1793 998 1834 Sum-

170 1860 243 1890 mo
279 1849 493 1891 Pontifice
529 1848 774 1891 Benedicto
811 1849 999 1891 decimo-

171 1905 301 1947 tertio
321 1918 376 1946 ex
395 1905 645 1947 obedientia
664 1905 912 1948 sacerdotio
929 1919 999 1947 au-

173 1966 268 2002 ctus
288 1966 364 2003 est.
401 1961 537 2003 Facta
562 1961 646 2003 sibi
671 1961 726 2003 ab
747 1962 905 2005 eodem
923 1976 1000 2015 po-

171 2019 332 2059 testate
358 2017 625 2069 aggregandi
649 2019 812 2068 socios,
838 2019 882 2059 in
902 2019 1001 2061 soli-

172 2073 369 2116 tudinem
382 2075 564 2116 recessit
571 2075 821 2126 Argentarii
830 2075 1001 2126 montis,

174 2143 261 2182 quo
291 2143 391 2172 eum
416 2130 547 2173 beata
574 2131 713 2182 Virgo
744 2131 1002 2185 jampridem

172 2186 442 2237 invitaverat,
462 2193 585 2230 veste
604 2188 666 2229 illi
681 2187 809 2229 simul
825 2190 1002 2230 ostensa

175 2243 255 2284 atri
284 2243 463 2294 coloris,
491 2244 708 2297 passionis
727 2245 825 2286 Filii
850 2245 916 2286 sui
942 2245 1001 2286 in-

175 2299 369 2350 signibus
407 2300 632 2351 decorata,
667 2301 816 2354 ibique
853 2301 1002 2344 funda-

173 2357 320 2398 menta
351 2357 450 2408 jecit
481 2370 608 2399 novae
641 2359 1003 2409 congregationis.

176 2412 284 2462 Quae
302 2412 441 2463 brevi,
466 2413 665 2466 plurimis
690 2414 746 2456 ab
771 2427 824 2456 eo
844 2415 1001 2457 tolera-

175 2467 232 2509 tis
247 2467 486 2520 laboribus,
506 2470 732 2523 praeclaris
753 2476 880 2512 aucta
898 2471 1003 2512 viris

178 2535 276 2565 cum
299 2525 383 2566 Dei
412 2525 719 2568 benedictione
752 2527 881 2568 valde
909 2539 1002 2568 suc-

178 2580 327 2631 crevit3
352 2594 377 2622 a
399 2581 513 2624 Sede
536 2582 797 2635 Apostolica
822 2596 911 2624 non
939 2595 1002 2624 se-

178 2635 264 2677 mel
289 2637 561 2689 confirmata,
593 2652 678 2680 una
707 2652 806 2681 cum
830 2640 1003 2690 regulis,

181 2703 288 2743 quas
307 2693 475 2736 orando
494 2695 589 2748 ipse
609 2708 634 2736 a
648 2695 745 2737 Deo
763 2698 1003 2748 acceperat,

333 2835 396 2860 Pars
410 2836 503 2861 Vema-

1048 260 1091 298 et
1116 259 1273 308 quarto
1302 253 1455 296 addito
1474 259 1599 304 voto,
1626 254 1879 306 pergratam

1047 315 1291 358 Dominicae
1349 315 1569 368 passienis
1622 314 1879 356 memoriam

1047 371 1348 426 promovendi.
1383 372 1539 413 Sacras
1558 371 1748 422 virgines
1774 383 1879 423 quo-

1049 441 1134 481 que
1161 428 1363 478 instituit,
1395 441 1494 480 quae
1519 430 1749 469 excessum
1775 426 1879 468 cari-

1048 486 1152 527 tatis
1178 485 1312 527 divini
1341 485 1492 537 sponsi
1519 484 1673 525 sedulo
1698 483 1879 525 medita-

1048 544 1208 584 rentur.
1249 542 1360 583 Haec
1385 541 1515 591 inter,
1549 541 1792 582 animarum
1820 540 1879 580 in-

1051 598 1263 640 exhausta
1306 598 1517 640 aviditate
1559 597 1615 639 ab
1652 596 1882 648 Evangelii

1048 655 1366 709 praedicatione
1394 667 1634 707 numquam
1661 653 1881 703 deficiens,

1050 712 1249 754 homines
1284 724 1399 765 pene
1434 712 1704 760 innumeros,
1751 710 1883 751 etiam

1050 768 1390 822 perditissimos,
1420 774 1494 810 aut
1520 768 1564 808 in
1592 767 1797 808 haeresim
1824 766 1882 807 la-

1050 838 1174 878 psos,
1202 826 1245 866 in
1270 825 1422 867 salutis
1447 825 1670 867 tramitem
1687 822 1883 865 adduxit.

1050 882 1300 924 Praesertim
1327 882 1489 923 Christi
1515 880 1761 924 enarranda
1785 893 1882 933 pas-

1052 939 1175 981 sione
1211 939 1396 980 mirifica
1440 940 1531 991 ejus
1569 938 1781 980 orationis
1818 936 1883 977 vis

1053 1000 1162 1046 erat,
1196 1008 1282 1048 qua
1312 1009 1399 1037 una
1431 1009 1530 1037 cum
1563 994 1807 1037 astantibus
1839 994 1884 1034 in

1053 1052 1205 1094 fletum
1226 1051 1406 1103 effusus,
1435 1052 1645 1105 quaelibet
1665 1050 1885 1093 obdurata

1052 1108 1188 1151 corda
1207 1108 1264 1151 ad
1282 1109 1587 1162 poenitentiam
1606 1107 1846 1150 scindebat.

1106 1186 1157 1238 R.
1182 1184 1361 1226 Amavit
1381 1197 1481 1225 eum
1499 1183 1732 1233 Dominus,
1755 1188 1799 1225 et
1818 1195 1885 1224 or-

1051 1240 1171 1282 navit
1210 1253 1324 1282 eum:
1364 1241 1524 1283 stolam
1556 1240 1710 1291 gloriae
1742 1239 1885 1281 induit

1053 1305 1162 1347 eum,
1184 1300 1206 1323 *
1224 1298 1281 1339 Et
1300 1296 1357 1339 ad
1375 1302 1527 1350 portas
1580 1296 1742 1338 aradisi
1761 1309 1884 1338 coro-

1052 1354 1172 1396 navit
1192 1367 1307 1403 eum,
1327 1354 1510 1406 alleluja.
1586 1388 1593 1395 .
1617 1352 1767 1395 Induit
1786 1366 1886 1394 eum

1054 1410 1271 1452 Dominus
1295 1411 1475 1452 loricam
1499 1409 1620 1460 fidei,
1647 1415 1691 1452 et
1715 1409 1887 1451 ornavit

1054 1480 1164 1508 eum.
1191 1468 1249 1509 Et
1269 1467 1325 1517 ad
1343 1472 1507 1520 portas.

1354 1550 1507 1591 Lectio
1528 1550 1581 1591 vi.

1136 1625 1239 1662 anta
1270 1620 1314 1661 in
1346 1621 1437 1673 ejus
1473 1620 1654 1672 pectore
1687 1619 1887 1661 alebatur

1151 1677 1310 1719 divinae
1331 1677 1528 1719 caritatis
1547 1676 1739 1726 flamma,
1758 1681 1806 1718 ut
1826 1676 1885 1717 in-

1054 1734 1229 1777 dusium
1258 1733 1380 1786 quod
1408 1738 1502 1775 erat
1538 1733 1662 1775 cordi
1689 1733 1886 1786 propius,

1056 1804 1176 1844 saepe
1196 1791 1330 1833 veluti
1349 1791 1447 1841 igne
1468 1788 1689 1839 adustum,
1709 1795 1752 1831 et
1771 1789 1886 1831 binae

1055 1848 1239 1890 costulae
1285 1847 1414 1889 elatae
1460 1846 1755 1899 apparuerint.
1815 1846 1887 1887 Sa-

1056 1918 1178 1946 crum
1203 1904 1452 1957 praesertim
1483 1903 1648 1944 faciens
1678 1916 1767 1944 non
1791 1905 1887 1955 pot-

1056 1966 1150 2003 erat
1193 1974 1219 2002 a
1264 1961 1454 2002 lacrimis
1495 1962 1762 2013 temperare:
1806 1959 1887 2000 fre-

1057 2018 1208 2070 quenti
1245 2030 1423 2070 quoque
1466 2017 1607 2059 extasi
1644 2029 1743 2058 cum
1778 2016 1888 2057 mira

1055 2074 1274 2116 interdum
1298 2074 1500 2126 corporis
1525 2073 1770 2115 elevatione
1793 2073 1887 2123 frui,

1056 2131 1268 2184 vultuque
1314 2132 1504 2183 superna
1548 2130 1646 2172 luce
1687 2129 1887 2171 radiante

1057 2188 1424 2241 conspiciebatur.
1461 2187 1754 2238 Quandoque,
1784 2185 1888 2227 dum

1057 2245 1406 2294 concionaretur,
1433 2243 1626 2286 coelestis
1645 2255 1733 2284 vox
1752 2242 1888 2284 verba

1057 2301 1098 2343 ei
1116 2302 1392 2353 suggerentis
1412 2300 1562 2343 audita
1580 2299 1676 2350 fuit,
1701 2304 1776 2341 aut
1799 2312 1886 2341 ser-

1055 2370 1129 2400 mo
1158 2359 1248 2410 ejus
1277 2357 1333 2399 ad
1360 2357 1487 2411 plura
1512 2356 1648 2398 millia
1675 2358 1887 2408 passuum

1056 2415 1256 2456 intonuit.
1293 2414 1546 2467 Prophetiae
1573 2418 1616 2454 et
1641 2412 1889 2464 linguarum

1057 2470 1195 2521 dono,
1223 2470 1423 2513 cordium
1448 2470 1731 2520 scrutatione,
1765 2475 1887 2522 pote—

1057 2529 1170 2570 state
1197 2528 1242 2569 in
1270 2527 1510 2576 daemones,
1541 2526 1586 2566 in
1611 2526 1812 2577 morbos,
1843 2527 1887 2567 in

1058 2584 1275 2627 elementa
1318 2584 1481 2626 enituit.
1542 2583 1739 2635 Cumque
1779 2583 1887 2636 ipsis

1056 2640 1245 2682 Summis
1270 2639 1560 2682 Pontificibus
1589 2653 1716 2682 carus
1741 2652 1793 2681 ac
1817 2652 1887 2680 ve-

1056 2696 1277 2739 nerandus
1306 2701 1440 2747 esset,
1477 2709 1653 2738 servum
1680 2696 1887 2746 inutilem,

1613 2828 1680 2862 30*
