2028 2892
770 181 879 214 Fcria
905 183 953 215 vi.
978 183 1017 215 in
1042 183 1266 218 l'arascevc.

1800 181 1866 219 243

162 228 1864 251 Ἣ

428 270 626 311 Psalmus
646 273 730 311 142.

186 324 286 377 ‘2:>„„,'3,;'i>¹
296 321 440 362 omine
461 322 621 363 exaudi
641 323 883 364 orationem
901 337 987 366 me-

282 406 285 414 ,
311 388 396 417 am:
432 377 612 419 auribus
648 380 827 431 percipe
863 379 987 422 obse-

309 433 551 474 crati6nem
574 446 717 475 meam
740 435 784 475 in
804 436 987 477 veritate

158 489 248 526 tua:
266 486 290 512 *
309 488 469 529 exaudi
488 501 558 530 me
577 490 621 530 in
639 494 715 530 tua
734 490 905 540 justitia.

209 541 267 583 Et
298 555 387 584 non
417 544 554 586 intres
583 545 627 585 in
654 545 860 596 judicium
888 559 987 587 cum

157 609 287 639 servo
306 603 399 640 tuo:
414 599 438 625 *
455 601 557 651 quia
575 613 663 641 non
683 601 986 652 justificabitur

156 652 200 692 in
219 657 463 707 conspectu
481 661 558 697 tuo
579 657 722 697 omnis
741 657 904 698 vivens.

209 709 321 759 Quia
365 715 625 762 persecutus
673 717 741 753 est
783 712 985 754 inimicus

158 764 347 806 animam
391 779 549 808 meam.
586 768 609 793 *
651 767 894 809 humiliavit
941 769 985 809 in

155 823 273 861 terra
290 822 427 862 vitam
443 836 597 864 meam.

211 877 455 919 Collocavit
482 892 552 920 me
579 880 623 920 in
649 879 848 921 obscuris
872 880 984 922 sicut

154 935 353 975 mortuos
382 935 546 976 saeculi:
568 937 592 963 *
618 940 662 977 et
690 936 892 977 anxiatus
919 942 984 978 est

155 1001 288 1041 super
306 1003 377 1032 me
397 991 578 1043 spiritus
598 1004 732 1041 meus,
750 992 795 1032 in
812 1005 882 1034 me
897 997 983 1033 tur-

153 1044 307 1086 batum
326 1051 394 1088 est
413 1059 490 1088 cor
508 1060 666 1089 meum.

204 1100 375 1143 Memor
400 1103 463 1144 fui
489 1103 659 1144 dierum
687 1104 982 1156 antiquorum,

152 1157 390 1199 meditatus
416 1171 512 1200 sum
542 1160 587 1200 in
614 1160 816 1201 omnibus
843 1163 982 1213 operi-

152 1211 234 1254 bus
262 1214 364 1255 tuis:
383 1216 407 1242 *
432 1215 478 1255 in
505 1215 631 1257 factis
658 1219 865 1257 manuum
890 1221 981 1259 tuzi-

150 1280 249 1309 rum
266 1270 525 1312 meditabar.

203 1324 409 1378 Expandi
440 1339 595 1368 manus
627 1341 748 1369 meas
782 1328 838 1370 ad
870 1334 929 1370 te:
958 1332 982 1357 *

152 1380 295 1476 azima
322 1395 420 1423 mea
455 1383 570 1424 sicut
598 1388 716 1424 terra
745 1384 838 1425 sine
866 1398 982 1436 aqua

150 1435 184 1475 ti
216 1450 230 1476 1

202 1491 428 1534 Velociter
451 1493 611 1535 exaudi
634 1507 704 1536 me
728 1495 932 1538 Domine:
956 1498 980 1524 *

151 1544 311 1588 defecit
330 1548 508 1600 spiritus
527 1562 663 1590 meus.

201 1601 303 1643 Non
327 1605 500 1645 avertas
524 1605 680 1646 faciem
703 1610 823 1647 tuam
847 1619 872 1647 a
893 1621 978 1649 me:

149 1657 173 1683 *
193 1662 238 1699 et
261 1659 414 1700 similis
439 1672 516 1701 ero
542 1659 910 1703 descendentibus
934 1664 978 1704 in

148 1711 303 1754 lacum.

200 1768 411 1811 Auditam
435 1770 503 1812 fac
527 1771 645 1817 mihi,
660 1785 788 1813 mane
812 1773 977 1815 miseri-

149 1824 347 1866 c<5rdiam
362 1830 498 1867 tuam:
512 1827 536 1853 *
552 1827 654 1878 quia
673 1828 717 1868 in
734 1832 778 1869 te
793 1830 978 1880 speravi.

198 1880 362 1922 Notam
379 1882 450 1923 fac
467 1882 573 1923 mihi
586 1883 712 1933 viam,
730 1883 775 1924 in
790 1896 877 1935 qua
891 1887 977 1925 eim-

147 1935 310 1978 bulem:
325 1938 349 1964 ²⁸¹
366 1938 468 1990 quia
488 1937 545 1979 ad
563 1943 607 1980 te
627 1938 770 1981 levavi
790 1940 978 1980 animam

148 2004 303 2033 meam.

200 2047 335 2100 Eripe
361 2062 432 2090 me
462 2048 517 2091 de
544 2050 729 2091 inimicis
754 2051 863 2091 meis
888 2051 976 2091 Do-

148 2102 280 2153 mine,
306 2104 364 2145 ad
381 2109 426 2146 te
445 2106 635 2156 confugi:
654 2106 678 2131 *
697 2105 810 2146 doce
829 2119 899 2146 me
917 2106 975 2146 fa-

149 2170 248 2199 cere
271 2159 544 2202 voluntatem
567 2165 701 2210 tuam,
731 2161 833 2212 quia
854 2161 975 2201 Deus

147 2226 271 2254 meus
291 2227 338 2255 es
358 2219 416 2256 tu.

199 2270 387 2321 Spiritus
410 2275 511 2312 tuus
532 2271 676 2313 bonus
696 2270 886 2312 deducet
904 2283 974 2311 me

147 2324 192 2365 in
225 2330 387 2367 terram
421 2332 604 2368 rectam:
631 2328 654 2353 *
682 2331 867 2379 propter
899 2339 974 2366 no-

147 2392 248 2421 men
270 2385 395 2422 tuum
411 2382 601 2424 Domine
625 2381 867 2423 vivificabis
893 2394 973 2430 me,

147 2435 192 2475 in
211 2437 419 2488 aeqm'tate
438 2442 524 2478 tua.

198 2490 374 2533 Educes
400 2492 455 2533 de
480 2493 760 2534 tribulatione
786 2492 974 2532 animam

147 2558 307 2587 meam:
342 2548 366 2573 *
404 2553 447 2589 et
483 2549 528 2588 in
563 2547 863 2590 misericdrdia
898 2551 974 2586 tua

148 2599 377 2653 disperdes
397 2603 596 2644 inimicos
615 2616 749 2645 meos.

198 2656 257 2697 Et
279 2657 441 2709 perdes
468 2671 638 2707 omnes,
668 2659 742 2710 qui
765 2657 973 2699 tribulant

1042 272 1230 313 animam
1243 287 1399 315 meam:
1414 276 1437 302 *
1454 278 1658 328 qu6niam
1678 290 1760 328 ego
1777 291 1862 319 ser-

1040 340 1120 367 vus
1139 332 1239 369 tuus
1260 342 1366 370 sum.

1095 394 1195 434 Ant.
1221 394 1432 436 Anxiatus
1452 400 1518 436 est
1538 408 1668 448 super
1688 410 1758 438 me
1777 399 1861 449 spi-

1039 446 1147 487 ritus
1167 460 1300 498 meus,
1320 453 1364 490 in
1382 463 1451 492 me
1467 451 1689 494 turbatum
1703 458 1770 494 est
1785 465 1861 493 cor

1038 515 1195 543 meum.

1093 568 1192 608 Ant.
1222 569 1257 607 3.
1307 569 1379 610 Ait
1409 570 1520 611 latro
1549 570 1604 612 ad
1631 571 1859 614 latronem:

1037 621 1132 662 Nos
1171 623 1347 674 quidem
1386 625 1516 676 digna
1551 626 1676 668 factis
1709 630 1859 681 recipi-

1037 690 1143 727 muS,
1163 678 1233 719 hic
1252 685 1396 721 autem
1412 682 1517 733 quid
1531 682 1654 723 fecit?
1674 684 1859 725 Memen-

1037 737 1084 773 to
1099 734 1185 774 mei
1199 735 1398 786 Domine,
1419 737 1523 778 dum
1541 739 1712 779 veneris
1732 740 1775 779 in
1796 753 1858 781 re-

1036 802 1169 839 gnum
1187 795 1321 832 tuum.

1089 855 1156 894 Ps.
1176 856 1239 894 62.
1267 857 1388 896 Deus
1406 857 1527 898 Deus
1546 870 1678 898 meus.
1694 859 1787 898 225.

1088 919 1189 959 Ant.
1217 921 1254 959 4.
1302 920 1412 960 Cum
1445 921 1703 963 conturbata
1731 922 1859 964 fuerit

1037 973 1179 1013 anima
1201 987 1299 1038 men
1322 976 1524 1026 Domine,
1548 977 1857 1019 misericordiae

1035 1041 1203 1070 memor
1222 1043 1318 1071 eris.

1090 1100 1316 1141 Canticum
1344 1102 1563 1143 Habacuc.
1649 1104 1749 1153 Cap.
1769 1105 1804 1142 3.

1123 1163 1268 1204 Omine
1288 1164 1435 1206 audivi
1449 1166 1714 1207 auditionem
1728 1172 1857 1217 tuam,

1138 1219 1162 1243 *
1182 1223 1225 1259 et
1243 1221 1377 1261 timui.

1084 1273 1273 1316 D6mine
1298 1288 1410 1327 opus
1432 1281 1569 1325 tuum,
1595 1278 1618 1302 *
1644 1278 1687 1318 in
1711 1278 1856 1320 medio

1034 1331 1246 1371 annorum
1266 1332 1438 1373 vivifica
1456 1332 1578 1373 illud:

1080 1385 1131 1424 In
1150 1386 1295 1427 me'dio
1316 1390 1526 1428 ann6rum
1542 1393 1693 1429 notum
1708 1389 1855 1431 facies:

1032 1440 1055 1464 *
1081 1452 1179 1481 cum
1203 1442 1339 1483 iratus
1365 1443 1514 1492 fueris,
1542 1444 1854 1486 misericordiae

1031 1496 1347 1538 recordaberis.

1083 1551 1203 1592 Deus
1223 1553 1278 1594 ab
1296 1554 1461 1595 Austro
1481 1555 1635 1604 veniet,
1654 1555 1678 1581 *
1698 1560 1741 1597 et
1760 1569 1853 1597 san-

1032 1611 1127 1647 ctus
1148 1607 1203 1649 de
1221 1614 1370 1650 monte
1390 1609 1575 1650 Pharan:

1084 1663 1266 1715 Operuit
1294 1665 1431 1706 coelos
1458 1666 1598 1716 g16ria
1627 1667 1730 1717 ejus:
1757 1667 1781 1692 *
1809 1672 1852 1708 et

1030 1717 1171 1759 laudis
1193 1720 1282 1770 eius
1301 1720 1430 1772 plena
1451 1726 1518 1762 est
1536 1726 1663 1762 terra.

1081 1773 1298 1825 Splendor
1322 1776 1412 1826 ejus
1437 1781 1484 1816 ut
1507 1776 1582 1817 lux
1604 1777 1700 1818 erit:
1718 1777 1741 1802 *
1760 1778 1851 1817 cot-

1030 1841 1116 1869 nua
1134 1830 1177 1869 in
1195 1830 1398 1871 manibus
1417 1832 1522 1882 ejus:

1081 1884 1149 1925 Ibi
1168 1884 1426 1927 abscondita
1443 1891 1509 1928 est
1523 1886 1733 1928 fortitudo
1749 1887 1852 1938 ejus:

1029 1939 1053 1965 *
1072 1944 1173 1981 ante
1190 1940 1347 1982 faciem
1366 1943 1457 1992 ejus
1475 1941 1555 1982 ibit
1572 1954 1702 1982 mors.

1080 1995 1138 2036 Et
1161 1996 1408 2045 egredietur
1433 1996 1636 2038 diabolus
1658 2002 1757 2038 ante
1776 2009 1848 2048 pe-

1030 2049 1108 2091 des
1137 2052 1238 2102 ejus.
1267 2051 1290 2076 *
1317 2052 1464 2101 Stetit,
1502 2057 1546 2093 et
1577 2064 1752 2093 mensus
1784 2056 1850 2092 est

1028 2109 1199 2146 terram.

1079 2161 1285 2212 Aspexit,
1318 2166 1361 2203 et
1392 2161 1591 2202 dissolvit
1618 2161 1798 2202 Gentes:
1824 2160 1848 2186 *

1029 2221 1073 2257 et
1092 2217 1268 2258 contriti
1287 2222 1387 2258 sunt
1404 2221 1574 2257 montes
1594 2215 1753 2256 saeculi.

1079 2272 1301 2312 Incurvati
1331 2277 1431 2313 sunt
1463 2271 1596 2312 colles
1627 2269 1793 2319 mundi,
1824 2270 1847 2296 *

1027 2326 1082 2367 ab
1099 2327 1325 2368 itineribus
1345 2326 1598 2368 aeternitatis
1618 2326 1718 2376 ejus.

1077 2382 1164 2423 Pro
1193 2382 1418 2433 iniquitate
1445 2381 1535 2422 vidi
1559 2382 1748 2422 tentoria
1772 2383 1846 2422 AE-

1026 2436 1224 2489 thiopiae,
1242 2438 1266 2462 *
1288 2435 1577 2478 turbabuntur
1600 2436 1739 2487 pelles
1763 2441 1846 2478 ter—

1026 2505 1087 2532 rae
1106 2492 1293 2533 Madian.

1076 2546 1299 2598 Numquid
1318 2546 1361 2585 in
1379 2545 1627 2587 fluminibus
1646 2546 1781 2588 iratus
1799 2559 1845 2588 es

1024 2602 1234 2643 D6mine?
1253 2602 1277 2626 *
1294 2605 1368 2641 aut
1390 2601 1434 2640 in
1455 2601 1705 2642 fluminibus
1726 2602 1845 2642 furor

1023 2655 1147 2698 tuus?
1167 2657 1237 2698 vel
1254 2656 1297 2695 in
1315 2657 1424 2695 mari
1443 2655 1686 2706 indignatio
1706 2656 1801 2697 tua?
