2066 2904
642 184 707 217 Dic
734 187 762 217 I’».
793 185 887 221 Maii.
938 186 974 217 In
1004 186 1225 219 Inventione
1251 188 1284 219 S.
1311 188 1454 220 ‹ti—ucis.

204 285 391 326 Abrahae
418 284 543 326 fieret
567 285 609 325 in
636 284 810 326 Christo
829 284 851 324 J
857 296 949 334 esu,
976 288 1022 324 ut

201 341 557 393 pollicitationem
601 341 788 393 Spiritus
839 340 1019 392 accipia-

200 410 294 438 mus
314 410 393 449 per
410 396 553 438 fidem.

260 459 303 508 R:-
332 453 583 495 Gloriosum
609 452 724 494 diem
749 466 872 495 sacra
896 466 1021 494 vene-

199 511 317 551 ratur
332 509 539 558 Ecclesia,
559 508 661 550 dum
682 509 943 562 triumphale
958 521 1020 550 re-

200 568 367 608 seratur
396 566 572 616 lignum:
601 574 620 593 ⁸
645 566 695 606 In
722 578 808 618 quo
835 564 1019 607 Redem-

198 627 300 673 ptor
331 628 482 663 noster
519 622 672 663 mortis
704 622 876 664 vincula
908 635 1017 662 rum-

198 691 319 730 penS,
344 677 548 719 callidum
568 678 766 730 aspidem
786 678 1019 730 superavit,

198 734 381 785 alleluja,
409 734 594 786 alleluja,
619 734 799 786 alleluja.
840 735 883 784 X'.
905 735 955 774 In
973 733 1018 774 li-

195 804 282 841 gno
307 790 501 843 pendens
531 795 692 832 nostrae
717 790 868 831 salutis
894 790 1018 831 semi-

196 853 285 889 tam
297 847 491 889 Verbum
505 847 647 888 Patris
661 847 834 889 invenit.
854 847 903 887 In
920 859 1018 899 quo.

268 927 327 966 l)e
347 925 546 977 Epistola
564 924 620 966 ad
638 924 953 978 Philippenses.

305 990 450 1028 Lectio
475 990 509 1027 ii.
761 994 860 1041 (lap.
881 994 914 1029 2.

201 1046 339 1150 Hoc
359 1048 471 1088 enim
491 1050 648 1089 sentite
667 1047 710 1088 in
731 1047 872 1097 vobiS‚
897 1047 1015 1099 quod

298 1110 340 1145 et
358 1104 401 1144 in
422 1104 595 1146 Christo
614 1105 638 1144 J
642 1117 732 1145 esu:
757 1104 831 1155 qui
855 1117 953 1146 cum
972 1105 1015 1145 in

194 1159 333 1201 forma
354 1161 435 1202 Dei
460 1166 593 1209 esset,
620 1174 708 1202 non
732 1163 927 1213 rapinam
951 1174 1014 1202 ar-

194 1215 378 1258 bitratus
398 1223 464 1259 est
484 1230 580 1259 esse
600 1230 646 1258 se
670 1217 884 1269 aequalem
903 1218 1015 1259 Deo:

192 1271 270 1313 sed
284 1276 568 1326 semetipsum
583 1273 816 1315 exinanivit
830 1273 1015 1315 formam

192 1329 306 1369 servi
336 1330 573 1382 accipiens,
614 1330 657 1370 in
689 1329 1014 1371 similitudinem

190 1383 411 1426 hominum
436 1386 593 1436 factus,
622 1391 665 1427 et
690 1385 841 1427 habitu
868 1386 1012 1427 inven-

190 1446 259 1482 tus
284 1447 331 1483 ut
356 1441 499 1483 homo.
536 1442 791 1484 Humiliavit
810 1445 1010 1496 semetip-

189 1510 284 1538 sum
298 1498 436 1539 factus
451 1498 660 1540 obediens
675 1511 814 1551 usque
829 1498 885 1541 ad
899 1512 1011 1541 mor-

189 1559 296 1603 tem,
323 1561 509 1597 mortem
537 1561 683 1597 autem
710 1556 861 1597 erucis.
907 1557 1010 1598 Pro-

188 1615 286 1661 pter
311 1611 430 1663 quod
454 1617 496 1653 et
514 1612 635 1653 Deus
655 1612 862 1655 exaltavit
881 1613 1011 1663 illum,

189 1671 232 1707 et
251 1666 429 1710 donavit
446 1668 507 1709 illi
525 1681 699 1719 nomen,
719 1669 839 1721 quod
858 1675 925 1711 est
943 1683 1010 1711 su-

188 1735 266 1775 per
303 1736 431 1766 omne
466 1738 639 1767 nomen:
675 1730 723 1767 ut
758 1726 802 1767 in
837 1726 1011 1768 nomine

188 1779 290 1820 Jesu
327 1793 454 1822 omne
496 1794 609 1832 genu
644 1781 845 1824 flectatur
882 1782 1009 1825 coele-

189 1835 332 1885 stium,
356 1838 642 1887 terrestrium,
668 1843 711 1880 et
733 1838 1008 1889 infernorum,

188 1897 231 1932 et
263 1893 401 1933 omnis
439 1893 582 1945 lingua
615 1895 876 1937 confiteatur
909 1896 1011 1947 quia

187 1947 400 1990 Dominus
425 1950 550 1991 Jesus
579 1950 776 1993 Christus
802 1952 845 1992 in
871 1951 1011 2003 gloria

188 2009 253 2045 est
271 2004 354 2046 Dei
373 2006 524 2048 Patris.

244 2064 289 2113 ltf.
318 2062 432 2103 Crux
451 2063 607 2114 fidelis,
633 2065 745 2106 inter
770 2078 921 2107 omnes
945 2079 1008 2108 ar-

188 2116 269 2158 bor
294 2132 378 2159 una
404 2119 575 2161 nobilis:
599 2121 716 2162 nulla
740 2121 849 2163 silva
876 2122 1009 2164 talem

188 2174 366 2225 profert,
398 2175 568 2225 fronde,
602 2178 725 2227 flore,
758 2179 965 2229 germine:
986 2185 1006 2206 *¹

188 2229 324 2272 Dulce
342 2231 514 2282 lignum,
535 2232 684 2275 dulces
703 2234 861 2285 clavos,
881 2234 1007 2277 dulce

188 2286 358 2336 pondus
388 2290 605 2339 sustinuit,
638 2290 818 2343 alleluja.
863 2290 907 2341 Y.
933 2292 1007 2333 Su-

188 2354 266 2392 per
292 2345 434 2386 omnia
458 2345 573 2397 ligna
597 2346 828 2388 cedrorum
848 2352 895 2389 tu
914 2348 1008 2390 sola

190 2398 410 2441 excelsior.
438 2401 588 2444 Dulce.

266 2473 326 2514 De
346 2474 542 2526 Epistola
561 2476 618 2518 ad
638 2477 934 2519 Colossenses.

295 2533 441 2574 Lectio
463 2538 514 2576 iii.
698 2544 799 2593 Cap.
814 2546 850 2582 2.
867 2544 903 2584 b.

192 2587 263 2691 In
285 2593 455 2638 Christo
479 2598 689 2641 inhabitat
713 2600 853 2641 omnis
872 2599 1006 2652 pleni-

252 2650 360 2691 tudo
381 2651 613 2696 divinitatis
633 2656 938 2708 corporaliter:
964 2662 1007 2698 et

190 2706 293 2747 estis
318 2706 360 2747 in
386 2707 460 2749 illo
484 2711 652 2762 repleti,
681 2712 754 2763 qui
782 2718 848 2754 est
876 2719 1006 2765 caput

1076 282 1217 324 omnis
1249 283 1538 336 principatus,
1578 287 1623 324 et
1652 284 1901 335 potestatis:

1075 339 1116 379 in
1145 352 1232 391 quo
1257 346 1300 381 et
1325 339 1568 381 circumcisi
1593 339 1698 381 estis
1721 339 1901 381 circum-

1075 395 1239 437 cisione
1266 408 1353 437 non
1380 408 1510 437 manu
1536 395 1651 437 facta
1674 396 1718 436 in
1744 408 1901 449 exspo-

1074 451 1249 494 liatione
1269 452 1468 505 corporis
1487 452 1640 502 carnis,
1659 451 1738 494 sed
1758 452 1802 493 in
1820 453 1900 494 cir-

1074 509 1338 550 cumcisione
1373 508 1549 550 Christi:
1582 509 1829 561 consepulti
1861 509 1901 551 ei

1072 563 1115 604 in
1139 563 1377 618 baptismo,
1404 564 1448 605 in
1478 577 1565 616 quo
1594 569 1639 607 et
1664 568 1899 607 resurrexi-

1073 620 1151 661 stis
1169 634 1248 673 per
1267 620 1399 662 fidem
1417 621 1683 673 operationis
1701 622 1800 672 Dei,
1825 623 1899 674 qui

1074 677 1300 719 suscitavit
1321 677 1441 718 illum
1465 690 1491 718 a
1512 678 1707 719 mortuis.
1741 678 1800 720 Et
1817 691 1899 733 vos

1072 745 1171 774 cum
1196 734 1356 775 mortui
1385 734 1539 776 essetis
1566 734 1609 775 in
1638 733 1827 785 delictis,
1855 741 1899 778 et

1071 791 1289 843 praeputio
1314 791 1455 832 carnis
1475 796 1651 841 vestrae,
1677 791 1898 833 convivifi-

1071 847 1187 888 cavit
1205 860 1304 888 cum
1322 847 1409 897 illo,
1429 846 1597 889 donans
1611 847 1738 890 vobis
1753 849 1899 891 omnia

1071 901 1247 944 delicta:
1271 902 1422 945 delens
1447 903 1568 956 quod
1586 903 1797 946 adversus
1816 918 1897 947 nos

1070 964 1164 1001 erat
1191 959 1530 1013 chirographum
1558 959 1743 1011 decreti,
1777 961 1897 1015 quod

1070 1021 1163 1058 erat
1195 1017 1463 1059 contrarium
1494 1017 1640 1067 nobiS,
1677 1023 1722 1059 et
1752 1018 1897 1071 ipsum

1069 1072 1169 1113 tulit
1187 1072 1242 1114 de
1259 1073 1416 1124 medio,
1437 1073 1619 1124 affigens
1638 1073 1745 1116 illud
1764 1075 1897 1117 cruci:

1070 1135 1113 1170 et
1132 1130 1382 1182 exspolians
1400 1130 1686 1184 principatuS,
1712 1136 1757 1173 et
1773 1136 1896 1184 pote-

1068 1187 1205 1227 states
1225 1185 1420 1228 traduxit
1439 1186 1726 1237 confidenter,
1750 1187 1896 1240 palam

1067 1242 1339 1295 triumphans
1360 1243 1459 1285 illos
1477 1243 1521 1284 in
1541 1246 1790 1297 semetipso.

1125 1309 1174 1360 lg„
1196 1309 1307 1350 Haec
1327 1314 1394 1350 est
1413 1307 1545 1350 arbor
1564 1307 1832 1360 dignissima,
1850 1309 1894 1350 in

1066 1364 1257 1417 paradisi
1289 1364 1435 1406 medio
1468 1365 1644 1416 situata,
1677 1370 1698 1392 *
1722 1366 1774 1407 In
1808 1378 1893 1419 qua

1067 1421 1218 1463 salutis
1243 1426 1396 1464 auctor
1420 1421 1603 1475 propria
1620 1427 1762 1464 morte
1780 1435 1892 1464 mor-

1067 1483 1155 1519 tem
1174 1478 1367 1519 omnium
1382 1478 1616 1532 superavit,
1636 1478 1816 1530 alleluja,
1835 1478 1893 1520 al-

1064 1534 1203 1587 leluja.
1243 1530 1290 1580 Y.
1306 1535 1422 1576 Crux
1441 1535 1711 1588 praecellenti
1731 1534 1894 1578 decore

1064 1591 1244 1643 fulgida,
1273 1605 1404 1645 quam
1425 1592 1596 1634 Helena
1619 1592 1893 1634 Constantini

1063 1653 1202 1689 mater
1228 1648 1558 1701 concupiscenti
1583 1649 1726 1690 animo
1751 1648 1892 1701 requi-

1065 1704 1174 1746 sivit.
1202 1705 1263 1745 In.
1298 1703 1444 1746 Gloria
1462 1705 1593 1746 Patri.
1619 1705 1681 1746 In.

1303 1792 1350 1830 In
1370 1792 1419 1830 ΙΙ.
1440 1792 1473 1830 N
1477 1795 1662 1832 octumo.

1123 1856 1218 1896 Ant.
1252 1857 1365 1899 Felix
1387 1857 1460 1899 ille
1482 1855 1730 1910 triumphus
1752 1857 1802 1899 fit
1825 1860 1889 1899 sass

1063 1912 1130 1953 lus
1149 1913 1294 1963 aegris,
1322 1913 1425 1955 vitae
1442 1913 1623 1964 lignum,
1650 1914 1804 1955 mortis
1826 1927 1890 1956 re-

1063 1968 1266 2020 medium,
1285 1969 1467 2022 alleluia.

1122 2037 1260 2070 l’salnii
1286 2043 1323 2070 ut
1350 2037 1387 2070 in
1412 2037 1456 2070 11.
1482 2036 1590 2071 Noct.
1618 2038 1663 2072 de
1689 2038 1893 2072 Communi

1068 2085 1178 2118 unius
1206 2084 1394 2129 Martyris.
1419 2083 1488 2128 [27]

1121 2132 1165 2180 δ”.
1191 2135 1442 2178 Adoramus
1466 2142 1510 2178 te
1536 2135 1722 2187 Christe,
1749 2140 1794 2178 et
1815 2134 1887 2177 be-

1062 2193 1302 2235 nedicimus
1334 2193 1429 2243 tibi,
1465 2193 1647 2245 alleluja.
1697 2195 1747 2247 Ri.
1777 2191 1889 2243 Quia

1060 2263 1140 2302 per
1164 2249 1348 2291 Crucem
1373 2254 1492 2292 tuam
1519 2248 1743 2291 redemisti
1767 2261 1886 2289 mun-

1061 2305 1175 2356 dum,
1195 2305 1377 2359 alleluja.

1367 2371 1517 2412 Lectio
1538 2372 1589 2412 iv.

1067 2451 1074 2485 f
1155 2437 1245 2474 ost
1263 2432 1478 2483 insignem
1495 2430 1734 2480 victoriam,
1756 2443 1886 2483 quam

1066 2512 1074 2541 g
1103 2487 1111 2532 ζ
1152 2488 1504 2534 ‚Constantinus
1536 2488 1792 2541 imperator,
1825 2487 1885 2529 di-

1102 2533 1167 2566 *w
1190 2545 1349 2587 vinitus
1377 2546 1562 2597 accepto
1587 2545 1711 2595 signo
1737 2544 1885 2586 Domi-

1058 2602 1167 2643 nicae
1188 2601 1355 2651 Crucis,
1374 2614 1429 2643 ex
1446 2601 1669 2642 Maxentio
1690 2603 1886 2654 reporta—

1059 2658 1136 2707 vit,
1170 2657 1339 2699 Helena
1367 2658 1640 2699 Constantini
1671 2663 1810 2699 mater
1842 2657 1886 2698 in

1059 2715 1224 2756 somnis
1277 2713 1519 2764 admonita,
1574 2713 1885 2767 conquirendae
