2028 2892
555 178 658 212 Infra
683 179 977 215 Hebdomadam
1003 184 1052 217 iv.
1077 190 1166 227 post
1190 186 1268 220 Oct.
1296 188 1465 222 Paschae.

156 267 265 309 ferte
281 269 474 310 Domino
493 269 676 319 gloriam
696 275 739 311 et
757 270 981 320 honorem,

156 323 307 366 afferte
350 325 542 366 Domino
590 325 776 375 gloriam
819 328 982 368 nomini

156 380 258 429 ejus.
285 381 516 422 Psalmum.
549 381 697 423 Gloria
710 382 839 422 Patri.
863 383 982 423 Psal-

154 447 284 476 mum.

456 490 606 531 Lectio
627 492 679 530 iii.

238 543 282 583 ui
306 548 452 584 autem
475 545 752 596 perspexerit
774 546 817 585 in
841 545 982 596 legem

255 598 497 650 perfectam
533 599 765 650 libertatis,
808 606 851 642 et
886 614 980 652 per-

153 654 362 695 manserit
387 655 430 694 in
457 667 525 703 ea,
558 668 647 696 non
675 655 850 696 auditor
877 657 981 698 obli-

153 708 303 749 viosus
337 709 497 759 factus,
536 710 616 752 sed
647 711 789 752 factor
821 713 981 764 operis:

153 763 224 805 hic
243 763 400 806 beatus
418 765 462 805 in
476 766 592 807 facto
608 779 688 807 suo
705 767 796 808 erit.
824 768 868 808 Si
886 769 981 818 quis

153 824 300 861 autem
335 825 462 872 putat
500 834 547 862 se
586 821 838 872 religiosum
874 835 980 871 esse,

152 887 240 915 non
262 875 500 917 refraenans
522 877 714 927 linguam
735 890 874 928 suam,
903 879 981 920 sed

153 929 369 972 seducens
388 944 465 972 cor
485 945 621 982 suum,
639 932 764 984 hujus
782 946 893 974 vana
914 939 981 975 est

151 985 315 1036 religio.
355 987 528 1037 Religio
556 988 735 1038 munda,
763 994 806 1030 et
833 990 980 1030 imma-

152 1041 295 1083 culata
315 1042 434 1095 apud
452 1043 597 1084 Deum
617 1049 660 1085 et
678 1044 865 1094 Patrem,
884 1045 981 1086 haec

152 1102 235 1138 est:
254 1098 448 1140 Visitare
467 1098 676 1150 pupillos,
701 1104 745 1140 et
763 1100 918 1141 viduas
937 1102 980 1141 in

150 1151 433 1194 tribulatione
462 1156 632 1203 eorum,
662 1159 706 1195 et
733 1155 979 1196 immacula-

150 1211 244 1248 tum
265 1221 313 1249 se
333 1209 554 1251 custodire
574 1209 629 1250 ab
649 1210 734 1251 hoc
754 1211 928 1252 saeculo.

208 1267 268 1306 Te
286 1264 431 1306 Deum
449 1264 690 1306 laudamus.
710 1266 768 1306 15.

202 1326 274 1367 Ad
292 1326 455 1367 Bened.
487 1327 587 1367 Ant.
628 1327 783 1367 Nonne
806 1338 883 1366 cor
904 1339 979 1368 no-

150 1382 289 1419 strum
319 1381 343 1406 *
375 1380 532 1421 ardens
565 1386 659 1422 erat
689 1382 732 1421 in
765 1381 892 1422 nobis
924 1381 979 1423 de

150 1433 176 1474 J
178 1446 265 1484 esu,
286 1434 391 1476 dum
409 1435 665 1487 loqueretur
683 1436 810 1478 nobis
827 1438 870 1477 in
885 1437 977 1478 via?

150 1488 334 1542 alleluJa.

200 1547 273 1588 Ad
295 1548 469 1598 Magnif.
498 1550 597 1591 Ant.
626 1551 723 1598 Ego
748 1548 977 1589 veritatem

150 1598 249 1641 dico
269 1602 292 1628 *
312 1600 455 1642 vobis:
480 1601 660 1654 expedit
679 1603 804 1645 vobis
826 1608 874 1644 ut
894 1616 976 1654 ego

148 1654 320 1696 vadam:
348 1656 386 1697 si
410 1657 526 1698 enim
548 1670 637 1698 non
656 1658 823 1707 abiero,
847 1660 976 1700 Para-

148 1709 275 1752 clitus
294 1724 382 1753 non
401 1713 547 1754 veniet
566 1713 623 1754 ad
641 1726 732 1763 VOS,
751 1714 932 1766 alleluja.

365 1819 524 1855 Feria
559 1820 761 1858 Tertia.

148 1875 215 1914 De
234 1873 436 1926 Epistola
454 1874 573 1916 beati
589 1876 614 1916 J
615 1877 742 1918 acobi
758 1878 974 1929 Apostoli.

207 1946 210 1947 ⁷
251 1935 402 1976 Lectio
424 1937 447 1975 i.
713 1938 816 1988 Cap.
835 1939 871 1978 2.

147 1994 373 2094 ·ratres
400 1994 505 2043 mei,
536 1994 671 2035 nolite
699 1995 742 2035 in
769 1999 973 2046 persona-

158 2012 182 2082 l
247 2059 344 2087 rum
369 2050 626 2101 acceptione
650 2049 814 2091 habere
840 2051 974 2092 fidem

146 2100 324 2142 Domini
342 2104 483 2144 nostri
501 2105 526 2144 J
528 2117 605 2145 esu
627 2104 787 2146 Christi
810 2105 973 2156 gloriae.

146 2156 319 2197 Etenim
343 2158 379 2198 si
405 2158 622 2200 introierit
644 2160 687 2199 in
711 2162 973 2202 conventum

146 2216 341 2253 vestrum
367 2213 432 2253 vir
461 2217 639 2255 aureum
668 2215 874 2256 annulum
900 2216 972 2256 ha-

145 2266 255 2308 bens
286 2268 330 2307 in
364 2273 486 2310 veste
519 2269 727 2319 candida,
758 2271 973 2312 introierit

146 2327 291 2363 autem
311 2327 354 2364 et
373 2336 542 2375 pauper
557 2325 600 2364 in
616 2324 795 2366 sordido
811 2325 971 2375 habitu,

146 2381 190 2417 et
213 2377 449 2419 intendatis
473 2379 516 2418 in
545 2392 660 2428 eum,
694 2381 768 2431 qui
795 2380 971 2422 indutus

146 2436 213 2472 est
231 2438 354 2474 veste
373 2434 603 2485 praeclara,
629 2439 672 2475 et
696 2434 893 2476 dixeritis
917 2436 971 2476 ei:

145 2486 214 2527 Tu
238 2487 344 2529 sede
370 2487 440 2529 hic
463 2489 591 2530 bene:
623 2491 807 2542 pauperi
827 2495 971 2531 autem

146 2540 317 2583 dicatis:
345 2543 414 2584 Tu
441 2549 508 2584 sta
531 2544 634 2594 illic;
662 2549 737 2585 aut
761 2544 865 2585 sede
889 2545 969 2586 sub

145 2597 337 2638 scabello
375 2599 539 2650 pedum
574 2602 789 2640 meorum:
826 2611 970 2640 nonne

143 2646 343 2697 judicatis
368 2648 486 2701 apud
504 2653 816 2702 vosmetipsos,
845 2654 888 2690 et
911 2650 970 2690 fa-

1782 186 1856 221 305

1035 274 1094 314 cti
1121 274 1226 315 estis
1251 275 1414 325 judices
1444 277 1754 328 cogitationum
1781 280 1855 320 ini-

1034 329 1241 379 quarum?

1088 390 1137 439 Ra
1162 385 1214 425 In
1234 386 1439 427 ecclesiis.
1458 389 1555 429 302.

1346 448 1495 488 Lectio
1517 450 1555 488 ii.

1036 494 1231 600 Audite
1264 497 1419 538 fratres
1451 500 1536 539 mei
1573 500 1854 550 dilectissimi,

1071 585 1081 607 ,Ι
1137 564 1280 593 nonne
1317 553 1437 594 Deus
1475 554 1603 606 elegit
1638 560 1854 608 pauperes

1033 606 1077 646 in
1102 607 1187 648 hoc
1211 607 1393 657 mundo,
1427 609 1582 652 divites
1610 612 1653 651 in
1678 611 1780 661 fide,
1813 616 1855 652 et

1032 661 1232 704 haeredes
1269 665 1408 714 regni,
1455 666 1572 717 quod
1608 668 1856 719 repromisit

1033 717 1153 759 Deus
1182 718 1461 769 diligentibus
1488 721 1557 763 se?
1590 723 1684 763 Vos
1712 727 1855 763 autem

1034 772 1337 816 exhonorastis
1387 780 1638 829 pauperem.
1701 778 1856 818 Nonne

1034 826 1191 870 divites
1222 843 1302 881 per
1333 833 1575 883 potentiam
1608 834 1857 885 opprimunt

1033 896 1124 933 VOS,
1145 890 1188 926 et
1207 886 1291 937 ipsi
1310 887 1487 929 trahunt
1503 901 1582 929 vos
1602 888 1658 929 ad
1677 887 1855 940 judicia?

1032 939 1190 981 Nonne
1231 942 1316 993 ipsi
1356 942 1660 995 blasphemant
1696 944 1858 984 bonum

1032 1007 1208 1044 nomen,
1238 996 1357 1048 quod
1376 998 1622 1039 invocatum
1642 1004 1708 1040 est
1728 1011 1858 1049 super

1033 1048 1135 1090 vos?
1162 1051 1206 1091 Si
1229 1056 1375 1093 tamen
1398 1053 1539 1103 legem
1562 1054 1770 1106 perficitis
1794 1066 1856 1093 re-

1032 1105 1176 1155 galem
1201 1107 1441 1148 secundum
1466 1109 1726 1161 Scripturas:
1753 1108 1856 1148 Dili—

1032 1175 1109 1211 ges
1128 1163 1377 1214 proximum
1394 1168 1516 1204 tuum
1529 1165 1641 1205 sicut
1655 1167 1857 1216 teipsum:

1031 1217 1144 1258 bene
1163 1218 1320 1258 facitis:
1340 1218 1374 1258 si
1395 1224 1541 1260 autem
1560 1222 1770 1271 personas
1790 1233 1855 1261 ac-

1032 1273 1194 1324 cipitis,
1222 1276 1453 1324 peccatum
1477 1276 1734 1326 operamini,
1763 1275 1856 1316 red-

1032 1329 1174 1379 arguti
1193 1341 1219 1368 a
1241 1328 1337 1378 lege
1357 1330 1481 1380 quasi
1499 1333 1855 1381 transgressores.

1085 1388 1135 1438 R.
1169 1385 1220 1424 In
1256 1388 1351 1425 toto
1389 1384 1531 1426 corde.
1570 1403 1667 1429 cum
1704 1386 1854 1427 Gloria

1031 1440 1160 1481 Patri.
1187 1439 1254 1480 Ne
1274 1440 1473 1491 repellas.
1494 1446 1535 1484 in
1556 1446 1651 1484 fine.
1671 1441 1769 1480 302.

1328 1500 1477 1539 Lectio
1502 1501 1555 1539 iii.

1115 1551 1348 1603 uicumque
1376 1557 1521 1595 autem
1548 1556 1686 1592 totam
1713 1551 1853 1601 legem

1131 1608 1385 1655 servaverit,
1420 1606 1611 1647 offendat
1638 1611 1783 1647 autem
1810 1607 1853 1646 in

1028 1675 1131 1710 uno,
1156 1662 1295 1703 factus
1320 1667 1387 1703 est
1411 1662 1602 1702 omnium
1623 1674 1734 1702 reus.
1771 1662 1853 1710 Qui

1030 1717 1144 1758 enim
1164 1717 1283 1766 dixit,
1302 1718 1402 1758 Non
1422 1716 1722 1765 moechaberis
1744 1715 1851 1757 dixit

1029 1777 1082 1821 et,
1104 1773 1205 1813 Non
1225 1773 1410 1814 occides.
1439 1772 1568 1822 Quod
1587 1772 1623 1812 si
1640 1784 1727 1812 non
1746 1784 1850 1811 moe-

1028 1827 1241 1876 Chaberis,
1267 1828 1442 1869 occides
1462 1832 1621 1876 autem,
1645 1827 1784 1867 factus
1804 1839 1849 1867 es

1027 1885 1323 1933 transgressor
1351 1883 1470 1934 legis.
1511 1882 1582 1923 Sic
1608 1882 1849 1932 loquimini,

1028 1943 1071 1978 et
1095 1939 1158 1979 sic
1180 1938 1310 1979 facite
1334 1938 1446 1979 sicut
1468 1950 1548 1989 per
1565 1936 1706 1987 legem
1724 1936 1847 1977 liber-

1026 1993 1129 2034 tatis
1148 1993 1404 2045 incipientes
1423 1992 1612 2044 judicari.
1633 1992 1658 2031 J
1660 1991 1847 2032 udicium

1027 2049 1142 2089 enim
1161 2049 1254 2089 sine
1269 2047 1570 2089 misericordia
1582 2046 1653 2094 illi,
1675 2046 1746 2096 qui
1760 2057 1846 2086 non

1025 2103 1129 2144 fecit
1161 2103 1521 2144 misericordiam:
1553 2099 1847 2152 superexaltat

1026 2163 1172 2200 autem
1190 2157 1487 2199 misericordia
1505 2156 1718 2208 judicium.

1081 2215 1142 2253 Te
1161 2212 1304 2254 Deum
1324 2212 1561 2253 laudamus.
1583 2211 1639 2250 15.

1079 2271 1151 2310 Ad
1178 2272 1339 2311 Bened.
1386 2274 1484 2311 Ant.
1529 2272 1616 2310 Pax
1647 2268 1788 2318 vobis,
1820 2271 1844 2295 *

1025 2340 1107 2378 ego
1140 2341 1254 2376 sum,
1290 2326 1473 2378 alleluja:
1513 2324 1646 2365 nolite
1676 2324 1844 2373 timere,

1023 2383 1205 2434 alleluja.

1078 2436 1150 2476 Ad
1170 2436 1339 2486 Magnis.
1370 2438 1467 2476 Ant.
1496 2437 1605 2476 Cum
1629 2434 1796 2474 venerit
1819 2436 1842 2461 *

1022 2492 1264 2533 Paraclitus
1296 2490 1480 2541 Spiritus
1513 2488 1728 2537 veritatis,
1770 2488 1842 2529 ille

1023 2549 1176 2597 arguet
1194 2545 1402 2587 mundum
1422 2544 1476 2584 de
1495 2545 1696 2595 peecatO,
1723 2548 1766 2584 et
1787 2543 1842 2584 de

1022 2603 1194 2653 justitia,
1214 2606 1258 2642 et
1277 2600 1331 2640 de
1350 2598 1519 2650 judicio,
1537 2598 1720 2650 alleluja.
