2028 2892
688 171 788 205 Infra
814 172 999 206 Octavam
1023 172 1281 207 Pentecostes.

127 275 241 318 sunt,
271 269 345 322 qui
362 268 527 318 volunt,
557 266 613 309 ad
633 280 731 309 eum
752 265 950 308 derivare

125 328 375 375 tractetum,
416 330 464 366 ut
495 323 734 377 spiritalem
765 326 950 364 tantum-

126 381 260 423 modo
285 381 408 423 locus
431 381 514 423 iste
538 380 727 422 formare
752 378 952 420 videatur

127 437 343 480 affectum:
385 438 458 490 qui
494 437 612 478 velut
652 435 951 477 indumentum

128 494 349 547 quoddam
393 493 593 536 videatur
638 492 837 545 corporis
881 505 950 533 ex-

126 553 258 600 uisse,
282 563 369 592 non
389 550 531 591 solum
550 551 773 602 potestate
792 549 951 600 rejecta

126 609 476 659 contemptisque
505 605 683 655 divitiis,
715 604 793 646 sed
822 605 951 646 etiarn

127 663 266 704 carnis
300 663 436 716 ipsius
475 661 691 703 illecebris
728 661 951 702 abdicatis.

126 718 292 769 Quibus
312 719 453 772 primo
474 718 665 760 emnium
685 717 812 759 datur
831 718 951 769 pacis

126 781 257 827 atque
278 775 534 817 constantiae
553 774 756 825 generale
774 773 951 815 manda-

125 837 232 881 tum,
251 838 299 873 ut
317 844 470 884 pacem
491 831 643 880 ferant,
663 830 951 872 constantiam

126 894 318 938 servent,
354 887 584 940 hospitalis
618 885 950 928 necessitudinis

125 945 217 996 jura
243 942 505 986 custodiant:
532 943 718 984 alienum
744 956 769 984 a
793 941 950 995 praedi-

127 1003 274 1043 catore
293 1000 413 1051 regni
434 1000 625 1042 coelestis
644 1002 842 1041 astruens
859 1012 950 1040 cur-

126 1057 257 1099 sitare
291 1070 370 1110 per
406 1056 579 1106 domos⁷
617 1062 660 1098 et
691 1055 952 1097 inviolabilis

126 1112 305 1166 hospitii
322 1114 414 1165 jura
432 1115 612 1154 mutare.

181 1170 229 1222 Rz.
268 1169 460 1211 Advenit
495 1169 606 1220 ignis
641 1168 828 1217 divinus,
865 1180 952 1209 non

127 1225 403 1275 comburens,
445 1225 524 1267 sed
560 1225 822 1274 illuminans:
864 1237 952 1265 non

127 1285 404 1331 consumenS‚
429 1280 509 1323 sed
527 1281 692 1323 lucens:
725 1286 768 1322 et
790 1281 952 1322 invenit

127 1337 261 1380 corda
313 1337 626 1390 discipulorum
675 1337 952 1389 receptacula

126 1393 301 1435 munda:
327 1396 349 1418 *
374 1394 431 1435 Et
455 1393 607 1435 tribuit
633 1394 694 1435 eis
721 1393 951 1434 charisma·

126 1455 219 1491 tum
238 1449 362 1499 dona,
388 1449 568 1502 alleluja,
595 1449 774 1501 alleluja.
811 1446 860 1497 V.
886 1450 951 1489 In-

127 1506 244 1547 venit
281 1518 356 1547 eos
394 1504 637 1547 concordes
674 1505 871 1555 caritate,
910 1511 952 1547 et

127 1561 399 1604 collustravit
440 1575 517 1604 eos
556 1560 771 1602 inundans
812 1562 952 1613 gratia

126 1618 325 1660 Deitatis.
353 1618 409 1660 Et
427 1618 589 1660 tribuit.

183 1673 340 1714 Bened.
372 1675 573 1716 Divinum
593 1674 809 1716 auxilium.

439 1736 589 1777 Lectio
610 1737 647 1776 ii.

132 1785 254 1892 Sed
278 1797 325 1834 ut
349 1791 528 1845 hospitii
553 1792 693 1844 gratia
718 1792 953 1834 deferenda

205 1851 420 1890 censetur:
443 1849 502 1890 ita
523 1849 667 1899 etiam,
687 1849 724 1890 si
742 1862 829 1890 non
847 1850 951 1891 reci-

127 1905 311 1958 piantur,
332 1905 638 1947 excutiendum
652 1905 889 1958 pulverem,
910 1911 953 1948 et

129 1960 438 2012 egrediendum
474 1959 528 2002 de
566 1961 741 2003 civitate
777 1961 952 2003 manda-

127 2022 207 2058 tur.
254 2017 350 2066 Quo
378 2030 465 2058 non
492 2017 726 2059 mediocris
754 2017 859 2058 boni
889 2030 951 2059 re-

128 2073 369 2114 muneratio
393 2072 575 2114 docetur
590 2072 785 2125 hospitii:
803 2079 851 2115 ut
865 2086 953 2114 non

129 2127 270 2169 solum
307 2141 461 2180 pacem
497 2128 738 2170 tribuamus
771 2128 951 2182 hospiti-

127 2183 224 2234 bus,
254 2197 405 2225 verum
425 2185 568 2235 etiam,
597 2185 633 2226 si
662 2198 748 2237 qua
773 2198 849 2226 eos
868 2191 950 2227 ter-

128 2242 245 2281 renae
278 2240 540 2283 obumbrant
567 2240 726 2283 delicta
751 2242 951 2291 levitatis,

128 2297 317 2349 receptis
347 2297 603 2349 apostelicae
628 2297 952 2350 praedicationis

128 2353 322 2403 vestigiis
342 2353 600 2395 auferantur.
623 2354 718 2395 Nec
737 2355 876 2396 otiose
897 2367 953 2396 se-

129 2408 318 2450 cundum
335 2409 600 2459 Matthaeum‚
629 2410 795 2459 domus,
823 2424 952 2463 quam

128 2464 425 2516 ingrediantur
476 2466 699 2518 Apostoli.
753 2466 952 2517 eligenda

130 2518 390 2562 decernitur:
442 2527 490 2563 ut
525 2521 722 2563 mutandi
757 2521 951 2574 hospitii,

129 2576 546 2629 necessitudinisque
572 2577 789 2619 violandae
822 2591 953 2619 causa
1005 2595 1008 2598 ⁴

129 2643 217 2672 non
243 2635 459 2685 suppetat.
498 2633 600 2674 Non
626 2639 771 2675 tamen
799 2632 952 2674 eadem

131 2687 274 2729 cautio
307 2689 523 2741 receptori
549 2688 779 2731 mandatur
806 2689 951 2741 hospi-

1766 171 1831 206 367

1002 265 1064 307 tii:
1082 278 1152 315 ne,
1173 264 1277 307 dum
1294 266 1458 319 hospes
1479 268 1664 318 eligitur,
1684 268 1829 321 hospi-

1002 321 1148 363 talitas
1166 322 1263 374 ipsa
1282 323 1509 364 minuatur.

1062 382 1111 433 R.
1142 378 1328 430 Spiritus
1357 385 1531 421 sanctus
1557 380 1741 432 replevit
1767 386 1830 422 to-

1002 440 1092 476 tam
1112 434 1300 484 domum,
1321 435 1395 477 ubi
1415 443 1537 478 erant
1548 436 1768 489 Apostoli:
1789 442 1832 479 et

1005 493 1300 544 apparuerunt
1314 492 1397 533 illis
1410 491 1652 545 dispertitae
1662 493 1831 544 linguae,

1003 553 1226 599 tamquam
1243 548 1365 600 ignis,
1383 549 1584 601 seditque
1603 562 1734 602 supra
1749 552 1830 591 sin-

1004 604 1130 655 gulos
1156 606 1321 646 eorum:
1352 610 1373 631 *
1399 606 1455 647 Et
1480 606 1636 658 repleti
1662 611 1763 647 sunt
1789 619 1831 647 0-

1003 673 1127 702 mnes
1147 661 1311 713 Spiritu
1337 667 1507 703 sancto:
1534 667 1577 704 et
1602 664 1832 715 coeperunt

1004 717 1125 769 loqui
1146 718 1277 759 variis
1296 718 1469 769 linguis,
1494 724 1627 772 prout
1647 719 1833 771 Spiritus

1005 780 1181 816 sanctus
1201 774 1336 817 dabat
1360 775 1506 850 eloqui
1525 776 1626 826 illis,
1653 775 1833 827 alleluja,

1005 831 1192 882 alleluja,
1218 831 1400 884 alleluja.
1432 833 1482 879 Χ.
1506 833 1623 874 Dum
1644 845 1748 884 ergo
1770 845 1831 874 es-

1005 893 1103 929 sent
1130 888 1173 928 in
1198 902 1330 929 unum
1358 887 1561 941 discipuli
1580 890 1833 940 congregati

1004 950 1186 997 propter
1209 950 1375 986 metum
1399 945 1423 986 J
1426 945 1670 996 udae6rum,
1700 958 1832 986 sonus

1004 1003 1185 1053 repente
1213 1000 1268 1042 de
1297 1001 1410 1043 coelo
1440 1002 1558 1044 venit
1585 1015 1716 1055 super
1745 1015 1832 1043 eos.

1004 1058 1071 1099 Et.
1102 1058 1252 1099 Gloria
1271 1058 1401 1099 Patri.
1429 1059 1496 1099 Et.

1063 1115 1220 1156 Bened.
1254 1114 1321 1156 Ad
1340 1116 1608 1157 societatem.

1308 1173 1460 1213 Lectio
1482 1173 1537 1212 iii.

1078 1223 1132 1265 ed
1160 1223 1272 1273 haec,
1300 1230 1348 1266 ut
1376 1223 1616 1266 secundum
1643 1224 1833 1265 litteram

1082 1280 1137 1322 de
1165 1280 1344 1333 hospitii
1373 1281 1582 1332 religiene
1611 1280 1832 1322 venerabi-

1004 1338 1057 1378 lis
1091 1343 1157 1379 est
1186 1337 1324 1378 forma
1352 1338 1580 1391 praecepti:
1612 1338 1672 1379 ita
1701 1338 1832 1378 etiam

1006 1393 1060 1435 de
1086 1394 1295 1445 mysterio
1320 1395 1534 1436 sententia
1556 1394 1749 1435 coelestis
1768 1406 1831 1434 ar-

1005 1449 1128 1491 ridet.
1162 1449 1334 1491 Etenim
1354 1463 1453 1491 cum
1473 1449 1629 1491 domus
1649 1449 1831 1500 eligitur,

1006 1505 1162 1556 dignus
1194 1505 1357 1559 hospes
1388 1506 1630 1558 inquiritur.
1672 1504 1831 1547 Videa-

1005 1575 1101 1603 mus
1120 1562 1266 1613 igitur,
1292 1575 1346 1604 ne
1371 1562 1482 1604 forte
1501 1562 1697 1603 Ecclesia
1723 1575 1831 1614 prae-

1005 1618 1184 1661 ferenda
1227 1618 1497 1670 designetur,
1544 1625 1587 1661 et
1625 1618 1831 1660 Christus.

1006 1676 1114 1726 Quae
1139 1675 1255 1717 enim
1279 1676 1450 1726 dignior
1477 1675 1634 1717 domus
1658 1677 1831 1728 aposte-

1005 1732 1101 1773 licae
1121 1732 1448 1785 praedicationis
1468 1732 1675 1784 ingressu,
1702 1745 1833 1784 quam

1006 1793 1156 1830 sancta
1181 1788 1399 1830 Ecclesia?
1433 1789 1524 1830 Aut
1553 1789 1649 1840 quis
1678 1788 1831 1841 praefe·

1006 1845 1167 1886 rendus
1190 1845 1330 1896 magis
1355 1844 1556 1887 omnibus
1576 1844 1748 1886 videtur
1769 1857 1831 1887 es-

1006 1914 1067 1952 se,
1095 1914 1225 1953 quam
1247 1901 1461 1951 Christus,
1489 1902 1562 1954 qui
1586 1901 1722 1954 pedes
1743 1901 1831 1942 suis

1005 1957 1151 2000 lavare
1204 1959 1431 2000 consuevit
1475 1957 1737 2011 hospitibus:
1789 1963 1832 1999 et

1008 2017 1308 2067 quoscumque
1336 2028 1415 2056 sua
1442 2014 1660 2067 receperit
1688 2013 1830 2064 domo,

1006 2070 1185 2122 pollutis
1210 2083 1298 2112 non
1322 2072 1515 2123 patiatur
1538 2070 1736 2111 habitare
1760 2082 1829 2111 ve-

1007 2126 1160 2178 stigiis:
1197 2126 1277 2169 sed
1312 2127 1560 2169 maculosos
1596 2126 1697 2167 licet
1728 2125 1830 2167 vitae

1005 2183 1181 2235 prioris,
1208 2184 1252 2224 in
1275 2183 1490 2236 reliquum
1513 2188 1659 2224 tamen
1684 2182 1828 2233 digne-

1005 2244 1075 2281 tur
1107 2239 1317 2282 mundare
1349 2237 1604 2293 processus?
1646 2238 1732 2280 Hic
1764 2243 1831 2281 est

1004 2295 1134 2346 igitur
1153 2296 1288 2346 solus,
1310 2309 1439 2349 quem
1457 2307 1586 2336 nemo
1606 2294 1738 2336 debet
1758 2294 1828 2336 de-

1006 2353 1161 2402 serere,
1182 2365 1310 2394 nemo
1329 2354 1508 2393 mutare.
1538 2351 1617 2392 Cui
1635 2350 1748 2393 bene
1768 2350 1828 2392 di-

1007 2408 1131 2450 citur:
1163 2409 1368 2458 Demine‚
1401 2407 1456 2448 ad
1488 2420 1616 2459 quem
1648 2407 1828 2449 ibimus?

1005 2464 1140 2506 verba
1166 2466 1268 2507 vitae
1297 2467 1472 2506 aeternae
1499 2463 1652 2513 habes,
1680 2468 1724 2506 et
1747 2477 1828 2505 nos

1006 2521 1235 2563 credimus.

1060 2579 1122 2619 Te
1141 2578 1283 2620 Deum
1302 2575 1540 2617 laudamus.
1559 2577 1618 2617 15.

1059 2634 1127 2674 Ad
1151 2632 1307 2673 Bened.
1347 2632 1439 2671 Ant.
1472 2632 1736 2675 Convocatis
1759 2634 1826 2675 Je—

1004 2702 1078 2731 sus
1118 2690 1142 2716 *
1180 2687 1413 2731 duodecim
1456 2688 1681 2742 discipulis
1721 2690 1827 2739 suis,
