2066 2904
240 153 315 197 [70]

291 250 341 290 In
366 261 474 301 pace
501 248 544 288 in
571 247 759 300 idipsum
784 247 807 272 *
836 247 1058 295 dormiam,

241 310 284 347 et
303 304 588 356 requiescam;

291 361 505 411 Quoniam
518 365 566 401 tu
580 360 766 401 Domine
786 359 1059 410 singulariter

239 419 280 458 in
301 430 378 470 spe
398 418 420 443 *
441 416 703 458 constituisti
722 429 802 458 me.

294 477 388 515 Ant.
421 475 698 515 Invocantem
726 471 948 514 exaudivit
971 472 1057 513 Do-

238 531 379 571 minus
421 535 618 571 sanctum
659 542 801 578 suum,
846 529 1058 570 Dominus

239 586 460 629 exaudivit
487 599 602 636 eum,
640 591 683 627 et
710 586 935 627 constituit
959 598 1057 626 eum

239 644 282 685 in
310 656 429 696 pace.

296 703 389 740 Ant.
421 701 638 741 Laetentur
653 711 815 748 omnes,
829 699 852 724 *
874 698 948 751 qui
963 711 1057 751 spe-

239 761 335 798 rant
355 757 398 797 in
417 762 461 798 te
475 756 676 797 Domine:
696 755 902 807 quoniam
920 761 968 796 tu
986 755 1057 796 be-

238 812 443 855 nedixisti
461 814 590 865 justo,
620 817 745 853 scuto
765 811 892 853 bonae
909 811 1057 853 volun-

238 869 340 910 tatis
359 874 447 911 tuae
467 868 686 911 coronasti
706 881 814 910 eum.

520 929 714 968 psalmus
743 930 778 966 Γ).

329 981 432 1024 erba
459 995 556 1024 mea
578 982 754 1023 auribus
775 981 952 1034 percipe
970 981 1057 1022 Do-

358 1039 488 1089 mine,
526 1040 549 1064 *
589 1038 779 1089 intellige
824 1037 1058 1079 clamorem

237 1107 391 1136 meum.

290 1151 471 1193 Intende
507 1151 605 1192 voci
641 1151 848 1193 orationis
886 1162 1007 1199 meae,
1035 1151 1057 1175 *

239 1208 335 1249 Rex
362 1221 483 1250 meus
512 1213 554 1249 et
581 1208 699 1249 Deus
726 1220 859 1249 meus.

291 1265 504 1315 Quoniam
522 1263 578 1305 ad
596 1269 640 1306 te
661 1263 811 1306 orabo:
830 1264 853 1289 *
871 1263 1057 1305 Domine

238 1334 363 1362 mane
392 1320 597 1362 exaudies
625 1333 779 1362 vocem
805 1333 957 1362 meam.

190 1378 191 1382 ’
290 1377 416 1418 Mane
452 1377 605 1419 astabo
639 1376 718 1419 tibi
752 1382 795 1418 et
827 1376 1000 1418 videbo:
1034 1378 1057 1402 *

240 1434 442 1486 quoniam
468 1447 555 1475 non
582 1433 702 1475 Deus
728 1433 880 1474 volens
907 1433 1057 1486 iniqui—

238 1492 372 1532 tatem
399 1496 447 1532 tu
474 1503 530 1532 es.

289 1547 443 1599 Neque
474 1546 687 1588 habitabit
717 1546 835 1598 juxta
866 1551 909 1588 te
940 1546 1057 1587 mali-

239 1615 361 1653 gnus:
380 1605 403 1629 *
422 1616 563 1656 neque
581 1602 896 1656 permanebunt
915 1603 1057 1655 injusti

239 1665 338 1701 ante
367 1660 517 1701 oculos
543 1665 654 1702 tuos.

291 1716 433 1758 Odisti
452 1729 611 1766 omneS‚
637 1717 709 1769 qui
730 1718 965 1769 operantur
983 1716 1057 1757 ini-

242 1773 465 1824 quitatem:
484 1774 507 1798 *
526 1773 684 1826 perdes
708 1785 868 1822 omnes,
898 1773 971 1825 qui
997 1772 1057 1814 lo-

242 1832 429 1881 quuntur
457 1829 739 1871 mendacium.

291 1886 445 1926 Virum
481 1887 735 1937 sanguinum
774 1892 817 1928 et
857 1885 1058 1928 dolosum

240 1941 556 1984 abominabitur
575 1943 800 1984 Dominus:
828 1944 851 1968 *
879 1955 961 1994 ego
987 1956 1057 1984 au-

239 2003 327 2039 tem
363 1999 405 2039 in
441 1999 713 2041 multitudine
748 1998 1058 2041 misericordiae

239 2059 337 2095 tuae.

290 2111 486 2153 Introibo
514 2111 557 2152 in
585 2111 762 2154 domum
788 2117 920 2154 tuam:
944 2113 967 2138 *
987 2112 1058 2154 ad-

242 2167 377 2209 orabo
406 2167 462 2210 ad
483 2167 693 2220 templum
717 2173 913 2210 sanctum
937 2174 1060 2210 tuum

242 2222 283 2263 in
311 2224 466 2266 timore
493 2229 580 2266 tuo.

292 2279 476 2322 Domine
492 2280 633 2322 deduc
647 2294 717 2322 me
734 2281 776 2321 in
795 2282 955 2332 justitia
972 2287 1060 2323 tua:

243 2335 265 2358 *
287 2341 467 2388 propter
490 2337 685 2379 inimicos
707 2349 830 2379 meos
854 2337 992 2389 dirige
1017 2339 1059 2379 in

244 2394 478 2444 conspectu
504 2398 580 2435 tuo
609 2394 722 2435 viam
749 2406 900 2435 meam.

295 2447 505 2497 Quoniam
527 2463 614 2491 non
643 2455 708 2491 est
734 2450 778 2490 in
807 2462 883 2491 ore
911 2452 1060 2492 eorum

245 2503 415 2544 veritas:
442 2505 465 2530 *
493 2518 569 2547 cor
597 2508 747 2548 eorum
774 2519 931 2547 vanum
959 2513 1035 2549 est.

296 2558 579 2611 Sepulchrum
618 2568 772 2615 patens
813 2568 879 2604 est
914 2569 1061 2613 guttur

246 2616 405 2664 eorum,
424 2615 577 2666 linguis
593 2619 679 2659 suis
695 2618 847 2660 dolose
864 2619 1060 2670 agebant,

245 2671 267 2695 *
294 2670 435 2722 judica
462 2672 558 2714 illos
586 2674 714 2716 Deus.

730 155 935 186 (Iomnium
964 151 1206 185 (lont'cssoris
1237 151 1439 193 pontilicis.

1162 246 1377 288 Decidant
1409 260 1434 288 a
1466 246 1801 297 cogitationibus
1832 249 1931 298 suis,

1110 302 1349 344 secundum
1385 302 1704 345 multitudinem
1737 303 1931 357 impieta-

1110 363 1202 400 tum
1221 361 1372 400 eorum
1391 359 1560 412 expelle
1580 372 1667 409 eos
1684 361 1707 384 *
1728 361 1931 412 quoniam

1110 415 1386 458 irritaverunt
1412 421 1456 458 te
1482 415 1680 458 Domine.

1161 471 1217 513 Et
1243 471 1443 514 laetentur
1471 485 1632 522 omnes,
1662 473 1734 525 qui
1755 479 1932 526 sperant

1109 527 1152 568 in
1183 533 1242 578 te,
1270 530 1293 554 *
1320 529 1364 569 in
1396 530 1606 570 aeternum
1639 529 1931 572 exsultabunt:

1110 589 1154 626 et
1180 584 1396 627 habitabis
1423 585 1467 626 in
1495 585 1567 626 eis.

1161 642 1217 683 Et
1235 641 1535 692 gloriabuntur
1553 642 1597 682 in
1615 646 1659 684 te
1679 655 1839 693 omnes,
1858 643 1931 696 qui

1110 696 1293 749 diligunt
1324 711 1483 740 nomen
1512 703 1649 748 tuum,
1676 699 1700 724 *
1729 699 1932 752 quoniam

1110 759 1157 796 tu
1184 754 1416 796 benedices
1444 755 1568 807 justo.

1161 811 1362 861 Domine,
1394 816 1442 853 ut
1473 816 1597 853 scuto
1627 810 1756 854 bonae
1784 811 1930 854 volun-

1109 867 1212 909 tatis
1239 872 1327 910 tuae
1354 868 1378 893 *
1406 868 1626 910 coronasti
1652 881 1743 910 nos.

1167 937 1274 975 Ant,
1295 935 1515 975 Laetentur
1539 946 1706 984 omnes,
1740 934 1813 987 qui
1837 947 1932 987 spe·

1110 994 1207 1031 rant
1243 990 1286 1031 in
1325 994 1369 1032 te
1401 990 1606 1032 Domine:
1648 991 1853 1043 quoniam
1883 995 1932 1032 tu

1110 1046 1372 1088 benedixisti
1393 1047 1526 1099 justo,
1560 1052 1685 1089 scuto
1709 1047 1838 1090 bonae
1860 1060 1931 1089 vo-

1109 1103 1286 1145 luntatis
1305 1108 1392 1145 tuae
1411 1104 1633 1146 coronasti
1652 1117 1762 1146 eum.

1167 1172 1263 1210 Ant.
1292 1169 1475 1211 Domine
1494 1169 1708 1211 Dominus
1727 1173 1889 1218 noster,
1908 1170 1932 1195 ¹⁸

1112 1238 1243 1278 quam
1266 1225 1521 1267 admirabile
1541 1230 1608 1268 est
1626 1239 1785 1268 nomen
1808 1231 1932 1268 tuum

1110 1282 1152 1323 in
1183 1282 1384 1324 universa
1411 1282 1546 1324 terra!
1588 1283 1690 1336 quia
1720 1283 1858 1335 gloria
1889 1287 1932 1324 et

1109 1338 1276 1381 honore
1309 1340 1533 1381 coronasti
1570 1344 1768 1382 sanctum
1798 1344 1932 1389 tuum,

1111 1400 1155 1437 et
1191 1396 1456 1438 constituisti
1493 1409 1592 1438 eum
1629 1409 1760 1450 super
1797 1398 1932 1449 opera

1109 1454 1315 1494 manuum
1342 1455 1525 1494 tuarum.

1399 1536 1595 1575 I‘salmus
1624 1536 1658 1574 8.

1113 1596 1345 1701 Domine
1359 1602 1574 1643 Dominus
1592 1607 1752 1651 noster,
1762 1602 1786 1627 *
1802 1615 1932 1655 quam

1219 1657 1473 1700 admirabile
1493 1663 1560 1700 est
1574 1671 1732 1700 nomen
1747 1663 1869 1700 tuum
1887 1658 1932 1700 in

1110 1714 1312 1756 universa
1331 1714 1462 1756 terra!

1163 1771 1378 1822 Quoniam
1393 1771 1562 1813 elevata
1577 1776 1643 1813 est
1656 1771 1931 1823 magnificen-

1110 1828 1170 1869 tia
1188 1833 1273 1878 tua,
1292 1828 1315 1854 *
1336 1841 1468 1881 super
1486 1828 1635 1870 coelos.

1162 1885 1229 1925 Ex
1257 1897 1333 1927 ore
1360 1885 1588 1926 infantium
1613 1890 1656 1927 et
1679 1885 1931 1927 lactentium

1111 1941 1333 1994 perfecisti
1346 1941 1521 1983 laudem
1538 1947 1719 1995 propter
1733 1942 1931 1984 inimicos

1110 2003 1221 2048 tuos,
1239 1998 1263 2024 *
1283 2003 1331 2040 ut
1350 1997 1550 2040 destruas
1568 1999 1790 2041 inimicum
1810 2004 1854 2041 et
1872 1999 1932 2040 ul-

1110 2057 1263 2096 torem.

1163 2112 1378 2162 Quoniam
1396 2111 1556 2154 videbo
1583 2112 1720 2154 coelos
1743 2118 1860 2162 tuos,
1888 2114 1932 2154 ό-

1111 2181 1218 2221 pera
1245 2168 1481 2220 digitorum
1507 2170 1698 2211 tuorum:
1730 2170 1754 2195 *
1786 2169 1932 2210 lunam

1112 2229 1155 2266 et
1174 2224 1331 2274 stellas,
1353 2238 1450 2279 quae
1468 2230 1516 2267 tu
1534 2225 1736 2268 fundasti.

1163 2281 1278 2332 Quid
1297 2286 1363 2323 est
1380 2281 1530 2331 homo,
1556 2282 1674 2335 quod
1696 2294 1864 2324 memor
1886 2294 1932 2323 es

1112 2336 1224 2390 ejus?
1243 2338 1267 2364 *
1287 2343 1361 2379 aut
1378 2338 1492 2379 filius
1510 2338 1708 2389 hominis,
1728 2338 1932 2391 quoniam

1112 2394 1261 2436 visitas
1281 2393 1405 2436 eum?

1163 2451 1355 2492 Minuisti
1391 2464 1490 2492 eum
1531 2451 1661 2504 paulo
1699 2451 1840 2492 minus
1876 2450 1931 2492 ab

1112 2507 1307 2560 Angelis,
1331 2507 1469 2559 gloria
1493 2513 1537 2549 et
1560 2507 1727 2549 honore
1752 2509 1931 2549 corona-

1113 2565 1168 2605 sti
1183 2577 1296 2606 eum:
1311 2565 1334 2590 *
1354 2569 1397 2606 et
1412 2564 1673 2606 constituisti
1688 2577 1786 2606 eum
1801 2577 1932 2617 super

1114 2622 1248 2673 opera
1267 2622 1473 2662 manuum
1492 2623 1674 2662 tuarum.

1165 2677 1320 2719 Omnia
1364 2677 1583 2729 subjecisti
1628 2676 1708 2719 sub
1745 2676 1932 2730 pedibus
