2028 2892
181 199 255 234 180

182 296 305 347 signa
324 299 434 335 sunt.
470 293 515 334 Si
539 306 644 345 ergo
670 294 777 346 quid
796 293 1012 344 significet

182 351 267 393 hoc
297 349 417 402 quod
442 349 606 391 factum
634 355 716 400 est,
752 349 1011 400 cogitemus:

182 419 318 457 genus
354 405 592 446 humanum
629 411 698 447 est
738 406 822 447 iste
857 417 1010 446 caecus.

182 463 291 503 Haec
316 461 430 503 enim
455 461 630 503 caecitas
655 462 838 512 contigit
856 461 900 501 in
923 460 1007 512 pri-

181 530 253 559 mo
273 517 450 558 homine
468 529 548 569 per
566 521 812 569 peccatum,
838 516 893 558 de
919 528 1006 567 quo

182 586 334 615 omnes
354 573 567 624 originem
586 573 806 622 duximus,
831 585 918 613 non
942 584 1008 612 so-

181 630 271 670 lum
297 629 469 679 mortis,
498 629 578 670 sed
603 630 735 671 etiam
759 628 1010 680 iniquitatis.

181 685 226 726 Si
251 685 366 726 enim
391 685 566 726 caecitas
592 690 660 726 est
682 684 933 733 infidelitas,
967 688 1011 724 et

181 741 440 781 illuminatio
482 741 609 782 fides:
651 754 781 793 quem
818 740 1009 788 fidelem,

182 796 359 848 quando
402 797 523 838 venit
563 797 779 846 Christus,
821 794 1008 836 invenit?

182 851 552 903 Quandoquidem
589 853 835 905 Apestolus
880 856 1009 892 natus

181 908 225 948 in
252 913 382 959 gente
411 908 729 960 prophetarum
757 908 879 949 dicit:
910 907 1008 948 Fui-

180 976 277 1004 mus
306 969 350 1004 et
378 976 458 1004 nos
487 964 724 1016 aliquando
748 967 905 1005 natura
931 962 1009 1003 filii

181 1020 270 1068 irae,
290 1019 402 1060 sicut
422 1024 466 1060 et
487 1020 632 1061 ceteri.
659 1020 704 1061 Si
723 1020 800 1060 fssii
818 1020 911 1069 irae,
930 1018 1008 1059 filii

181 1074 398 1125 vindictae,
418 1075 497 1116 fssii
516 1089 673 1128 poenae,
693 1076 770 1116 filii
783 1075 1008 1126 gehennae:

183 1130 405 1182 quomodo
424 1135 590 1180 natura,
608 1132 692 1172 nisi
708 1132 810 1183 quia
825 1132 1008 1183 peccan-

181 1192 224 1228 te
256 1187 398 1239 primo
432 1187 608 1228 homine
640 1188 794 1228 vitium
826 1200 908 1239 pro
936 1199 1008 1227 na·

181 1245 280 1283 tura
299 1242 503 1284 inolevit?
536 1243 582 1284 Si
600 1244 752 1285 vitium
777 1255 858 1295 pro
887 1246 1008 1284 natu-

183 1311 231 1338 ra
256 1298 452 1348 inolevit,
480 1299 722 1340 secundum
749 1304 941 1340 mentem
965 1311 1007 1340 o-

181 1354 292 1395 mnis
310 1353 444 1395 homo
465 1367 608 1396 caecus
627 1361 755 1396 natus
775 1360 852 1396 est.

235 1414 285 1463 R„
309 1410 550 1462 Splendida
567 1411 694 1452 facta.
713 1411 801 1452 175.

489 1473 641 1514 Lectio
664 1475 700 1513 ii.

273 1522 362 1563 enit
379 1521 609 1563 Deminus:
639 1522 746 1574 quid
764 1521 890 1564 fecit?
919 1523 1007 1564 Ma-

283 1591 417 1629 gnum
446 1578 702 1629 mysterium
729 1578 1007 1620 commenda—

180 1635 253 1675 vit.
295 1634 482 1686 Exspuit
509 1634 552 1674 in
580 1639 759 1684 terram,
788 1634 843 1676 de
871 1635 1008 1676 saliva

181 1702 259 1730 sua
283 1690 422 1730 lutum
448 1690 563 1740 fecit3
592 1691 693 1742 quia
717 1691 914 1732 Verbum
940 1704 1007 1732 ca-

181 1758 232 1787 ro
264 1746 426 1787 factum
459 1751 540 1795 est,
573 1752 616 1788 et
650 1747 821 1788 inunxit
854 1747 1008 1788 eculos

182 1801 298 1842 caeci.
321 1802 529 1842 Im'mctus
549 1807 652 1852 erat,
674 1808 717 1844 et
734 1803 929 1845 nondum
948 1803 1007 1844 vi—

181 1856 323 1898 debat.
377 1857 496 1898 Misit
533 1858 655 1899 illum
694 1858 751 1900 ad
782 1860 1008 1912 piscinam,

182 1926 280 1964 quae
312 1915 494 1954 vocatur
526 1914 653 1955 Siloe.
693 1915 911 1957 Pertinuit
936 1929 1007 1956 au-

180 1973 268 2010 tem
288 1968 344 2010 ad
359 1969 682 2020 Evangelistam
697 1971 1007 2014 commendare

180 2024 307 2065 nobis
325 2037 484 2066 nomen
503 2025 628 2077 hujus
646 2027 843 2078 piscinae,
869 2033 913 2069 et
932 2029 1007 2070 ait:

181 2079 310 2129 Quod
338 2081 668 2134 interpretatur,
696 2083 868 2124 Missus.
908 2084 1006 2125 Jam

181 2136 277 2187 quis
313 2137 369 2177 sit
404 2138 563 2178 missus
605 2139 852 2189 agnescitis.
910 2140 1007 2181 Nisi

181 2192 294 2232 enim
314 2192 385 2233 ille
404 2193 558 2235 fuisset
576 2194 753 2243 missus,
782 2208 911 2237 nemo
931 2209 1005 2238 no-

181 2252 318 2288 strum
337 2253 454 2289 esset
473 2248 528 2290 ab
545 2249 774 2300 iniquitate
790 2250 1006 2293 dimissus.

181 2301 307 2343 Lavit
339 2316 444 2354 ergo
478 2305 631 2346 eculos
663 2305 707 2345 in
743 2318 795 2346 ea
826 2307 1006 2358 piscina,

183 2370 280 2408 quae
306 2359 636 2412 interpretatur,
660 2361 835 2411 Missus3
866 2362 1005 2415 bapti·

181 2415 305 2454 zatus
326 2420 392 2455 est
411 2415 454 2455 in
470 2415 657 2458 Christo.
684 2417 729 2458 Si
748 2430 853 2467 ergo
875 2431 1006 2469 quan-

183 2467 240 2508 do
278 2481 376 2510 eum
412 2471 454 2511 in
491 2474 639 2524 seipso
676 2473 1006 2525 quodammodo

182 2523 435 2576 baptizavit,
457 2531 561 2568 tunc
580 2527 855 2569 illuminavit:
876 2542 1007 2581 quan-

182 2579 239 2620 do
276 2580 459 2631 inunxit,
505 2583 693 2625 fortasse
735 2585 1007 2627 catechume-

181 2647 284 2675 num
302 2636 413 2677 fecit.

235 2692 281 2742 Ra
310 2692 425 2733 Ecce
444 2693 583 2734 mitto.
602 2696 687 2736 175.

610 197 706 229 Intra
736 196 1026 229 lli-miommlam
1056 197 1101 229 iv.
1130 197 1457 238 Quadrugesinuc.

1367 296 1518 336 Lectio
1540 297 1594 336 iii.

1139 347 1297 389 udistis
1323 345 1490 398 grande
1518 344 1787 397 mysterium.
1826 344 1894 385 In-

1166 405 1344 454 terroga
1362 402 1598 443 heminem:
1622 400 1894 442 Christianus

1064 457 1133 500 es?
1165 458 1427 512 Respondet
1450 457 1544 499 tibi:
1574 457 1678 499 Non
1700 469 1809 498 sum.
1849 456 1895 498 Si

1062 517 1260 567 paganus
1279 527 1342 564 es,
1366 519 1441 555 aut
1458 514 1484 554 J
1486 512 1655 555 udaeus:
1681 513 1727 554 Si
1746 517 1894 554 autem

1063 570 1234 621 dixerit,
1252 571 1355 612 Non
1371 583 1482 612 sum:
1501 569 1646 611 adhuc
1661 569 1823 621 quaeris
1837 568 1894 610 ab

1063 639 1132 676 eo,
1161 626 1531 676 catechumenus,
1559 638 1616 666 an
1642 623 1812 667 fidelis?
1849 624 1895 666 Si

1062 683 1341 735 respenderit
1385 682 1480 733 tibi,
1527 681 1895 723 Catechumenus:

1061 738 1267 780 inunctus
1295 743 1387 788 est,
1412 738 1608 780 nondum
1634 737 1765 779 lotus.
1806 737 1896 779 Sed

1062 794 1178 837 unde
1196 793 1424 836 inunctus?
1453 794 1624 844 Quaere,
1650 798 1695 836 et
1713 795 1894 846 respen-

1062 850 1149 892 det.
1188 852 1348 902 Quaere
1374 850 1430 892 ab
1454 850 1549 901 illo,
1574 851 1620 891 in
1645 862 1778 902 quem
1803 862 1894 892 cre-

1062 905 1161 949 dat?
1199 907 1265 949 Eo
1298 908 1397 960 ipso
1431 919 1519 959 quo
1551 905 1894 948 catechumenus

1062 967 1144 1012 est,
1172 963 1294 1013 dicit,
1321 964 1372 1004 In
1393 963 1625 1004 Christum.
1662 963 1780 1004 Ecce
1802 975 1894 1004 mo·

1062 1018 1119 1060 do
1143 1019 1302 1071 loquor
1327 1024 1371 1060 et
1394 1018 1599 1061 fidelibus
1623 1022 1668 1060 et
1691 1018 1894 1060 catechu-

1060 1075 1211 1116 menis.
1240 1075 1356 1125 Quid
1376 1075 1467 1117 dixi
1486 1075 1542 1117 de
1561 1079 1694 1127 sputo
1713 1079 1758 1116 et
1774 1072 1892 1116 luto?

1062 1131 1173 1181 Quia
1188 1131 1387 1173 Verbum
1406 1144 1510 1173 caro
1527 1131 1692 1173 factum
1706 1135 1789 1182 est:
1807 1130 1894 1173 hoc

1061 1187 1364 1229 catechumeni
1389 1187 1587 1229 audiunt:
1614 1186 1695 1229 sed
1717 1199 1807 1228 non
1831 1187 1894 1228 eis

1061 1243 1224 1284 sufficit
1243 1243 1301 1285 ad
1321 1243 1441 1296 quod
1459 1243 1627 1285 inuncti
1643 1248 1758 1285 sunt:
1777 1243 1893 1285 festi-

1061 1305 1166 1341 nent
1185 1299 1242 1341 ad
1260 1300 1502 1350 lavacrum,
1527 1300 1566 1341 si
1588 1299 1736 1341 lumen
1754 1299 1893 1352 inqui-

1061 1361 1173 1397 runt.
1221 1356 1270 1407 Rg.
1298 1355 1529 1398 Attendite
1545 1355 1722 1409 pepule.
1740 1356 1829 1396 176.

1118 1414 1190 1454 Ad
1231 1416 1390 1457 Bened.
1440 1417 1541 1458 Ant.
1587 1415 1749 1466 Rabbi,
1786 1415 1895 1468 quid

1060 1473 1263 1525 peccavit
1280 1473 1304 1498 *
1323 1472 1458 1514 homo
1478 1472 1579 1522 iste,
1606 1471 1728 1524 quod
1746 1483 1893 1513 caecus

1061 1534 1190 1571 natus
1210 1527 1299 1570 est?
1326 1528 1578 1581 Respendit
1595 1528 1621 1569 J
1623 1541 1742 1578 esus,
1768 1532 1814 1570 et
1833 1527 1894 1570 di-

1061 1586 1140 1626 xit:
1159 1585 1317 1637 Neque
1335 1584 1408 1625 hic
1427 1584 1639 1637 peccavit,
1656 1596 1801 1636 neque
1818 1596 1893 1637 pa-

1061 1643 1209 1683 rentes
1236 1641 1343 1692 ejus:
1377 1639 1458 1681 sed
1483 1644 1532 1681 ut
1559 1639 1894 1681 manifestentur

1062 1699 1198 1749 epera
1215 1697 1301 1737 Dei
1318 1696 1362 1736 in
1381 1695 1469 1737 illo.

1396 1755 1561 1796 Oratio.

1151 1826 1246 1863 euS,
1267 1814 1341 1866 qui
1360 1817 1404 1854 et
1422 1813 1546 1865 justis
1565 1812 1750 1865 praemia
1766 1811 1893 1853 meri-

1155 1872 1317 1920 torum,
1344 1874 1388 1911 et
1406 1867 1718 1922 peccateribus
1737 1880 1819 1921 per
1837 1868 1893 1920 je-

1060 1926 1224 1978 junium
1257 1926 1430 1967 veniam
1461 1924 1652 1978 praebes:
1682 1924 1893 1988 miserere

1061 1981 1893 2088 {33521333ffidssfgznffaffssffizassssgss

1062 2093 1507 2187 ciffgeffielicfferAunti.
1529 2092 1893 2190 Ililerffleminun

1252 2160 1379 2197 agn.
1444 2161 1499 2186 n.
1588 2161 1612 2190 e
1662 2160 1764 2189 omo
1818 2160 1894 2200 qu1

1061 2206 1220 2247 dicitur
1235 2206 1259 2246 J
1262 2218 1374 2255 esus,
1393 2205 1535 2246 lutum
1552 2205 1657 2246 fecit
1675 2217 1730 2246 ex
1747 2209 1892 2256 sputo,

1061 2267 1106 2303 et
1140 2262 1281 2303 linivit
1317 2261 1471 2303 oculos
1502 2273 1645 2311 meOS,
1681 2265 1726 2302 et
1756 2259 1892 2301 modo

1060 2317 1202 2359 video,

1398 2370 1562 2410 Oratio.

1144 2427 1292 2466 ateant
1316 2438 1445 2466 aures
1467 2425 1784 2467 misericerdiae
1802 2428 1891 2466 tuae

1159 2481 1348 2522 Demine
1394 2481 1600 2534 precibus
1645 2481 1891 2534 supplican-

1060 2537 1186 2578 tium:
1214 2541 1258 2578 et
1284 2541 1333 2578 ut
1360 2537 1613 2588 petentibus
1642 2535 1892 2579 desiderata

1062 2592 1300 2642 concedas,
1331 2593 1400 2634 fac
1433 2606 1511 2635 eos
1545 2605 1644 2646 quae
1676 2592 1757 2634 tibi
1788 2597 1890 2633 sunt

1061 2648 1240 2699 placita,
1265 2648 1502 2700 postulere.
1535 2650 1620 2691 Per
1638 2648 1890 2690 Dominum.
