2028 2892
209 283 455 335 ruptionem
475 285 617 325 carnis
642 287 907 336 excesserat,
932 291 1035 338 post

209 340 573 383 resurrectionem
623 355 746 384 suam
795 343 838 383 in
887 342 1034 384 littore

208 395 362 437 stabat.
422 398 483 439 'l'e
502 398 646 440 Deum
665 398 904 441 laudamus.
923 399 982 440 15.

264 464 327 503 Aa
351 464 505 504 Dencd.
530 466 624 504 Ant.
649 464 801 506 Mittite
819 465 862 505 in
882 463 1027 506 dexte-

207 530 300 558 ram
331 517 355 543 *
387 519 545 570 navigii
577 525 687 569 rete,
721 525 764 562 et
795 521 1033 569 invenietis,

206 574 388 626 alleluja.
655 622 662 628 η

543 623 705 661 (nano.

296 693 383 730 eus,
404 681 476 733 qui
497 693 577 722 nos
596 683 926 724 resurrectionis
945 683 1032 723 Do-

313 738 484 779 minicae
504 739 646 779 annua
667 738 942 781 solemnitate
962 739 1032 780 lae-

206 793 364 835 tificas:
395 793 589 836 concede
617 795 851 847 propitius;
879 801 928 837 ut
955 809 1034 848 per

206 851 465 903 temporalia
485 851 594 893 festa
615 865 712 903 quae
734 853 912 903 agimus,
938 865 1032 905 per-

207 909 353 948 venire
390 907 446 948 ad
477 907 636 959 gaudia
673 911 837 950 aeterna
869 910 1032 951 merea-

205 977 312 1005 mur.
350 965 432 1006 Per
451 964 653 1007 eumdem
673 966 921 1007 Dominum.

260 1029 292 1067 A
301 1027 326 1068 d
347 1029 515 1076 Magnis.
534 1030 631 1070 Ant.
654 1031 773 1072 Dixit
787 1032 915 1073 Jesus
932 1034 955 1058 *
971 1031 1032 1073 di-

206 1086 384 1138 scipulis
412 1087 519 1128 suis:
549 1086 716 1129 Afferte
745 1087 800 1130 de
827 1088 1032 1141 piscibus,

207 1155 318 1194 quos
346 1143 630 1196 prendidistis
659 1158 782 1186 nunc.
820 1144 1033 1187 Ascendit

206 1204 351 1240 autem
371 1200 517 1241 Simon
537 1201 703 1251 Petrus,
726 1207 769 1243 et
788 1203 921 1244 traxit
941 1208 1032 1244 rete

205 1255 264 1352 {31
266 1260 428 1353 terram
446 1257 623 1309 plenum
642 1259 808 1310 magnis
828 1258 1032 1312 piscibus,

267 1325 290 1354 e
308 1313 388 1364 uja.

417 1410 576 1446 Feria
607 1411 819 1458 Quinta.

258 1468 306 1519 Y·
340 1475 537 1516 Surrexit
564 1476 778 1517 Dominus
808 1477 862 1519 de
890 1478 1032 1530 sepul-

207 1531 332 1581 chro,
365 1532 547 1584 allehija.
591 1531 639 1582 Ra
675 1534 759 1583 Qui
791 1547 872 1586 pro
905 1534 1032 1576 nobis

206 1588 418 1640 pependit
437 1589 480 1629 in
499 1589 629 1639 ligno,
652 1590 833 1642 alleluja.

260 1648 387 1690 Pater
400 1655 561 1691 noster.
589 1651 737 1691 Absol.
758 1652 930 1694 Exaudi
945 1653 1032 1694 Do-

207 1706 332 1747 mine.
390 1706 547 1746 Bcned.
581 1708 842 1759 Evangelica
860 1709 1002 1751 lectio.

209 1779 361 1821 Lectio
386 1781 525 1822 sancti
547 1781 769 1832 Evangelii
794 1784 1033 1826 secundum

509 1838 729 1880 Joannem.

312 1896 460 1937 Lectio
487 1898 508 1936 i.
683 1901 783 1950 Cap.
803 1899 873 1940 20.
894 1912 927 1940 c.

254 1972 281 1998 n
306 1957 382 1999 illo
406 1960 621 2012 tempore:
650 1961 787 2003 Maria
811 1963 957 2005 stabat
978 1963 1034 2004 ad

284 2017 613 2057 monumentum
665 2018 794 2068 foris,
846 2019 1033 2071 plorans.

207 2072 323 2113 Dum
350 2086 455 2124 ergo
483 2074 622 2123 fleret,
651 2074 873 2117 inclinavit
899 2090 962 2126 se,
991 2082 1034 2118 et

206 2131 435 2182 prospexit
463 2131 505 2172 in
532 2134 877 2173 monumentum:
906 2138 948 2175 et
975 2134 1033 2175 vi—

209 2184 273 2227 dit
301 2185 412 2228 duos
441 2186 635 2238 Angelos
668 2188 711 2228 in
739 2188 850 2230 albis
883 2189 1033 2232 seden-

208 2247 285 2283 tes.
313 2243 370 2284 Et
389 2243 566 2296 reliqua.

251 2315 442 2359 Homilia
462 2318 601 2359 sancti
625 2318 828 2369 Gregorii
848 2320 990 2372 Papae.

347 2381 511 2414 llomilia
536 2380 588 2414 27».
614 2381 650 2414 in
677 2380 896 2421 Evangelia.

256 2441 307 2444 ἡ
355 2441 459 2479 aria
478 2439 751 2490 Magdalene,
777 2453 874 2492 quae
895 2441 1034 2483 fuerat

219 2499 221 2522 ἕ
240 2502 265 2551 ’ζ’
355 2502 363 2547 ξ;
386 2495 428 2535 ἰη
447 2496 623 2538 civitate
638 2498 871 2549 peccatrix,
891 2501 1033 2538 aman-

236 2559 245 2566 *
266 2550 269 2553 ’
387 2551 443 2592 do
462 2553 703 2603 veritatem,
723 2553 827 2595 lavit
843 2554 1033 2595 lacrimis

209 2606 403 2648 maculas
424 2610 629 2650 criminis:
654 2615 696 2651 et
715 2623 801 2651 vox
821 2611 1033 2652 Veritatis

210 2662 425 2714 impletur,
442 2677 526 2716 qua
542 2665 714 2708 dicitur:
730 2667 919 2708 Dimissa
936 2674 1034 2708 sunt

211 2718 249 2759 ei
269 2721 451 2770 peccata
470 2722 615 2773 multa,
638 2724 738 2775 quia
758 2723 910 2765 dilexit
929 2724 1034 2764 mul-

796 190 893 222 Infra
921 191 1103 223 Octavam
1132 189 1301 223 Paschae.

1086 291 1189 328 tum.
1225 288 1333 338 Quae
1358 289 1471 330 enim
1491 290 1613 342 prius
1637 290 1794 342 frigida
1813 306 1911 345 pec-

1087 342 1229 385 cando
1253 347 1538 393 remanserat,
1562 347 1849 400 postmodum
1870 362 1911 391 a·

1086 399 1247 442 mando
1260 401 1431 444 fortiter
1446 403 1640 445 ardebat.
1665 403 1779 446 Nam
1792 410 1911 458 post-

1087 469 1218 508 quam
1241 459 1360 501 venit
1383 459 1440 501 ad
1463 462 1808 512 monumentum,
1835 461 1912 504 ibi-

1088 526 1173 565 que
1201 526 1361 568 corpus
1382 516 1659 559 Dominicum
1683 530 1772 559 non
1797 518 1916 560 inve-'

1086 570 1161 618 nit,
1180 570 1401 613 sublatum
1420 573 1620 624 eredidit,
1638 578 1771 627 atque
1787 574 1912 617 disci·
1939 613 1942 616 .

1085 626 1200 678 pulis
1219 629 1448 671 nuntiavit:
1469 629 1543 682 qui
1558 630 1781 673 venientes
1795 631 1912 673 vide-

1086 688 1201 733 runt,
1227 690 1360 737 atque
1383 685 1444 727 ita
1469 699 1580 736 esse,
1605 692 1653 728 ut
1675 687 1831 729 muilier
1851 688 1912 730 di-

1085 746 1224 790 xerat,
1249 741 1539 784 credjderunt.
1575 743 1633 785 Et
1655 743 1710 786 de
1732 744 1794 786 eis
1813 747 1913 797 pro-

1086 796 1202 838 tinus
1225 798 1437 851 scriptum
1458 805 1539 841 est:
1566 799 1783 843 Abierunt
1807 814 1912 853 ergo

1087 852 1288 906 discipuli
1308 855 1365 897 ad
1384 858 1659 909 semetipsos:
1683 869 1735 898 ac
1754 857 1913 900 deinde

1087 909 1376 963 subjungitur:
1411 913 1550 954 Maria
1583 918 1730 955 autem
1765 914 1914 956 stabat

1086 966 1143 1008 ad
1161 970 1491 1010 monumentum
1509 969 1615 1011 foris
1633 970 1825 1023 plorans.

1138 1025 1188 1077 R.
1211 1025 1424 1068 Tulerunt
1439 1026 1677 1068 Dominum
1694 1039 1850 1078 meum,
1869 1032 1914 1070 et

1085 1081 1233 1123 nescio
1253 1081 1328 1123 ubi
1347 1085 1588 1135 posuerunt
1607 1096 1716 1125 eum.
1749 1084 1913 1126 Dicunt

1086 1138 1125 1179 ei
1139 1138 1311 1189 Angeli:
1329 1139 1496 1189 Mulier,
1514 1140 1619 1192 quid
1632 1139 1804 1193 ploras?
1823 1154 1912 1183 sur-

1085 1195 1198 1236 rexit
1217 1195 1330 1236 sieut
1346 1195 1468 1237 dixit:
1485 1196 1507 1220 *
1530 1196 1760 1239 Praecedet
1775 1211 1854 1240 vos
1869 1198 1912 1239 in

1087 1251 1330 1293 Galilaeam:
1357 1251 1418 1294 ibi
1443 1266 1542 1295 eum
1566 1253 1789 1304 videbitis,
1813 1254 1913 1297 alle-

1085 1308 1187 1359 11'1ja,
1215 1308 1397 1360 allehija.
1429 1301 1478 1353 V.
1512 1310 1620 1352 Cum
1647 1323 1751 1361 ergo
1777 1311 1914 1362 fleret,

1084 1364 1308 1406 inclinavit
1325 1378 1383 1415 se,
1404 1370 1447 1407 et
1461 1367 1691 1420 prospexit
1705 1367 1749 1408 in
1763 1380 1912 1409 monu-

1085 1423 1295 1463 mentum:
1325 1426 1369 1463 et
1391 1422 1501 1464 vidit
1521 1423 1633 1465 duos
1652 1423 1848 1475 Angelos
1868 1424 1913 1465 in
1970 1473 1972 1475 ,

1086 1477 1207 1527 albis,
1227 1478 1442 1529 sedentes,
1464 1480 1537 1532 qui
1553 1478 1703 1522 dicunt
1722 1480 1773 1522 ei.
1798 1481 1912 1522 Prae·
1964 1488 1970 1493 “

1086 1534 1224 1576 cedet.
1490 1575 1495 1580 .

1138 1592 1298 1634 Bened.
1326 1593 1533 1634 Divinum
1553 1593 1773 1635 auxilium.

1394 1648 1544 1689 Lectio
1564 1648 1603 1688 ii.

1167 1718 1222 1746 ua
1246 1705 1290 1745 in
1312 1718 1360 1747 re
1382 1706 1657 1758 pensandum
1680 1712 1762 1758 est,
1786 1707 1912 1760 hujus

1189 1761 1382 1803 mulieris
1418 1768 1610 1805 mentem
1647 1770 1811 1817 quanta
1846 1765 1912 1806 vis

1085 1818 1246 1859 amoris
1275 1819 1551 1870 accenderat,
1586 1833 1685 1872 quae
1712 1834 1737 1862 a
1764 1834 1913 1863 monu-

1086 1877 1235 1916 mento
1250 1875 1439 1926 Demini,
1460 1877 1591 1918 etiam
1610 1876 1835 1931 discipulis
1850 1891 1913 1919 re·
1983 1913 1986 1916 ⁴

1087 1931 1353 1982 cedentibus,
1373 1945 1459 1974 non
1479 1933 1724 1975 recedebat.
1753 1934 1913 1986 Exqui-

1086 1988 1211 2030 rebat
1238 2001 1367 2040 quem
1395 2003 1483 2031 non
1511 1990 1752 2032 invenerat:
1780 1990 1914 2033 flebat

1086 2045 1357 2098 inquirendO,
1378 2051 1422 2088 et
1440 2047 1601 2088 amoris
1619 2048 1685 2088 sui
1703 2048 1801 2098 igne
1820 2060 1912 2089 suc-

1087 2104 1228 2151 censa,
1246 2103 1348 2154 ejus,
1364 2115 1493 2154 quem
1508 2103 1701 2145 ablatum
1717 2104 1913 2155 eredidit,

1087 2158 1271 2200 ardebat
1297 2158 1527 2201 desiderio.
1568 2160 1695 2202 Unde
1721 2161 1912 2212 contigit,

1087 2220 1134 2256 ut
1154 2228 1252 2256 eum
1276 2215 1370 2256 sola
1393 2221 1498 2257 tunc
1520 2217 1705 2267 videret,
1731 2230 1829 2269 quae
1849 2231 1912 2259 re-

1086 2273 1305 2313 manserat
1332 2277 1379 2314 ut
1409 2275 1640 2325 quaereret:
1669 2274 1769 2326 quia
1793 2274 1912 2315 nimi-

1087 2341 1183 2369 rum
1216 2329 1353 2370 virtus
1381 2329 1484 2371 boni
1514 2331 1680 2383 operis,
1711 2343 1912 2383 perseve-

1087 2385 1228 2426 rantia
1257 2390 1338 2426 est:
1367 2391 1410 2427 et
1438 2399 1548 2428 voce
1572 2387 1784 2428 Veritatis
1811 2386 1912 2428 diei-

1086 2447 1172 2483 tur:
1202 2442 1286 2491 Qui
1310 2448 1455 2483 autem
1476 2443 1824 2495 perseveraverit
1844 2456 1911 2484 us-

1088 2511 1172 2550 que
1190 2499 1234 2538 in
1252 2498 1393 2547 finem,
1412 2498 1482 2540 hic
1501 2499 1647 2540 salvus
1667 2499 1758 2541 erit.

1139 2553 1188 2604 Ru
1224 2555 1595 2605 Congratulamini
1625 2556 1729 2597 mihi
1761 2568 1911 2597 omnes

1087 2613 1160 2664 qui
1185 2612 1364 2664 diligitis
1383 2612 1635 2662 Dominum,
1660 2612 1761 2664 quia
1782 2625 1911 2665 quem

1088 2669 1358 2721 quaerebam,
1396 2669 1600 2721 apparuit
1636 2669 1760 2709 mihi:
1792 2670 1815 2693 *
1855 2669 1911 2709 Et

1087 2725 1191 2767 dum
1210 2726 1362 2767 flerem
1381 2725 1437 2766 ad
1455 2727 1799 2775 monumentum,
1823 2725 1911 2767 vidi
