2028 2892
180 183 249 218 258

182 279 380 320 emerunt
398 281 607 330 aromata,
626 285 676 322 ut
695 281 920 322 venientes
937 283 1012 321 un-

181 340 335 385 gerent
352 334 376 375 J
380 348 512 376 esum.
539 336 598 378 Et
616 336 795 389 reliqua.

234 415 417 456 Homilia
437 417 576 459 sancti
596 417 800 469 Gregorii
819 418 964 471 Papae.

317 489 485 524 Homilia
510 492 561 524 21.
587 492 625 525 in
653 492 873 534 Evangelia.

193 556 229 591 54
249 570 257 590 ·.
272 554 319 590 J
337 541 514 593 udistis,
565 543 724 585 fratres
777 544 1012 594 carissimi,

195 593 199 611 '
225 598 285 657 ’,ᾗ
308 604 310 608 ’
355 599 475 650 quod
496 604 661 641 sanctae
676 600 893 649 mulieres,
911 613 1010 652 quae

354 655 593 697 Dominum
628 656 801 697 faerant
837 660 1013 706 secutae,

182 723 281 751 cum
308 711 577 753 aromatibus
602 711 658 753 ad
682 714 1013 754 monumentum

179 769 404 816 venerunt,
425 773 469 809 et
488 768 538 818 ei,
564 781 694 820 quem
713 769 933 809 viventem
953 768 1012 810 di-

180 823 387 873 lexerant,
408 824 539 865 etiam
559 827 747 874 mortuo,
770 823 917 866 studio
936 824 1012 866 hu-

180 880 402 921 manitatis
445 880 761 932 obsequuntur.
815 880 903 923 Sed
941 894 1012 923 res

179 941 304 987 gesta
341 936 508 988 aliquid
543 937 588 977 in
627 942 779 979 sancta
814 937 1012 979 Ecclesia

179 992 322 1042 signat
350 992 602 1043 gerendum.
646 994 718 1034 Sic
748 994 913 1046 quippe
940 1007 1011 1035 ne-

181 1049 304 1089 cesse
335 1053 403 1089 est
430 1054 478 1090 ut
506 1047 735 1091 audiamus
770 1062 869 1101 quae
897 1050 1010 1091 facta

179 1109 296 1155 sunt,
345 1107 558 1157 quatenus
597 1106 841 1157 cogitemus
880 1106 1011 1148 etiam

182 1173 281 1212 quae
302 1161 431 1202 nobis
452 1162 538 1203 sint
565 1174 618 1203 ex
638 1164 791 1203 eorum
810 1163 1012 1204 imitatio-

180 1229 234 1257 ne
255 1216 466 1258 facienda.
503 1218 560 1259 Et
587 1231 670 1259 nos
700 1231 804 1270 ergo
833 1219 877 1259 in
903 1231 1012 1269 eum,

181 1273 256 1324 qui
300 1278 366 1314 est
411 1276 626 1324 mortuus,
677 1274 924 1324 credentes,
976 1276 1013 1316 si

182 1327 321 1370 odore
348 1330 559 1371 virtutum
586 1331 755 1380 referti,
793 1344 893 1372 cum
921 1332 1012 1384 opi-

180 1385 310 1426 nione
330 1384 548 1427 bonorum
572 1389 757 1440 operum
774 1387 1013 1428 Dominum

181 1442 434 1493 quaerimus,
466 1442 523 1484 ad
550 1445 885 1484 monumentum
912 1456 1012 1496 pro-

179 1497 295 1539 fecto
324 1498 438 1539 illius
468 1512 568 1540 cum
596 1499 868 1541 aromatibus
896 1502 1012 1541 veni-

178 1567 285 1595 mus.
313 1554 407 1596 111ae
427 1560 574 1596 autem
593 1555 798 1597 mulieres
816 1556 1012 1607 Angelos

179 1609 348 1659 vident,
375 1624 486 1663 -quae
515 1625 615 1652 cum
642 1612 913 1654 aromatibus
941 1625 1011 1654 ve-

180 1668 352 1708 nerunt:
379 1668 480 1719 quia
504 1668 711 1709 videlicet
731 1668 819 1709 illae
842 1673 1011 1710 mentes

180 1724 396 1775 supernos
412 1724 531 1765 cives
548 1725 776 1776 aspiciunt,
797 1737 896 1777 quae
912 1737 1011 1766 cum

179 1778 390 1820 virtutum
428 1778 641 1821 odoribus
678 1779 735 1822 ad
773 1781 1011 1823 Dominum

178 1847 258 1886 per
270 1841 421 1877 sancta
432 1835 649 1878 desideria
660 1837 1011 1890 proficiscuntur.

236 1906 282 1955 Κ.
324 1900 520 1951 Angelus
557 1901 736 1942 Domini
782 1901 1011 1943 descendit

180 1954 235 1997 de
262 1956 394 2005 coelo,
429 1962 472 1998 et
498 1957 713 1999 accedens
740 1957 927 1999 revolvit
951 1958 1010 1999 la-

178 2010 339 2064 pidem,
357 2018 401 2054 et
420 2025 553 2065 super
573 2026 673 2055 eum
691 2013 820 2063 sedit,
840 2019 883 2056 et
902 2014 1011 2056 dixit

178 2068 449 2111 mulieribus:
477 2077 497 2098 ¹·
528 2069 678 2111 Nolite
711 2070 881 2111 timere:
918 2071 1009 2112 scio

179 2125 295 2165 enim
341 2125 442 2177 quia
497 2126 754 2167 crucifixum
801 2127 1010 2178 quaeritis:

771 189 970 221 hominu-:1
1004 190 1317 222 wesin-rectionis.

1120 284 1289 325 Deinde
1319 284 1477 325 dicitur
1519 279 1564 330 V.
1596 281 1708 323 Jube
1737 280 1898 324 domne

1065 335 1338 379 benedicere.

1037 414 1040 431 ‚
1120 395 1281 436 Bened.
1335 373 1543 435 Divinum
1570 393 1779 436 auxilium
1806 396 1896 436 ma-

1065 455 1168 491 neat
1193 462 1368 502 semper
1393 449 1635 491 nobiscum.
1668 454 1717 505 Rg.
1744 451 1898 492 Amen.

1377 514 1528 554 Lectio
1547 514 1586 553 ii.

1162 562 1375 604 otandum
1393 574 1501 604 vero
1520 562 1649 604 nobis
1670 567 1755 614 est,
1775 563 1898 616 quid-

1170 632 1271 660 nam
1299 619 1372 667 sit,
1406 617 1527 670 quod
1557 619 1603 659 in
1634 618 1801 661 dextris
1834 633 1897 661 se-

1066 674 1171 716 dere
1191 674 1387 726 Angelus
1407 674 1610 716 cernitur.
1643 674 1762 725 Quid
1779 688 1897 717 nam·

1067 744 1152 783 que
1179 744 1260 784 per
1289 731 1532 780 sinistram,
1559 731 1643 772 nisi
1670 731 1761 773 vita
1786 745 1898 785 prae·

1065 800 1181 829 sens:
1202 787 1308 840 quid
1326 799 1432 828 vero
1452 799 1533 839 per
1553 787 1792 838 dexteram,
1812 789 1899 830 nisi

1064 846 1280 897 perpetua
1299 844 1390 885 vita
1410 843 1688 894 designatur?
1707 843 1835 887 Unde
1854 845 1899 886 in

1066 900 1260 942 Canticis
1284 900 1556 942 canticorum
1582 901 1797 953 scriptum
1818 906 1899 943 est:

1065 957 1199 998 Laeva
1219 958 1311 1009 ejus
1332 956 1413 997 sub
1433 956 1580 1008 capite
1598 969 1711 1007 meo,
1732 962 1776 999 et
1796 957 1898 999 dex-

1065 1018 1160 1055 tera
1184 1013 1301 1054 illius
1327 1011 1650 1065 amplexabitur
1667 1026 1749 1055 me.
1786 1014 1898 1064 Quia

1067 1082 1172 1121 ergo
1198 1069 1476 1121 Redemptor
1502 1073 1654 1110 noster
1677 1070 1763 1121 jam
1786 1083 1898 1123 prae-

1066 1126 1201 1167 sentis
1244 1126 1349 1167 vitae
1394 1125 1725 1177 corruptionem
1759 1131 1899 1168 trans-

1064 1184 1190 1232 ierat,
1218 1186 1339 1223 recte
1356 1181 1571 1233 Angelus,
1599 1182 1675 1234 qui
1696 1182 1898 1224 nuntiare

1064 1240 1303 1291 perennem
1337 1239 1441 1289 ejus·
1460 1239 1597 1279 vitam
1627 1240 1823 1288 venerat,
1854 1239 1898 1279 in

1065 1294 1247 1337 dextera
1271 1294 1464 1336 sedebat.
1502 1295 1587 1345 Qui
1611 1294 1726 1336 stola
1751 1294 1898 1336 candi-

1065 1350 1122 1392 da
1146 1352 1383 1404 coopertus
1408 1351 1630 1403 apparuit:
1660 1351 1763 1402 quia
1782 1351 1897 1392 festi-

1064 1407 1214 1448 vitatis
1260 1411 1426 1448 nostrae
1470 1406 1632 1457 gaudia
1668 1407 1897 1448 nuntiavit.

1066 1463 1242 1505 Candor
1262 1463 1424 1504 etenim
1442 1462 1594 1512 vestis,
1614 1461 1897 1515 splendorem

1065 1524 1231 1561 nostrae
1247 1519 1476 1561 denuntiat
1487 1519 1790 1560 solemnitatis.
1808 1518 1896 1560 No-

1065 1581 1170 1617 strae
1190 1575 1406 1625 dicamus,
1435 1588 1491 1616 an
1516 1573 1631 1616 suae?
1661 1573 1750 1617 Sed
1772 1579 1821 1616 ut
1838 1574 1897 1616 fa-

1063 1634 1236 1673 teamur
1253 1632 1415 1681 verius,
1440 1636 1484 1672 et
1503 1644 1596 1672 suae
1616 1631 1830 1680 dicamus,
1853 1635 1898 1672 et

1064 1693 1240 1729 nostrae.
1280 1687 1362 1728 Illa
1391 1688 1555 1740 quippe
1581 1687 1896 1740 Redemptoris

1065 1744 1206 1786 nostri
1234 1744 1500 1786 resurrectio
1530 1748 1574 1785 et
1600 1748 1754 1785 nostra
1780 1743 1896 1785 festi-

1065 1800 1177 1842 vitas
1203 1800 1300 1849 fuit,
1330 1800 1431 1852 quia
1454 1812 1536 1841 nos
1561 1799 1619 1841 ad
1642 1799 1896 1842 immortali-

1063 1858 1200 1898 tatem
1219 1856 1410 1898 redaxit:
1430 1861 1474 1898 et
1489 1855 1761 1907 Angelorum
1779 1856 1896 1897 festi-

1065 1913 1177 1954 vitas
1197 1913 1379 1963 exstitit,
1409 1912 1512 1964 quia
1535 1925 1617 1953 nos
1640 1911 1895 1954 revocando

1065 1969 1121 2010 ad
1145 1969 1359 2018 coelestia,
1388 1970 1541 2010 eorum
1564 1971 1797 2010 numerum
1819 1969 1894 2009 im-

1065 2025 1211 2078 plevit.

1122 2083 1168 2132 Rg.
1184 2081 1294 2123 Cum
1304 2083 1535 2123 transisset
1548 2081 1791 2130 sabbatum,
1805 2081 1895 2122 Ma-

1063 2140 1127 2178 ria
1147 2136 1422 2188 Magdalene‚
1441 2142 1485 2178 et
1504 2137 1643 2178 Maria
1662 2137 1686 2177 J
1688 2136 1831 2187 acobi,
1851 2142 1895 2179 et

179 2181 263 2231 jam
284 2181 489 2223 surrexit:
517 2184 679 2231 venite,
708 2187 751 2223 et
777 2181 922 2224 videte
948 2183 1009 2224 lo·
1062 2193 1237 2235 Saffime
1257 2195 1455 2235 emffrunt
1475 2195 1683 2242 aromata,
1704 2194 1726 2217 ι*
1745 2193 1805 2234 Ut
1823 2205 1893 2234 ve-

179 2236 572 2290 01¹·m211bip6SstUS
592 2244 686 2280 erat
703 2238 931 2287 ΒόῐΠῘΠΗΞ,
952 2238 1008 2280 fll-
1034 2267 1037 2288 ι
1063 2250 1234 2291 nientes
1262 2253 1477 2301 ungerent
1505 2250 1528 2290 J
1533 2261 1672 2298 esum,
1706 2248 1893 2300 alleluja,

179 2291 317 2344 leluja.
353 2293 398 2343 V
422 2293 480 2335 Et
504 2294 775 2336 introeuntes
795 2295 839 2335 in
858 2307 1009 2336 monu-

179 2350 391 2399 mentum,
415 2350 618 2392 viderunt
637 2351 838 2402 javenem
858 2350 1009 2392 seden-

179 2408 268 2444 tem
301 2406 344 2445 in
377 2406 561 2456 dextris,
603 2408 861 2459 coopertum
895 2407 1007 2448 stola

181 2459 384 2511 candida,
413 2469 457 2505 et
478 2463 816 2516 obstupuerunt:
846 2464 919 2515 qui
948 2463 1008 2505 di-

180 2515 243 2556 xit
261 2516 356 2557 illis.
383 2518 544 2561 Nolite.

233 2579 385 2623 (iloria
402 2583 536 2633 Patri,
557 2590 600 2626 et
619 2584 746 2633 Filio,
766 2589 810 2625 et
828 2584 1009 2636 Spiritui

180 2642 352 2687 sanct0;
387 2647 428 2679 et
466 2644 677 2691 repetitur
728 2644 773 2692 lx'j.
815 2640 1009 2692 Angelus

178 2691 369 2733 Domini.
389 2712 525 2745 usque
548 2699 599 2738 ad
628 2695 671 2743 Y.

1064 2306 1246 2357 alleluja.
1278 2302 1326 2352 V.
1341 2306 1397 2346 Et
1411 2305 1540 2347 valde
1555 2317 1682 2346 mane
1697 2317 1782 2346 una
1797 2304 1893 2346 sab-

1063 2362 1284 2411 batorum,
1329 2362 1509 2403 veniunt
1547 2361 1605 2402 ad
1642 2362 1892 2402 monumen-

1062 2423 1172 2467 tum,
1200 2423 1298 2459 orto
1323 2419 1407 2470 jam
1433 2418 1536 2458 sole.
1573 2417 1632 2459 Ut
1658 2417 1892 2462 venientes.

1064 2474 1216 2515 Gloria
1235 2474 1366 2515 Patri.
1394 2474 1453 2516 Ut
1472 2473 1707 2515 venientes.

1118 2526 1165 2575 Y.
1183 2531 1207 2571 J
1211 2529 1296 2572 ube
1316 2530 1476 2572 domne
1495 2529 1768 2571 benedicere.

1118 2586 1382 2627 Benedictio.
1436 2586 1506 2628 Ad
1542 2586 1799 2627 societatem
1836 2588 1891 2627 ci-

1062 2642 1181 2683 vium
1222 2645 1516 2695 supernorum
1555 2641 1770 2694 perducat
1810 2655 1891 2684 nos

1062 2699 1161 2740 Rex
1179 2699 1462 2750 Angelorum.
1488 2699 1538 2750 R.
1557 2698 1712 2739 Amen.
