2028 2892
706 159 817 194 Feriu
843 166 951 196 sexta
977 163 1025 196 ad
1050 163 1286 198 Matutinum.
1795 161 1837 196 91

140 248 379 290 solationes
407 253 496 290 tuae
519 249 853 294 laetificaverunt
878 253 965 294 ani-

139 317 256 345 mam
281 317 436 346 meam.

190 360 418 412 Numquid
436 360 633 403 adhaeret
650 362 729 404 tibi
743 363 871 405 sedes
889 364 966 404 ini-

141 415 333 472 quitatis:
366 418 391 443 *
426 417 500 468 qui
531 417 659 469 fingis
692 418 890 461 laborem
922 420 966 460 in

139 471 391 524 praecepto?

191 527 441 580 Captubunt
467 528 511 569 in
539 528 727 570 {mimam
745 531 858 582 justi:
881 532 904 559 *
923 535 966 572 et

138 583 395 681 {anguinem
413 584 691 627 innocentem
706 586 965 628 condemna-

170 644 258 681 unt.

191 695 250 736 Et
276 695 418 737 factus
453 700 521 737 est
548 696 654 737 mihi
680 697 894 739 Dominus
922 699 967 739 in

140 751 368 802 refugium:
400 753 424 779 *
452 756 496 795 et
523 752 646 794 Deus
673 766 796 794 meus
822 754 867 795 in
894 754 966 795 ad-

139 807 345 859 jutorium
372 808 467 860 spei
494 821 616 850 meae.

190 863 248 904 Et
267 863 426 905 reddet
449 864 534 905 illis
556 864 831 916 iniquitatem
852 864 966 916 ipso-

139 931 250 960 rum:
278 923 323 961 et
353 919 398 960 in
424 920 591 961 malitia
619 922 771 962 eorum
802 920 966 972 dispor-

140 974 216 1016 det
247 987 343 1017 eos:
374 975 399 1001 *
426 975 656 1028 disperdet
688 976 786 1018 illos
818 976 967 1018 Domi-

139 1043 221 1072 nus
246 1029 368 1073 Deus
395 1036 558 1073 noster.

195 1089 296 1130 Ant.
325 1087 592 1130 Benedictus
612 1088 826 1130 Dominus
845 1088 890 1129 in
913 1101 967 1129 ae-

139 1143 323 1185 ternum.

194 1199 292 1240 Ant.
327 1199 523 1241 Cantute.

406 1256 605 1297 Psalmus
634 1257 700 1296 95.

217 1313 365 1353 antate
401 1312 593 1353 Domino
638 1312 857 1353 canticum
896 1324 968 1352 no-

243 1380 360 1408 vum:
378 1368 402 1394 *
422 1369 598 1409 cantate
615 1368 807 1409 Domino
827 1367 969 1409 omnis

139 1426 268 1465 terra.

192 1478 376 1521 CantAte
407 1478 614 1528 Domino,
647 1483 691 1520 et
721 1478 968 1520 bened1'cite

140 1535 306 1576 nomini
333 1536 442 1587 ejus:
469 1536 494 1562 *
521 1534 776 1576 annuntiate
808 1534 863 1576 de
897 1534 968 1576 die

139 1591 184 1632 in
211 1590 330 1633 diem
356 1590 548 1633 salutare
576 1591 678 1642 ejus.

192 1646 462 1688 Annuntiute
475 1647 590 1688 inter
603 1646 769 1687 Gentes
783 1646 969 1697 gloriam

141 1703 248 1755 eius,
279 1703 303 1730 *
334 1703 379 1743 in
407 1702 611 1745 omnibus
637 1702 814 1754 populis
842 1702 968 1743 mira-

139 1758 245 1801 bffia
273 1759 375 1811 eius.

193 1814 412 1865 Quoniam
442 1826 626 1865 magnus
656 1814 889 1865 Dominus,
924 1818 969 1855 et

140 1869 373 1912 laudabilis
409 1870 555 1911 nimis:
593 1871 617 1897 *
654 1868 862 1911 terribilis
902 1874 968 1911 est

141 1938 274 1978 super
301 1938 453 1967 omnes
481 1925 601 1968 deos.
916 1976 922 1983 ἢ

193 1982 412 2032 Quoniam
426 1994 577 2023 omnes
593 1980 652 2022 dii
663 1981 871 2022 Gentium
881 1980 966 2022 dae-

140 2037 303 2079 monia:
337 2039 361 2066 *
397 2037 613 2078 Dominus
649 2041 795 2078 autem
830 2036 967 2078 coelos

141 2093 255 2135 fecit.

194 2149 433 2199 Confessio,
448 2153 491 2190 et
511 2147 793 2201 pulchritudo
807 2147 852 2188 in
867 2159 966 2188 eon-

142 2206 296 2256 spectu
322 2205 430 2256 ejus:
454 2206 479 2232 *
504 2204 791 2245 sanctimonia
814 2207 857 2244 et
880 2215 966 2243 ma-

141 2260 391 2311 gnificentia
418 2260 463 2301 in
495 2260 837 2302 sanctificatione
865 2259 967 2310 ejus.

189 2315 358 2358 Afferte
372 2316 564 2357 Domino
579 2316 736 2368 patriae
751 2314 967 2363 Gentium,

142 2370 296 2413 afforte
322 2372 514 2413 Domino
542 2371 729 2422 gloriam
760 2374 804 2411 et
832 2369 966 2410 hono-

142 2438 249 2468 rem:
268 2428 292 2455 *
310 2427 463 2469 afferte
481 2427 673 2469 Domino
691 2425 876 2478 gloriam
892 2426 966 2465 no-

141 2482 248 2524 mini
276 2483 378 2534 ejus.

195 2538 358 2580 Tollite
398 2538 584 2589 hostias,
622 2544 666 2581 et
707 2539 884 2580 introite
923 2537 967 2578 in

143 2594 255 2636 atria
278 2595 384 2646 ejus:
407 2595 431 2622 *
456 2595 639 2636 adorute
659 2594 897 2636 Dominum
924 2592 967 2633 in

143 2650 256 2693 atrio
283 2654 436 2693 sancto
465 2651 566 2702 ejus,

1069 255 1407 298 Commoveutur
1437 270 1463 299 a
1493 258 1603 299 facie
1632 259 1722 310 ejus
1750 259 1837 300 uni-

1018 312 1144 352 vorsa
1170 315 1303 353 terra:
1331 314 1355 340 *
1386 312 1517 355 dicite
1547 314 1592 354 in
1625 314 1838 356 Gentibus

1019 366 1121 417 quia
1147 367 1360 409 Dominus
1387 370 1593 420 regnavit.

1069 423 1245 464 Etenim
1285 424 1476 466 correxit
1516 425 1667 467 orbem
1707 430 1837 467 terrae

1020 479 1093 530 qui
1125 491 1212 520 non
1240 480 1599 522 commovebitur:
1630 482 1654 509 *
1681 481 1837 532 iudica-

1017 533 1082 575 bit
1109 535 1299 586 populos
1326 535 1370 575 in
1397 536 1615 587 aequitate.

1070 589 1294 631 Laetentur
1313 591 1423 641 coeli,
1445 597 1488 633 et
1505 592 1692 633 exsultet
1709 596 1838 633 terra:

1019 649 1347 687 commoveatur
1374 660 1508 696 mare,
1543 653 1586 689 et
1611 648 1837 699 plenitudo

1020 702 1127 753 ejus:
1147 702 1170 728 *
1188 701 1441 752 gaudebunt
1462 703 1616 755 campi,
1634 707 1676 745 et
1696 705 1838 745 omnia

1020 769 1120 808 quae
1147 757 1191 797 in
1219 757 1280 798 eis
1308 763 1419 800 sunt.

1071 813 1196 854 Tune
1230 814 1507 855 exsultabunt
1544 815 1687 856 omnia
1726 816 1840 866 ligna

1020 868 1228 909 silvarum
1252 881 1277 909 a
1298 869 1408 911 facie
1431 870 1617 919 Domini,
1646 871 1747 922 quia
1771 883 1839 912 ve-

1020 924 1097 965 nit:
1122 925 1145 951 *
1173 924 1379 976 quoniam
1402 925 1520 967 venit
1544 926 1733 977 judicare
1758 931 1839 968 ter-

1019 992 1123 1020 ram.

1071 1035 1293 1078 Judieabit
1319 1037 1471 1079 orbem
1496 1040 1625 1079 terrae
1648 1038 1692 1078 in
1712 1037 1840 1089 aequi-

1020 1093 1121 1142 tute,
1139 1093 1164 1120 *
1190 1097 1233 1133 et
1260 1092 1450 1144 populos
1476 1092 1520 1133 in
1544 1093 1726 1135 veritate
1754 1105 1841 1134 sua.

1287 1148 1485 1190 Psalmus
1514 1150 1579 1190 96.

1023 1201 1281 1307 Dominus
1295 1204 1504 1254 regnavit,
1516 1204 1704 1246 exsultet
1712 1209 1841 1246 terra:

1143 1259 1167 1286 *
1195 1259 1398 1301 laetontur
1425 1260 1578 1300 insulae
1605 1260 1765 1301 multae.

1072 1315 1235 1365 Nubes,
1255 1321 1299 1357 et
1317 1316 1457 1367 caligo
1474 1315 1518 1356 in
1537 1316 1719 1357 circuitu
1737 1317 1841 1368 ejus:

1021 1372 1045 1399 *
1080 1371 1259 1423 justitia,
1301 1376 1345 1413 et
1385 1371 1589 1423 judicium
1626 1372 1839 1414 eorrectio

1021 1426 1139 1468 sedis
1168 1427 1270 1478 ejus.

1072 1482 1191 1533 Ignis
1229 1486 1327 1523 ante
1367 1482 1509 1533 ipsum
1544 1481 1783 1533 praecedet,
1817 1482 1840 1507 *

1022 1542 1065 1579 et
1091 1537 1331 1579 infiaffiubit
1362 1537 1405 1577 in
1433 1537 1615 1578 circuitu
1641 1537 1839 1578 inimicos

1022 1605 1122 1644 ejus.

1071 1648 1312 1690 Illuxerunt
1334 1647 1506 1698 fulgura
1528 1648 1617 1699 ejus
1641 1646 1737 1688 orbi
1757 1651 1840 1688 ter-

1021 1717 1096 1745 rae:
1117 1706 1141 1732 *
1163 1703 1283 1754 vidit,
1308 1708 1352 1745 et
1375 1705 1594 1745 commota
1621 1707 1688 1744 est
1714 1707 1840 1744 terra.

1070 1760 1260 1809 Montes,
1293 1760 1406 1801 sicut
1439 1771 1540 1800 cera
1570 1758 1789 1799 fluxerunt
1815 1771 1840 1799 a

1020 1816 1130 1857 facie
1165 1815 1356 1856 Domini:
1393 1816 1418 1843 *
1454 1827 1479 1855 a
1514 1814 1624 1855 facie
1663 1814 1840 1855 Domini

1021 1871 1162 1913 omnis
1189 1876 1317 1912 terra.

1070 1926 1449 1968 Annuntiaverunt
1492 1925 1592 1966 coeli
1636 1925 1839 1977 justitiam

1020 1984 1125 2035 eius:
1156 1983 1181 2009 *
1212 1986 1256 2023 et
1283 1981 1485 2023 viderunt
1512 1993 1661 2022 omnes
1688 1979 1838 2032 populi

1018 2038 1202 2089 gloriam
1229 2037 1329 2088 ejus.

1072 2092 1402 2135 Confunduntur
1441 2103 1606 2140 omnes,
1652 2090 1725 2141 qui
1747 2089 1837 2130 ·ad-

1020 2151 1146 2190 orant
1170 2147 1404 2200 sculptilia:
1436 2147 1460 2174 *
1487 2150 1530 2187 et
1555 2146 1638 2200 quiv
1654 2144 1836 2196 glorian-

1018 2209 1090 2246 tur
1117 2204 1161 2245 in
1187 2203 1429 2245 simulacris
1457 2201 1555 2242 suis.
1632 2200 1635 2204 “

1070 2259 1267 2301 Αᾱοτέιῒε
1284 2271 1382 2300 eum
1399 2269 1547 2298 omnes
1562 2255 1719 2306 Angeli
1734 2257 1837 2307 ejus:

1019 2316 1044 2342 *
1071 2314 1249 2364 audivit,
1277 2318 1320 2356 et
1345 2313 1493 2354 laetata
1521 2315 1587 2352 est
1613 2311 1727 2352 Sion.

1071 2371 1129 2411 Et
1161 2369 1487 2411 exsultaverunt
1516 2366 1619 2407 fssiae
1646 2366 1671 2406 J
1671 2366 1787 2416 udae,
1814 2367 1838 2392 *

1019 2430 1203 2477 propter
1231 2423 1387 2476 judicia
1413 2426 1488 2463 tua
1515 2421 1715 2462 Domine:

1072 2480 1286 2530 Quoniam
1303 2483 1351 2520 tu
1363 2477 1575 2518 Dominus
1590 2476 1837 2518 Altissimus

1020 2549 1151 2588 super
1178 2546 1351 2577 omnem
1373 2537 1546 2573 terram:
1570 2533 1594 2559 *
1616 2532 1742 2572 nimis
1767 2544 1836 2573 ex-

1020 2592 1179 2633 altatus
1207 2603 1253 2631 es
1281 2600 1412 2639 super
1439 2600 1589 2628 omnes
1617 2587 1735 2628 deos.

986 2618 1000 2699 Ι“
1073 2645 1156 2696 Qui
1171 2643 1347 2694 diligitis
1361 2642 1606 2692 Dominum,
1621 2642 1740 2683 odite
1751 2653 1835 2681 ma-
