2066 2904
676 183 744 216 Die
775 184 822 216 18.
850 183 948 221 Maii.
997 183 1030 214 5.
1059 180 1235 214 Venantii
1262 181 1451 224 Martyris

201 276 441 317 ctissimum
466 274 755 315 Eucharistiae
783 276 1026 315 sacramen-

198 337 290 372 tum
327 329 502 371 difficile
540 329 661 371 dictu
697 334 765 371 est
798 341 929 381 quam
961 342 1024 370 ar-

198 385 318 427 denti
339 387 562 427 teneretur
585 385 834 426 devotionis
853 383 1023 434 affectu,

199 454 329 494 quem
348 441 578 483 defunctus
598 441 729 482 etiam
747 441 790 481 in
811 440 1025 482 cadavere

198 497 384 538 retinere
412 497 531 537 visus
560 502 642 546 est,
678 495 782 538 dum
809 497 954 548 jacens
982 496 1025 536 in

197 553 358 594 feretro
382 551 439 594 ad
464 565 602 594 sacrae
622 552 794 593 Hostiae
819 551 1024 593 elevatio-

198 621 298 650 nem
318 608 387 650 bis
412 608 564 649 oculos
587 608 815 657 reseravit,
843 612 887 648 et
910 606 1023 648 clau-

198 665 268 713 sit,
300 676 457 715 magna
490 665 697 713 omnium,
730 664 803 715 qui
831 663 1023 713 aderant,

198 719 495 761 admirati6ne.
551 718 759 772 Ejusdem
794 719 1025 760 veritatem

196 776 309 817 inter
332 775 564 817 haereticos
588 775 764 827 publice
790 775 1024 827 palamque

197 832 438 884 professus,
463 832 600 873 multa
619 836 663 873 et
680 831 830 882 gravia
849 830 907 872 ob
928 844 1025 872 eam

198 900 374 929 causam
383 889 620 940 perpessus
632 893 714 928 est:
724 887 880 929 crebro
894 887 1024 928 etiam

198 943 256 985 ad
270 956 422 985 necem
436 945 610 996 petitus,
629 942 709 984 sed
723 943 931 994 singulari
941 943 1025 984 Dei

196 999 472 1052 providentia
497 999 552 1040 ab
571 999 805 1051 impierum
822 998 1024 1040 manibus

197 1057 384 1107 ereptus.
403 1055 530 1107 Saepe
541 1055 654 1096 inter
665 1054 880 1096 orandum
891 1055 1023 1096 emni-

197 1110 280 1151 bus
302 1110 623 1152 destituebatur
647 1110 864 1160 sensibus,
891 1110 1023 1152 dulei-

198 1179 282 1218 que
327 1166 560 1217 languebat
606 1167 767 1208 amoris
814 1167 1024 1218 deliquio:

197 1234 285 1274 quo
302 1223 502 1274 tempore
517 1222 742 1264 coelestem
756 1222 874 1264 illam
889 1223 1021 1263 scien-

196 1278 302 1319 tiam
321 1278 518 1319 hausisse
539 1278 731 1320 creditus
749 1284 826 1328 est,
848 1291 934 1330 qua
948 1278 1024 1319 ho-

196 1346 268 1374 mo
288 1333 428 1383 rudis,
453 1339 497 1375 et
515 1334 762 1384 illiteratus,
790 1334 846 1376 de
864 1336 1022 1386 myste-

196 1389 270 1430 riis
303 1389 406 1430 fidei
443 1388 706 1431 difficillimis
743 1390 1023 1442 respondere,

196 1451 328 1497 atque
350 1444 518 1497 aliquot
537 1446 668 1486 etiam
685 1445 821 1487 libros
837 1448 1023 1487 conscri-

196 1500 300 1542 bere
323 1501 478 1553 potuit.
515 1501 717 1553 Denique
739 1502 908 1543 meritis
933 1501 1021 1554 ple-

196 1569 292 1606 nus,
317 1556 486 1606 eadem,
512 1570 598 1608 qua
616 1557 885 1609 praedixerat
903 1557 1023 1607 hora,

196 1612 378 1653 feliciter
396 1613 598 1663 migravit
613 1612 669 1654 ad
683 1614 931 1663 Dominum,
951 1626 1021 1654 an·

195 1680 253 1708 no
285 1667 437 1709 salutis
470 1668 700 1710 millesimo
730 1670 1021 1722 quingentesi—

196 1735 268 1764 mo
283 1724 566 1774 nonagesimo
582 1725 787 1775 secundo,
808 1730 933 1767 sexto
950 1725 1022 1767 de-

197 1779 311 1820 cimo
331 1778 555 1821 Kalendas
573 1781 703 1830 Junii,
732 1781 904 1832 eodem,
933 1794 1021 1834 quo

196 1838 324 1875 natus
343 1835 500 1884 fuerat,
519 1835 632 1877 festo
651 1837 938 1879 Pentecostes
958 1850 1021 1879 re-

197 1891 414 1939 currente,
439 1903 598 1932 annum
624 1904 757 1943 agens
781 1893 1022 1935 secundum

197 1958 329 1997 supra
375 1946 794 1999 quinquagesimum.
854 1949 1021 1999 Quibus

196 2000 380 2052 aliisque
423 2002 657 2044 virtutibus
697 2005 925 2055 insignem,
970 2018 1022 2047 ac

196 2056 414 2098 miraculis
439 2062 530 2099 tam
555 2058 598 2099 in
622 2060 728 2109 vita,
764 2073 895 2113 quam
918 2067 1022 2113 post

195 2117 383 2153 mortem
419 2112 598 2163 clarum,
643 2115 804 2157 Paulus
846 2117 1022 2169 quintus

196 2167 399 2210 Pentifex
435 2169 651 2211 Maximus
686 2171 807 2213 illum
844 2172 1022 2214 beatum

197 2223 450 2275 appellavit:
469 2224 722 2268 Alexander
740 2233 886 2269 autem
905 2230 1021 2270 octa-

197 2291 277 2319 vus
294 2282 543 2322 sanctorum
559 2282 762 2333 catalogo
779 2283 1022 2336 adscripsit.

247 2345 296 2394 R·-
325 2350 416 2391 Iste
434 2350 578 2394 homo.
597 2351 681 2404 [89]

251 2419 290 2452 In
314 2419 375 2453 ΠΙ.
397 2420 506 2454 Noet.
537 2421 676 2455 Ilomil.
705 2423 741 2456 in
766 2424 909 2467 Evang.
938 2427 1022 2462 Sint

198 2465 328 2502 lumbi.
350 2467 395 2501 de
420 2469 554 2502 codem
580 2469 723 2503 Comm.
753 2471 777 2504 1.
800 2472 894 2506 loco.
921 2472 991 2517 [91]

252 2521 431 2564 vespm-22·
473 2535 492 2556 a
532 2524 653 2567 Capit.
699 2526 745 2559 de
786 2537 889 2570 sequ.
934 2540 1017 2562 cum

199 2579 390 2603 commem.
419 2572 578 2612 pra-ced.

560 2660 577 2663 ff
592 2660 661 2667 *tv-A
685 2661 712 2667 Ὢ,

1347 273 1431 314 Die
1451 273 1510 313 18.
1528 271 1640 322 Maii.

1229 337 1271 378 S.
1289 335 1532 378 venantii
1546 332 1761 383 Martyris.

1404 393 1569 436 Duplex.

1130 451 1266 484 Omnia
1311 450 1357 483 de
1397 449 1600 483 Communi
1643 449 1757 482 nnius
1797 448 1903 481 Mart.

1076 504 1188 541 temp.
1215 498 1350 531 Pasch.
1374 497 1446 541 [38]
1469 502 1610 538 praetcr
1634 507 1739 539 sequ.

1127 547 1165 580 Si
1207 546 1281 579 hoc
1321 545 1460 579 festum
1500 545 1576 578 alia
1616 544 1678 578 die
1718 542 1905 578 celebrari

1077 594 1297 635 contigerit,
1331 598 1366 626 et
1403 593 1437 625 in
1468 592 1494 625 I.
1525 592 1640 634 Vesp.
1669 602 1746 626 non
1776 592 1825 625 sit
1853 591 1906 625 sa-

1076 642 1253 675 ciendum
1300 652 1320 674 a
1361 640 1559 683 Capitulo,
1605 644 1695 673 tunc
1738 649 1905 682 sequens

1076 689 1251 732 Hymnus
1279 688 1424 734 Martyr
1439 690 1523 734 Dei,
1547 686 1734 721 dicendus
1760 687 1831 721 erit
1856 687 1905 721 ad

1075 736 1303 770 Matutinum
1316 736 1548 777 conjunctim
1563 745 1648 768 cum
1661 735 1737 768 alio
1750 735 1905 779 Hymno

1076 784 1232 819 Athleta
1261 783 1408 819 Christi
1442 783 1513 817 sub
1544 793 1618 816 una
1654 783 1904 816 conclusione

1076 831 1135 866 Sit
1170 831 1256 866 laus
1289 831 1407 869 Patri.
1456 831 1567 864 Alias
1608 831 1759 864 dicatur
1791 835 1907 873 prout

1076 879 1174 912 infra
1199 880 1369 921 positum
1395 885 1461 914 cst.

1297 955 1359 995 In
1377 954 1414 996 1.
1435 955 1687 1005 vesperis.

1382 1010 1596 1062 Hymnus.

1237 1075 1357 1123 artyr
1375 1071 1461 1113 Dei
1478 1072 1734 1123 Venantius,

1252 1127 1349 1168 Lux
1368 1132 1413 1169 et
1432 1126 1567 1170 decus
1587 1128 1864 1179 Camertium,

1180 1184 1371 1225 Tortere
1390 1185 1509 1226 victo
1530 1189 1574 1226 et
1589 1185 1744 1237 judice,

1180 1240 1331 1282 Laetus
1349 1241 1620 1294 triumphum
1638 1241 1840 1284 cencinit.

1132 1304 1271 1346 Annis
1291 1317 1410 1358 puer,
1429 1311 1533 1358 post
1553 1306 1736 1357 vincula,

1179 1361 1289 1402 Post
1308 1363 1520 1412 carceres,
1538 1367 1645 1415 post
1662 1363 1860 1412 verbera,

1179 1417 1332 1468 Longa
1351 1418 1465 1460 fame
1484 1418 1771 1461 frementibus

1181 1473 1315 1515 Cibus
1335 1473 1466 1515 datur
1482 1474 1696 1517 leenibus.

1129 1537 1218 1579 Sed
1238 1538 1329 1589 ejus
1346 1538 1610 1581 innocentiae

1178 1593 1326 1636 Parcit
1343 1594 1521 1636 leenum
1538 1594 1800 1645 immanitas,

1178 1649 1411 1702 Pedesque
1430 1650 1631 1693 lambunt
1649 1651 1868 1703 Martyris,

1178 1705 1263 1746 Irae
1282 1705 1497 1758 famisque
1515 1707 1806 1749 immemores.

1129 1771 1270 1811 Verso
1291 1769 1499 1812 deorsum
1517 1771 1683 1813 vertice

1181 1825 1370 1868 Haurire
1387 1826 1555 1868 fumum
1572 1827 1756 1879 cogitur:

1180 1881 1338 1923 Costas
1356 1884 1578 1935 utrimque
1597 1888 1641 1924 et
1659 1885 1831 1924 viscera

1180 1937 1400 1980 Succensa
1416 1938 1588 1991 lampas
1606 1938 1785 1980 ustulat.

1124 2001 1190 2043 Sit
1207 2001 1303 2044 laus
1321 2003 1454 2054 Patri,
1474 2003 1530 2045 sit
1547 2003 1673 2054 Filio,

1180 2058 1370 2110 Tibique
1389 2063 1541 2101 sancte
1558 2059 1762 2112 Spiritus:

1178 2114 1248 2155 Da
1266 2127 1347 2167 per
1364 2128 1520 2168 preces
1539 2115 1749 2160 Venantii

1179 2170 1319 2212 Beata
1336 2171 1466 2213 nobis
1485 2171 1656 2223 gaudia.
1683 2171 1838 2214 Amen.

1125 2221 1176 2275 V.
1197 2226 1346 2268 Sancti
1365 2232 1410 2269 et
1425 2227 1525 2279 justi
1538 2227 1583 2268 in
1596 2227 1789 2270 Demino
1804 2240 1906 2280 gau-

1077 2279 1194 2330 dete,
1222 2282 1405 2335 alleluja.
1437 2285 1488 2337 Rg.
1511 2283 1608 2325 Vos
1618 2283 1766 2336 .elegit
1782 2283 1906 2325 Deus

1075 2336 1120 2377 in
1138 2336 1441 2380 haereditatem
1462 2338 1557 2388 sibi,
1575 2339 1758 2392 alleluja.

1127 2396 1198 2436 Ad
1222 2397 1396 2445 Magnis.
1435 2397 1532 2438 Ant.
1569 2396 1668 2437 Lux
1689 2396 1906 2449 perpetua

1075 2447 1239 2490 lucebit
1262 2450 1425 2492 sanctis
1445 2452 1533 2493 tuis
1551 2451 1756 2501 Domine,
1782 2455 1826 2492 et
1849 2463 1905 2492 ae·

1075 2504 1257 2545 ternitas
1275 2507 1536 2558 temporum,
1555 2506 1737 2559 alleluja.

1413 2564 1576 2604 Oratio.

1076 2614 1256 2718 Deus,
1292 2617 1367 2668 qui
1395 2617 1511 2661 hunc
1535 2618 1654 2661 diem
1677 2618 1798 2661 beati
1819 2619 1904 2662 Ve-

1179 2673 1315 2714 nantii
1345 2673 1550 2727 Martyris
1586 2675 1650 2716 tui
1681 2674 1905 2728 triumpho
