2066 2956
415 193 483 226 Dic
507 194 535 226 Γ).
562 192 667 226 Febr.
716 195 770 226 Ss.
796 193 941 233 Viginti
966 204 1033 227 sex
1058 194 1263 235 Martyrum
1289 194 1574 235 -Japoucusiuiu

149 289 270 328 sama
289 286 313 327 J
314 284 598 339 aponensium
621 283 859 335 imperator
878 283 969 336 plu-

147 343 232 384 ries
255 343 474 384 minitatus
500 341 667 389 fuisset,
697 352 744 380 se
764 339 970 392 Philippi—

148 412 226 440 nas
246 398 406 439 insulas
425 397 467 438 in
494 409 616 437 suam
640 395 850 437 ditionem
877 395 970 436 red-

148 458 366 503 acturum,
408 453 575 495 censuit
617 451 856 493 cathelicus
896 452 970 492 Hi-

149 511 396 564 spaniarum
421 522 498 550 rex
523 508 694 559 aliquos
719 521 809 548 suae
835 508 970 549 natio-

147 568 213 608 nis
251 566 480 617 religiosos
517 565 635 605 viros
667 564 709 604 in
741 564 970 616 Japoniam

147 626 336 672 mittere,
367 622 488 672 regio
521 620 764 670 legatomm
791 623 969 660 munere

148 681 348 727 ornatos,
399 677 454 718 ad
498 689 653 729 pacem
697 676 969 717 Taicosamae

148 733 425 775 suadendam.
479 733 594 774 Huic
624 731 747 784 operi
775 731 970 772 delectus

148 796 215 832 est
242 791 373 831 frater
399 790 555 830 Petrus
582 788 800 840 Baptista,
831 790 969 828 sacer-

149 846 229 888 dos
275 859 329 887 ex
375 844 527 886 erdine
571 843 788 884 Minerum
833 843 969 884 sancti

147 902 367 943 Francisci
409 900 637 942 strictioris
678 899 969 940 observantiae

149 957 525 1006 discalceatorum‚
550 968 720 997 morum
740 955 969 996 sanctitate

149 1019 192 1055 et
221 1012 420 1055 doctrina
446 1011 642 1062 insignis:
675 1011 743 1052 cui
776 1010 847 1051 alii
880 1009 971 1051 dati

148 1074 247 1111 sunt
274 1069 380 1110 socii
405 1081 459 1110 ex
487 1067 643 1109 eodem
671 1067 833 1108 Ordine.
888 1066 970 1116 Qui

149 1138 299 1167 omnes
326 1124 587 1175 legationem
614 1122 725 1164 hanc
753 1135 805 1163 eo
827 1134 968 1163 susce-

147 1183 305 1235 perunt
325 1180 485 1230 animo,
507 1183 556 1220 ut
574 1178 674 1220 inde
695 1178 971 1220 occasionem

148 1240 389 1290 arriperent
415 1235 699 1286 Evangelium
725 1234 809 1274 illis
837 1234 969 1284 genti-

147 1293 229 1335 bus
260 1291 547 1346 praedicandi;
581 1291 681 1343 quia
712 1289 971 1343 Apostolica

148 1349 371 1402 pollebant
393 1348 651 1390 auctoritate
675 1346 731 1388 ad
752 1346 884 1388 fidem
903 1359 969 1387 ca-

148 1406 355 1447 thelicam
378 1403 496 1458 apud
519 1403 654 1444 Indos
681 1408 723 1445 et
741 1404 884 1444 Sinica
907 1415 969 1444 re-

148 1474 233 1513 gna
251 1459 628 1503 disseminandam.
663 1459 722 1500 Hi
744 1458 800 1501 ad
823 1459 970 1500 littora

148 1518 345 1570 Japc'miae
376 1516 566 1570 appulsi,
606 1521 649 1557 et
681 1529 760 1557 suo
792 1519 970 1556 manere

149 1574 330 1615 feliciter
348 1573 498 1622 functi,
523 1572 579 1614 ad
598 1572 818 1623 religienis
836 1572 974 1612 incre-·

148 1632 353 1680 mentum,
370 1630 414 1670 in
431 1635 602 1682 partem
615 1628 779 1670 laboris
795 1628 888 1669 aliis
904 1630 970 1668 so-

151 1687 227 1728 ciis
260 1686 457 1735 adscitis,
490 1686 681 1726 animum
714 1698 840 1726 suum
872 1697 971 1725 con-

149 1744 382 1784 verterunt.

202 1801 250 1850 152
285 1799 431 1840 Sancti
461 1798 525 1840 tui
556 1797 742 1838 Domine
773 1796 972 1838 mirabile

150 1855 373 1897 conseciiti
387 1860 488 1896 sunt
500 1855 593 1905 iter,
609 1854 848 1896 servientes
863 1866 972 1905 prae-

150 1911 289 1963 ceptis
313 1911 416 1961 tuis,
448 1916 496 1953 ut
525 1910 819 1951 invenirentur
846 1909 971 1950 illaesi

148 1966 192 2007 in
221 1968 344 2019 aquis
371 1966 543 2017 validis;
567 1974 584 1991 ⁸
607 1966 745 2007 Terra
771 1965 972 2018 apparuit

151 2022 284 2072 arida,
305 2028 347 2064 et
364 2023 409 2063 in
423 2023 533 2064 Mari
551 2022 685 2064 rubro
700 2022 769 2063 via
788 2022 879 2062 sine
898 2022 972 2061 im-

150 2078 413 2131 pedimento.
451 2076 495 2125 V·
525 2079 738 2130 Quoniam
756 2078 972 2131 permissit

150 2140 334 2187 petram,
359 2140 402 2177 et
421 2136 637 2177 fluxerunt
656 2147 799 2186 aquae,
825 2139 868 2176 et
885 2139 971 2175 tor-

150 2193 294 2233 rentes
313 2192 640 2234 inundaverunt.
670 2191 819 2232 Terra.

459 2248 608 2287 Lectio
631 2262 663 2284 v.

252 2303 353 2345 ultis
372 2303 557 2356 proinde
572 2301 868 2350 xenodochiis,
888 2314 971 2342 coe-

265 2360 406 2401 nobiis
426 2365 469 2401 et
489 2359 683 2401 ecclesiis
702 2371 782 2411 per
802 2357 973 2399 diversa

151 2415 248 2456 loca
278 2415 513 2456 christiano
544 2416 629 2456 ritu
657 2413 868 2462 excitatis,
896 2411 972 2454 ibi-

153 2483 237 2523 que
272 2484 351 2524 per
386 2471 618 2513 triennium
652 2468 972 2522 praedicationi,

152 2527 335 2577 jejuniis,
370 2527 546 2578 vigiliis,
585 2525 787 2578 precibus
819 2524 973 2575 iugiter

152 2582 369 2632 instando,
397 2588 528 2634 atque
556 2583 791 2632 egenorum
818 2585 861 2621 et
885 2579 972 2619 lan-

153 2638 376 2687 guentium
403 2638 608 2679 aerumnis
639 2637 750 2677 miro
779 2635 972 2676 caritatis

153 2692 309 2735 ardore
328 2685 635 2742 subveniendo,
656 2697 699 2733 et
712 2691 864 2732 fideles
878 2690 971 2743 plu-

1750 188 1843 231 [279]

1023 283 1156 324 rimos
1183 283 1226 323 in
1254 284 1323 324 via
1347 284 1498 325 salatis
1524 285 1843 332 confirmarunt,

1024 344 1067 379 et
1083 339 1246 380 Gentes
1261 340 1507 381 innumeras
1525 340 1768 393 perduxere
1788 339 1844 381 ad
1888 387 1889 390 Ἴ

1023 393 1165 435 fidem.
1220 396 1314 445 Qua
1347 394 1401 437 de
1434 409 1480 438 re
1511 397 1700 447 graviter
1728 409 1842 438 com-

1022 450 1129 492 moti
1157 451 1348 492 inanium
1371 451 1552 493 deorum
1580 451 1844 502 sacerdotes,

1022 507 1331 559 imperatorem
1385 509 1661 558 conveniunt,
1717 511 1844 560 eique

1022 562 1289 615 persuadent
1320 564 1548 616 imperium
1581 564 1654 605 diu
1682 564 1843 605 incolu-

1022 631 1091 659 me
1123 631 1210 660 non
1242 619 1449 669 futarum,
1487 620 1530 660 ni
1563 620 1842 661 christianam

1022 674 1275 725 religionem
1310 674 1502 727 undique
1533 676 1786 727 gliscentem
1819 689 1844 717 a

1023 732 1112 771 suis
1132 731 1289 772 finibus
1304 732 1646 784 propulsandam
1662 735 1845 774 curaret.

1023 787 1150 828 Vano
1177 787 1252 828 illo
1276 788 1433 829 timore
1457 789 1685 841 percfilsus
1712 789 1844 840 impe-

1022 845 1151 892 rator,
1171 843 1317 884 statim
1337 844 1459 895 jussit
1478 845 1707 895 religiosos
1727 845 1843 886 viros

1023 903 1246 950 tamquam
1268 900 1505 950 majestatis
1530 913 1630 941 reos
1649 900 1844 950 detineri,

1024 954 1219 1006 dixitque
1245 955 1288 995 in
1315 968 1391 996 eos
1418 956 1676 997 sententiam
1695 956 1845 997 crucis.

1024 1011 1189 1051 Praeter
1207 1011 1384 1052 Petrum
1398 1012 1642 1065 Baptistam
1662 1017 1706 1053 et
1726 1012 1845 1063 quin-

1025 1079 1108 1118 que
1125 1067 1268 1107 socios
1285 1068 1588 1119 comprehensi
1604 1067 1722 1108 fuere
1737 1068 1845 1108 Pau-

1022 1122 1089 1163 lus
1113 1122 1222 1163 Miki
1247 1135 1345 1164 cum
1372 1122 1544 1164 duobus
1568 1124 1698 1165 sociis
1717 1124 1844 1176 Japo-

1021 1179 1228 1219 nensibus
1266 1191 1319 1219 ex
1355 1179 1573 1221 Societate
1609 1180 1728 1229 Jesu,
1764 1192 1844 1221 nec

1022 1247 1110 1275 non
1127 1235 1331 1276 Tertiarii
1352 1234 1600 1287 quindecim
1619 1249 1672 1277 ex
1691 1235 1846 1277 eodem

1023 1290 1176 1332 ordine
1196 1290 1411 1332 Minorum
1430 1292 1454 1332 J
1457 1294 1714 1344 aponenses,
1741 1304 1844 1343 quo-

1023 1360 1118 1388 rum
1138 1347 1209 1387 alii
1228 1346 1508 1397 catechismo,
1539 1348 1611 1389 alii
1629 1348 1765 1389 sacris
1784 1348 1843 1389 of·

1023 1403 1133 1444 ficiis
1161 1403 1469 1453 inserviebant,
1504 1404 1660 1455 quibus
1687 1403 1774 1445 duo
1800 1405 1844 1444 in

1022 1459 1205 1500 vinculis
1224 1460 1517 1501 ministrantes
1537 1460 1710 1501 adaucti
1730 1465 1845 1511 sunt;

1023 1515 1294 1568 proindeque
1315 1529 1391 1557 sex
1411 1522 1454 1557 et
1472 1517 1623 1567 viginti
1645 1516 1845 1569 expletus

1024 1577 1090 1613 est
1108 1575 1322 1613 numerus.

1077 1635 1121 1683 R».
1162 1628 1361 1669 Verbera
1395 1628 1645 1669 carnificum
1677 1640 1763 1669 non
1794 1628 1844 1670 ti-

1023 1686 1225 1725 muerunt
1245 1685 1383 1725 sancti
1397 1685 1490 1733 Dei,
1509 1685 1746 1725 morientes
1762 1696 1844 1736 pro

1024 1741 1186 1782 Christi
1209 1741 1400 1790 nemine,
1421 1748 1439 1766 ²·
1467 1741 1526 1782 Ut
1549 1740 1747 1782 haeredes
1773 1741 1845 1781 fie-

1023 1801 1120 1838 rent
1139 1797 1183 1837 in
1203 1795 1334 1837 domo
1353 1796 1541 1837 Demini.
1570 1794 1615 1842 ,w
1637 1795 1845 1837 Tradide-

1024 1858 1123 1894 runt
1161 1855 1349 1904 cerpora
1381 1865 1458 1893 sua
1490 1859 1672 1905 propter
1704 1853 1846 1894 Deum

1025 1908 1081 1950 ad
1100 1908 1324 1961 supplicia.
1350 1909 1409 1950 Ut
1427 1908 1636 1949 haeredes.

1329 1966 1473 2005 Lectio
1497 1966 1543 2003 vi.

1026 2018 1179 2122 Post
1199 2020 1450 2062 diuturnum
1468 2020 1655 2061 carceris
1675 2018 1845 2070 squalo-

1129 2089 1221 2118 rem
1240 2076 1462 2117 fortissimi
1478 2075 1638 2116 Christi
1657 2074 1844 2124 athletae,

1025 2135 1220 2174 extrema
1260 2132 1444 2173 sinistrae
1486 2131 1601 2172 auris
1641 2135 1766 2183 parte
1801 2130 1845 2171 in

1023 2189 1242 2230 Meacensi
1290 2188 1386 2229 foro
1425 2187 1599 2240 publice
1637 2186 1844 2235 mulctati,

1023 2245 1227 2286 revinctis
1271 2248 1375 2296 post
1421 2248 1591 2294 tergum
1634 2241 1844 2292 manibus,

1024 2300 1098 2341 vili
1130 2301 1174 2341 in
1205 2300 1403 2352 plaustro
1430 2311 1510 2351 per
1538 2299 1629 2339 vias
1656 2298 1846 2350 primum

1024 2356 1148 2407 hujus
1166 2354 1437 2407 metrepolis‚
1464 2359 1556 2396 tum
1578 2353 1759 2394 aliarum
1777 2353 1802 2393 J
1804 2366 1844 2394 a·

1024 2413 1168 2464 poniae
1187 2411 1358 2452 urbium
1375 2412 1679 2451 sexcentorum
1693 2409 1843 2450 millia-

1025 2468 1188 2509 riorum
1207 2467 1360 2507 itinere
1379 2465 1592 2514 terrestri,
1619 2477 1705 2517 quo
1725 2465 1843 2516 igno-

1023 2524 1156 2564 minia
1187 2527 1230 2564 et
1260 2527 1402 2563 terror
1437 2521 1565 2562 latius
1594 2522 1842 2573 spargeren-

1024 2584 1104 2628 tur,
1124 2590 1289 2619 summa
1308 2577 1448 2618 hieme
1463 2576 1844 2618 circumducuntur

1024 2638 1247 2687 praeeunte
1282 2633 1452 2682 lictore,
1498 2645 1548 2674 ac
1586 2633 1844 2674 sententiam

1025 2691 1164 2731 crucis
1184 2690 1226 2730 in
1246 2701 1320 2730 eos
1338 2689 1611 2741 praeferente,
1636 2688 1755 2741 quod
1774 2690 1843 2730 ve-
