2028 2892
728 172 839 206 Feri-„l
863 184 895 206 Υ.
923 174 960 206 in
986 174 1106 207 Coena
1133 173 1297 206 Domini.

209 260 261 300 In
297 259 545 302 deficiendo
585 272 639 301 ex
676 272 748 301 me
785 261 987 312 spiritum

158 327 320 365 meum,
342 315 367 342 *
390 320 436 356 et
460 319 511 356 tu
537 316 783 366 cognovisti
809 317 986 358 semitas

158 383 290 412 meas.

209 427 262 467 In
291 427 364 468 via
394 426 493 476 hac,
527 439 615 479 qua
642 426 937 477 ambulabam,
963 428 987 454 *

157 481 483 524 absconderunt
500 482 707 535 laqueum
725 483 839 523 mihi.

211 537 558 580 Considerabam
584 537 641 579 ad
669 537 912 589 dexteram,
945 544 988 580 et

157 592 380 636 videbam:
397 595 422 622 *
441 599 485 636 et
507 607 597 636 non
621 599 715 636 erat
734 596 809 647 qui
828 597 987 645 cogne-

157 655 301 692 sceret
318 664 400 693 me.

207 706 342 748 Periit
371 707 476 759 fuga
506 721 532 748 a
562 720 648 757 me,
674 708 697 733 *
723 712 767 748 et
801 719 888 748 non
922 711 989 748 est

159 762 234 813 qui
254 765 448 815 requirat
467 764 657 806 animam
674 776 829 804 meam.

211 817 407 861 Clamavi
441 818 498 861 ad
524 824 570 861 te
595 819 802 868 Demine,
829 819 853 845 *
881 817 989 860 dixi:

158 873 228 915 Tu
246 887 294 916 es
313 887 417 928 spes
435 888 544 926 mea,
563 876 710 929 pertio
729 887 828 916 mea
844 875 889 915 in
904 879 987 916 ter-

157 942 207 970 ra
224 930 476 973 viventium.

209 985 394 1028 Intende
426 986 484 1029 ad
515 986 872 1040 deprecationem
900 999 987 1027 me-

159 1054 242 1082 am:
260 1043 285 1068 *
306 1043 407 1095 quia
424 1043 677 1084 humiliatus
696 1056 792 1084 sum
810 1043 949 1083 nimis.

209 1097 370 1140 Libera
387 1112 458 1140 me
477 1112 503 1140 a
520 1098 887 1152 persequentibus
903 1111 987 1139 me:

157 1154 182 1179 *
202 1154 305 1206 quia
322 1155 558 1196 confortati
577 1160 678 1196 sunt
697 1167 829 1207 super
847 1167 929 1195 me.

209 1209 335 1252 Educ
355 1211 411 1252 de
426 1210 627 1252 custedia
642 1211 832 1251 animam
845 1223 988 1251 meam

158 1265 216 1307 ad
244 1267 542 1308 confitendum
567 1267 732 1308 nemini
755 1271 847 1308 tuo:
870 1266 895 1292 *
918 1278 988 1306 me

158 1323 417 1375 exspectant
443 1323 559 1375 justi,
596 1321 738 1364 donec
771 1321 989 1363 retribuas

213 1409 313 1474 Ant.
329 1431 675 1475 Consideraba'm
685 1431 742 1473 ad
753 1431 989 1481 dexteram,

158 1493 204 1531 et
220 1487 442 1539 videbam,
475 1493 519 1531 et
546 1501 635 1530 non
663 1492 757 1529 erat
786 1488 861 1539 qui
889 1500 988 1538 cog-

157 1547 363 1587 nesceret
379 1557 461 1586 me.

213 1604 449 1648 Capitulum.
482 1604 658 1648 Hymnus
689 1607 726 1636 et
757 1597 798 1642 ST.
828 1612 905 1635 non
934 1601 987 1634 di-

161 1659 299 1687 cuntur
322 1653 361 1687 in
385 1654 459 1687 hoc
483 1652 622 1686 triduo.

213 1705 286 1746 Ad
318 1705 491 1755 Magnis.
545 1705 644 1744 Ant.
698 1701 987 1743 Coenantibus

158 1764 306 1802 autem
330 1759 434 1809 illis,
466 1758 638 1812 accepit
664 1758 689 1799 J
691 1771 791 1800 esus
818 1770 987 1810 panem,

159 1820 205 1858 et
234 1814 476 1865 benedixit,
512 1827 564 1856 ac
596 1814 741 1865 fregit,
778 1812 988 1866 deditque

159 1871 386 1924 discipulis
405 1871 504 1913 suis.

263 1942 488 1983 Canticum
518 1941 566 1979 Β.
595 1939 743 1979 Maria:
772 1938 889 1987 Virg.

462 1998 577 2031 Lucae
605 1996 631 2029 1.
657 2006 686 2029 c.

161 2041 471 2148 Magnificat
494 2047 519 2072 *
546 2046 691 2087 anima
716 2058 814 2087 mea
840 2045 988 2086 Demi-

284 2116 401 2144 num:

212 2160 271 2201 Et
295 2158 530 2200 exsultavit
555 2157 732 2210 spiritus
754 2168 877 2197 meus
895 2156 919 2182 *
944 2156 988 2196 in

161 2216 259 2258 Deo
279 2215 459 2256 salutari
477 2226 588 2255 meo.

1801 170 1864 204 231

1093 262 1204 311 Quia
1222 264 1415 315 respexit
1432 263 1719 307 humilitatem
1737 266 1864 307 ancil-

1039 317 1095 358 1ae
1124 331 1229 358 suae:
1252 319 1276 344 *
1300 331 1401 360 ecce
1429 321 1544 360 enim
1571 334 1625 362 ex
1653 321 1738 362 hoc
1764 321 1864 363 bea-

1041 377 1132 414 tam
1162 386 1232 415 me
1267 373 1413 415 dicent
1446 387 1597 417 omnes
1624 378 1864 428 generatio-

1041 442 1131 471 nes.

1094 489 1206 539 Quia
1238 490 1342 532 fecit
1373 491 1478 531 mihi
1503 504 1660 542 magna
1688 493 1761 545 qui
1787 505 1863 546 po·

1040 550 1138 587 tens
1158 550 1238 587 est:
1257 546 1280 571 *
1300 551 1344 587 et
1367 552 1564 588 sanctum
1586 560 1744 589 nomen
1764 550 1863 599 ejus.

1092 606 1149 647 Et
1172 606 1472 647 misericerdia
1496 609 1586 658 ejus
1610 621 1635 648 a
1657 609 1863 660 progenie

1040 662 1085 702 in
1104 662 1337 714 progenies
1355 662 1379 687 *
1399 663 1649 704 timentibus
1669 676 1777 705 cum.

1093 722 1216 763 Fecit
1238 723 1481 775 potentiam
1505 723 1549 763 in
1571 723 1751 765 brachio
1771 737 1864 765 suo:

1040 778 1064 803 *
1089 777 1296 830 dispersit
1321 778 1536 831 superbos
1555 784 1699 821 mente
1719 779 1863 820 cordis

1042 846 1118 875 sui.

1092 894 1312 946 Depesuit
1334 896 1537 946 potentes
1561 894 1616 936 de
1641 894 1762 944 sede,
1780 895 1803 920 *
1823 900 1865 936 et

1042 950 1250 991 exaltavit
1268 949 1464 991 hfimiles.

1091 1010 1345 1052 Esurientes
1374 1010 1572 1062 implevit
1599 1009 1741 1051 bonis:
1767 1011 1791 1035 ¹⁸¹
1821 1014 1864 1051 et

1041 1065 1198 1107 divites
1218 1066 1381 1107 dimisit
1397 1066 1558 1107 inanes.

1092 1126 1294 1178 Suscepit
1317 1126 1454 1166 Israel
1477 1129 1661 1178 puerum
1683 1138 1823 1174 suum,
1841 1125 1865 1150 *

1041 1181 1298 1223 recordatus
1316 1181 1628 1223 misericerdiae
1648 1193 1750 1221 suae.

1092 1242 1212 1283 Sicut
1239 1242 1412 1283 locutus
1441 1246 1507 1283 est
1534 1240 1590 1282 ad
1617 1246 1764 1293 patres
1791 1253 1865 1281 no-

1042 1302 1167 1347 stros,
1186 1298 1210 1323 *
1228 1298 1463 1347 Abraham,
1484 1302 1527 1338 et
1546 1297 1698 1338 semini
1714 1297 1804 1347 ejus
1822 1297 1866 1336 in

1042 1354 1214 1395 saecula.

1094 1421 1193 1460 Ant.
1217 1421 1500 1462 Coenantibus
1520 1425 1665 1462 autem
1682 1420 1776 1470 illis,
1797 1434 1864 1462 ac-

1042 1478 1158 1531 cepit
1172 1478 1197 1518 J
1199 1491 1298 1519 esus
1313 1490 1481 1530 panem,
1502 1481 1545 1518 et
1561 1476 1794 1527 benedixit,
1813 1490 1864 1518 ac

1041 1534 1179 1586 fregit,
1199 1533 1407 1585 deditque
1426 1532 1650 1584 discipulis
1670 1533 1769 1573 suis.

1094 1593 1143 1644 V
1164 1598 1362 1639 Christus
1380 1598 1521 1639 factus
1541 1601 1607 1638 est
1624 1609 1705 1648 pro
1725 1597 1863 1639 nobis.

1042 1670 1140 1696 cum
1160 1656 1337 1706 reliquis
1355 1660 1401 1695 ut
1417 1666 1546 1705 supra
1564 1654 1603 1692 in
1620 1652 1754 1692 Laud.
1770 1654 1863 1693 228.

1092 1726 1155 1759 Ad
1174 1724 1476 1767 Complctorium
1501 1733 1576 1756 non
1602 1722 1741 1755 dicitur
1763 1725 1863 1760 Jube

1042 1776 1192 1811 domne,
1223 1783 1293 1806 ncc
1318 1771 1447 1804 Lectio
1473 1770 1620 1809 brevis.
1653 1780 1721 1802 ncc
1744 1773 1864 1816 Adju-

1040 1823 1191 1859 t61-ium.
1222 1830 1345 1862 neque
1376 1818 1506 1852 Oratio
1540 1817 1757 1858 Dominica,
1795 1815 1862 1849 scd

1042 1869 1142 1902 sacta
1175 1867 1430 1902 confessione
1461 1870 1497 1899 ct
1522 1864 1778 1898 Absolutionc
1810 1863 1861 1896 in-

1043 1916 1182 1958 cipitur
1204 1926 1223 1949 a
1246 1915 1305 1947 l‘s.
1333 1914 1428 1950 Cum
1448 1914 1678 1950 mvocarem.
1697 1913 1768 1948 126.
1799 1910 1861 1943 Di-

1042 1965 1113 1997 ctis
1131 1963 1305 2003 Psalmis,
1325 1961 1464 1994 dicitur
1481 1962 1589 1996 Nunc
1605 1960 1774 1995 dimittis.
1788 1960 1862 1995 128.

1094 2019 1241 2052 Deinde
1268 2014 1311 2059 X'.
1337 2017 1514 2052 Christus
1538 2017 1661 2052 factus
1685 2019 1751 2050 est.
1777 2022 1859 2046 cum

1039 2067 1201 2109 reliquis
1225 2072 1266 2100 ut
1290 2076 1405 2109 supra
1431 2065 1480 2098 ad
1503 2063 1664 2097 Laudes.
1686 2063 1765 2096 228.

1093 2127 1156 2161 Sic
1179 2127 1428 2160 terminantur
1449 2134 1579 2158 omnes
1597 2123 1712 2156 1101·ae
1732 2121 1769 2154 in
1787 2120 1859 2153 hoc

1042 2175 1169 2208 triduo
1215 2186 1335 2218 usque
1380 2173 1429 2207 ad
1468 2172 1657 2213 Vcspcras
1701 2168 1860 2203 Sabbati
