2066 2956
190 213 290 258 [210]

192 310 334 351 sinum
349 307 542 349 Abrahae
558 306 716 362 Angeli
732 305 953 348 dedneant
971 310 1026 346 te.

192 364 490 418 Suscipientes
516 363 705 404 animam
731 363 838 414 ejus,
863 361 883 381 *
911 361 1026 403 Offe—

192 424 339 463 rentes
360 433 457 462 eam
475 419 519 460 in
540 421 782 472 conspectu
801 417 1027 460 Altissimi.

194 472 242 523 Y.
261 477 479 529 Requiem
494 478 706 518 aeternam
726 475 844 517 dona
864 475 903 516 ei
917 475 1027 523 Dee,

193 540 236 576 et
254 534 329 575 lux
349 535 566 586 perpetua
584 532 730 574 hiceat
749 531 800 573 ei.
832 531 1026 573 Offeren-

191 596 259 633 tes
279 603 377 632 eam
396 589 440 630 in
459 590 703 642 conspectu
722 587 949 629 Altissimi.

246 645 414 687 Deinde
452 645 588 698 Kyrie
621 644 798 687 eleison.
851 643 1027 684 Christe

192 703 369 745 eleison.
401 702 536 755 Kyrie
556 701 734 743 eleison.

249 760 407 801 Postea
427 759 558 800 l'ater
575 763 738 800 noster.
760 760 942 795 secreto.

246 811 295 862 Y.
327 815 385 858 Et
412 828 467 857 ne
495 828 578 856 nos
605 814 789 856 indncas
817 812 862 852 in
888 815 1026 853 tenta-

191 874 368 916 tionem.
403 872 452 923 R.
481 870 569 913 Sed
592 870 731 912 libera
749 882 831 911 nos
854 881 880 909 a
898 867 1028 908 malo.

245 923 295 975 V.
335 928 553 980 Requiem
592 929 803 969 aeternam
837 924 956 966 dona
987 923 1027 965 ei

191 986 391 1028 Domine.
439 984 487 1032 R:-
518 985 577 1026 Et
608 983 684 1025 lux
716 983 934 1035 perpetua
965 980 1027 1021 11‘1-

193 1048 290 1085 eeat
317 1042 366 1083 ei.

247 1094 294 1140 V.
327 1098 368 1138 A
391 1102 523 1151 porta
547 1095 684 1137 inferi.
724 1097 770 1133 Ν.
798 1095 915 1136 Erue
939 1094 1027 1134 Do-

191 1168 309 1197 mme
330 1155 521 1196 {mimam
539 1154 641 1205 ejus.

965 207 1155 240 Formulu.

1131 300 1182 351 V.
1202 304 1471 356 Requiescat
1489 303 1532 343 in
1547 315 1669 355 pace.
1688 303 1736 354 Re.
1759 302 1914 344 Amen.

1132 363 1182 415 V.
1231 369 1420 410 D6mine
1464 366 1624 409 exandi
1668 366 1914 408 orationem

1080 438 1234 523 ngeqmt.
1270 425 1320 474 R.
1355 425 1413 466 Et
1440 423 1608 465 clamor
1635 435 1759 464 meus
1786 421 1844 464 ad
1869 427 1915 465 te

1080 496 1107 522 v
1137 494 1237 522 ma.

1133 540 1182 592 V.
1225 545 1442 587 D6minus
1477 543 1718 586 vobiscum.
1771 543 1820 594 R.
1857 543 1916 585 Et

1081 614 1181 643 cum
1200 601 1357 655 spiritu
1374 607 1464 643 tuo.

1185 684 1384 725 Oremus.
1645 682 1809 723 Oratio.

1081 750 1223 855 Tibi
1239 752 1430 794 Domine
1450 751 1810 794 commendamus
1829 752 1916 793 ani-

1185 822 1302 850 mam
1326 808 1477 850 famuli
1499 809 1564 850 tui
1587 812 1659 859 N.‚
1690 813 1739 851 ut
1766 808 1916 850 deffin-

1081 871 1178 908 ctus
1201 865 1366 906 saeculo
1390 864 1470 906 tibi
1489 865 1622 907 vivat:
1648 870 1692 907 et
1717 877 1817 918 quae
1835 877 1917 918 per

1080 922 1362 973 fragilitatem
1390 921 1594 962 humanae
1622 921 1916 963 conversatio-

1081 979 1148 1020 nis
1167 979 1353 1031 peecata
1372 978 1607 1028 commisit,
1627 982 1677 1020 tu
1695 977 1823 1019 venia
1840 977 1916 1018 mi-

1081 1033 1442 1076 sericordissimae
1478 1034 1656 1086 pietatis
1701 1033 1917 1084 absterge.

1080 1092 1166 1133 Per
1194 1090 1417 1132 Christum
1439 1091 1679 1132 Deminum
1706 1095 1918 1132 nostrum.

1138 1148 1186 1187 R.
1211 1147 1365 1188 Amen.

895 1248 1212 1277 &Qu——

834 1352 1285 1407 FORMULA

195 1468 244 1502 ad
270 1466 565 1511 impertiendam
588 1463 873 1506 Indulgentiam
897 1464 1027 1507 plena-

195 1516 290 1549 rium
326 1517 360 1549 in
397 1514 559 1549 articulo
593 1513 728 1547 mortis
762 1512 810 1546 ab
843 1511 921 1553 his„
962 1510 1028 1554 qui

196 1564 417 1598 facultatem
449 1563 593 1597 habent
623 1573 644 1595 a
674 1560 765 1595 sede
796 1559 1028 1601 Apostolica

499 1610 726 1652 delegatam.

249 1659 298 1710 XV,
339 1663 619 1716 Adiutorium
652 1666 852 1703 nostrum
883 1661 927 1701 in
955 1662 1029 1701 no-

195 1722 310 1763 mine
334 1720 524 1761 Domini.
558 1720 608 1769 R.
633 1718 717 1768 Qui
743 1717 847 1759 fecit
870 1716 1031 1759 eoelum

195 1784 239 1821 et
257 1784 431 1820 terram.

253 1835 349 1874 Ant.
372 1833 435 1874 Ne
454 1830 747 1873 reminiscaris
761 1829 950 1871 Domine
966 1828 1032 1871 de-

195 1890 300 1931 licta
331 1888 482 1930 famuli
508 1887 574 1929 tui
605 1885 687 1926 (vel
718 1885 889 1927 ancillae
918 1888 1031 1934 tuae),

196 1958 340 1998 neque
361 1944 599 1986 vindictam
623 1955 772 1984 sumas
797 1942 853 1984 de
876 1944 1032 1995 peeca-

196 2002 254 2044 tis
276 2002 379 2054 ejus.

248 2061 384 2115 Kyrie
422 2060 600 2103 eleison.
649 2058 823 2101 Christe
855 2058 1032 2100 eleison.

198 2119 333 2172 Kyrie
353 2118 532 2160 eleison.

255 2174 382 2217 Pater
400 2179 563 2215 noster.
584 2174 766 2213 secreto.

251 2226 301 2276 V.
333 2231 390 2273 Et
418 2243 473 2272 ne
501 2242 583 2270 nos
611 2228 795 2270 indiicas
823 2227 867 2268 in
894 2232 1031 2268 tenta-

198 2287 373 2330 tionem.
409 2287 459 2337 Rv.
485 2284 574 2327 Sed
597 2284 736 2326 libera
758 2296 840 2325 nos
860 2296 885 2324 a
905 2283 1033 2324 malo.

253 2339 302 2389 V.
324 2342 503 2384 Salvum
523 2341 592 2382 fac
611 2353 787 2382 servum
805 2345 929 2381 tuum
950 2340 1033 2389 (vel

199 2398 399 2440 ancillam
415 2402 564 2448 tuam).
585 2399 634 2450 lx‘g.
656 2397 779 2439 Deus
795 2408 919 2438 meus
938 2408 1033 2448 spe·

198 2456 367 2496 tantem
387 2455 430 2495 in
448 2460 505 2496 te.

253 2505 304 2554 V.
347 2511 535 2552 Demine
582 2508 741 2552 exandi
789 2509 1034 2550 orationem

199 2578 352 2607 meam.
399 2568 446 2618 Ru
475 2567 531 2608 Et
561 2567 727 2608 clamor
753 2578 878 2607 meus
907 2564 963 2606 ad
987 2570 1031 2606 te

201 2622 357 2662 veniat.

256 2673 307 2724 V.
341 2678 554 2720 Dominus
586 2679 827 2721 vobiscum.
885 2679 935 2729 R».
975 2678 1031 2718 Et

129 2726 134 2732 ’
200 2746 300 2774 cum
323 2734 479 2785 spiritu
501 2740 590 2776 tuo.

1401 1460 1598 1502 Oremus.

1160 1517 1472 1559 lementissime
1503 1516 1642 1567 Deus,
1677 1516 1810 1558 Pater
1840 1515 1917 1556 mi-

1176 1573 1534 1623 sericordiarum,
1563 1577 1608 1614 et
1631 1572 1755 1614 Deus
1779 1574 1918 1614 totius

1081 1630 1414 1679 consolationis,
1470 1629 1545 1682 qui
1588 1629 1807 1671 neminem
1851 1628 1918 1670 vis

1080 1689 1226 1740 perire
1246 1687 1296 1727 ‚in
1321 1691 1365 1728 te
1390 1685 1645 1727 credentem
1668 1690 1802 1738 atque
1821 1697 1917 1738 spe-

1081 1745 1267 1784 rantem:
1309 1741 1554 1784 secl'mdum
1593 1741 1919 1783 multitiidinem

1080 1798 1413 1840 miserationum
1432 1799 1609 1839 tuarum
1626 1797 1799 1851 respice
1817 1810 1917 1850 pro-

1081 1855 1217 1908 pitius
1235 1853 1446 1896 famulum
1464 1858 1589 1895 tuum
1611 1853 1662 1895 N.
1683 1865 1815 1906 quem
1834 1852 1919 1901 (vel

1082 1911 1291 1953 famulam
1314 1915 1436 1952 tuam
1462 1910 1514 1951 N.
1538 1911 1685 1962 quam)
1708 1909 1789 1952 tibi
1813 1922 1920 1952 vera

1082 1967 1195 2010 fides
1228 1972 1272 2009 et
1304 1980 1407 2020 spes
1437 1966 1674 2009 christiana
1701 1967 1918 2008 commen-

1083 2024 1199 2066 dant.
1227 2024 1374 2066 Visita
1393 2035 1493 2065 eum
1515 2022 1599 2072 (vel
1619 2024 1732 2071 eam)
1748 2022 1792 2064 in
1807 2023 1919 2065 salu-

1082 2081 1167 2122 tari
1191 2085 1286 2131 tuo,
1312 2084 1357 2121 et
1380 2092 1460 2132 per
1484 2079 1708 2130 Unigeniti
1732 2079 1797 2121 tui
1821 2092 1919 2132 pas-

1084 2137 1254 2179 sionem
1272 2141 1316 2178 et
1334 2141 1539 2186 mortem,
1569 2136 1764 2177 omnium
1787 2135 1829 2177 ei
1847 2135 1919 2178 de-

1083 2193 1290 2235 lictorum
1328 2194 1510 2234 suorum
1541 2191 1845 2233 remissi6nem
1875 2197 1920 2234 et

1083 2250 1258 2291 veniam
1281 2249 1519 2291 clementer
1542 2247 1736 2299 indfflge‚
1759 2253 1809 2290 ut
1827 2248 1920 2300 ejus

1085 2306 1229 2347 c‘mima
1261 2306 1306 2347 in
1338 2305 1448 2347 hora
1476 2304 1619 2346 exitus
1647 2304 1715 2346 sui
1740 2309 1785 2346 te
1813 2303 1919 2356 iiidi-

1085 2374 1182 2404 cem
1221 2362 1512 2415 propitiatam
1549 2361 1759 2410 inveniat,
1800 2365 1845 2402 et
1876 2361 1921 2401 in

1085 2418 1296 2470 sanguine
1316 2417 1513 2469 ejiisdem
1526 2417 1625 2458 Filii
1643 2416 1707 2458 tui
1726 2415 1782 2458 ab
1803 2417 1921 2458 omni

1084 2474 1258 2516 macula
1289 2473 1454 2523 ablata,
1486 2474 1673 2515 transire
1701 2471 1759 2514 ad
1785 2472 1922 2514 vitam

1086 2532 1306 2572 mereatur
1320 2531 1592 2582 perpetuam.
1613 2529 1698 2569 Per
1717 2527 1922 2570 eamdem

1087 2586 1310 2628 Christum
1328 2586 1445 2626 Dfim
1464 2590 1674 2626 nostrum.
1702 2583 1856 2625 Amen.

1145 2646 1254 2681 Tune
1287 2645 1392 2679 dicto
1422 2644 1470 2678 ab
1503 2652 1581 2679 uno
1613 2652 1633 2677 e
1665 2640 1827 2677 clericis
1857 2640 1922 2675 ad-

1088 2694 1295 2732 stantibus,
1334 2692 1547 2736 Confiteor,
1591 2689 1782 2724 Sacerdos
1819 2688 1923 2723 dieat

1089 2740 1328 2785 Miseream,
1354 2749 1398 2773 ue
1423 2738 1578 2773 deinde:
