2066 2904
220 156 318 201 [106]

453 254 500 291 In
521 254 570 292 II.
596 254 818 292 Nocturno.

278 323 372 361 Ant.
405 319 556 371 Specie
584 324 659 361 tua
686 323 715 362 *.
739 326 782 362 et
809 320 1047 373 pulchritu-

219 375 318 416 dine
342 380 417 416 tua
440 375 632 425 intende,
661 379 875 430 prospere
895 379 1046 429 proce-

218 430 283 480 de,
304 436 347 472 et
366 444 509 482 regna.

491 518 687 558 Psalmus
708 521 773 557 44.

228 585 522 652 [ἡτιιοτέινὶῒ
562 597 639 625 cor
678 598 824 626 meum
864 585 1047 627 verbum

231 619 329 696 133}ss
350 641 532 682 bonum:
572 641 596 666 *
637 641 736 682 dico
783 654 866 692 ego
912 644 1048 694 opera

222 691 329 723 ''4³4ss
350 710 447 738 mea
475 697 597 747 Regi.

268 753 436 803 Lingua
466 765 564 794 mea
597 752 790 793 calamus
823 752 995 802 scribae,
1023 754 1046 779 *

217 809 428 850 velociter
451 808 693 849 scribentis.

267 865 504 917 Speciosus
523 864 663 905 forma
677 877 772 916 prae
790 864 890 905 filiis
908 864 1046 905 homi-

216 934 330 969 num,
345 919 503 961 diffusa
519 925 587 961 est
599 921 740 971 gratia
754 921 798 960 in
809 920 936 961 labiis
946 921 1046 961 tuis:

215 977 239 1001 *
267 978 502 1028 propterea
527 975 752 1017 benedixit
784 981 828 1017 te
856 976 978 1017 Deus
1003 976 1046 1016 in

218 1034 440 1073 aeternum.

270 1088 514 1138 Accingere
541 1088 689 1139 gladio
722 1093 799 1129 tuo
829 1101 963 1140 super
989 1089 1046 1130 fe-

217 1157 313 1184 mur
331 1148 465 1193 tuum,
485 1144 508 1169 *
530 1145 848 1196 potentissime,

268 1200 423 1252 Specie
451 1205 526 1241 tua
555 1205 598 1241 et
622 1200 948 1252 pulchritudine
972 1206 1048 1241 tua

216 1255 240 1280 *
276 1255 468 1305 intende,
504 1258 719 1308 prospere
755 1256 964 1308 procede,
1005 1262 1047 1298 et

217 1324 361 1361 regna.

266 1367 455 1419 Propter
473 1367 716 1417 veritatem,
737 1372 781 1409 et
798 1371 1046 1409 mansuetu-

216 1422 379 1472 dinem,
412 1428 455 1465 et
482 1424 704 1475 justitiam:
732 1424 756 1449 *
784 1429 828 1465 et
856 1423 1047 1465 deducet

216 1483 260 1519 te
279 1479 535 1521 mirabiliter
554 1479 734 1521 dextera
753 1485 839 1521 tua.

266 1534 446 1585 Sagittae
474 1541 562 1577 tuae
591 1539 749 1585 acutae,
782 1536 937 1588 populi
965 1536 1046 1577 sub

215 1594 260 1686 ’ἓξ
288 1590 456 1640 cadent,
483 1592 507 1617 *
537 1592 581 1632 in
609 1591 745 1633 corda
772 1592 1046 1633 inimicorum

261 1659 363 1697 egis.

268 1702 405 1743 Sedes
428 1707 503 1743 tua
522 1704 644 1744 Deus
667 1704 710 1744 in
735 1703 945 1744 saeculum
969 1706 1045 1744 sae-

217 1758 315 1798 culi:
338 1759 362 1783 *
390 1758 512 1810 virga
544 1759 796 1801 directionis
827 1760 949 1810 virga
982 1772 1045 1800 re-

215 1814 288 1864 gni
311 1815 384 1855 tui.

267 1870 471 1912 Dilexisti
494 1871 717 1922 justitiam,
745 1876 789 1913 et
814 1870 946 1912 odisti
971 1871 1045 1911 ini-

217 1926 447 1977 quitatem:
484 1927 507 1952 *
553 1929 790 1980 propterea
834 1927 958 1968 unxit
1002 1932 1046 1968 te

215 1982 351 2031 Deus,
379 1982 501 2024 Deus
524 1987 625 2024 tuus
645 1983 744 2025 oleo
768 1983 932 2024 laetitiae
952 1996 1045 2036 prae

215 2038 494 2080 consortibus
513 2039 611 2080 tuis.

266 2094 461 2145 Myrrha,
489 2099 533 2136 et
551 2099 692 2146 gutta,
719 2099 763 2136 et
787 2095 906 2136 casia
930 2108 955 2136 a
974 2109 1044 2138 ve-

216 2150 429 2191 stimentis
443 2151 542 2200 tuis,
561 2164 587 2191 a
605 2150 810 2192 domibus
826 2151 1044 2193 eburneis:

215 2205 238 2230 *
258 2218 312 2246 ex
337 2206 496 2258 quibus
522 2206 851 2248 delectaverunt
873 2213 918 2249 te
942 2208 1043 2250 filiae

215 2273 365 2312 regum
381 2262 425 2303 in
444 2262 612 2304 honore
631 2267 720 2304 tuo.

266 2317 419 2359 Astitit
451 2321 600 2369 regina
633 2332 658 2360 a
691 2319 858 2361 dextris
885 2320 972 2361 tuis
999 2321 1043 2360 in

215 2375 374 2415 vestitu
393 2374 620 2416 deaurato:
639 2375 663 2400 *
683 2375 955 2417 circumdata
973 2389 1042 2417 va-

215 2428 379 2470 rietate.

265 2483 382 2525 Audi
402 2486 504 2535 filia,
528 2491 572 2528 et
591 2486 705 2536 vide,
730 2491 774 2529 et
793 2487 951 2528 inclina
971 2500 1041 2529 au-

216 2551 307 2579 rem
334 2544 466 2581 tuam:
490 2542 514 2567 *
542 2547 586 2583 et
613 2542 874 2584 obliviscere
903 2546 1041 2596 popu—

214 2594 303 2635 lum
323 2599 455 2645 tuum,
473 2602 516 2638 et
534 2598 714 2640 domum
732 2599 871 2652 patris
891 2600 965 2640 tui.

265 2651 322 2692 Et
343 2656 627 2705 concupiscet
640 2655 738 2696 Rex
753 2655 959 2697 decerem
979 2660 1041 2697 tu-

852 164 1061 194 (Iommunc
1090 161 1299 203 Virginum.

1100 264 1189 291 um:
1211 251 1235 277 *
1262 252 1469 304 quoniam
1496 252 1592 304 ipse
1622 256 1688 292 est
1715 251 1931 292 Dominus

1101 307 1222 348 Deus
1241 312 1352 357 tuus,
1373 313 1417 349 et
1436 307 1684 349 adorabunt
1702 319 1812 348 eum.

1152 363 1209 404 Et
1228 363 1331 405 fssiae
1346 364 1455 416 Tyri
1472 364 1515 404 in
1535 362 1789 404 muneribus
1802 363 1827 389 *
1842 363 1931 404 vul-

1100 424 1194 459 tum
1224 424 1347 461 tuum
1379 419 1748 472 deprecabuntur:
1779 431 1932 460 omnes

1101 474 1260 517 divites
1279 475 1434 528 plebis.

1154 531 1306 572 Omnis
1328 531 1468 583 gloria
1487 532 1578 583 eius
1597 531 1700 572 filiae
1719 531 1856 583 Regis
1876 530 1932 572 ab

1100 587 1234 636 intus,
1253 588 1277 613 *
1296 588 1340 628 in
1367 587 1552 628 fimbriis
1579 587 1724 628 aureis
1753 587 1932 628 circum·

1101 646 1260 684 amicta
1278 642 1575 684 varietatibus.

1153 699 1443 740 Adducentur
1471 699 1584 749 Regi
1610 699 1802 750 virgines
1829 704 1933 751 post

1101 767 1216 796 eam:
1253 755 1276 781 *
1313 755 1528 807 proximae
1569 756 1661 806 ejus
1697 754 1934 796 afferentur

1099 811 1190 852 tibi.

1152 867 1404 908 Afferentur
1427 867 1471 907 in
1495 866 1650 908 laetitia
1674 871 1718 908 et
1747 866 1932 907 exsulta-

1099 924 1235 965 tione:
1265 924 1289 949 *
1325 922 1600 964 adducentur
1636 923 1681 963 in
1719 922 1932 975 templum

1100 980 1245 1031 Regis.

1151 1037 1238 1077 Pro
1266 1034 1467 1088 patribus
1494 1034 1582 1075 tuis
1608 1033 1701 1075 nati
1726 1037 1827 1075 sunt
1853 1033 1933 1075 tibi

1100 1091 1192 1132 filii:
1211 1092 1234 1117 *
1255 1093 1497 1133 constitues
1522 1102 1600 1131 eos
1623 1090 1845 1143 principes
1865 1102 1932 1131 su-

1101 1161 1181 1200 per
1201 1160 1376 1189 omnem
1395 1151 1569 1188 terram.

1151 1204 1371 1245 Memores
1391 1206 1519 1244 erunt
1537 1201 1725 1243 nominis
1749 1202 1828 1242 tui:
1847 1202 1871 1227 *
1890 1201 1934 1242 in

1101 1260 1220 1301 omni
1234 1259 1518 1310 generatione
1535 1262 1579 1299 et
1595 1258 1934 1308 generationem.

1151 1316 1395 1368 Propterea
1421 1314 1577 1367 populi
1609 1313 1934 1355 confitebuntur

1100 1371 1179 1413 tibi
1207 1372 1251 1412 in
1278 1373 1506 1412 aeternum:
1529 1370 1554 1396 *
1580 1374 1623 1411 et
1649 1370 1694 1410 in
1722 1369 1934 1411 saeculum

1101 1428 1261 1469 saeculi.

1150 1488 1249 1527 Ant.
1275 1484 1430 1536 Specie
1449 1488 1525 1524 tua
1544 1487 1588 1524 et
1607 1480 1933 1535 pulchritudine

1099 1544 1175 1580 tua
1193 1539 1386 1589 intende,
1415 1542 1631 1592 prospere
1652 1537 1862 1591 procede,
1891 1542 1934 1579 et

1100 1608 1245 1646 regna.

1152 1654 1248 1693 Ant.
1284 1651 1513 1703 Adiuvabit
1529 1650 1660 1692 eam*
1671 1651 1793 1692 Deus
1808 1650 1933 1691 vultu

1100 1720 1196 1748 suo:
1215 1708 1337 1749 Deus
1355 1708 1398 1748 in
1417 1707 1564 1749 medio
1587 1708 1688 1759 ejus,
1707 1719 1796 1748 non
1816 1719 1932 1748 com-

1099 1764 1357 1805 movebitur.

1369 1822 1565 1862 Psalmus
1594 1824 1659 1861 45.

1098 1873 1264 1977 Deus
1288 1879 1438 1916 noster
1457 1874 1688 1925 refugium,
1714 1878 1759 1916 et
1776 1873 1932 1915 virtus:

1206 1931 1229 1956 *
1267 1931 1441 1982 adjutor
1476 1931 1519 1971 in
1560 1929 1932 1979 tribulationibus,

1100 1999 1198 2039 quae
1219 1987 1479 2028 invenerunt
1496 1999 1580 2028 nos
1598 1986 1738 2027 nimis.

1149 2043 1392 2095 Propterea
1422 2055 1512 2084 non
1543 2042 1795 2084 timebimus
1828 2041 1932 2083 dum

1097 2098 1346 2140 turbabitur
1373 2103 1507 2140 terra:
1534 2099 1558 2124 *
1588 2103 1633 2140 et
1668 2098 1931 2140 transferen-

1096 2159 1168 2195 tur
1185 2159 1359 2197 montes
1379 2155 1423 2195 in
1443 2167 1520 2196 cor
1538 2155 1684 2196 maris.

1147 2211 1407 2260 Sonuerunt‚
1422 2215 1466 2252 et
1480 2210 1670 2252 turbatae
1687 2214 1788 2251 sunt
1801 2222 1928 2262 aquae

1097 2268 1265 2307 eorum:
1294 2267 1318 2292 *
1346 2266 1597 2308 conturbati
1626 2270 1729 2307 sunt
1753 2271 1927 2307 montes

1095 2322 1138 2362 in
1158 2322 1415 2364 fortitudine
1436 2324 1538 2373 eius.

1146 2378 1358 2419 Fluminis
1385 2380 1576 2430 impetus
1604 2377 1800 2419 laetificat
1827 2377 1927 2419 civi-

1095 2436 1233 2475 tatem
1253 2434 1351 2475 Dei:
1370 2434 1394 2459 *
1415 2434 1703 2475 sanctificavit
1726 2432 1927 2475 taberna-

1095 2489 1242 2530 culum
1262 2502 1388 2531 suum
1409 2489 1670 2530 Altissimus.

1145 2546 1267 2586 Deus
1286 2546 1329 2586 in
1348 2544 1495 2586 medio
1511 2546 1613 2596 ejus,
1629 2557 1717 2586 non
1735 2557 1926 2586 commo-

1094 2601 1281 2642 vebitur:
1300 2601 1323 2626 *
1344 2600 1567 2652 adjuvabit
1587 2613 1683 2642 eam
1697 2601 1819 2642 Deus
1838 2614 1925 2641 ma-

1094 2670 1149 2699 ne
1169 2657 1374 2699 diluculo.
