2066 2956
235 221 326 266 [164]

288 319 338 369 R».
367 318 426 359 br.
472 317 710 370 Adiuvabit
746 330 841 360 eam
881 320 903 344 *
935 319 1058 361 Deus

233 373 355 414 vultu
381 386 471 415 suo.
509 374 756 427 Adiuvabit.
794 370 843 422 V.
867 376 988 417 Deus
1014 376 1058 416 in

232 428 378 471 medio
420 430 526 482 ejus,
570 443 658 472 non
701 431 1058 473 commovebitur.

235 486 367 527 Deus.
396 486 548 528 Gleria
565 487 694 529 Patri.
721 487 970 540 Adiuvabit.

289 549 335 599 ,V
361 552 506 604 Elegit
530 565 627 594 eam
650 553 786 603 Deus,
812 557 856 594 et
879 552 1058 606 praeele-

231 607 295 658 git
309 620 416 649 eam.
447 611 497 661 R.
512 609 563 650 In
582 608 864 651 tabernaculo
885 621 965 651 suo
984 609 1056 650 ha-

231 662 372 706 bitare
391 664 495 707 facit
512 677 619 707 eam.

418 730 637 781 Tempore
667 729 873 770 Paschali.

260 793 308 843 R.
339 792 398 833 br.
429 789 668 841 Adiuvabit
687 802 783 831 eam
797 790 919 832 Deus
933 789 1058 832 vultu

233 858 324 896 suo,
344 849 367 873 *
381 845 577 898 Alleluia,
597 846 778 898 alleluia.
806 846 1057 899 Adiuvabit.

234 900 283 951 V.
310 903 432 944 Deus
458 902 502 943 in
525 902 671 944 medio
700 904 801 955 eius,
829 916 917 945 non
943 916 1056 945 com-

231 959 488 1001 movebitur.
519 958 716 1011 Alleluia,
735 959 917 1012 alleluia.
959 959 1057 1001 Glo-

232 1016 297 1057 ria
314 1016 445 1057 Patri.
473 1015 722 1067 Adiuvabit.

289 1075 335 1125 V-
351 1081 495 1133 Elegit
515 1093 611 1123 eam
625 1082 757 1132 DeuS,
775 1086 818 1123 et
831 1082 1058 1134 praeelegit

233 1150 339 1188 eam,
372 1137 552 1189 alleluia.
601 1141 650 1192 Rg.
685 1138 736 1179 In
771 1138 1056 1180 tabernaculo

233 1207 313 1236 suo
338 1194 535 1236 habitare
558 1194 663 1236 facit
687 1207 794 1244 eam,
819 1194 999 1246 alleluia.

507 1279 574 1316 Ad
597 1280 781 1318 Nonam.

284 1351 383 1392 Ant.
415 1349 633 1403 Speciesa.

285 1423 542 1476 Capitulum.
736 1425 864 1466 Eccli.
884 1426 948 1465 24.
970 1425 1006 1466 b.

277 1495 306 1523 n
329 1482 485 1535 plateis
513 1482 625 1525 sicut
651 1482 987 1533 cinnamomum,
1013 1488 1057 1525 et

294 1538 538 1581 balsamum
560 1541 852 1581 aromatizans
872 1539 1057 1581 oderem

230 1595 351 1638 dedi:
397 1596 522 1648 quasi
561 1596 738 1648 myrrha
778 1596 918 1638 electa
954 1595 1057 1638 dedi

230 1652 491 1694 suavitatem
509 1652 669 1694 oderis.

751 222 926 256 Officium
952 223 991 257 B.
1016 222 1149 257 Maria:
1173 222 1210 256 in
1236 223 1415 258 Sabbato.

1163 319 1215 371 151,
1250 317 1310 360 br.
1346 318 1490 370 Elegit
1524 330 1620 360 eam
1651 318 1792 369 Deus,
1826 319 1849 343 *
1878 318 1936 361 Et

1111 374 1338 426 praeelegit
1365 387 1472 416 eam.
1510 374 1667 425 Elegit.
1714 368 1764 420 V.
1795 375 1847 416 In
1872 380 1934 417 ta-

1110 429 1347 472 bernaculo
1374 443 1453 472 suo
1477 430 1675 472 habitare
1702 430 1804 472 facit
1829 443 1935 472 eam.

1110 487 1168 529 Et
1186 486 1422 540 praeelegit.
1451 487 1602 528 Gloria
1618 486 1748 528 Patri.
1779 487 1935 538 Elegit.

1164 542 1213 594 V.
1248 546 1419 589 Diffusa
1455 552 1521 590 est
1555 547 1695 599 gretia
1730 548 1774 588 in
1808 547 1935 590 lebiis

1109 604 1206 646 tuis.
1259 605 1308 657 Ιζι.
1344 605 1588 657 Propterea
1626 603 1851 647 benedixit
1890 609 1935 647 te

1110 660 1231 702 Deus
1257 660 1302 701 in
1329 662 1549 702 aetemum.

1295 722 1515 774 Tempore
1539 719 1748 761 Paschali.

1164 780 1213 832 R*-
1234 779 1296 820 br.
1321 777 1464 829 Elegit
1487 790 1583 819 eam
1602 777 1734 826 Deus
1758 781 1802 818 et
1824 789 1934 829 prae-

1111 833 1240 885 elegit
1259 846 1366 884 eam,
1388 836 1411 861 *
1428 833 1625 886 Alleluia,
1645 832 1756 874 allel.
1782 832 1935 885 Elegit.

1111 891 1161 942 V.
1200 891 1252 931 In
1291 890 1575 932 tabernaculo
1617 902 1697 931 suo
1737 888 1935 931 habitare

1110 947 1214 989 facit
1240 960 1346 989 eam.
1381 946 1584 1000 Alleluia,
1608 945 1790 999 alleluia.
1836 945 1935 988 Glo-

1109 1003 1174 1045 ria
1191 1004 1322 1045 Patri.
1348 1003 1503 1055 Elegit.

1163 1062 1213 1113 V.
1248 1064 1419 1106 Diffusa
1455 1069 1522 1107 est
1559 1064 1700 1116 gretia
1729 1063 1775 1104 in
1806 1062 1934 1106 lubiis

1110 1122 1212 1172 tuis,
1241 1121 1422 1174 alleluia.
1458 1122 1508 1173 Rz.
1534 1121 1775 1174 Propterea
1805 1119 1934 1162 bene-

1111 1178 1220 1220 dixit
1238 1183 1283 1221 te
1301 1178 1424 1220 Deus
1445 1178 1490 1219 in
1509 1179 1731 1227 aeternum,
1755 1176 1936 1230 aHeluia.

1311 1256 1372 1297 In
1398 1255 1460 1297 11.
1485 1255 1736 1307 vesperis.

1108 1316 1117 1328 ‘
1174 1313 1311 1348 Omnia
1328 1313 1399 1348 dic.
1417 1317 1457 1348 ut
1473 1314 1512 1348 in
1528 1313 1555 1348 Ι.
1565 1312 1778 1357 Vesp.[152]
1796 1318 1937 1358 praeter

1164 1357 1213 1412 V.
1230 1366 1421 1418 Dignare
1439 1379 1510 1408 me
1527 1365 1708 1408 laudare
1725 1370 1780 1416 te,
1794 1365 1935 1416 Virgo

1111 1426 1292 1465 sacrata.
1330 1422 1380 1475 Rz.
1400 1423 1471 1465 Da
1487 1422 1593 1464 mihi
1610 1422 1816 1465 virtutem
1834 1434 1934 1463 con-

1109 1485 1177 1522 tra
1194 1479 1346 1522 hostes
1363 1485 1475 1522 tuos.

1121 1540 1133 1548 “
1163 1537 1232 1579 Ad
1254 1538 1426 1590 Magnis.
1450 1540 1548 1582 Ant.
1576 1541 1758 1581 Beatam
1778 1551 1849 1581 me
1873 1537 1934 1580 di-

1110 1601 1210 1638 cent
1241 1597 1265 1623 *
1297 1609 1448 1638 omnes
1477 1595 1799 1648 generationes,
1834 1595 1936 1648 quia

1110 1652 1311 1695 ancillam
1329 1652 1537 1695 humilem
1555 1652 1748 1706 respexit
1764 1652 1897 1694 Deus.

874 1732 1294 1758 ——40042-4—

508 1804 830 1856 OFFICIUM
860 1806 918 1855 B.
952 1806 1189 1857 MARIAE
1222 1808 1292 1858 IN
1325 1807 1657 1858 SABBATO.

284 1940 470 1974 Omnibus
490 1940 671 1974 sabbatis
689 1950 757 1984 per
777 1951 928 1983 annum,
947 1953 966 1976 a
982 1940 1056 1975 Do-

231 1989 371 2022 minica
395 1988 433 2021 in
458 1987 584 2029 Albis,
615 1988 690 2022 nisi
720 1994 894 2024 occurrat
919 1990 1056 2024 festum

231 2046 370 2070 novem
388 2035 623 2077 Lectionum,
645 2036 685 2070 fit
702 2036 879 2071 Officium
903 2037 949 2071 dc
972 2048 1056 2072 san-

232 2088 291 2118 cta
313 2083 450 2125 Maria,
475 2083 591 2118 modo
617 2083 873 2128 infrascripto.

282 2136 325 2170 In
354 2135 540 2179 Vesperis
564 2135 694 2170 'Fcriae
726 2140 847 2171 scxtae
879 2137 1057 2172 dicuntur

231 2183 374 2218 Psalmi
396 2183 549 2218 feriales
567 2183 603 2217 in
623 2183 812 2218 Psulterio
831 2185 960 2227 positi,
981 2186 1056 2219 nisi

232 2232 344 2265 fucrit
370 2231 506 2265 festum
532 2241 671 2266 novem
696 2232 935 2267 Lectionum:
966 2234 1055 2276 quia

231 2284 318 2313 tunc
344 2279 391 2313 dc
417 2283 548 2313 saneta
570 2279 691 2313 Maria
715 2280 755 2314 fit
779 2284 925 2314 tantum
946 2281 1055 2315 Com-

232 2327 455 2361 memoratio
474 2328 511 2361 in
530 2327 644 2361 dictis
658 2327 842 2371 Vesperis
860 2339 945 2362 cum
958 2329 1055 2367 Ant,

234 2370 276 2414 Y.
302 2380 337 2408 ct
361 2374 553 2418 Oratione,
576 2380 615 2409 ut
642 2375 753 2409 infru:
780 2386 865 2419 qua:
888 2376 1054 2411 Conicm.

233 2422 427 2461 omittitur,
450 2423 605 2466 quando
626 2423 737 2457 Feria
760 2427 868 2457 sexta
891 2424 1055 2458 occurrit

233 2469 338 2503 aliud
364 2470 535 2511 ciusdem
559 2471 599 2505 Β.
623 2470 755 2505 Maria:
780 2470 965 2505 Officium.

285 2525 502 2568 Capitulum
533 2532 568 2562 ct
598 2528 772 2571 Hymnus
805 2533 845 2561 ut
876 2528 913 2561 in
947 2528 1054 2563 festis

233 2572 273 2605 B.
298 2572 343 2606 M.
369 2573 411 2607 V.
437 2574 527 2619 [154]

286 2620 333 2670 Y.
367 2625 537 2668 Diffusa
574 2632 641 2670 est
676 2628 816 2679 gratia
850 2627 892 2668 in
928 2627 1055 2669 labiis

231 2680 328 2730 tuis,
347 2682 527 2735 alleluia.
572 2684 618 2735 Rv.
657 2685 899 2737 Propterea
926 2683 1054 2726 bene-

232 2736 341 2780 dixit
363 2744 407 2780 te
426 2739 547 2780 Deus
571 2740 615 2781 in
634 2742 855 2791 aeternum,
874 2740 1055 2793 alleluia.

1164 1938 1234 1979 Ad
1259 1939 1429 1989 Magnis.
1458 1940 1556 1981 Ant.
1584 1939 1751 1989 Regina
1774 1936 1892 1987 coeli‚
1910 1937 1935 1964 *

1106 1993 1275 2044 laetare,
1299 1993 1486 2046 alleluia:
1512 1994 1613 2047 quia
1639 2007 1769 2046 quem
1795 2006 1934 2036 meru-

1107 2051 1179 2092 isti
1194 2053 1384 2103 portare,
1399 2051 1585 2102 alleluia:
1602 2051 1838 2093 resurrexit
1855 2050 1933 2092 sic-

1107 2112 1156 2149 ut
1192 2107 1318 2158 dixit,
1353 2107 1539 2160 alleluiae
1575 2120 1653 2149 ora
1688 2119 1771 2160 pro
1806 2106 1934 2149 nobis

1107 2164 1261 2214 Deum,
1287 2164 1470 2217 alleluja.

1162 2219 1211 2271 Y.
1249 2225 1463 2267 Deminus
1502 2220 1759 2268 vobiscum.'
1788 2228 1848 2279 R.
1876 2224 1933 2265 Et

1108 2294 1207 2323 cum
1233 2282 1391 2334 spiritu
1416 2286 1506 2324 tuo.

1442 2344 1605 2384 Oratio.

1116 2414 1133 2431 <³
1225 2401 1392 2444 oncede
1406 2414 1487 2443 nos
1501 2401 1688 2444 famulos
1702 2406 1812 2451 tuOS,
1825 2403 1933 2453 quae-

1183 2453 1218 2507 ÷J3
1241 2471 1389 2500 sumus
1412 2458 1598 2500 Demine
1617 2458 1753 2508 Deus,
1777 2458 1931 2510 perpe-

1115 2511 1211 2541 '²²“³-³'·³‘
1239 2520 1315 2557 tua
1339 2514 1498 2556 mentis
1525 2519 1570 2556 et
1597 2513 1794 2567 cerporis
1822 2513 1930 2554 sani-

1106 2574 1198 2614 tate
1233 2570 1442 2622 gaudere:
1481 2575 1524 2612 et
1560 2570 1751 2621 gloriosa
1788 2569 1932 2611 beatae

1108 2629 1258 2669 Mariae
1271 2639 1444 2680 semper
1452 2626 1645 2677 Virginis
1658 2626 1931 2668 intercessio-

1107 2697 1177 2734 ne,
1201 2697 1227 2726 a
1249 2683 1456 2737 praesenti
1478 2682 1654 2724 liberari
1675 2682 1865 2732 tristitia,
1889 2687 1932 2724 et

1108 2742 1272 2782 aeterna
1292 2739 1456 2793 perfrui
1480 2739 1641 2781 laetitia.
1674 2739 1758 2781 Per
1778 2739 1905 2780 Dfim.
