2028 2892
764 170 934 204 Sublmto
960 171 1008 204 ad
1033 171 1268 205 Matutinum.

414 260 610 301 Psalmus
631 263 722 301 104.

154 309 476 417 Confitemini
494 320 699 371 D6mino,
719 326 762 362 et
781 322 984 363 invocate

246 387 406 416 nomen
426 377 533 427 ejus:
551 378 575 403 *
594 378 849 419 annuntiate
870 379 984 419 inter

92 471 95 478 ,
154 430 323 471 Gentes
345 433 481 483 Opera
501 434 602 484 ejus.

204 490 390 534 Cantate
411 492 466 542 ei,
495 498 540 534 et
567 494 742 545 psallite
772 495 825 535 ei:
844 497 867 522 *
887 508 981 536 nar-

151 548 248 588 rate
268 548 415 588 omnia
434 548 652 590 mirabilia
674 551 775 602 ejus.

203 607 466 651 Laudamini
511 610 559 650 'in
605 611 781 652 nomine
827 617 980 653 sancto

152 663 260 714 ejus:
291 665 315 690 *
346 664 522 706 laetetur
567 679 644 707 cor
690 668 980 718 quaerentium

151 719 402 761 Deminum.

203 780 399 831 Quaerite
418 782 668 832 DOminum‚
690 788 732 824 et
752 785 980 825 confirma-

149 836 274 877 mini:
302 839 326 864 *
354 838 539 889 quaerite
567 838 725 880 faciem
753 841 843 891 ejus
872 854 980 882 sem—

150 904 242 944 per.

201 948 472 991 Mementote
483 950 750 992 mirabilium
762 954 864 1004 ejus,
880 965 979 1004 quae

148 1004 301 1046 fecitz*
312 1005 516 1058 prodigia
531 1007 632 1058 ejus,
653 1012 697 1048 et
714 1007 874 1059 judicia
890 1009 979 1050 oris

150 1061 253 1112 ejus.

200 1116 360 1159 Semen
392 1117 635 1168 Abraham,
670 1121 786 1161 servi
820 1122 927 1173 ejus:
955 1123 979 1148 *

149 1172 229 1213 filii
247 1173 397 1223 Jacob,
418 1174 547 1216 electi
568 1176 668 1226 ejus.

201 1233 304 1286 Ipse
323 1234 541 1275 Dominus
558 1236 679 1277 Deus
708 1242 873 1278 noster:
893 1239 915 1264 *
935 1239 978 1278 in

149 1289 353 1331 universa
371 1295 491 1332 terra
510 1291 670 1342 iudicia
690 1294 791 1344 ejus.

200 1349 371 1392 Memor
407 1351 489 1392 fuit
525 1352 569 1392 in
605 1353 815 1394 saeculum
848 1358 978 1395 testa-

148 1406 285 1447 menti
305 1407 386 1447 sui:
405 1409 429 1434 *
448 1407 590 1457 verbi,
614 1408 734 1459 quod
751 1409 978 1451 mandavit

147 1461 192 1502 in
211 1462 331 1503 mille
349 1464 672 1514 generationes:

201 1522 330 1572 Quod
359 1522 579 1575 disposuit
607 1524 663 1565 ad
692 1524 933 1566 Abraham:
953 1528 976 1552 *

148 1582 192 1619 et
209 1579 441 1630 juramenti
460 1580 528 1620 sui
547 1579 604 1621 ad
623 1581 764 1622 Isaac:

198 1638 256 1680 Et
281 1639 436 1680 statuit
460 1639 570 1681 illud
587 1640 726 1682 Jacob
750 1641 794 1682 in
814 1644 976 1694 praece—

146 1698 287 1746 ptum:
307 1696 330 1722 *
351 1699 395 1736 et
422 1695 562 1736 Israel
590 1696 633 1736 in
662 1699 975 1739 testamentum

147 1751 376 1792 aeternum:
464 1749 472 1759 “

198 1811 379 1853 Dicens:
413 1811 494 1853 tibi
528 1812 645 1854 dabo
675 1818 838 1854 terram
867 1814 974 1854 Cha-

146 1879 276 1917 naan,
296 1869 320 1895 *
339 1868 579 1909 funiculum
603 1868 877 1910 haereditatis
905 1882 974 1910 ve-

146 1927 262 1964 strae.

198 1979 308 2020 Cum
328 1985 476 2021 essent
490 1983 674 2021 numero
691 1979 826 2029 brevi,
837 1982 974 2032 *pau-

146 2035 310 2076 cissimi
331 2041 375 2077 et
394 2036 550 2077 incolae
571 2036 672 2087 ejus.

196 2095 253 2136 Et
288 2097 638 2148 pertransierunt
675 2095 730 2136 de
767 2100 897 2146 gente
929 2096 974 2136 in

144 2156 332 2202 gentem,
349 2154 373 2179 ²⁸¹
393 2157 437 2193 et
458 2151 512 2194 de
530 2164 665 2203 regno
685 2151 741 2192 ad
760 2151 973 2203 populum

139 2206 342 2248 alterum.

196 2263 298 2304 Non
335 2264 514 2316 reliquit
541 2264 776 2316 ¹hominem
813 2265 972 2304 nocere

146 2319 224 2359 eis:
243 2321 267 2346 *
287 2325 331 2361 et
351 2320 566 2372 corripuit
585 2332 667 2376 pro
688 2320 750 2360 eis
771 2331 907 2369 reges.

196 2379 346 2421 Nolite
374 2382 555 2431 tangere
585 2379 772 2420 christos
793 2391 929 2419 meos:
948 2380 972 2404 *

146 2439 190 2476 et
217 2435 262 2475 in
289 2435 521 2488 prophetis
550 2436 661 2476 meis
689 2435 825 2475 nolite
852 2433 971 2474 mali-

144 2503 278 2541 gnarl.

196 2551 254 2592 Et
272 2551 449 2592 vocavit
468 2551 627 2592 famem
647 2563 779 2602 super
794 2555 970 2590 terram:

145 2607 168 2633 *
184 2611 227 2647 et
246 2619 376 2648 omne
391 2607 714 2648 firmamentum
730 2605 855 2658 panis
871 2617 970 2645 con—

145 2663 278 2703 trivit.

1087 263 1209 305 Misit
1237 270 1337 305 ante
1366 278 1442 306 eos
1469 267 1625 307 virum:
1650 270 1673 295 *
1702 269 1745 308 in
1774 282 1859 309 ser-

1035 333 1138 359 vum
1158 320 1449 362 venumdatus
1473 327 1539 363 est
1555 323 1579 363 J
1582 324 1731 376 oseph.

1086 376 1440 418 Humiliaverunt
1485 378 1529 418 in
1571 380 1858 431 compedibus

1034 431 1172 483 pedes
1192 433 1292 483 ejus,
1315 433 1477 474 ferrum
1498 436 1752 485 pertransiit
1771 437 1858 476 ani-

1034 500 1150 527 mam
1171 489 1272 539 ejus,
1287 490 1311 515 *
1327 487 1467 529 donec
1488 493 1655 531 veniret
1675 491 1857 532 verbum

1035 544 1136 594 ejus.

1086 599 1322 650 Equuium
1360 601 1537 641 Demini
1574 602 1857 644 inflammavit

1035 667 1148 695 eum:
1177 657 1200 682 *
1227 656 1347 696 misit
1375 669 1468 705 reX‚
1504 662 1548 698 et
1583 658 1714 698 solvit
1743 672 1855 709 eum;

1032 711 1856 764 princepspopu16rum,etdimisiteum.

1086 766 1325 808 Constituit
1345 780 1444 809 eum
1460 768 1685 810 dominum
1701 770 1855 811 domus

1033 835 1141 863 suae:
1156 825 1179 849 *
1200 828 1243 864 et
1260 825 1505 876 principem
1525 826 1666 865 omnis
1686 838 1855 877 posses-

1033 891 1169 919 s10n1s
1191 892 1297 920 suae:

1083 935 1143 976 Ut
1169 935 1363 976 erudiret
1388 936 1610 988 principes
1634 938 1724 987 ejus
1744 938 1856 979 sicut

1033 993 1338 1043 semetipsum:
1362 993 1385 1018 *
1412 996 1455 1032 et
1483 1005 1609 1033 senes
1639 994 1729 1043 ejus
1757 1006 1854 1045 pru-

1033 1046 1228 1087 dentiam
1249 1047 1439 1088 doceret.

1083 1103 1140 1144 Et
1168 1103 1347 1144 intravit
1374 1103 1509 1143 Israel
1538 1104 1580 1143 in
1600 1104 1855 1156 AEgyptum:

1033 1160 1056 1185 *
1068 1164 1111 1199 et
1123 1159 1260 1199 Jacob
1273 1159 1422 1200 accola
1433 1159 1512 1200 fuit
1527 1160 1570 1199 in
1580 1165 1697 1200 terra
1710 1160 1855 1200 Cham.

1083 1215 1140 1255 Et
1174 1215 1295 1255 auxit
1329 1214 1542 1266 pepulum
1577 1229 1702 1255 suum
1730 1216 1854 1257 vehe-

1031 1272 1219 1312 menter:
1250 1273 1273 1297 *
1302 1277 1344 1312 et
1378 1271 1567 1312 firmavit
1597 1284 1695 1312 eum
1724 1285 1855 1323 super

1031 1326 1233 1367 inimicos
1253 1328 1354 1378 ejus.

1083 1382 1312 1423 Convertit
1340 1395 1415 1423 cor
1440 1385 1593 1423 eorum
1615 1388 1662 1424 ut
1682 1383 1853 1424 odirent

1030 1438 1243 1489 pepulum
1263 1439 1367 1488 ejus:
1387 1439 1410 1464 *
1429 1443 1472 1479 et
1492 1438 1639 1479 dolum
1660 1439 1853 1479 facerent

1030 1494 1074 1533 in
1095 1506 1245 1534 servos
1264 1495 1365 1545 ejus.

1082 1550 1202 1590 Misit
1230 1550 1412 1601 Meysen
1447 1562 1620 1589 servum
1654 1563 1799 1590 suum:
1827 1551 1849 1575 *

1029 1606 1191 1654 Aaron,
1212 1618 1341 1656 quem
1362 1605 1491 1655 elegit
1511 1606 1664 1657 ipsum.

1081 1661 1235 1702 Pesuit
1276 1661 1319 1701 in
1361 1661 1423 1701 eis
1460 1660 1594 1701 verba
1629 1662 1849 1712 signorum

1029 1719 1220 1766 suerum,
1238 1719 1260 1743 *
1281 1722 1324 1758 et
1348 1716 1649 1768 prodigiOrum
1672 1717 1715 1757 in
1735 1722 1850 1757 terra

1029 1772 1176 1813 Cham.
1867 1779 1875 1787 ‘

1079 1829 1199 1869 Misit
1222 1828 1444 1877 tenebras,
1469 1833 1513 1869 et
1537 1827 1805 1868 obscuravit:
1824 1829 1847 1853 *

1029 1889 1072 1924 et
1091 1897 1179 1925 non
1200 1883 1482 1925 exacerbavit
1498 1886 1721 1924 sermones
1736 1895 1847 1923 suos.

1079 1940 1307 1981 Convertit
1341 1952 1476 1990 aquas
1505 1941 1656 1980 eorum
1682 1939 1726 1978 in
1754 1940 1845 1978 san-

1026 1996 1217 2046 guinem:
1236 1997 1260 2022 *
1280 1999 1322 2036 et
1341 1994 1505 2036 occidit
1522 1995 1665 2047 pisces
1685 1996 1845 2035 eorum.

1078 2051 1230 2092 Edidit
1262 2055 1380 2092 terra
1414 2053 1566 2092 eorum
1597 2063 1723 2090 ranas
1751 2051 1774 2075 *
1801 2049 1844 2088 in

1025 2106 1325 2158 penetralibus
1345 2119 1497 2157 regum
1515 2106 1719 2157 ipsorum.

1076 2162 1214 2212 Dixit,
1248 2167 1291 2203 et
1319 2162 1437 2203 venit
1464 2162 1722 2211 coenomyia:
1749 2161 1772 2185 *
1801 2163 1844 2199 et

1026 2217 1178 2258 cinifes
1206 2218 1250 2257 in
1280 2217 1480 2258 omnibus
1503 2215 1662 2256 finibus
1682 2217 1843 2255 eorum.

1076 2273 1231 2314 Pesuit
1271 2272 1441 2324 pluvias
1484 2273 1634 2312 eorum
1673 2269 1842 2321 grandi-

1025 2341 1144 2369 nem:
1185 2331 1208 2355 *
1247 2329 1402 2379 ignem.
1432 2325 1759 2367 comburentem
1800 2326 1843 2364 in

1024 2388 1142 2425 terra
1170 2384 1374 2436 ipsorum.

1075 2440 1132 2480 Et
1163 2439 1380 2491 percussit
1411 2438 1559 2476 vineas
1591 2438 1763 2484 eorum,
1799 2439 1842 2475 et

1023 2495 1234 2535 ficulneas
1263 2496 1427 2534 eorum:
1450 2492 1473 2516 *
1493 2497 1536 2532 et
1564 2491 1768 2532 contrivit
1795 2490 1840 2530 li-

1023 2563 1155 2601 gnum
1183 2549 1333 2589 finium
1361 2549 1522 2588 eorum.

1075 2605 1213 2653 Dixit,
1241 2609 1285 2645 et
1311 2602 1430 2643 venit
1457 2602 1644 2651 locusta,
1673 2606 1715 2643 et
1743 2601 1839 2642 bru·

1023 2660 1142 2708 chus,
1166 2661 1189 2686 *
1211 2659 1330 2709 cujus
1358 2669 1446 2697 non
1471 2662 1564 2698 erat
1592 2661 1806 2698 numerus.
