2028 2892
692 177 794 210 Infra
823 178 1115 211 Hebdomadam
1141 178 1351 212 Passionis.

406 269 435 305 S
461 280 487 305 a
510 270 536 305 b
561 270 588 305 b
615 281 642 305 a
664 273 680 304 t
705 280 742 306 0.

162 326 318 368 Lectio
338 326 479 368 sancti
496 326 724 378 Evangelii
748 327 990 368 secundum

461 382 486 423 J
489 385 688 426 oannem.

266 441 417 482 Lectio
438 442 461 481 i.
649 443 751 494 Cap.
774 445 827 482 12.
847 443 886 483 b.

157 498 236 603 In
284 503 360 544 illo
406 506 627 557 tempore:
677 505 989 556 Cogitaverunt

223 560 445 612 principes
469 561 753 616 sacerdotum
775 566 822 603 ut
847 567 890 603 et
908 561 988 601 La-

158 628 310 656 zarum
350 616 668 659 interficerent:
719 617 820 670 quia
865 617 989 658 multi

158 676 342 724 propter
369 672 493 714 illum
520 673 700 715 abibant
733 687 787 715 ex
814 673 989 722 Judaeis,

160 732 204 768 et
222 727 462 771 credebant
480 730 525 770 in
543 730 568 771 J
570 743 704 771 esum.
735 731 793 770 Et
810 730 988 782 reliqua.

160 807 354 848 Homilia
367 807 509 849 sancti
524 806 753 858 Augustini
767 807 988 859 Episcopi.

208 869 411 903 Tractatus
432 870 492 904 50.
514 870 552 903 in
572 870 778 907 «loannem,
800 871 838 903 in
861 871 944 905 fine.

179 955 261 988 ,fl
274 928 340 968 iso
371 928 543 969 Lazaro
575 928 853 977 resuscitato,
887 928 989 980 quia

171 982 261 1022 “I-²515?
295 988 466 1026 tantum
508 983 767 1025 miraculum
811 984 990 1025 Domini

157 1044 280 1082 tanta
318 1045 411 1082 erat
449 1039 670 1082 evidentia
706 1039 988 1090 diffamatum,

157 1101 280 1138 tanta
314 1096 667 1138 manifestatione
701 1096 988 1146 declaratum,

156 1157 206 1195 ut
223 1166 312 1195 non
330 1158 515 1206 possent
532 1153 603 1195 vel
628 1153 848 1194 occultare
868 1152 989 1205 quod

156 1209 322 1253 factum
345 1215 427 1260 est,
451 1210 522 1252 vel
540 1212 717 1260 negare:
744 1209 850 1261 quid
872 1210 988 1251 inve-

156 1269 332 1317 nerunt,
363 1266 522 1308 videte.
570 1266 884 1317 Cogitaverunt
916 1279 985 1307 au-

155 1328 247 1366 tem
284 1323 506 1376 principes
543 1322 824 1364 sacerdotum
861 1326 909 1363 ut
944 1327 987 1363 et

156 1380 374 1421 Lazarum
407 1379 716 1421 interficerent.
778 1378 815 1419 O
853 1378 988 1419 stulta

157 1436 369 1488 cogitatio
398 1440 442 1477 et
468 1448 588 1477 caeca
616 1433 800 1475 saevitia!
837 1434 986 1475 Domi-

155 1506 237 1534 nus
258 1491 472 1541 Christus,
501 1491 576 1543 qui
604 1491 816 1532 suscitare
842 1490 987 1542 potuit

155 1551 395 1598 mortuum,
447 1560 535 1589 non
578 1551 732 1599 posset
774 1546 986 1588 occisum!

156 1605 343 1656 Quando
358 1605 529 1646 Lazaro
548 1602 803 1645 inferebatis
822 1615 986 1652 necem,

155 1661 371 1715 numquid
397 1660 663 1703 auferebatis
687 1659 880 1700 Domino
909 1672 985 1711 po-

155 1716 385 1761 testatem?
425 1717 472 1759 Si
504 1715 624 1758 aliud
651 1715 779 1757 vobis
812 1715 987 1757 videtur

154 1777 370 1824 mortuus,
405 1772 524 1815 aliud
548 1775 735 1814 occisus:
768 1784 871 1813 eece
898 1771 985 1812 Do-

156 1832 299 1872 minus
318 1833 555 1882 utrumque
574 1829 688 1878 fecit,
708 1833 752 1869 et
770 1828 987 1868 Lazarum

155 1890 389 1937 mortuum,
409 1891 453 1928 et
470 1887 663 1938 seipsum
678 1884 904 1926 suscitavit
918 1896 986 1924 oc-

157 1946 305 1985 cisum.
866 1954 868 1956 ·

211 2000 263 2050 R.
291 2000 409 2042 Tota
436 1999 507 2042 die
535 1997 821 2054 contristatus
848 1996 986 2046 ingre-

158 2056 310 2098 diebar
349 2057 552 2098 Domine:
598 2053 804 2106 quoniam
843 2052 986 2092 anima

157 2126 257 2155 mea
289 2112 510 2165 completa
542 2115 608 2153 est
640 2107 931 2150 illusionibus:
965 2108 987 2133 *

157 2170 215 2211 Et
240 2169 329 2211 vim
355 2168 589 2217 faciebant,
622 2166 698 2217 qui
731 2162 987 2217 quaerebant

158 2226 348 2267 animam
373 2237 530 2266 meam.
580 2216 631 2267 V.
657 2220 802 2262 Amici
828 2219 914 2260 mei
944 2223 987 2260 et

158 2282 348 2335 proximi
370 2281 457 2323 mei
482 2280 716 2321 adversum
737 2289 806 2317 me
830 2286 987 2338 appro:

158 2338 483 2391 pinquaverunt
510 2340 554 2377 et
582 2335 809 2376 steterunt:
842 2336 886 2372 et
914 2343 988 2382 qui

160 2394 279 2446 juxta
296 2407 367 2435 me
387 2397 521 2442 erant,
539 2391 595 2433 de
613 2391 743 2440 longe
762 2388 987 2429 steterunt.

159 2451 216 2492 Et
234 2451 332 2491 vim.

264 2509 418 2550 Lectio
439 2508 478 2548 ii.

162 2569 234 2674 In
258 2574 495 2616 crastinum
521 2577 667 2613 autem
691 2568 818 2611 turba
841 2566 986 2615 multa,

222 2643 322 2682 quae
357 2632 538 2672 venerat
574 2626 630 2668 ad
667 2625 782 2667 diem
819 2623 987 2671 festum,

161 2699 261 2728 cum
300 2687 526 2728 audissent
566 2683 669 2736 quia
707 2679 825 2722 venit
860 2678 885 2718 J
888 2690 987 2719 esus

670 2507 813 2546 Traet.
828 2506 886 2543 51.
923 2537 927 2540 .

1003 2620 1006 2625 “
1040 2620 1253 2662 coelorum
1315 2613 1545 2656 credentes
1556 2642 1565 2660 ‚

1803 174 1869 209 199

1041 268 1373 320 Jerosolymam:
1417 274 1680 322 acceperunt
1723 285 1868 314 ramos

1041 323 1297 376 palmarum,
1313 330 1356 365 et
1370 328 1679 377 processerunt
1694 327 1867 369 obviam

1042 380 1098 429 ei,
1127 384 1170 420 et
1189 380 1450 422 clamabant:
1483 382 1709 432 Hosanna,
1738 383 1866 425 bene·
1917 424 1918 428 ,

1042 434 1186 477 dictus
1207 437 1281 488 qui
1295 437 1413 477 venit
1432 437 1475 477 in
1491 438 1664 479 nomine
1679 439 1867 489 Domini,

1042 492 1140 532 Rex
1166 492 1314 532 Isra'el.
1354 493 1484 533 Rami
1510 494 1751 545 palmarum
1778 495 1865 536 lau-

1043 545 1122 588 des
1150 553 1265 597 sunt,
1298 548 1593 598 significantes
1621 550 1866 591 victoriam:

1044 603 1144 655 quia
1159 609 1253 644 erat
1262 604 1478 645 Dominus
1488 610 1674 646 mortem
1684 607 1866 647 morien-

1043 658 1100 700 do
1121 662 1420 711 superaturus,
1444 665 1487 701 et
1505 660 1706 712 trophaeo
1727 663 1866 703 crucis

1042 714 1097 756 de
1122 715 1299 757 diabolo
1323 716 1477 757 mortis
1501 717 1697 768 principe
1720 717 1866 758 trium-

1041 770 1266 822 phaturus.
1300 772 1403 813 Vox
1426 777 1573 813 autem
1598 772 1866 814 obsecrantis

1043 832 1120 876 est,
1135 827 1356 877 Hosanna,
1372 828 1485 869 sicut
1498 828 1695 869 nonnulli
1709 828 1866 878 dicunt,

1043 883 1117 935 qui
1152 882 1374 924 hebraeam
1410 884 1601 935 linguam
1635 886 1866 933 noverunt,

1041 941 1180 990 magis
1225 939 1429 980 affectum
1472 938 1685 989 indicans,
1736 953 1866 992 quam

1041 1008 1134 1036 rem
1153 995 1343 1047 aliquam
1362 996 1621 1047 significans,
1639 996 1752 1037 sicut
1768 1000 1867 1036 sunt

1041 1051 1085 1091 in
1113 1051 1260 1102 lingua
1285 1051 1437 1101 latina,
1471 1065 1579 1104 quas
1608 1052 1865 1103 interjectio-

1040 1120 1119 1148 nes
1138 1112 1314 1149 vocant:
1333 1108 1453 1149 velut
1472 1121 1570 1149 cum
1590 1106 1786 1149 dolentes
1807 1106 1866 1148 di-

1042 1164 1195 1213 cimus,
1226 1164 1327 1214 heu3
1358 1164 1430 1205 vel
1457 1177 1556 1205 cum
1588 1163 1866 1213 delectamur,
1916 1200 1917 1203 ,

1041 1220 1127 1262 vah
1147 1220 1342 1261 dicimus.

1098 1289 1147 1339 R:-
1182 1289 1250 1330 Ne
1289 1290 1461 1330 avertas
1496 1287 1652 1329 faciem
1689 1292 1808 1328 tuam
1840 1301 1865 1328 a

1040 1348 1180 1397 puero
1197 1349 1273 1386 tuo
1292 1345 1494 1385 Domine:
1516 1344 1538 1366 *
1556 1344 1772 1393 Quoniam
1793 1346 1864 1385 tri-

1040 1401 1182 1450 bulor,
1207 1401 1418 1442 velociter
1438 1400 1596 1441 exaudi
1614 1412 1694 1440 me.
1728 1393 1775 1444 Y.
1796 1400 1864 1439 In-

1039 1457 1171 1498 tende
1190 1457 1346 1497 animae
1369 1469 1497 1505 meae,
1526 1460 1569 1496 et
1591 1455 1731 1496 libera
1755 1468 1864 1496 eam:

1038 1518 1222 1565 propter
1252 1513 1450 1553 inimicos
1482 1524 1605 1552 meos
1638 1511 1756 1562 eripe
1783 1523 1863 1551 me.

1039 1569 1265 1620 Quoniam.

1343 1654 1494 1694 Lectio
1516 1653 1571 1692 iii.

1044 1718 1183 1822 Has
1203 1724 1243 1766 ei
1256 1723 1408 1765 laudes
1423 1722 1552 1764 turba
1570 1721 1756 1763 dicebat:
1775 1722 1863 1762 Ho-

1144 1783 1290 1830 sanna‚
1310 1779 1577 1827 benedictus,
1598 1778 1671 1830 qui
1687 1777 1804 1819 venit
1821 1778 1862 1817 in

1039 1839 1215 1879 nomine
1233 1836 1422 1886 Domini,
1440 1836 1538 1876 Rex
1551 1833 1698 1874 Israel.
1726 1835 1863 1883 Quam

1040 1908 1216 1936 crucem
1251 1893 1409 1934 mentis
1440 1890 1678 1932 invidentia
1710 1889 1864 1941 princi-

1040 1964 1146 2004 pum
1171 1949 1426 1991 Judaeorum
1450 1946 1623 1999 perpeti
1649 1948 1863 1997 potuerat,

1041 2006 1218 2059 quando
1263 2006 1431 2055 Regem
1476 2015 1601 2043 suum
1647 2001 1863 2041 Christum

1039 2068 1162 2104 tanta
1206 2059 1443 2102 multitudo
1489 2054 1725 2099 clamabat?
1776 2054 1863 2096 Sed

1041 2118 1147 2171 quid
1170 2118 1250 2158 fuit
1274 2115 1465 2157 Domino
1492 2114 1658 2163 Regem
1685 2123 1780 2152 esse
1803 2111 1863 2150 Is-

1041 2173 1152 2216 rael?
1186 2171 1300 2223 Quid
1324 2182 1529 2221 magnum
1552 2168 1632 2208 fuit
1651 2166 1761 2217 Regi
1785 2178 1863 2206 sae-

1041 2231 1254 2279 culorum,
1293 2229 1460 2278 Regem
1492 2224 1586 2265 fieri
1616 2219 1862 2262 hominum?

1038 2287 1141 2328 Non
1170 2286 1285 2327 enim
1308 2284 1406 2324 Rex
1424 2278 1558 2322 Israel
1583 2277 1780 2318 Christus
1807 2276 1863 2317 ad

1041 2341 1309 2393 exigendum,
1332 2337 1559 2382 tributum,
1596 2332 1667 2373 vel
1703 2332 1862 2373 exerci-

1039 2403 1132 2439 tum
1170 2398 1283 2438 ferro
1318 2390 1589 2438 armandum,
1624 2387 1862 2440 hostesque

1039 2453 1269 2494 visibiliter
1309 2444 1609 2490 debellandos:
1651 2443 1731 2485 sed
1766 2444 1863 2484 Rex

1038 2508 1185 2558 Israel,
1206 2505 1325 2559 quod
1343 2506 1510 2544 mentes
1530 2504 1662 2551 regat,
1683 2499 1802 2551 quod
1820 2499 1863 2539 in

1040 2567 1250 2606 aeternum
1265 2558 1473 2606 consulat,
1492 2555 1610 2608 quod
1624 2556 1669 2596 in
1682 2567 1862 2605 regnum

1625 2613 1862 2663 speranteS,

1039 2676 1320 2724 amantesque
1339 2668 1563 2722 perducat.
