2066 2904
615 149 686 183 Die
714 149 766 183 18.
791 149 892 188 Maii.
940 150 974 184 S.
1000 149 1182 183 Venantii
1208 149 1399 191 Martyris.

157 245 442 286 consecrasti:
469 243 630 286 exaudi
652 256 809 296 preces
831 244 986 297 pepuli

156 300 239 350 tui,
266 305 311 342 et
333 305 512 353 praesta3
543 305 592 342 ut
616 300 691 352 qui
716 300 807 352 ejus
828 300 986 342 merita

156 357 430 406 veneramur,
455 355 561 398 fidei
580 356 872 397 constantiam
892 356 984 397 imi-

156 413 309 452 temur.
334 412 420 453 Per
437 412 686 453 Deminum.

209 473 258 507 Et
278 474 319 508 fit
342 483 538 507 commem.
563 472 727 515 praeeed.

209 525 308 565 Ant.
327 523 412 564 Hic
426 523 493 563 vir
512 523 759 576 despiciens
773 523 986 564 mundum

156 584 201 620 et
245 581 420 620 terrena
463 579 756 632 triumphans,
809 579 984 620 divitias

156 634 270 677 coelo
291 633 488 677 cendidit
508 648 602 684 ore,
627 648 774 686 manu,
801 634 984 687 alleluja.

209 688 260 738 V.
277 690 449 732 Justum
469 690 653 732 deduxit
670 691 885 732 Deminus
904 704 985 744 per

156 746 248 787 vias
267 751 421 797 rectas,
441 746 622 798 alleluja.
652 748 703 800 R.
719 747 776 789 Et
792 746 985 788 ostendit

154 801 218 842 illi
235 814 418 852 regnum
437 802 531 854 Dei,
551 802 733 855 alleluja.

319 877 407 918 Ad
432 877 821 919 Matutinum.

210 937 336 978 Invit.
357 934 591 978 Exsultent
611 934 655 975 in
673 935 864 977 Demino
889 948 983 977 san-

154 989 224 1039 cti,
244 994 268 1019 *
283 989 480 1042 Alleluia.

211 1049 280 1089 Ps.
299 1048 464 1096 Venite,
484 1047 761 1089 exsultemus.
780 1049 817 1088 2.

468 1106 680 1159 Hymnus.
740 1138 744 1147 ‚

274 1159 411 1202 thleta
429 1161 591 1203 Christi
610 1162 771 1203 nebilis

298 1216 424 1258 Idela
444 1217 623 1260 damnat
642 1219 860 1269 Gentium,

231 1272 405 1325 Deique
423 1276 572 1316 amere
592 1274 766 1316 saucius

229 1328 347 1371 Vitae
366 1330 532 1382 pericla
552 1330 749 1383 despicit.

180 1393 308 1435 Loris
327 1396 548 1436 revinctus
568 1395 749 1447 asperis,

230 1449 268 1489 E
286 1461 395 1502 rupe
413 1463 616 1503 praeceps
635 1451 843 1493 velvitur:

230 1504 411 1557 Spineta
429 1506 598 1548 vultum
615 1506 852 1549 lancinant:

228 1561 314 1602 Per
332 1574 439 1604 saxa
458 1575 619 1615 corpus
638 1562 862 1604 scinditur.

179 1627 296 1667 Dum
312 1625 511 1668 membra
528 1631 706 1680 raptant
723 1626 941 1680 Martyris,

229 1681 459 1732 Languent
477 1683 550 1724 siti
569 1683 795 1725 satellites:

228 1737 360 1789 Signo
380 1738 522 1780 crucis
541 1739 788 1781 Venantius

227 1793 266 1834 E
284 1807 394 1846 rupe
412 1794 558 1836 fontes
578 1795 705 1837 elicit.

180 1853 376 1897 Bellator
395 1866 421 1896 o
440 1854 688 1905 fortissime,

229 1910 315 1960 Qui
332 1910 515 1963 perfidis
533 1911 774 1953 torteribus

229 1966 268 2006 E
286 1971 413 2008 caute
430 1966 605 2019 praebes
623 1967 843 2019 peculum,

230 2021 326 2063 Nos
345 2034 447 2065 rore
464 2023 618 2073 gratiae
636 2023 780 2074 irriga.

179 2080 245 2124 Sit
261 2081 357 2123 laus
374 2082 506 2132 Patri,
524 2083 581 2124 sit
599 2083 722 2132 Filio,

229 2137 419 2189 Tibique
438 2144 589 2180 sancte
607 2139 809 2192 Spiritus:

227 2193 299 2234 Da
317 2206 398 2246 per
415 2207 571 2246 preces
589 2195 800 2237 Venantii

223 2249 363 2291 Beata
379 2249 508 2292 nobis
526 2250 696 2302 gaudia.
722 2252 877 2293 Amen.

204 2314 249 2348 In
278 2315 306 2349 Ι.
336 2316 536 2350 Nocturno
569 2315 774 2350 Lectiones
808 2317 854 2350 de
886 2317 983 2350 Seri-

153 2365 265 2404 ptura
292 2368 525 2397 occurrente.

383 2422 433 2462 In
455 2425 505 2462 II.
529 2424 753 2464 Nocturno.

454 2483 607 2525 Lectio
627 2485 680 2524 iv.

166 2589 184 2602 ,Υ
290 2543 508 2584 enantius
529 2544 708 2585 Camers
730 2543 979 2596 quindecim

174 2634 190 2651 ,
227 2601 242 2622 (’
263 2598 293 2654 7³v
325 2611 463 2640 annos
488 2603 633 2648 natus,
661 2612 760 2641 cum
785 2599 978 2641 christia-

257 2653 279 2660 “’
323 2666 394 2695 nae
434 2654 658 2706 religionis
699 2656 979 2697 accusaretur

1037 242 1157 297 apud
1183 242 1470 292 Antiochum,
1512 242 1588 294 qui
1618 241 1699 282 sub
1729 240 1870 282 Decio

1036 301 1303 353 imperatore
1333 300 1565 341 Camerino
1591 300 1798 350 praeerat,
1826 297 1871 338 in

1036 361 1167 409 porta
1195 355 1384 397 civitatis
1412 354 1595 407 praesidi
1623 367 1671 395 se
1697 353 1871 395 obtulit:

1039 424 1170 464 quem
1194 411 1267 452 ille
1292 410 1686 463 pollicitatienibus
1712 422 1763 451 ac
1785 414 1871 450 ter-

1036 467 1213 509 reribus
1234 466 1309 509 diu
1326 469 1558 515 tentatum,
1585 466 1734 517 flagris
1759 465 1872 507 caedi

1038 529 1083 566 et
1109 524 1293 565 vinculis
1326 523 1508 573 astringi
1539 523 1677 574 jussit:
1710 521 1791 563 sed.
1817 522 1870 562 iis

1036 579 1294 621 mirabiliter
1310 579 1364 621 ab
1381 578 1554 630 Angelo
1571 578 1754 627 solutus,
1773 578 1872 618 lam-

1037 636 1227 688 padibus
1246 638 1405 688 pestea
1424 635 1636 684 aduritur,
1660 640 1791 685 atque
1809 634 1870 674 in-

1037 694 1168 733 verso
1188 704 1265 733 ore
1288 692 1409 734 fumo
1435 690 1669 743 supp6sito
1690 691 1871 742 suspen-

1038 747 1164 789 ditur.
1191 748 1295 799 Ejus
1317 747 1610 790 constantiam
1623 746 1668 786 in
1682 747 1870 787 tormen-

1036 804 1093 844 tis
1115 803 1356 846 demiratus
1376 803 1637 845 Anastasius
1663 802 1869 843 Cornicu-

1036 859 1182 909 larius,
1203 864 1246 901 et
1267 859 1387 912 quod
1407 873 1507 901 eum
1526 858 1581 900 ab
1601 857 1774 908 Angelo
1794 860 1869 899 ite-

1036 929 1134 956 rum
1158 916 1352 958 solutum
1376 915 1566 957 candida
1588 919 1712 956 veste
1736 927 1871 966 supra

1036 972 1203 1012 fumum
1244 972 1543 1013 ambulantem
1579 970 1781 1019 vidisset,
1826 970 1871 1010 in

1038 1027 1261 1070 Christum
1279 1027 1482 1078 credidit,
1504 1032 1548 1069 et
1567 1040 1592 1068 a
1610 1026 1743 1068 beato
1763 1026 1869 1067 Por-

1035 1083 1193 1136 phyrio
1213 1084 1476 1136 presbytero
1497 1096 1597 1124 cum
1615 1082 1780 1123 familia
1796 1081 1868 1123 ba-

1035 1140 1246 1192 ptizatUS,
1271 1139 1405 1193 paulo
1430 1144 1533 1192 post
1557 1138 1757 1190 martyrii
1779 1137 1869 1190 pal-

1035 1209 1152 1237 mam
1171 1209 1270 1237 cum
1290 1196 1449 1237 eedem
1467 1194 1724 1248 promeruit.

1094 1257 1145 1308 R.
1159 1252 1258 1292 Lux
1279 1253 1495 1304 perpetua
1517 1250 1682 1292 lucebit
1706 1250 1870 1291 sanctis

1036 1308 1122 1349 tuis
1148 1308 1353 1357 Demine,
1381 1315 1404 1338 *
1426 1308 1483 1348 Et
1513 1306 1735 1348 aeternitas
1763 1308 1868 1347 tem-

1034 1377 1210 1416 porum,
1234 1363 1424 1415 alleluja,
1449 1363 1632 1414 alleluja.
1668 1363 1722 1415 V,
1740 1362 1869 1403 Laeti-

1034 1420 1096 1461 tia
1131 1420 1401 1473 sempiterna
1437 1420 1520 1461 erit
1553 1431 1685 1471 super
1721 1418 1869 1470 capita

1036 1478 1202 1517 eorum:
1227 1475 1438 1527 gaudium
1463 1480 1507 1517 et
1530 1474 1868 1517 exsultationem

1035 1531 1307 1574 obtinebunt.
1335 1533 1403 1573 Et.

1352 1598 1504 1638 Lectio
1525 1611 1562 1637 v.

1041 1641 1134 1746 A
1147 1644 1393 1686 Venantius
1412 1642 1595 1696 praesidi
1615 1642 1799 1692 sistitur,
1824 1647 1868 1683 et

1145 1700 1201 1741 ab
1228 1713 1281 1742 eo
1305 1703 1464 1742 iterum
1488 1700 1650 1741 frustra
1673 1700 1867 1740 tentatus

1033 1762 1082 1798 ut
1101 1756 1264 1798 Christi
1287 1756 1423 1798 fidem
1446 1755 1687 1805 desereret,
1713 1755 1757 1795 in
1776 1757 1867 1796 car-

1035 1826 1179 1855 cerem
1196 1814 1441 1865 conjicitur:
1461 1825 1549 1864 quo
1565 1811 1741 1853 Attalus
1757 1824 1867 1863 prae-

1034 1882 1087 1911 co
1106 1870 1301 1919 mittitur,
1322 1869 1396 1921 qui
1416 1869 1456 1910 ei
1475 1868 1602 1918 dicat,
1622 1881 1670 1909 se
1690 1880 1868 1919 quoque

1035 1925 1330 1967 Christianum
1359 1926 1511 1974 fuisse,
1550 1930 1593 1966 et
1628 1924 1669 1966 ei
1702 1924 1867 1964 nemini

1033 1983 1274 2034 propterea
1299 1981 1590 2030 renuntiasse,
1618 1979 1740 2032 quod
1766 1992 1865 2030 cog-

997 2082 1005 2091 ,
1033 2040 1240 2087 novisset,
1258 2039 1386 2079 inane
1406 2050 1504 2079 esse
1523 2037 1628 2078 fidei
1647 2037 1865 2077 commen-

1033 2097 1142 2144 tum,
1180 2106 1268 2145 quo
1303 2094 1539 2136 Christiani
1570 2091 1866 2145 praesentibus

1033 2161 1081 2190 se
1113 2149 1319 2191 abdicant
1347 2149 1405 2191 ob
1434 2162 1592 2192 vanam
1619 2149 1866 2189 futurarum

1033 2217 1170 2257 spem.
1203 2206 1372 2251 Verum
1396 2205 1559 2247 nebilis
1586 2203 1748 2246 Christi
1773 2203 1864 2244 ath-

1031 2260 1121 2302 leta
1134 2261 1282 2303 callidi
1294 2262 1438 2303 hostis
1452 2260 1632 2302 insidias
1649 2272 1738 2301 non
1751 2259 1866 2310 igno-

1032 2329 1149 2367 ranS‚
1176 2317 1341 2359 diaboli
1362 2317 1610 2358 ministrum
1633 2329 1658 2357 a
1680 2328 1728 2357 se
1746 2315 1864 2367 peni-

1031 2377 1102 2414 tus
1138 2374 1299 2426 rejecit.
1353 2375 1498 2424 Quare
1535 2372 1592 2414 ad
1626 2371 1864 2425 praesidem

1031 2431 1190 2471 iterum
1204 2429 1397 2471 adducto
1414 2441 1567 2470 omnes
1579 2428 1753 2470 contusi
1763 2433 1864 2470 sunt

1032 2484 1203 2536 dentes,
1222 2485 1501 2536 maxillaeque
1521 2484 1775 2526 confractae:
1801 2488 1862 2526 at-

1033 2554 1117 2593 que
1141 2542 1203 2583 ita
1225 2554 1367 2583 caesus
1385 2541 1430 2582 in
1450 2540 1771 2592 sterquilinium
1790 2540 1863 2583 de-

1030 2597 1183 2649 jicitur.
1223 2597 1310 2639 Sed
1338 2596 1441 2639 inde
1469 2597 1524 2639 ab
1552 2597 1725 2648 Angelo
1756 2610 1861 2649 quo-

1032 2666 1118 2706 que
1142 2656 1337 2707 ereptuS,
1364 2666 1515 2695 rursus
1539 2654 1660 2696 stetit
1683 2659 1783 2696 ante
1802 2654 1861 2705 ju-
