2028 2892
748 177 786 210 In
814 180 1050 214 Ascensione
1078 180 1239 215 Domini.

141 267 226 318 bis,
255 268 442 321 alleluja,
471 271 493 295 *
524 270 734 323 Spiritum
761 273 964 323 veritatis,

142 329 186 365 et
213 323 421 376 gaudebit
448 338 525 367 cor
552 333 756 376 vestrum,
784 328 964 382 alleluja.

142 375 191 427 V.
225 381 320 432 Ego
348 381 516 432 rogabo
541 382 733 433 Patrem,
762 390 805 426 et
833 386 963 427 alium

57 484 59 486 ,
140 436 404 479 Paraclitum
428 437 549 480 dabit
573 439 709 481 vobis.
745 441 962 493 Spiritum.

441 513 591 555 Lectio
614 515 664 554 vi.
917 564 919 567 Ι

139 563 296 687 Quia
319 577 449 628 igitur
471 578 630 620 Christi
654 580 863 630 ascensio,
888 595 961 623 no—

247 637 335 675 stra
349 635 576 687 provectio
593 641 674 686 est;
692 641 735 677 et
751 650 837 688 quo
853 651 961 690 prae-

139 690 270 731 cessit
287 690 425 741 gloria
445 692 613 745 eapitis,
638 705 690 734 eo
716 706 816 745 spes
836 697 960 735 voca-

137 750 209 788 tur
223 751 266 788 et
281 749 494 801 corporis:
513 748 664 800 dignis,
681 748 961 801 dilectissimi,

138 802 403 845 exsultemus
427 804 614 855 gaudiis,
641 811 684 847 et
708 807 782 859 pia
806 808 959 857 gratia-

139 872 235 900 rum
255 861 427 903 actione
445 861 654 903 laetemur.
682 863 827 905 Hodie
847 865 960 905 enim

136 929 224 957 non
260 916 403 958 solum
444 918 638 971 paradisi
678 923 960 972 possessores

135 971 297 1014 firmilti
317 986 476 1025 sumus,
497 974 576 1016 sed
596 975 726 1016 etiam
748 977 959 1018 coelorum

134 1028 177 1069 in
204 1028 376 1072 Christo
404 1034 591 1084 superna
619 1034 958 1085 penetravimus3

136 1086 348 1140 ampliora
388 1088 538 1142 adepti
578 1103 658 1142 per
698 1089 959 1132 ineffabilem

137 1142 295 1185 Christi
319 1145 518 1195 gratiam,
544 1158 674 1197 quam
697 1159 776 1199 per
796 1146 958 1189 diaboli

134 1199 418 1243 amiseramus
445 1201 664 1243 invidiam.
705 1203 818 1244 Nam
847 1217 958 1256 quos

134 1255 373 1299 virulentus
407 1258 607 1300 inimicus
635 1260 764 1312 primi
792 1259 957 1302 habita-

133 1311 219 1354 culi
238 1312 445 1356 felicitAte
465 1314 638 1367 dejecit,
659 1328 736 1357 eos
756 1316 838 1357 sibi
857 1329 957 1358 con-

133 1371 392 1422 corporatos
407 1371 491 1412 Dei
507 1371 642 1412 Filius
659 1371 716 1414 ad
731 1371 957 1414 dexteram

131 1423 273 1467 Patris
292 1426 542 1469 collocavit:
561 1441 660 1469 cum
680 1440 768 1480 quo
788 1429 895 1471 vivit
914 1435 957 1471 et

131 1486 285 1532 regnat
316 1482 359 1523 in
396 1483 560 1525 unitate
595 1484 781 1537 Spiritus
819 1486 956 1527 sancti

131 1537 270 1588 Deus,
301 1551 382 1592 per
414 1540 560 1581 omnia
587 1540 748 1582 saecula
776 1542 955 1584 saeculo-

131 1605 237 1635 rum.
291 1595 443 1637 Amen.

184 1669 234 1720 R1.
254 1663 512 1706 Ascendens
531 1664 728 1707 Christus
747 1666 790 1707 in
810 1666 954 1717 altum,

131 1722 351 1772 captivam
366 1720 491 1763 duxit
505 1722 816 1775 captivitatem,
833 1728 854 1752 *
870 1723 953 1765 De-

132 1774 196 1818 dit
221 1775 336 1818 dona
361 1777 622 1828 hominibus,
649 1778 828 1831 alleluja,
854 1779 953 1821 alle-

129 1831 227 1884 luja,
247 1832 428 1886 allehija.
458 1834 507 1885 V.
533 1834 747 1876 Ascendit
766 1836 887 1877 Deus
910 1837 953 1877 in

129 1888 400 1940 jubilatione,
437 1895 482 1932 et
516 1891 729 1933 Dominus
765 1892 809 1932 in
846 1905 952 1934 voce

129 1943 260 1986 tubae.
293 1945 437 1988 Dedit.
477 1947 626 1989 Gloria
643 1947 773 1989 Patri.
807 1948 951 1990 Dedit.

348 2038 398 2077 In
417 2038 488 2077 ΙΙΙ.
508 2038 729 2077 Nocturno.

183 2104 280 2145 Ant.
309 2106 445 2148 Nimis
469 2107 685 2149 exaltatus
705 2113 787 2157 est,
806 2109 830 2134 *
850 2108 949 2150 alle-

129 2159 231 2214 luja:
250 2175 383 2215 super
402 2175 553 2204 omnes
573 2163 692 2214 deos,
711 2164 892 2216 allehija.

396 2236 595 2277 Psalmus
623 2238 688 2277 96.

164 2304 252 2366 ig‘gssg
259 2301 428 2341 ominus
443 2301 650 2351 regnavit,
666 2301 854 2343 exsultet
866 2307 948 2343 ter-

164 2352 226 2410 [1437
248 2385 251 2394 .
275 2369 338 2398 ra:
356 2358 380 2383 *
399 2357 602 2398 laetentur
620 2358 774 2399 insulae
789 2359 948 2399 multae.

314 2413 476 2462 Nubes,
494 2418 537 2454 et
552 2414 691 2465 caligo
707 2415 751 2455 in
767 2415 948 2456 circuitu

128 2469 234 2520 eius:
261 2469 285 2495 *
313 2470 483 2521 justitia,
512 2474 556 2510 et
582 2470 784 2521 judicium
809 2472 948 2512 corre-

129 2524 215 2566 ctio
236 2524 352 2566 sedis
373 2526 473 2578 ejus.

180 2581 297 2631 Ignis
335 2587 434 2623 ante
471 2582 614 2634 ipsum
649 2580 888 2634 praecedet,
925 2581 948 2606 *
991 2620 993 2625 .

129 2639 173 2699 et
198 2636 440 2679 inflaffiabit
470 2638 514 2678 in
543 2638 725 2679 circuitu
752 2637 948 2677 inimicos

130 2703 232 2742 ejus.

1069 275 1308 319 Illuxerunt
1332 278 1500 329 fulgura
1523 281 1612 331 ejus
1636 281 1732 323 orbi
1751 287 1832 324 ter-

1017 344 1093 372 rae:
1119 333 1141 357 *
1165 332 1283 380 vidit,
1311 339 1354 374 et
1379 338 1593 377 commota
1618 344 1684 378 est
1707 343 1832 380 terra.

1068 388 1255 438 Montes,
1288 390 1398 431 sicut
1431 404 1529 433 cera
1560 393 1774 436 fluxerunt
1808 409 1832 436 a

1016 443 1126 485 facie
1161 445 1357 491 Domini:¹
1395 447 1418 472 *
1454 461 1479 488 a
1514 448 1622 489 facie
1658 450 1831 491 Domini

1016 500 1155 541 omnis
1183 506 1308 542 terra.

1067 556 1444 599 Annuntiaverunt
1488 559 1586 600 eoeli
1628 561 1829 611 justitiam

1015 613 1124 663 ejus:
1151 615 1173 639 *
1204 619 1247 654 et
1276 613 1475 656 viderunt
1503 628 1652 656 omnes
1680 618 1830 670 populi

1014 668 1195 718 gloriam
1224 671 1324 722 ejus.

1067 725 1397 767 Confundantur
1436 740 1605 778 omnes,
1646 729 1718 780 qui
1759 730 1830 771 ad-

1014 782 1140 822 orant
1167 782 1399 835 sculptilia:
1427 786 1449 809 *
1478 789 1521 824 et
1551 784 1623 835 qui
1648 785 1830 835 glorian-

1012 842 1082 878 tur
1100 838 1144 878 in
1164 839 1402 880 simulacris
1427 840 1525 880 suis.

1063 893 1260 936 Adorate
1276 908 1374 937 eum
1390 909 1541 937 omnes
1555 897 1709 947 Angeli
1726 899 1830 949 ejus:

1012 951 1035 975 *
1055 950 1229 1001 audivit,
1250 958 1293 993 et
1311 951 1458 994 laetata
1478 957 1544 993 est
1562 952 1675 993 Sion.

1063 1006 1119 1048 Et
1147 1008 1470 1050 exsultaverunt
1503 1008 1603 1049 filiae
1637 1008 1778 1059 Judae,
1807 1013 1829 1036 *

1010 1068 1192 1115 propter
1210 1063 1366 1116 judicia
1384 1070 1458 1106 tua
1476 1065 1677 1105 Domine:

1064 1119 1277 1168 Quoniam
1294 1126 1341 1161 tu
1355 1120 1567 1161 Dominus
1581 1120 1829 1162 Altissimus

1012 1188 1143 1227 super
1169 1188 1341 1217 omnem
1364 1182 1539 1217 terram:
1563 1178 1586 1203 *
1610 1176 1735 1217 nimis
1761 1189 1829 1217 ex·

1011 1230 1169 1273 altatus
1190 1245 1236 1273 es
1256 1246 1387 1285 super
1408 1246 1558 1274 omnes
1579 1232 1698 1274 deos.

1063 1288 1145 1338 Qui
1160 1287 1335 1339 diligitis
1350 1289 1593 1339 Dominum,
1610 1288 1728 1330 odite
1744 1303 1829 1330 ma-

1009 1343 1114 1385 lum:
1142 1347 1164 1370 *
1198 1345 1387 1387 custodit
1419 1346 1631 1387 Dominus
1666 1345 1828 1387 Animas

1009 1404 1258 1442 sanctorum
1282 1404 1468 1451 suorum,
1495 1401 1548 1443 de
1576 1415 1705 1443 manu
1730 1415 1827 1454 pec-

1009 1457 1167 1498 catoris
1186 1457 1387 1499 liberabit
1406 1470 1493 1499 eos.

1058 1513 1154 1554 Lux
1182 1518 1277 1554 orta
1310 1519 1376 1555 est
1409 1514 1540 1565 justo.
1572 1514 1594 1539 *
1623 1518 1666 1554 et
1698 1513 1826 1554 rectis

1007 1569 1140 1610 corde
1168 1569 1329 1611 laetitia.

1058 1624 1285 1667 Laetamini
1313 1626 1411 1678 justi
1438 1625 1481 1666 in
1506 1623 1709 1666 Domino:
1734 1624 1757 1650 *
1784 1629 1826 1665 et

1007 1681 1273 1723 confitemini
1299 1681 1520 1723 memoriae
1555 1680 1825 1721 sanctificati-

1008 1738 1101 1778 onis
1131 1738 1231 1789 ejus.

1062 1803 1157 1842 Ant.
1197 1801 1332 1843 Nimis
1364 1802 1577 1844 exaltatus
1609 1806 1693 1850 est,
1726 1799 1824 1841 alle-

1005 1858 1105 1910 luja:
1127 1871 1258 1911 super
1278 1871 1427 1900 omnes
1447 1857 1566 1906 deos,
1585 1856 1764 1908 alleluja.

1060 1924 1156 1964 Ant.
1185 1923 1393 1965 Dominus
1413 1923 1455 1963 in
1469 1922 1582 1970 Sion,
1598 1924 1620 1948 *
1638 1920 1822 1972 alleluja:

1004 1991 1184 2029 magnus
1204 1985 1247 2021 et
1267 1979 1473 2026 excelsus,
1494 1977 1672 2029 alleluja.

1271 2062 1467 2102 Psalmus
1496 2062 1559 2101 98.

1005 2123 1260 2229 Dominus
1275 2133 1479 2185 regnavit,
1493 2132 1730 2173 irascantur
1743 2130 1819 2182 po-

1110 2190 1216 2243 puli:
1235 2192 1258 2216 *
1280 2189 1352 2241 qui
1372 2188 1496 2230 sedet
1515 2199 1643 2239 super
1662 2185 1818 2226 Cheru-

1002 2244 1100 2295 bim,
1119 2247 1346 2287 moveatur
1363 2250 1488 2286 terra.

1051 2302 1264 2343 Dominus
1296 2301 1340 2341 in
1367 2300 1469 2341 Sion
1500 2309 1695 2348 magnus:
1722 2298 1745 2321 ¹⁸¹
1774 2300 1817 2336 et

1001 2357 1200 2399 excelsus
1219 2369 1349 2409 super
1369 2367 1517 2396 omnes
1536 2352 1735 2405 populos.

1053 2414 1350 2455 Confiteantur
1368 2410 1528 2452 nomini
1548 2415 1624 2450 tuo
1644 2420 1818 2458 magno:

1001 2469 1205 2520 quoniam
1226 2466 1426 2515 terribile,
1451 2471 1493 2506 et
1518 2469 1714 2505 sanctum
1737 2468 1817 2504 est:

1000 2526 1023 2549 *
1043 2530 1086 2566 et
1104 2524 1244 2566 honor
1263 2522 1376 2573 regis
1395 2520 1597 2573 judicium
1617 2518 1765 2570 diligit.

1051 2580 1119 2621 Tu
1151 2578 1315 2632 parasti
1349 2576 1622 2618 directiones:
1654 2578 1678 2601 *
1712 2574 1815 2626 judi—

1000 2636 1113 2676 cium
1129 2641 1171 2677 et
1184 2633 1388 2687 justitiam
1402 2632 1445 2671 in
1455 2630 1591 2672 Jacob
1605 2636 1653 2672 tu
1667 2630 1816 2671 fecisti.

1050 2691 1251 2732 Exaltate
1287 2687 1520 2729 Dominum
1560 2686 1702 2727 Deum
1742 2697 1815 2725 no-
