2066 2956
584 189 658 236 Die
681 204 725 235 13.
755 203 859 235 Febr.
908 204 941 234 S.
968 202 1144 243 (ira-gorii
1176 202 1215 234 11.
1244 201 1361 243 Papae
1385 207 1419 234 et
1446 202 1554 234 (lons.

220 307 363 342 autem
397 301 438 340 in
467 299 754 352 propaganda
780 298 868 340 fide
897 299 1048 341 arden·

219 357 411 397 tissimus
444 362 576 404 esset,
610 368 661 397 ac
693 355 879 408 proinde
911 355 1048 397 idolo-

219 426 313 453 rum
347 411 650 453 sacerdotibus
677 412 859 461 invisus,
893 418 1048 465 captus

218 467 394 509 tandem
417 468 574 520 capitis
602 467 873 510 abscissione
890 470 1047 520 marty-

217 525 328 565 rium
349 524 669 565 consummavit
687 524 828 565 Nonis
843 524 867 565 J
870 524 1047 573 anuarii,

218 586 262 621 et
287 581 378 632 ejus
404 593 566 632 eorpus
592 580 635 621 in
659 580 875 622 Vaticano
903 580 1046 632 sepul-

217 642 309 677 tum
332 643 409 678 est.

273 698 318 747 Ru
345 697 466 739 Stola
486 696 777 749 jucunditatis.

271 773 311 806 In
344 773 406 807 111.
439 773 546 807 Noet.
582 773 719 806 Ilomil.
756 774 791 806 in
825 774 966 814 Evenit.
1007 771 1046 807 Si

217 824 304 867 quis
333 824 416 858 vult
445 828 535 867 post
565 833 624 858 me
654 823 795 857 venire.
829 822 874 854 de
908 820 1045 854 eodem

218 870 418 902 Communi
443 870 471 902 2.
499 870 594 903 loco.

270 925 398 959 Lectio
429 926 476 959 ix.
505 926 550 959 de
583 925 754 959 llomiliu
783 931 818 958 et
848 935 1043 958 commem.

217 973 338 1006 Furiae
366 974 401 1006 in
430 973 544 1006 Laud.

421 1068 503 1109 Die
524 1068 580 1108 13.
599 1066 836 1108 Februarii.

255 1137 297 1176 S.
323 1134 551 1185 Gregorii
574 1135 636 1175 11.
662 1135 795 1186 Papae
822 1139 863 1175 et
889 1135 1010 1174 (lons.

550 1199 712 1242 Duplex.

268 1257 404 1290 Omnia
453 1256 498 1289 de
544 1255 749 1289 Communi
795 1254 1043 1288 Coni'essoris

216 1304 424 1340 pontificis,
451 1309 590 1347 praeter
615 1314 719 1345 sequ.

268 1356 408 1390 Oratio.
436 1355 493 1389 Da
518 1356 749 1398 quaesumus

268 1408 313 1441 Et
340 1408 379 1441 fit
405 1416 600 1442 commem.
628 1406 760 1440 Ferize.

268 1468 310 1501 ln
351 1468 374 1501 1.
417 1468 615 1501 Nocturno
656 1466 858 1500 Lectiones
900 1466 1043 1502 Fidelis

220 1527 355 1551 sermo.
384 1515 429 1549 (le
453 1515 587 1548 eodem
610 1514 813 1548 Communi
842 1516 866 1547 l.
892 1515 988 1547 loco.

444 1585 492 1623 In
516 1585 566 1623 II.
592 1583 815 1623 Nocturno.

517 1649 670 1689 Lectio
691 1649 742 1688 iv.

221 1724 222 1728 ¹
244 1714 319 1769 '‘..332
341 1711 548 1759 regorius
588 1710 714 1761 hujus
755 1710 942 1751 neminis
980 1723 1042 1752 se-

256 1765 343 1821 x:
366 1764 553 1814 cundus,
594 1766 769 1807 natiene
806 1766 1044 1816 Romanus,

232 1844 255 1846 ’ν
367 1827 493 1873 patre
512 1822 731 1870 Marcello,
751 1834 863 1863 anno
885 1822 1044 1864 Christi

215 1877 601 1928 septingentesimo
651 1876 823 1919 decimo
876 1882 1044 1930 quarto,

214 1932 399 1974 mirabili
419 1935 554 1974 totius
579 1933 683 1975 cleri
704 1939 746 1975 et
770 1934 923 1987 pepuli
944 1947 1044 1976 con-

216 1988 380 2038 cordia,
400 1989 456 2031 ad
476 1992 728 2042 supremum
746 1990 958 2032 Ecclesiae
978 2003 1044 2032 ca-

216 2043 390 2086 thelicae
423 2046 727 2098 pontificatum
760 2048 938 2088 evectus
968 2053 1045 2089 est.

215 2101 299 2141 Hic
324 2114 348 2141 a
373 2102 560 2154 pueritia
585 2101 734 2143 divino
761 2102 897 2144 cultui
923 2102 1043 2144 addi-

215 2163 309 2198 ctus
354 2157 395 2197 in
432 2157 716 2199 Lateranensi
762 2158 1044 2210 patriarchio,

215 2212 295 2253 sub
311 2212 429 2254 beati
444 2214 582 2264 sergii
598 2214 737 2256 oculis
754 2220 797 2256 et
815 2214 1044 2267 disciplina

215 2271 399 2318 vixerat,
432 2269 688 2311 subdiaconi
716 2271 919 2324 primum,
951 2277 1044 2313 tum

215 2323 428 2365 sacellarii
447 2328 626 2368 munere
646 2326 830 2369 functus.
858 2327 964 2368 Mox
982 2327 1043 2369 bi-

214 2378 446 2421 bliothecae
466 2394 570 2422 cura
589 2382 650 2423 illi
671 2382 853 2432 credita,
880 2382 936 2424 ad
955 2383 1042 2425 dia-

216 2438 398 2477 conatus
431 2437 607 2479 tandem
641 2438 839 2481 ordinem
869 2442 1043 2491 promo-

214 2496 295 2539 tus,
314 2491 355 2531 in
374 2493 537 2543 regiam
551 2494 714 2544 urbem,
732 2508 818 2536 una
833 2508 932 2537 curn
949 2508 1042 2536 san·

209 2547 408 2587 ctissimo
436 2549 554 2600 Papa
584 2550 871 2593 Constantino
901 2552 1041 2604 profe-

215 2607 310 2643 ctus
327 2608 405 2643 est.
434 2603 500 2644 lbi
517 2605 572 2646 ab
588 2606 851 2659 imperatore
868 2607 922 2649 de
939 2620 1041 2649 non-

214 2658 343 2698 nullis
368 2659 583 2710 capitibus
607 2662 915 2714 interrogatus,
943 2677 1041 2704 cum

214 2715 438 2755 sacrarum
474 2714 715 2758 litterarum
752 2720 1041 2770 peritissimus

1103 305 1236 349 esset,
1283 305 1327 342 et
1375 299 1754 341 constantissimus
1789 311 1936 340 rerum

1102 356 1500 398 ecclesiasticarum
1520 354 1741 404 defensor,
1768 355 1935 407 optima

1102 418 1146 454 et
1174 412 1394 510 9211}thoe
1424 411 1716 465 responsione
1748 411 1935 463 principi

1101 474 1208 510 satis
1228 481 1293 510 eci
1315 501 1323 509 .

1156 538 1204 586 R.
1230 538 1382 580 Inveni
1406 536 1554 579 David
1578 549 1754 580 servum
1777 549 1935 585 meum,

1101 593 1201 635 oleo
1226 599 1381 636 sancto
1406 606 1507 635 meo
1533 593 1638 634 unxi
1662 606 1777 635 eum:
1798 593 1818 614 *
1844 592 1932 633 Ma-

1100 662 1181 690 nus
1197 650 1312 691 enim
1326 663 1425 692 mea
1439 649 1720 691 auxiliabitur
1736 649 1788 690 ei.
1798 642 1847 693 Υ.
1866 648 1935 690 Ni-

1100 705 1161 746 hil
1178 706 1383 758 proficiet
1397 706 1597 747 inimicus
1611 706 1654 746 in
1669 717 1734 755 eo,
1756 709 1801 747 et
1818 704 1934 745 filius

1099 762 1340 814 iniquitatis
1364 776 1453 804 non
1479 761 1657 804 nocebit
1678 761 1728 803 ei.
1778 760 1934 802 Manus

1100 818 1224 859 enim.

1417 890 1567 929 Lectio
1589 904 1624 926 v.

1191 966 1282 1008 rbis
1312 966 1474 1008 mo'enia
1500 970 1654 1008 contra
1677 963 1932 1016 Longobar-

1202 1022 1361 1065 derum
1389 1022 1672 1064 excursiones
1701 1021 1849 1073 aliqua
1877 1033 1933 1062 ex

1098 1084 1223 1131 parte
1248 1079 1480 1132 reparavit.
1518 1078 1702 1130 Aliquot
1726 1076 1934 1119 basilicas

1097 1136 1347 1187 temporum
1379 1134 1534 1187 injuria
1561 1133 1782 1186 collapsas
1810 1134 1932 1174 resti·
1970 1151 1975 1154 ·

1097 1191 1190 1232 tuit.
1245 1190 1424 1233 Urbana
1449 1190 1717 1232 monasteria
1741 1189 1832 1231 fere
1858 1187 1930 1231 de-

1097 1249 1231 1297 serta,
1267 1253 1311 1289 et
1345 1246 1588 1288 menachos
1625 1246 1669 1287 in
1702 1244 1933 1298 pristinam

1097 1303 1283 1345 formam
1333 1308 1377 1345 et
1430 1302 1707 1356 disciplinam
1751 1301 1933 1353 redegit.

1096 1359 1192 1401 Imo
1212 1365 1316 1412 post
1330 1365 1520 1401 mortem
1540 1359 1756 1400 Honestae
1769 1357 1932 1406 matris,

1096 1417 1328 1468 paternam
1355 1415 1536 1457 domum
1562 1415 1606 1456 in
1631 1413 1863 1456 ecclesiam
1889 1418 1934 1455 et

1096 1472 1415 1513 monasterium
1460 1470 1765 1520 commutavit,
1810 1469 1932 1522 quod
1955 1497 1958 1501 ι

1096 1528 1246 1570 multis
1264 1527 1445 1581 praediis
1463 1529 1726 1569 instructum
1746 1525 1933 1579 reliquit.

1097 1584 1411 1626 Corbinianum
1431 1589 1474 1626 et
1493 1583 1786 1632 Bonifacium‚
1811 1582 1932 1624 viros

1096 1641 1344 1692 apostelico
1370 1640 1530 1693 spiritu
1556 1639 1729 1692 plenos,
1756 1639 1801 1680 in
1824 1638 1931 1680 Ger-

1095 1697 1286 1738 maniam
1322 1697 1456 1746 misit,
1508 1695 1566 1738 ad
1600 1693 1932 1748 praedicandum

1097 1753 1346 1795 Gentilibus
1409 1753 1571 1794 Christi
1627 1751 1932 1803 Evangelium‚

1097 1810 1263 1861 eosque
1296 1810 1432 1851 sacris
1470 1809 1753 1862 episcopatus
1785 1806 1932 1848 infulis

1097 1864 1339 1914 decoravit,
1384 1870 1623 1918 postquam
1658 1865 1931 1905 innumeram

1096 1923 1370 1972 paganorum
1388 1920 1714 1964 multitudinem
1733 1920 1790 1962 ab
1806 1919 1860 1961 iis
1874 1918 1933 1961 ad

1098 1976 1261 2020 Christi
1278 1977 1414 2020 fidem
1432 1979 1692 2020 conversam
1709 1977 1844 2018 fuisse
1862 1989 1930 2017 ac-

1097 2037 1297 2086 cepisset.
1340 2035 1400 2076 Ut
1425 2047 1578 2076 omnes
1604 2033 1759 2087 optimi
1782 2034 1930 2086 pasto-

1096 2090 1155 2130 ris
1182 2096 1332 2143 partes
1360 2091 1581 2144 impleret,
1621 2089 1799 2143 eptimis
1827 2088 1930 2139 legi-

1096 2145 1177 2188 bus
1206 2147 1551 2189 ecclesiasticam
1579 2146 1856 2199 disciplinam
1886 2150 1931 2187 et

1097 2203 1443 2245 Christianorum
1502 2215 1649 2244 mores
1710 2202 1930 2244 instruxit.

1096 2259 1327 2301 Geminam
1347 2259 1566 2312 synodum
1585 2259 1743 2301 Romae
1763 2257 1930 2307 habuit,

1095 2315 1279 2356 alteram
1303 2315 1517 2357 adversus
1541 2315 1692 2357 illicita
1717 2314 1928 2366 conjugia,

1095 2371 1278 2413 alteram
1296 2371 1508 2414 adversus
1527 2371 1838 2413 Iconoclastas.

1153 2438 1200 2487 K·-
1232 2442 1367 2482 Posui
1399 2441 1664 2493 adjutorium
1692 2454 1825 2494 super
1851 2453 1928 2493 po-

1094 2499 1275 2547 tentem,
1322 2503 1366 2539 et
1407 2498 1599 2539 exaltavi
1641 2498 1832 2540 electum
1873 2496 1929 2538 de

1093 2553 1224 2605 plebe
1266 2566 1378 2595 mea:
1418 2551 1438 2573 *
1475 2554 1631 2595 Manus
1673 2553 1789 2595 enim
1829 2565 1927 2594 mea

1094 2609 1373 2651 auxiliabitur
1407 2610 1457 2652 ei.
1517 2599 1566 2650 V-
1596 2609 1749 2651 Inveni
1781 2607 1927 2649 David

1094 2678 1268 2706 servum
1301 2679 1465 2715 meum,
1503 2666 1603 2707 eleo
1638 2671 1792 2707 saneto
1826 2677 1926 2705 meo

1093 2722 1197 2762 unxi
1217 2734 1326 2763 eum.
1366 2722 1533 2764 Manus.
