<?xml version="1.0" encoding="UTF-8"?>
<!DOCTYPE html PUBLIC "-//W3C//DTD XHTML 1.0 Transitional//EN"
    "http://www.w3.org/TR/xhtml1/DTD/xhtml1-transitional.dtd">
<html xmlns="http://www.w3.org/1999/xhtml" xml:lang="en" lang="en">
 <head>
  <title>
</title>
<meta http-equiv="Content-Type" content="text/html;charset=utf-8" />
  <meta name='ocr-system' content='tesseract 3.04.00' />
  <meta name='ocr-capabilities' content='ocr_page ocr_carea ocr_par ocr_line ocrx_word'/>
</head>
<body>
  <div class='ocr_page' id='page_1' title='image "./p2breviariumroma00cathuoft_0711.png"; bbox 0 0 2066 2956; ppageno 0'>
   <div class='ocr_carea' id='block_1_1' title="bbox 760 181 1304 216">
    <p class='ocr_par' dir='ltr' id='par_1_1' title="bbox 760 181 1304 216">
     <span class='ocr_line' id='line_1_1' title="bbox 760 181 1304 216; baseline -0.006 0"><span class='ocrx_word' id='word_1_1' title='bbox 760 183 802 216; x_wconf 88' lang='lat' dir='ltr'>In</span> <span class='ocrx_word' id='word_1_2' title='bbox 827 182 1083 216; x_wconf 79' lang='lat' dir='ltr'>Dedicatione</span> <span class='ocrx_word' id='word_1_3' title='bbox 1108 181 1304 214; x_wconf 60' lang='lat' dir='ltr'>Ecclesiae.</span> 
     </span>
    </p>
   </div>
   <div class='ocr_carea' id='block_1_2' title="bbox 135 274 1008 600">
    <p class='ocr_par' dir='ltr' id='par_1_2' title="bbox 135 274 1008 600">
     <span class='ocr_line' id='line_1_2' title="bbox 175 274 1008 330; baseline -0.008 -10"><span class='ocrx_word' id='word_1_4' title='bbox 175 280 433 330; x_wconf 90' lang='lat' dir='ltr'>interrogat,</span> <span class='ocrx_word' id='word_1_5' title='bbox 473 275 591 329; x_wconf 90' lang='lat' dir='ltr'>apud</span> <span class='ocrx_word' id='word_1_6' title='bbox 621 274 808 316; x_wconf 89' lang='lat' dir='ltr'>alterum</span> <span class='ocrx_word' id='word_1_7' title='bbox 841 285 888 314; x_wconf 93' lang='lat' dir='ltr'>se</span> <span class='ocrx_word' id='word_1_8' title='bbox 919 285 1008 314; x_wconf 92' lang='lat' dir='ltr'>non</span> 
     </span>
     <span class='ocr_line' id='line_1_3' title="bbox 135 328 1008 376; baseline -0.011 1"><span class='ocrx_word' id='word_1_9' title='bbox 135 368 138 371; x_wconf 82' lang='lat'><strong>.</strong></span> <span class='ocrx_word' id='word_1_10' title='bbox 175 335 385 376; x_wconf 88' lang='lat' dir='ltr'>invitatus</span> <span class='ocrx_word' id='word_1_11' title='bbox 399 334 565 375; x_wconf 90' lang='lat' dir='ltr'>invitat.</span> <span class='ocrx_word' id='word_1_12' title='bbox 585 330 760 373; x_wconf 89' lang='lat' dir='ltr'>Sciebat</span> <span class='ocrx_word' id='word_1_13' title='bbox 776 330 891 371; x_wconf 91' lang='lat' dir='ltr'>enim</span> <span class='ocrx_word' id='word_1_14' title='bbox 905 328 1008 369; x_wconf 90' lang='lat' dir='ltr'>ube-</span> 
     </span>
     <span class='ocr_line' id='line_1_4' title="bbox 177 384 1008 442; baseline -0.01 -9"><span class='ocrx_word' id='word_1_15' title='bbox 177 404 271 433; x_wconf 91' lang='lat' dir='ltr'>rem</span> <span class='ocrx_word' id='word_1_16' title='bbox 302 389 483 442; x_wconf 83' lang='lat' dir='ltr'>hospitii</span> <span class='ocrx_word' id='word_1_17' title='bbox 514 388 582 429; x_wconf 88' lang='lat' dir='ltr'>sui</span> <span class='ocrx_word' id='word_1_18' title='bbox 615 399 712 428; x_wconf 89' lang='lat' dir='ltr'>esse</span> <span class='ocrx_word' id='word_1_19' title='bbox 747 384 1008 427; x_wconf 81' lang='lat' dir='ltr'>mercedem.</span> 
     </span>
     <span class='ocr_line' id='line_1_5' title="bbox 177 441 1008 495; baseline -0.01 -6"><span class='ocrx_word' id='word_1_20' title='bbox 177 446 266 489; x_wconf 90' lang='lat' dir='ltr'>Sed</span> <span class='ocrx_word' id='word_1_21' title='bbox 283 451 442 495; x_wconf 90' lang='lat' dir='ltr'>tamen,</span> <span class='ocrx_word' id='word_1_22' title='bbox 462 444 545 486; x_wconf 90' lang='lat' dir='ltr'>etsi</span> <span class='ocrx_word' id='word_1_23' title='bbox 563 442 760 485; x_wconf 91' lang='lat' dir='ltr'>nondum</span> <span class='ocrx_word' id='word_1_24' title='bbox 774 454 931 483; x_wconf 89' lang='lat' dir='ltr'>vocem</span> <span class='ocrx_word' id='word_1_25' title='bbox 948 441 1008 481; x_wconf 90' lang='lat' dir='ltr'>in-</span> 
     </span>
     <span class='ocr_line' id='line_1_6' title="bbox 175 497 1008 551; baseline -0.009 -7"><span class='ocrx_word' id='word_1_26' title='bbox 175 502 353 544; x_wconf 85' lang='lat' dir='ltr'>vitantis</span> <span class='ocrx_word' id='word_1_27' title='bbox 373 500 588 549; x_wconf 84' lang='lat' dir='ltr'>audierat,</span> <span class='ocrx_word' id='word_1_28' title='bbox 614 500 700 551; x_wconf 88' lang='lat' dir='ltr'>jam</span> <span class='ocrx_word' id='word_1_29' title='bbox 717 497 890 540; x_wconf 90' lang='lat' dir='ltr'>viderat</span> <span class='ocrx_word' id='word_1_30' title='bbox 908 497 1008 538; x_wconf 88' lang='lat' dir='ltr'>affe-</span> 
     </span>
     <span class='ocr_line' id='line_1_7' title="bbox 175 563 306 600; baseline 0 0"><span class='ocrx_word' id='word_1_31' title='bbox 175 563 306 600; x_wconf 90' lang='lat' dir='ltr'>ctum.</span> 
     </span>
    </p>
   </div>
   <div class='ocr_carea' id='block_1_3' title="bbox 176 617 1010 1002">
    <p class='ocr_par' dir='ltr' id='par_1_3' title="bbox 176 617 1010 1002">
     <span class='ocr_line' id='line_1_8' title="bbox 227 617 1007 687; baseline -0.008 -23"><span class='ocrx_word' id='word_1_32' title='bbox 227 627 280 687; x_wconf 88' lang='lat' dir='ltr'><strong>R</strong></span> <span class='ocrx_word' id='word_1_33' title='bbox 302 620 494 675; x_wconf 91' lang='lat' dir='ltr'>Lapides</span> <span class='ocrx_word' id='word_1_34' title='bbox 514 620 699 674; x_wconf 78' lang='lat' dir='ltr'>pretiesi</span> <span class='ocrx_word' id='word_1_35' title='bbox 723 632 875 661; x_wconf 90' lang='lat' dir='ltr'>omnes</span> <span class='ocrx_word' id='word_1_36' title='bbox 894 617 1007 659; x_wconf 90' lang='lat' dir='ltr'>muri</span> 
     </span>
     <span class='ocr_line' id='line_1_9' title="bbox 176 675 1007 726; baseline -0.007 -6"><span class='ocrx_word' id='word_1_37' title='bbox 176 679 256 720; x_wconf 93' lang='lat' dir='ltr'>tui.</span> <span class='ocrx_word' id='word_1_38' title='bbox 271 683 294 706; x_wconf 80' lang='lat'>²⁸¹</span> <span class='ocrx_word' id='word_1_39' title='bbox 317 679 374 719; x_wconf 90' lang='lat' dir='ltr'>Et</span> <span class='ocrx_word' id='word_1_40' title='bbox 397 682 541 719; x_wconf 89' lang='lat' dir='ltr'>turres</span> <span class='ocrx_word' id='word_1_41' title='bbox 560 676 804 718; x_wconf 87' lang='lat' dir='ltr'>Jerusalem</span> <span class='ocrx_word' id='word_1_42' title='bbox 823 675 1007 726; x_wconf 91' lang='lat' dir='ltr'>gemmis</span> 
     </span>
     <span class='ocr_line' id='line_1_10' title="bbox 177 731 1009 782; baseline -0.007 -6"><span class='ocrx_word' id='word_1_43' title='bbox 177 734 524 776; x_wconf 87' lang='lat' dir='ltr'>aedificabuntur.</span> <span class='ocrx_word' id='word_1_44' title='bbox 574 731 624 782; x_wconf 97' lang='lat' dir='ltr'>V.</span> <span class='ocrx_word' id='word_1_45' title='bbox 655 732 804 774; x_wconf 88' lang='lat' dir='ltr'>Portae</span> <span class='ocrx_word' id='word_1_46' title='bbox 836 731 861 772; x_wconf 89' lang='lat' dir='ltr'><strong>J</strong></span> <span class='ocrx_word' id='word_1_47' title='bbox 865 733 1009 772; x_wconf 91' lang='lat' dir='ltr'>erusa</span> 
     </span>
     <span class='ocr_line' id='line_1_11' title="bbox 176 785 1009 843; baseline -0.006 -11"><span class='ocrx_word' id='word_1_48' title='bbox 176 790 264 832; x_wconf 91' lang='lat' dir='ltr'>lem</span> <span class='ocrx_word' id='word_1_49' title='bbox 284 803 338 832; x_wconf 90' lang='lat' dir='ltr'>ex</span> <span class='ocrx_word' id='word_1_50' title='bbox 357 789 569 843; x_wconf 87' lang='lat' dir='ltr'>sapphiro</span> <span class='ocrx_word' id='word_1_51' title='bbox 590 793 633 830; x_wconf 90' lang='lat' dir='ltr'>et</span> <span class='ocrx_word' id='word_1_52' title='bbox 654 786 887 838; x_wconf 84' lang='lat' dir='ltr'>smaragdo</span> <span class='ocrx_word' id='word_1_53' title='bbox 908 785 1009 827; x_wconf 86' lang='lat' dir='ltr'>aedi-</span> 
     </span>
     <span class='ocr_line' id='line_1_12' title="bbox 177 843 1010 898; baseline -0.005 -11"><span class='ocrx_word' id='word_1_54' title='bbox 177 846 439 896; x_wconf 87' lang='lat' dir='ltr'>ficabuntur,</span> <span class='ocrx_word' id='word_1_55' title='bbox 473 850 517 887; x_wconf 89' lang='lat' dir='ltr'>et</span> <span class='ocrx_word' id='word_1_56' title='bbox 550 858 604 886; x_wconf 87' lang='lat' dir='ltr'>ex</span> <span class='ocrx_word' id='word_1_57' title='bbox 634 844 783 898; x_wconf 88' lang='lat' dir='ltr'>lapide</span> <span class='ocrx_word' id='word_1_58' title='bbox 810 843 1010 896; x_wconf 78' lang='lat' dir='ltr'>pretieso</span> 
     </span>
     <span class='ocr_line' id='line_1_13' title="bbox 178 899 1010 952; baseline -0.005 -9"><span class='ocrx_word' id='word_1_59' title='bbox 178 903 319 944; x_wconf 88' lang='lat' dir='ltr'>omnis</span> <span class='ocrx_word' id='word_1_60' title='bbox 343 902 551 944; x_wconf 90' lang='lat' dir='ltr'>circuitus</span> <span class='ocrx_word' id='word_1_61' title='bbox 574 901 689 942; x_wconf 91' lang='lat' dir='ltr'>muri</span> <span class='ocrx_word' id='word_1_62' title='bbox 708 901 811 952; x_wconf 88' lang='lat' dir='ltr'>ejus.</span> <span class='ocrx_word' id='word_1_63' title='bbox 846 899 904 940; x_wconf 90' lang='lat' dir='ltr'>Et</span> <span class='ocrx_word' id='word_1_64' title='bbox 922 903 1010 940; x_wconf 92' lang='lat' dir='ltr'>tur-</span> 
     </span>
     <span class='ocr_line' id='line_1_14' title="bbox 176 958 850 1002; baseline -0.003 -3"><span class='ocrx_word' id='word_1_65' title='bbox 176 971 260 1000; x_wconf 85' lang='lat' dir='ltr'>res.</span> <span class='ocrx_word' id='word_1_66' title='bbox 289 958 442 1002; x_wconf 71' lang='lat' dir='ltr'>Glaria</span> <span class='ocrx_word' id='word_1_67' title='bbox 460 958 591 999; x_wconf 90' lang='lat' dir='ltr'>Patri.</span> <span class='ocrx_word' id='word_1_68' title='bbox 619 958 676 999; x_wconf 91' lang='lat' dir='ltr'>Et</span> <span class='ocrx_word' id='word_1_69' title='bbox 695 962 850 998; x_wconf 90' lang='lat' dir='ltr'>turres.</span> 
     </span>
    </p>
   </div>
   <div class='ocr_carea' id='block_1_4' title="bbox 230 1022 777 1068">
    <p class='ocr_par' dir='ltr' id='par_1_4' title="bbox 230 1022 777 1068">
     <span class='ocr_line' id='line_1_15' title="bbox 230 1022 777 1068; baseline -0.009 -1"><span class='ocrx_word' id='word_1_70' title='bbox 230 1026 392 1068; x_wconf 88' lang='lat' dir='ltr'>Bened.</span> <span class='ocrx_word' id='word_1_71' title='bbox 423 1023 490 1067; x_wconf 84' lang='lat' dir='ltr'>Ad</span> <span class='ocrx_word' id='word_1_72' title='bbox 510 1022 777 1064; x_wconf 89' lang='lat' dir='ltr'>societatem.</span> 
     </span>
    </p>
   </div>
   <div class='ocr_carea' id='block_1_5' title="bbox 178 1108 1016 1953">
    <p class='ocr_par' dir='ltr' id='par_1_5' title="bbox 478 1108 705 1149">
     <span class='ocr_line' id='line_1_16' title="bbox 478 1108 705 1149; baseline -0.009 0"><span class='ocrx_word' id='word_1_73' title='bbox 478 1109 630 1149; x_wconf 85' lang='lat' dir='ltr'>Lectio</span> <span class='ocrx_word' id='word_1_74' title='bbox 652 1108 705 1148; x_wconf 83' lang='lat' dir='ltr'>ix.</span> 
     </span>
    </p>

    <p class='ocr_par' dir='ltr' id='par_1_6' title="bbox 270 1169 1012 1220">
     <span class='ocr_line' id='line_1_17' title="bbox 270 1169 1012 1220; baseline -0.009 -6"><span class='ocrx_word' id='word_1_75' title='bbox 270 1185 393 1214; x_wconf 92' lang='lat' dir='ltr'>erum</span> <span class='ocrx_word' id='word_1_76' title='bbox 406 1183 461 1212; x_wconf 93' lang='lat' dir='ltr'>ne</span> <span class='ocrx_word' id='word_1_77' title='bbox 477 1183 644 1212; x_wconf 86' lang='lat' dir='ltr'>caecum</span> <span class='ocrx_word' id='word_1_78' title='bbox 655 1169 777 1210; x_wconf 90' lang='lat' dir='ltr'>illum</span> <span class='ocrx_word' id='word_1_79' title='bbox 786 1173 1012 1220; x_wconf 80' lang='lat' dir='ltr'>tamquam</span> 
     </span>
    </p>

    <p class='ocr_par' dir='ltr' id='par_1_7' title="bbox 178 1224 1016 1953">
     <span class='ocr_line' id='line_1_18' title="bbox 282 1224 1012 1279; baseline -0.008 -9"><span class='ocrx_word' id='word_1_80' title='bbox 282 1227 498 1270; x_wconf 80' lang='lat' dir='ltr'>fastidiesi</span> <span class='ocrx_word' id='word_1_81' title='bbox 525 1229 772 1279; x_wconf 90' lang='lat' dir='ltr'>pauperum</span> <span class='ocrx_word' id='word_1_82' title='bbox 800 1224 887 1265; x_wconf 86' lang='lat' dir='ltr'>cito</span> <span class='ocrx_word' id='word_1_83' title='bbox 916 1224 1012 1265; x_wconf 92' lang='lat' dir='ltr'>reli-</span> 
     </span>
     <span class='ocr_line' id='line_1_19' title="bbox 181 1279 1013 1339; baseline -0.008 -12"><span class='ocrx_word' id='word_1_84' title='bbox 181 1287 328 1339; x_wconf 87' lang='lat' dir='ltr'>quisse</span> <span class='ocrx_word' id='word_1_85' title='bbox 355 1283 603 1332; x_wconf 88' lang='lat' dir='ltr'>videamur,</span> <span class='ocrx_word' id='word_1_86' title='bbox 637 1286 680 1323; x_wconf 91' lang='lat' dir='ltr'>et</span> <span class='ocrx_word' id='word_1_87' title='bbox 711 1282 923 1322; x_wconf 78' lang='lat' dir='ltr'>transisse</span> <span class='ocrx_word' id='word_1_88' title='bbox 956 1279 1013 1321; x_wconf 91' lang='lat' dir='ltr'>ad</span> 
     </span>
     <span class='ocr_line' id='line_1_20' title="bbox 180 1336 1014 1392; baseline -0.008 -9"><span class='ocrx_word' id='word_1_89' title='bbox 180 1341 378 1390; x_wconf 88' lang='lat' dir='ltr'>divitem,</span> <span class='ocrx_word' id='word_1_90' title='bbox 412 1340 722 1392; x_wconf 79' lang='lat' dir='ltr'>exspectemus</span> <span class='ocrx_word' id='word_1_91' title='bbox 756 1349 872 1386; x_wconf 87' lang='lat' dir='ltr'>eum,</span> <span class='ocrx_word' id='word_1_92' title='bbox 911 1336 1014 1388; x_wconf 91' lang='lat' dir='ltr'>quia</span> 
     </span>
     <span class='ocr_line' id='line_1_21' title="bbox 180 1393 1012 1450; baseline -0.009 -11"><span class='ocrx_word' id='word_1_93' title='bbox 180 1396 454 1450; x_wconf 78' lang='lat' dir='ltr'>exspectavit</span> <span class='ocrx_word' id='word_1_94' title='bbox 469 1400 513 1436; x_wconf 92' lang='lat' dir='ltr'>et</span> <span class='ocrx_word' id='word_1_95' title='bbox 526 1394 756 1435; x_wconf 76' lang='lat' dir='ltr'>Deminus:</span> <span class='ocrx_word' id='word_1_96' title='bbox 775 1393 1012 1443; x_wconf 87' lang='lat' dir='ltr'>interroge-</span> 
     </span>
     <span class='ocr_line' id='line_1_22' title="bbox 178 1448 1013 1504; baseline -0.009 -9"><span class='ocrx_word' id='word_1_97' title='bbox 178 1466 277 1497; x_wconf 92' lang='lat' dir='ltr'>mus</span> <span class='ocrx_word' id='word_1_98' title='bbox 293 1465 404 1502; x_wconf 92' lang='lat' dir='ltr'>eum,</span> <span class='ocrx_word' id='word_1_99' title='bbox 420 1451 522 1504; x_wconf 90' lang='lat' dir='ltr'>quia</span> <span class='ocrx_word' id='word_1_100' title='bbox 535 1449 824 1500; x_wconf 87' lang='lat' dir='ltr'>interrogavit</span> <span class='ocrx_word' id='word_1_101' title='bbox 839 1453 884 1489; x_wconf 89' lang='lat' dir='ltr'>et</span> <span class='ocrx_word' id='word_1_102' title='bbox 894 1448 1013 1489; x_wconf 93' lang='lat' dir='ltr'>Chri-</span> 
     </span>
     <span class='ocr_line' id='line_1_23' title="bbox 180 1505 1010 1558; baseline -0.009 -7"><span class='ocrx_word' id='word_1_103' title='bbox 180 1514 284 1551; x_wconf 86' lang='lat' dir='ltr'>stus.</span> <span class='ocrx_word' id='word_1_104' title='bbox 303 1508 400 1550; x_wconf 91' lang='lat' dir='ltr'>Nos</span> <span class='ocrx_word' id='word_1_105' title='bbox 413 1507 745 1558; x_wconf 80' lang='lat' dir='ltr'>interrogemus,</span> <span class='ocrx_word' id='word_1_106' title='bbox 760 1505 863 1556; x_wconf 91' lang='lat' dir='ltr'>quia</span> <span class='ocrx_word' id='word_1_107' title='bbox 873 1506 1010 1545; x_wconf 91' lang='lat' dir='ltr'>nesci-</span> 
     </span>
     <span class='ocr_line' id='line_1_24' title="bbox 179 1561 1012 1616; baseline -0.009 -9"><span class='ocrx_word' id='word_1_108' title='bbox 179 1578 292 1607; x_wconf 86' lang='lat' dir='ltr'>mus:</span> <span class='ocrx_word' id='word_1_109' title='bbox 317 1564 390 1606; x_wconf 89' lang='lat' dir='ltr'>ille</span> <span class='ocrx_word' id='word_1_110' title='bbox 415 1564 518 1616; x_wconf 91' lang='lat' dir='ltr'>quia</span> <span class='ocrx_word' id='word_1_111' title='bbox 535 1562 730 1604; x_wconf 85' lang='lat' dir='ltr'>noverat.</span> <span class='ocrx_word' id='word_1_112' title='bbox 765 1561 860 1601; x_wconf 90' lang='lat' dir='ltr'>Nos</span> <span class='ocrx_word' id='word_1_113' title='bbox 883 1561 1012 1601; x_wconf 89' lang='lat' dir='ltr'>inter-</span> 
     </span>
     <span class='ocr_line' id='line_1_25' title="bbox 180 1616 1014 1672; baseline -0.008 -9"><span class='ocrx_word' id='word_1_114' title='bbox 180 1623 401 1672; x_wconf 81' lang='lat' dir='ltr'>rogemus,</span> <span class='ocrx_word' id='word_1_115' title='bbox 428 1624 478 1661; x_wconf 90' lang='lat' dir='ltr'>ut</span> <span class='ocrx_word' id='word_1_116' title='bbox 497 1619 686 1660; x_wconf 91' lang='lat' dir='ltr'>sciamus</span> <span class='ocrx_word' id='word_1_117' title='bbox 705 1616 822 1659; x_wconf 92' lang='lat' dir='ltr'>unde</span> <span class='ocrx_word' id='word_1_118' title='bbox 841 1617 924 1658; x_wconf 90' lang='lat' dir='ltr'>iste</span> <span class='ocrx_word' id='word_1_119' title='bbox 943 1629 1014 1657; x_wconf 93' lang='lat' dir='ltr'>cu-</span> 
     </span>
     <span class='ocr_line' id='line_1_26' title="bbox 180 1673 1015 1725; baseline -0.008 -6"><span class='ocrx_word' id='word_1_120' title='bbox 180 1679 302 1719; x_wconf 91' lang='lat' dir='ltr'>ratus</span> <span class='ocrx_word' id='word_1_121' title='bbox 314 1677 384 1718; x_wconf 88' lang='lat' dir='ltr'>sit:</span> <span class='ocrx_word' id='word_1_122' title='bbox 399 1676 472 1717; x_wconf 89' lang='lat' dir='ltr'>ille</span> <span class='ocrx_word' id='word_1_123' title='bbox 486 1674 787 1725; x_wconf 88' lang='lat' dir='ltr'>interrogavit,</span> <span class='ocrx_word' id='word_1_124' title='bbox 806 1673 879 1713; x_wconf 91' lang='lat' dir='ltr'>ut</span> <span class='ocrx_word' id='word_1_125' title='bbox 867 1686 912 1713; x_wconf 91' lang='grc' dir='ltr'>ιιι</span> <span class='ocrx_word' id='word_1_126' title='bbox 926 1685 1015 1713; x_wconf 92' lang='lat' dir='ltr'>uno</span> 
     </span>
     <span class='ocr_line' id='line_1_27' title="bbox 181 1729 1015 1786; baseline -0.008 -11"><span class='ocrx_word' id='word_1_127' title='bbox 181 1733 332 1786; x_wconf 90' lang='lat' dir='ltr'>plures</span> <span class='ocrx_word' id='word_1_128' title='bbox 348 1732 628 1781; x_wconf 86' lang='lat' dir='ltr'>disceremus,</span> <span class='ocrx_word' id='word_1_129' title='bbox 642 1729 759 1772; x_wconf 92' lang='lat' dir='ltr'>unde</span> <span class='ocrx_word' id='word_1_130' title='bbox 774 1729 1015 1770; x_wconf 77' lang='lat' dir='ltr'>Deminum</span> 
     </span>
     <span class='ocr_line' id='line_1_28' title="bbox 181 1785 1014 1854; baseline -0.007 -23"><span class='ocrx_word' id='word_1_131' title='bbox 181 1789 333 1831; x_wconf 90' lang='lat' dir='ltr'>videre</span> <span class='ocrx_word' id='word_1_132' title='bbox 357 1790 615 1830; x_wconf 85' lang='lat' dir='ltr'>mereamur.</span> <span class='ocrx_word' id='word_1_133' title='bbox 651 1785 947 1854; x_wconf 82' lang='lat' dir='ltr'>Interrogavit</span> <span class='ocrx_word' id='word_1_134' title='bbox 974 1797 1014 1825; x_wconf 93' lang='lat' dir='ltr'>e-</span> 
     </span>
     <span class='ocr_line' id='line_1_29' title="bbox 182 1840 1016 1895; baseline -0.008 -8"><span class='ocrx_word' id='word_1_135' title='bbox 182 1846 288 1895; x_wconf 87' lang='lat' dir='ltr'>nim,</span> <span class='ocrx_word' id='word_1_136' title='bbox 311 1850 360 1886; x_wconf 89' lang='lat' dir='ltr'>ut</span> <span class='ocrx_word' id='word_1_137' title='bbox 378 1843 672 1892; x_wconf 88' lang='lat' dir='ltr'>crederemus,</span> <span class='ocrx_word' id='word_1_138' title='bbox 695 1842 915 1883; x_wconf 89' lang='lat' dir='ltr'>neminem</span> <span class='ocrx_word' id='word_1_139' title='bbox 932 1840 1016 1881; x_wconf 91' lang='lat' dir='ltr'>nisi</span> 
     </span>
     <span class='ocr_line' id='line_1_30' title="bbox 183 1898 810 1953; baseline -0.008 -10"><span class='ocrx_word' id='word_1_140' title='bbox 183 1901 466 1943; x_wconf 86' lang='lat' dir='ltr'>confitentem</span> <span class='ocrx_word' id='word_1_141' title='bbox 484 1912 619 1953; x_wconf 89' lang='lat' dir='ltr'>posse</span> <span class='ocrx_word' id='word_1_142' title='bbox 638 1898 810 1940; x_wconf 87' lang='lat' dir='ltr'>salvari.</span> 
     </span>
    </p>
   </div>
   <div class='ocr_carea' id='block_1_6' title="bbox 240 1963 813 2093">
    <p class='ocr_par' dir='ltr' id='par_1_8' title="bbox 240 1963 813 2093">
     <span class='ocr_line' id='line_1_31' title="bbox 240 1963 813 2008; baseline -0.009 -1"><span class='ocrx_word' id='word_1_143' title='bbox 240 1968 303 2008; x_wconf 92' lang='lat' dir='ltr'>Te</span> <span class='ocrx_word' id='word_1_144' title='bbox 322 1965 467 2006; x_wconf 90' lang='lat' dir='ltr'>Deum</span> <span class='ocrx_word' id='word_1_145' title='bbox 484 1963 726 2005; x_wconf 73' lang='lat' dir='ltr'>laudamus.</span> <span class='ocrx_word' id='word_1_146' title='bbox 754 1963 813 2003; x_wconf 89' lang='lat'>15.</span> 
     </span>
     <span class='ocr_line' id='line_1_32' title="bbox 450 2047 806 2093; baseline -0.003 0"><span class='ocrx_word' id='word_1_147' title='bbox 450 2052 529 2093; x_wconf 84' lang='lat' dir='ltr'>Ad</span> <span class='ocrx_word' id='word_1_148' title='bbox 554 2051 752 2093; x_wconf 85' lang='lat' dir='ltr'>Laudes</span> <span class='ocrx_word' id='word_1_149' title='bbox 803 2047 806 2050; x_wconf 74' lang='grc'><strong><em>’</em></strong></span> 
     </span>
    </p>
   </div>
   <div class='ocr_carea' id='block_1_7' title="bbox 405 2115 797 2160">
    <p class='ocr_par' dir='ltr' id='par_1_9' title="bbox 405 2115 797 2160">
     <span class='ocr_line' id='line_1_33' title="bbox 405 2115 797 2160; baseline -0.005 -9"><span class='ocrx_word' id='word_1_150' title='bbox 405 2120 453 2151; x_wconf 90' lang='lat' dir='ltr'>et</span> <span class='ocrx_word' id='word_1_151' title='bbox 487 2127 578 2160; x_wconf 92' lang='lat' dir='ltr'>per</span> <span class='ocrx_word' id='word_1_152' title='bbox 612 2115 797 2150; x_wconf 80' lang='lat' dir='ltr'>Horas.</span> 
     </span>
    </p>
   </div>
   <div class='ocr_carea' id='block_1_8' title="bbox 150 2177 1021 2733">
    <p class='ocr_par' dir='ltr' id='par_1_10' title="bbox 150 2177 1019 2333">
     <span class='ocr_line' id='line_1_34' title="bbox 150 2177 1017 2227; baseline -0.001 -7"><span class='ocrx_word' id='word_1_153' title='bbox 150 2223 156 2227; x_wconf 65' lang='grc'><strong>,</strong></span> <span class='ocrx_word' id='word_1_154' title='bbox 236 2181 335 2220; x_wconf 84' lang='lat' dir='ltr'>Ant.</span> <span class='ocrx_word' id='word_1_155' title='bbox 358 2182 387 2220; x_wconf 91' lang='lat'>1.</span> <span class='ocrx_word' id='word_1_156' title='bbox 415 2180 607 2219; x_wconf 92' lang='lat' dir='ltr'>Domum</span> <span class='ocrx_word' id='word_1_157' title='bbox 631 2182 753 2219; x_wconf 90' lang='lat' dir='ltr'>tuam</span> <span class='ocrx_word' id='word_1_158' title='bbox 779 2177 969 2219; x_wconf 78' lang='lat' dir='ltr'>Demine</span> <span class='ocrx_word' id='word_1_159' title='bbox 993 2179 1017 2205; x_wconf 87' lang='lat'>*</span> 
     </span>
     <span class='ocr_line' id='line_1_35' title="bbox 186 2233 1019 2284; baseline -0.005 -6"><span class='ocrx_word' id='word_1_160' title='bbox 186 2235 314 2278; x_wconf 86' lang='lat' dir='ltr'>decet</span> <span class='ocrx_word' id='word_1_161' title='bbox 342 2233 591 2276; x_wconf 79' lang='lat' dir='ltr'>sanctitudo</span> <span class='ocrx_word' id='word_1_162' title='bbox 627 2233 672 2274; x_wconf 90' lang='lat' dir='ltr'>in</span> <span class='ocrx_word' id='word_1_163' title='bbox 699 2233 1019 2284; x_wconf 80' lang='lat' dir='ltr'>longitudinem</span> 
     </span>
     <span class='ocr_line' id='line_1_36' title="bbox 186 2291 367 2333; baseline 0 0"><span class='ocrx_word' id='word_1_164' title='bbox 186 2291 367 2333; x_wconf 91' lang='lat' dir='ltr'>dierum.</span> 
     </span>
    </p>

    <p class='ocr_par' dir='ltr' id='par_1_11' title="bbox 188 2345 1017 2456">
     <span class='ocr_line' id='line_1_37' title="bbox 241 2345 1017 2396; baseline -0.003 -8"><span class='ocrx_word' id='word_1_165' title='bbox 241 2349 397 2390; x_wconf 84' lang='lat' dir='ltr'>Psalm.</span> <span class='ocrx_word' id='word_1_166' title='bbox 432 2347 652 2388; x_wconf 81' lang='lat' dir='ltr'>Deminus</span> <span class='ocrx_word' id='word_1_167' title='bbox 679 2345 889 2396; x_wconf 89' lang='lat' dir='ltr'>regnavit.</span> <span class='ocrx_word' id='word_1_168' title='bbox 919 2360 1017 2387; x_wconf 92' lang='lat' dir='ltr'>cum</span> 
     </span>
     <span class='ocr_line' id='line_1_38' title="bbox 188 2404 462 2456; baseline -0.011 -11"><span class='ocrx_word' id='word_1_169' title='bbox 188 2406 378 2456; x_wconf 88' lang='lat' dir='ltr'>reliquis.</span> <span class='ocrx_word' id='word_1_170' title='bbox 402 2404 462 2444; x_wconf 87' lang='lat'>16.</span> 
     </span>
    </p>

    <p class='ocr_par' dir='ltr' id='par_1_12' title="bbox 188 2457 1018 2558">
     <span class='ocr_line' id='line_1_39' title="bbox 240 2457 1018 2501; baseline -0.006 0"><span class='ocrx_word' id='word_1_171' title='bbox 240 2463 276 2501; x_wconf 87' lang='lat'>2.</span> <span class='ocrx_word' id='word_1_172' title='bbox 304 2462 473 2501; x_wconf 89' lang='lat' dir='ltr'>Domus</span> <span class='ocrx_word' id='word_1_173' title='bbox 499 2471 597 2500; x_wconf 90' lang='lat' dir='ltr'>mea</span> <span class='ocrx_word' id='word_1_174' title='bbox 621 2458 644 2484; x_wconf 90' lang='lat'>*</span> <span class='ocrx_word' id='word_1_175' title='bbox 670 2457 828 2499; x_wconf 91' lang='lat' dir='ltr'>domus</span> <span class='ocrx_word' id='word_1_176' title='bbox 859 2457 1018 2497; x_wconf 70' lang='lat' dir='ltr'>oratio-</span> 
     </span>
     <span class='ocr_line' id='line_1_40' title="bbox 188 2514 989 2558; baseline 0.004 -3"><span class='ocrx_word' id='word_1_177' title='bbox 188 2515 254 2555; x_wconf 91' lang='lat' dir='ltr'>nis</span> <span class='ocrx_word' id='word_1_178' title='bbox 273 2514 515 2556; x_wconf 89' lang='lat' dir='ltr'>vocabitur.</span> <span class='ocrx_word' id='word_1_179' title='bbox 987 2556 989 2558; x_wconf 79' lang='grc'>,</span> 
     </span>
    </p>

    <p class='ocr_par' dir='ltr' id='par_1_13' title="bbox 188 2567 1021 2733">
     <span class='ocr_line' id='line_1_41' title="bbox 241 2567 1019 2612; baseline -0.008 0"><span class='ocrx_word' id='word_1_180' title='bbox 241 2574 277 2612; x_wconf 87' lang='grc'>3.</span> <span class='ocrx_word' id='word_1_181' title='bbox 304 2572 415 2612; x_wconf 88' lang='lat' dir='ltr'>Haec</span> <span class='ocrx_word' id='word_1_182' title='bbox 440 2574 507 2612; x_wconf 90' lang='lat' dir='ltr'>est</span> <span class='ocrx_word' id='word_1_183' title='bbox 531 2569 689 2611; x_wconf 90' lang='lat' dir='ltr'>domus</span> <span class='ocrx_word' id='word_1_184' title='bbox 707 2568 886 2610; x_wconf 83' lang='lat' dir='ltr'>Domini</span> <span class='ocrx_word' id='word_1_185' title='bbox 904 2567 928 2592; x_wconf 87' lang='lat'>*</span> <span class='ocrx_word' id='word_1_186' title='bbox 948 2567 1019 2607; x_wconf 89' lang='lat' dir='ltr'>fir-</span> 
     </span>
     <span class='ocr_line' id='line_1_42' title="bbox 188 2624 1021 2675; baseline -0.005 -9"><span class='ocrx_word' id='word_1_187' title='bbox 188 2626 317 2666; x_wconf 90' lang='lat' dir='ltr'>miter</span> <span class='ocrx_word' id='word_1_188' title='bbox 341 2625 574 2675; x_wconf 88' lang='lat' dir='ltr'>aedificata‚</span> <span class='ocrx_word' id='word_1_189' title='bbox 606 2625 719 2666; x_wconf 91' lang='lat' dir='ltr'>bene</span> <span class='ocrx_word' id='word_1_190' title='bbox 747 2624 929 2665; x_wconf 88' lang='lat' dir='ltr'>fundata</span> <span class='ocrx_word' id='word_1_191' title='bbox 953 2627 1021 2663; x_wconf 89' lang='lat' dir='ltr'>est</span> 
     </span>
     <span class='ocr_line' id='line_1_43' title="bbox 190 2681 716 2733; baseline -0.002 -12"><span class='ocrx_word' id='word_1_192' title='bbox 190 2693 324 2733; x_wconf 89' lang='lat' dir='ltr'>supra</span> <span class='ocrx_word' id='word_1_193' title='bbox 342 2681 513 2722; x_wconf 91' lang='lat' dir='ltr'>firmam</span> <span class='ocrx_word' id='word_1_194' title='bbox 532 2685 716 2733; x_wconf 91' lang='lat' dir='ltr'>petram.</span> 
     </span>
    </p>
   </div>
   <div class='ocr_carea' id='block_1_9' title="bbox 1795 167 1895 216">
    <p class='ocr_par' dir='ltr' id='par_1_14' title="bbox 1795 167 1895 216">
     <span class='ocr_line' id='line_1_44' title="bbox 1795 167 1895 216; baseline 0 -9"><span class='ocrx_word' id='word_1_195' title='bbox 1795 167 1895 216; x_wconf 82' lang='lat'>[139]</span> 
     </span>
    </p>
   </div>
   <div class='ocr_carea' id='block_1_10' title="bbox 1060 267 1896 537">
    <p class='ocr_par' dir='ltr' id='par_1_15' title="bbox 1060 267 1896 379">
     <span class='ocr_line' id='line_1_45' title="bbox 1112 267 1896 314; baseline -0.009 0"><span class='ocrx_word' id='word_1_196' title='bbox 1112 276 1149 314; x_wconf 78' lang='lat'>4.</span> <span class='ocrx_word' id='word_1_197' title='bbox 1172 274 1291 313; x_wconf 86' lang='lat' dir='ltr'>Bene</span> <span class='ocrx_word' id='word_1_198' title='bbox 1310 268 1494 310; x_wconf 89' lang='lat' dir='ltr'>fundata</span> <span class='ocrx_word' id='word_1_199' title='bbox 1513 273 1581 310; x_wconf 88' lang='lat' dir='ltr'>est</span> <span class='ocrx_word' id='word_1_200' title='bbox 1594 269 1618 295; x_wconf 87' lang='lat'>*</span> <span class='ocrx_word' id='word_1_201' title='bbox 1635 267 1794 309; x_wconf 90' lang='lat' dir='ltr'>domus</span> <span class='ocrx_word' id='word_1_202' title='bbox 1807 267 1896 308; x_wconf 84' lang='lat' dir='ltr'>Do-</span> 
     </span>
     <span class='ocr_line' id='line_1_46' title="bbox 1060 326 1713 379; baseline -0.005 -11"><span class='ocrx_word' id='word_1_203' title='bbox 1060 327 1166 368; x_wconf 91' lang='lat' dir='ltr'>mini</span> <span class='ocrx_word' id='word_1_204' title='bbox 1185 339 1320 379; x_wconf 90' lang='lat' dir='ltr'>supra</span> <span class='ocrx_word' id='word_1_205' title='bbox 1339 326 1511 366; x_wconf 86' lang='lat' dir='ltr'>firmam</span> <span class='ocrx_word' id='word_1_206' title='bbox 1529 329 1713 377; x_wconf 86' lang='lat' dir='ltr'>petram.</span> 
     </span>
    </p>

    <p class='ocr_par' dir='ltr' id='par_1_16' title="bbox 1060 381 1895 537">
     <span class='ocr_line' id='line_1_47' title="bbox 1113 381 1895 435; baseline -0.008 -9"><span class='ocrx_word' id='word_1_207' title='bbox 1113 387 1149 426; x_wconf 84' lang='lat'>5.</span> <span class='ocrx_word' id='word_1_208' title='bbox 1199 382 1395 435; x_wconf 77' lang='lat' dir='ltr'>Lapides</span> <span class='ocrx_word' id='word_1_209' title='bbox 1440 381 1628 434; x_wconf 83' lang='lat' dir='ltr'>pretiosi</span> <span class='ocrx_word' id='word_1_210' title='bbox 1672 382 1696 407; x_wconf 88' lang='lat'>*</span> <span class='ocrx_word' id='word_1_211' title='bbox 1741 392 1895 421; x_wconf 89' lang='lat' dir='ltr'>omnes</span> 
     </span>
     <span class='ocr_line' id='line_1_48' title="bbox 1060 437 1895 488; baseline -0.004 -9"><span class='ocrx_word' id='word_1_212' title='bbox 1060 439 1175 480; x_wconf 91' lang='lat' dir='ltr'>muri</span> <span class='ocrx_word' id='word_1_213' title='bbox 1193 438 1268 488; x_wconf 85' lang='lat' dir='ltr'>tui,</span> <span class='ocrx_word' id='word_1_214' title='bbox 1290 443 1334 480; x_wconf 91' lang='lat' dir='ltr'>et</span> <span class='ocrx_word' id='word_1_215' title='bbox 1353 443 1497 480; x_wconf 90' lang='lat' dir='ltr'>turres</span> <span class='ocrx_word' id='word_1_216' title='bbox 1516 437 1760 478; x_wconf 80' lang='lat' dir='ltr'>Jerusalem</span> <span class='ocrx_word' id='word_1_217' title='bbox 1779 449 1895 487; x_wconf 88' lang='lat' dir='ltr'>gem-</span> 
     </span>
     <span class='ocr_line' id='line_1_49' title="bbox 1061 493 1512 537; baseline -0.004 -1"><span class='ocrx_word' id='word_1_218' title='bbox 1061 495 1144 536; x_wconf 90' lang='lat' dir='ltr'>mis</span> <span class='ocrx_word' id='word_1_219' title='bbox 1164 493 1512 537; x_wconf 84' lang='lat' dir='ltr'>aedificabuntur.</span> 
     </span>
    </p>
   </div>
   <div class='ocr_carea' id='block_1_11' title="bbox 1168 566 1790 619">
    <p class='ocr_par' dir='ltr' id='par_1_17' title="bbox 1168 566 1790 619">
     <span class='ocr_line' id='line_1_50' title="bbox 1168 566 1790 619; baseline -0.006 -11"><span class='ocrx_word' id='word_1_220' title='bbox 1168 567 1428 619; x_wconf 85' lang='lat' dir='ltr'>Capitulum.</span> <span class='ocrx_word' id='word_1_221' title='bbox 1576 567 1714 616; x_wconf 75' lang='lat' dir='ltr'>Apoc.</span> <span class='ocrx_word' id='word_1_222' title='bbox 1734 566 1790 604; x_wconf 83' lang='lat'>21.</span> 
     </span>
    </p>
   </div>
   <div class='ocr_carea' id='block_1_12' title="bbox 1064 628 1897 839">
    <p class='ocr_par' dir='ltr' id='par_1_18' title="bbox 1154 628 1896 671">
     <span class='ocr_line' id='line_1_51' title="bbox 1154 628 1896 671; baseline -0.004 0"><span class='ocrx_word' id='word_1_223' title='bbox 1154 629 1214 671; x_wconf 94' lang='lat' dir='ltr'>idi</span> <span class='ocrx_word' id='word_1_224' title='bbox 1245 630 1469 671; x_wconf 88' lang='lat' dir='ltr'>civitatem</span> <span class='ocrx_word' id='word_1_225' title='bbox 1498 634 1697 670; x_wconf 86' lang='lat' dir='ltr'>sanctam</span> <span class='ocrx_word' id='word_1_226' title='bbox 1723 628 1749 669; x_wconf 86' lang='lat' dir='ltr'><strong>J</strong></span> <span class='ocrx_word' id='word_1_227' title='bbox 1752 631 1896 669; x_wconf 88' lang='lat' dir='ltr'>erusa-</span> 
     </span>
    </p>

    <p class='ocr_par' dir='ltr' id='par_1_19' title="bbox 1064 684 1897 839">
     <span class='ocr_line' id='line_1_52' title="bbox 1167 684 1897 727; baseline -0.001 -1"><span class='ocrx_word' id='word_1_228' title='bbox 1167 686 1254 727; x_wconf 91' lang='lat' dir='ltr'>lem</span> <span class='ocrx_word' id='word_1_229' title='bbox 1282 699 1443 727; x_wconf 89' lang='lat' dir='ltr'>novam</span> <span class='ocrx_word' id='word_1_230' title='bbox 1471 684 1814 727; x_wconf 87' lang='lat' dir='ltr'>descendentem</span> <span class='ocrx_word' id='word_1_231' title='bbox 1842 684 1897 725; x_wconf 92' lang='lat' dir='ltr'>de</span> 
     </span>
     <span class='ocr_line' id='line_1_53' title="bbox 1064 741 1897 794; baseline -0.002 -11"><span class='ocrx_word' id='word_1_232' title='bbox 1064 742 1179 783; x_wconf 92' lang='lat' dir='ltr'>coelo</span> <span class='ocrx_word' id='word_1_233' title='bbox 1208 755 1234 783; x_wconf 89' lang='lat' dir='ltr'>a</span> <span class='ocrx_word' id='word_1_234' title='bbox 1258 742 1373 791; x_wconf 91' lang='lat' dir='ltr'>Deo,</span> <span class='ocrx_word' id='word_1_235' title='bbox 1401 744 1603 794; x_wconf 90' lang='lat' dir='ltr'>paratam</span> <span class='ocrx_word' id='word_1_236' title='bbox 1629 741 1743 782; x_wconf 89' lang='lat' dir='ltr'>sicut</span> <span class='ocrx_word' id='word_1_237' title='bbox 1768 753 1897 793; x_wconf 90' lang='lat' dir='ltr'>spon-</span> 
     </span>
     <span class='ocr_line' id='line_1_54' title="bbox 1064 798 1605 839; baseline -0.002 0"><span class='ocrx_word' id='word_1_238' title='bbox 1064 811 1158 839; x_wconf 91' lang='lat' dir='ltr'>sam</span> <span class='ocrx_word' id='word_1_239' title='bbox 1178 800 1378 839; x_wconf 87' lang='lat' dir='ltr'>ornatam</span> <span class='ocrx_word' id='word_1_240' title='bbox 1396 798 1492 839; x_wconf 92' lang='lat' dir='ltr'>viro</span> <span class='ocrx_word' id='word_1_241' title='bbox 1513 810 1605 839; x_wconf 90' lang='lat' dir='ltr'>suo.</span> 
     </span>
    </p>
   </div>
   <div class='ocr_carea' id='block_1_13' title="bbox 1119 870 1831 1265">
    <p class='ocr_par' dir='ltr' id='par_1_20' title="bbox 1119 870 1831 1265">
     <span class='ocr_line' id='line_1_55' title="bbox 1379 870 1589 919; baseline 0 -11"><span class='ocrx_word' id='word_1_242' title='bbox 1379 870 1589 919; x_wconf 74' lang='lat' dir='ltr'>Hymnus.</span> 
     </span>
     <span class='ocr_line' id='line_1_56' title="bbox 1119 930 1716 1035; baseline -0.002 -61"><span class='ocrx_word' id='word_1_243' title='bbox 1119 930 1259 1035; x_wconf 55' lang='lat' dir='ltr'>AEto</span> <span class='ocrx_word' id='word_1_244' title='bbox 1280 936 1335 974; x_wconf 88' lang='lat' dir='ltr'>ex</span> <span class='ocrx_word' id='word_1_245' title='bbox 1355 932 1533 985; x_wconf 68' lang='lat' dir='ltr'>Olympi</span> <span class='ocrx_word' id='word_1_246' title='bbox 1551 932 1716 974; x_wconf 89' lang='lat' dir='ltr'>vertice</span> 
     </span>
     <span class='ocr_line' id='line_1_57' title="bbox 1220 988 1771 1038; baseline 0 -9"><span class='ocrx_word' id='word_1_247' title='bbox 1220 989 1386 1030; x_wconf 87' lang='lat' dir='ltr'>Summi</span> <span class='ocrx_word' id='word_1_248' title='bbox 1404 989 1605 1030; x_wconf 89' lang='lat' dir='ltr'>Parentis</span> <span class='ocrx_word' id='word_1_249' title='bbox 1624 988 1771 1038; x_wconf 86' lang='lat' dir='ltr'>Filius,</span> 
     </span>
     <span class='ocr_line' id='line_1_58' title="bbox 1174 1044 1791 1098; baseline -0.002 -12"><span class='ocrx_word' id='word_1_250' title='bbox 1174 1045 1266 1086; x_wconf 91' lang='lat' dir='ltr'>Ceu</span> <span class='ocrx_word' id='word_1_251' title='bbox 1283 1050 1435 1086; x_wconf 91' lang='lat' dir='ltr'>monte</span> <span class='ocrx_word' id='word_1_252' title='bbox 1455 1044 1660 1086; x_wconf 89' lang='lat' dir='ltr'>desectus</span> <span class='ocrx_word' id='word_1_253' title='bbox 1679 1045 1791 1098; x_wconf 90' lang='lat' dir='ltr'>lapis</span> 
     </span>
     <span class='ocr_line' id='line_1_59' title="bbox 1169 1100 1768 1151; baseline 0 -10"><span class='ocrx_word' id='word_1_254' title='bbox 1169 1101 1332 1142; x_wconf 90' lang='lat' dir='ltr'>Terras</span> <span class='ocrx_word' id='word_1_255' title='bbox 1351 1101 1395 1141; x_wconf 91' lang='lat' dir='ltr'>in</span> <span class='ocrx_word' id='word_1_256' title='bbox 1415 1102 1527 1142; x_wconf 89' lang='lat' dir='ltr'>imas</span> <span class='ocrx_word' id='word_1_257' title='bbox 1547 1100 1768 1151; x_wconf 90' lang='lat' dir='ltr'>decidens,</span> 
     </span>
     <span class='ocr_line' id='line_1_60' title="bbox 1168 1157 1831 1210; baseline -0.002 -12"><span class='ocrx_word' id='word_1_258' title='bbox 1168 1157 1339 1198; x_wconf 91' lang='lat' dir='ltr'>Domus</span> <span class='ocrx_word' id='word_1_259' title='bbox 1359 1159 1576 1210; x_wconf 87' lang='lat' dir='ltr'>supernae,</span> <span class='ocrx_word' id='word_1_260' title='bbox 1596 1161 1639 1198; x_wconf 90' lang='lat' dir='ltr'>et</span> <span class='ocrx_word' id='word_1_261' title='bbox 1657 1157 1831 1206; x_wconf 87' lang='lat' dir='ltr'>infimae,</span> 
     </span>
     <span class='ocr_line' id='line_1_61' title="bbox 1167 1212 1811 1265; baseline -0.002 -10"><span class='ocrx_word' id='word_1_262' title='bbox 1167 1213 1415 1265; x_wconf 89' lang='lat' dir='ltr'>Utrumque</span> <span class='ocrx_word' id='word_1_263' title='bbox 1434 1213 1573 1265; x_wconf 86' lang='lat' dir='ltr'>junxit</span> <span class='ocrx_word' id='word_1_264' title='bbox 1594 1212 1811 1264; x_wconf 88' lang='lat' dir='ltr'>angulum.</span> 
     </span>
    </p>
   </div>
   <div class='ocr_carea' id='block_1_14' title="bbox 1119 1285 1876 1607">
    <p class='ocr_par' dir='ltr' id='par_1_21' title="bbox 1119 1285 1876 1607">
     <span class='ocr_line' id='line_1_62' title="bbox 1119 1285 1667 1330; baseline -0.005 -1"><span class='ocrx_word' id='word_1_265' title='bbox 1119 1286 1208 1330; x_wconf 87' lang='lat' dir='ltr'>Sed</span> <span class='ocrx_word' id='word_1_266' title='bbox 1226 1286 1300 1327; x_wconf 91' lang='lat' dir='ltr'>illa</span> <span class='ocrx_word' id='word_1_267' title='bbox 1320 1286 1449 1327; x_wconf 90' lang='lat' dir='ltr'>sedes</span> <span class='ocrx_word' id='word_1_268' title='bbox 1469 1285 1667 1327; x_wconf 86' lang='lat' dir='ltr'>co&#39;elitum</span> 
     </span>
     <span class='ocr_line' id='line_1_63' title="bbox 1170 1340 1793 1395; baseline -0.003 -12"><span class='ocrx_word' id='word_1_269' title='bbox 1170 1342 1352 1395; x_wconf 91' lang='lat' dir='ltr'>Semper</span> <span class='ocrx_word' id='word_1_270' title='bbox 1372 1342 1558 1383; x_wconf 86' lang='lat' dir='ltr'>resultat</span> <span class='ocrx_word' id='word_1_271' title='bbox 1576 1340 1793 1390; x_wconf 88' lang='lat' dir='ltr'>laudibus,</span> 
     </span>
     <span class='ocr_line' id='line_1_64' title="bbox 1169 1397 1876 1450; baseline -0.003 -11"><span class='ocrx_word' id='word_1_272' title='bbox 1169 1399 1403 1450; x_wconf 90' lang='lat' dir='ltr'>Deumque</span> <span class='ocrx_word' id='word_1_273' title='bbox 1422 1398 1607 1438; x_wconf 89' lang='lat' dir='ltr'>Trinum</span> <span class='ocrx_word' id='word_1_274' title='bbox 1627 1402 1671 1439; x_wconf 92' lang='lat' dir='ltr'>et</span> <span class='ocrx_word' id='word_1_275' title='bbox 1689 1397 1876 1438; x_wconf 91' lang='lat' dir='ltr'>Unicum</span> 
     </span>
     <span class='ocr_line' id='line_1_65' title="bbox 1170 1453 1703 1506; baseline -0.004 -11"><span class='ocrx_word' id='word_1_276' title='bbox 1170 1454 1270 1504; x_wconf 88' lang='lat' dir='ltr'>Jugi</span> <span class='ocrx_word' id='word_1_277' title='bbox 1289 1456 1451 1495; x_wconf 74' lang='lat' dir='ltr'>canere</span> <span class='ocrx_word' id='word_1_278' title='bbox 1470 1453 1703 1506; x_wconf 82' lang='lat' dir='ltr'>praedicat:</span> 
     </span>
     <span class='ocr_line' id='line_1_66' title="bbox 1171 1510 1705 1562; baseline 0 -12"><span class='ocrx_word' id='word_1_279' title='bbox 1171 1510 1241 1550; x_wconf 91' lang='lat' dir='ltr'>Illi</span> <span class='ocrx_word' id='word_1_280' title='bbox 1261 1512 1469 1551; x_wconf 90' lang='lat' dir='ltr'>canentes</span> <span class='ocrx_word' id='word_1_281' title='bbox 1488 1510 1705 1562; x_wconf 88' lang='lat' dir='ltr'>jungimur</span> 
     </span>
     <span class='ocr_line' id='line_1_67' title="bbox 1170 1565 1654 1607; baseline 0 -1"><span class='ocrx_word' id='word_1_282' title='bbox 1170 1565 1314 1607; x_wconf 88' lang='lat' dir='ltr'>Almae</span> <span class='ocrx_word' id='word_1_283' title='bbox 1333 1566 1477 1607; x_wconf 77' lang='lat' dir='ltr'>Sienis</span> <span class='ocrx_word' id='word_1_284' title='bbox 1497 1565 1654 1606; x_wconf 82' lang='lat' dir='ltr'>a&#39;emuli.</span> 
     </span>
    </p>
   </div>
   <div class='ocr_carea' id='block_1_15' title="bbox 1118 1638 1821 1971">
    <p class='ocr_par' dir='ltr' id='par_1_22' title="bbox 1118 1638 1821 1859">
     <span class='ocr_line' id='line_1_68' title="bbox 1118 1638 1821 1691; baseline -0.001 -11"><span class='ocrx_word' id='word_1_285' title='bbox 1118 1642 1230 1681; x_wconf 85' lang='lat' dir='ltr'>Haec</span> <span class='ocrx_word' id='word_1_286' title='bbox 1248 1639 1424 1691; x_wconf 90' lang='lat' dir='ltr'>templa,</span> <span class='ocrx_word' id='word_1_287' title='bbox 1444 1639 1543 1680; x_wconf 91' lang='lat' dir='ltr'>Rex</span> <span class='ocrx_word' id='word_1_288' title='bbox 1563 1638 1821 1687; x_wconf 89' lang='lat' dir='ltr'>coelestium,</span> 
     </span>
     <span class='ocr_line' id='line_1_69' title="bbox 1171 1695 1722 1747; baseline -0.002 -11"><span class='ocrx_word' id='word_1_289' title='bbox 1171 1695 1314 1747; x_wconf 91' lang='lat' dir='ltr'>Imple</span> <span class='ocrx_word' id='word_1_290' title='bbox 1333 1695 1523 1746; x_wconf 91' lang='lat' dir='ltr'>benigno</span> <span class='ocrx_word' id='word_1_291' title='bbox 1543 1695 1722 1736; x_wconf 88' lang='lat' dir='ltr'>lumine:</span> 
     </span>
     <span class='ocr_line' id='line_1_70' title="bbox 1172 1750 1710 1802; baseline 0 -10"><span class='ocrx_word' id='word_1_292' title='bbox 1172 1751 1273 1792; x_wconf 92' lang='lat' dir='ltr'>Huc</span> <span class='ocrx_word' id='word_1_293' title='bbox 1293 1764 1319 1792; x_wconf 96' lang='lat' dir='ltr'>o</span> <span class='ocrx_word' id='word_1_294' title='bbox 1339 1753 1520 1802; x_wconf 88' lang='lat' dir='ltr'>rogatus</span> <span class='ocrx_word' id='word_1_295' title='bbox 1540 1750 1710 1800; x_wconf 82' lang='lat' dir='ltr'>adveni,</span> 
     </span>
     <span class='ocr_line' id='line_1_71' title="bbox 1173 1807 1742 1859; baseline 0 -12"><span class='ocrx_word' id='word_1_296' title='bbox 1173 1807 1411 1859; x_wconf 88' lang='lat' dir='ltr'>Plebisque</span> <span class='ocrx_word' id='word_1_297' title='bbox 1430 1812 1535 1848; x_wconf 89' lang='lat' dir='ltr'>vota</span> <span class='ocrx_word' id='word_1_298' title='bbox 1555 1807 1742 1859; x_wconf 85' lang='lat' dir='ltr'>suscipe,</span> 
     </span>
    </p>

    <p class='ocr_par' dir='ltr' id='par_1_23' title="bbox 1171 1863 1734 1971">
     <span class='ocr_line' id='line_1_72' title="bbox 1173 1863 1734 1914; baseline 0 -11"><span class='ocrx_word' id='word_1_299' title='bbox 1173 1863 1231 1904; x_wconf 90' lang='lat' dir='ltr'>Et</span> <span class='ocrx_word' id='word_1_300' title='bbox 1250 1869 1404 1914; x_wconf 81' lang='lat' dir='ltr'>nostra</span> <span class='ocrx_word' id='word_1_301' title='bbox 1422 1863 1561 1904; x_wconf 90' lang='lat' dir='ltr'>corda</span> <span class='ocrx_word' id='word_1_302' title='bbox 1578 1863 1734 1914; x_wconf 88' lang='lat' dir='ltr'>jugiter</span> 
     </span>
     <span class='ocr_line' id='line_1_73' title="bbox 1171 1919 1686 1971; baseline -0.002 -11"><span class='ocrx_word' id='word_1_303' title='bbox 1171 1919 1393 1961; x_wconf 84' lang='lat' dir='ltr'>Perfunde</span> <span class='ocrx_word' id='word_1_304' title='bbox 1413 1919 1516 1961; x_wconf 89' lang='lat' dir='ltr'>coeli</span> <span class='ocrx_word' id='word_1_305' title='bbox 1534 1919 1686 1971; x_wconf 87' lang='lat' dir='ltr'>gratia.</span> 
     </span>
    </p>
   </div>
   <div class='ocr_carea' id='block_1_16' title="bbox 1121 1991 1858 2323">
    <p class='ocr_par' dir='ltr' id='par_1_24' title="bbox 1121 1991 1858 2323">
     <span class='ocr_line' id='line_1_74' title="bbox 1121 1991 1679 2045; baseline -0.004 -11"><span class='ocrx_word' id='word_1_306' title='bbox 1121 1992 1208 2034; x_wconf 91' lang='lat' dir='ltr'>Hic</span> <span class='ocrx_word' id='word_1_307' title='bbox 1226 1995 1465 2045; x_wconf 82' lang='lat' dir='ltr'>impetrent</span> <span class='ocrx_word' id='word_1_308' title='bbox 1482 1991 1679 2034; x_wconf 87' lang='lat' dir='ltr'>fidelium</span> 
     </span>
     <span class='ocr_line' id='line_1_75' title="bbox 1172 2047 1858 2101; baseline -0.004 -11"><span class='ocrx_word' id='word_1_309' title='bbox 1172 2049 1322 2090; x_wconf 90' lang='lat' dir='ltr'>Voces</span> <span class='ocrx_word' id='word_1_310' title='bbox 1341 2049 1587 2101; x_wconf 86' lang='lat' dir='ltr'>precesque</span> <span class='ocrx_word' id='word_1_311' title='bbox 1607 2047 1858 2100; x_wconf 89' lang='lat' dir='ltr'>supplicum</span> 
     </span>
     <span class='ocr_line' id='line_1_76' title="bbox 1172 2105 1715 2153; baseline -0.004 -8"><span class='ocrx_word' id='word_1_312' title='bbox 1172 2105 1342 2146; x_wconf 91' lang='lat' dir='ltr'>Domus</span> <span class='ocrx_word' id='word_1_313' title='bbox 1361 2105 1505 2146; x_wconf 81' lang='lat' dir='ltr'>beatae</span> <span class='ocrx_word' id='word_1_314' title='bbox 1522 2107 1715 2153; x_wconf 89' lang='lat' dir='ltr'>munera,</span> 
     </span>
     <span class='ocr_line' id='line_1_77' title="bbox 1172 2158 1812 2213; baseline -0.003 -12"><span class='ocrx_word' id='word_1_315' title='bbox 1172 2160 1407 2213; x_wconf 90' lang='lat' dir='ltr'>Partisque</span> <span class='ocrx_word' id='word_1_316' title='bbox 1426 2160 1555 2202; x_wconf 90' lang='lat' dir='ltr'>donis</span> <span class='ocrx_word' id='word_1_317' title='bbox 1575 2158 1812 2210; x_wconf 89' lang='lat' dir='ltr'>gaudeant:</span> 
     </span>
     <span class='ocr_line' id='line_1_78' title="bbox 1175 2216 1695 2267; baseline -0.006 -9"><span class='ocrx_word' id='word_1_318' title='bbox 1175 2217 1331 2258; x_wconf 92' lang='lat' dir='ltr'>Donec</span> <span class='ocrx_word' id='word_1_319' title='bbox 1351 2216 1485 2258; x_wconf 90' lang='lat' dir='ltr'>soluti</span> <span class='ocrx_word' id='word_1_320' title='bbox 1506 2217 1695 2267; x_wconf 85' lang='lat' dir='ltr'>corpore</span> 
     </span>
     <span class='ocr_line' id='line_1_79' title="bbox 1175 2271 1730 2323; baseline -0.005 -9"><span class='ocrx_word' id='word_1_321' title='bbox 1175 2272 1314 2314; x_wconf 89' lang='lat' dir='ltr'>Sedes</span> <span class='ocrx_word' id='word_1_322' title='bbox 1333 2272 1489 2314; x_wconf 86' lang='lat' dir='ltr'>beatas</span> <span class='ocrx_word' id='word_1_323' title='bbox 1507 2271 1730 2323; x_wconf 84' lang='lat' dir='ltr'>impleant.</span> 
     </span>
    </p>
   </div>
   <div class='ocr_carea' id='block_1_17' title="bbox 1124 2343 1839 2719">
    <p class='ocr_par' dir='ltr' id='par_1_25' title="bbox 1124 2343 1839 2719">
     <span class='ocr_line' id='line_1_80' title="bbox 1124 2343 1683 2389; baseline -0.005 -2"><span class='ocrx_word' id='word_1_324' title='bbox 1124 2350 1274 2389; x_wconf 90' lang='lat' dir='ltr'>Decus</span> <span class='ocrx_word' id='word_1_325' title='bbox 1292 2344 1469 2386; x_wconf 89' lang='lat' dir='ltr'>Parenti</span> <span class='ocrx_word' id='word_1_326' title='bbox 1487 2343 1683 2385; x_wconf 88' lang='lat' dir='ltr'>debitum</span> 
     </span>
     <span class='ocr_line' id='line_1_81' title="bbox 1173 2398 1839 2452; baseline -0.005 -10"><span class='ocrx_word' id='word_1_327' title='bbox 1173 2401 1239 2442; x_wconf 89' lang='lat' dir='ltr'>Sit</span> <span class='ocrx_word' id='word_1_328' title='bbox 1258 2401 1578 2452; x_wconf 77' lang='lat' dir='ltr'>usquequaque</span> <span class='ocrx_word' id='word_1_329' title='bbox 1597 2398 1839 2448; x_wconf 86' lang='lat' dir='ltr'>Altissimo,</span> 
     </span>
     <span class='ocr_line' id='line_1_82' title="bbox 1173 2455 1708 2507; baseline -0.004 -9"><span class='ocrx_word' id='word_1_330' title='bbox 1173 2457 1382 2507; x_wconf 85' lang='lat' dir='ltr'>Natoque</span> <span class='ocrx_word' id='word_1_331' title='bbox 1401 2455 1546 2496; x_wconf 89' lang='lat' dir='ltr'>Patris</span> <span class='ocrx_word' id='word_1_332' title='bbox 1567 2455 1708 2504; x_wconf 90' lang='lat' dir='ltr'>unico,</span> 
     </span>
     <span class='ocr_line' id='line_1_83' title="bbox 1174 2510 1670 2563; baseline -0.002 -11"><span class='ocrx_word' id='word_1_333' title='bbox 1174 2513 1232 2553; x_wconf 87' lang='lat' dir='ltr'>Et</span> <span class='ocrx_word' id='word_1_334' title='bbox 1253 2511 1417 2563; x_wconf 83' lang='lat' dir='ltr'>inclyto</span> <span class='ocrx_word' id='word_1_335' title='bbox 1437 2510 1670 2560; x_wconf 88' lang='lat' dir='ltr'>Paraclito,</span> 
     </span>
     <span class='ocr_line' id='line_1_84' title="bbox 1177 2566 1775 2618; baseline -0.003 -10"><span class='ocrx_word' id='word_1_336' title='bbox 1177 2568 1257 2609; x_wconf 91' lang='lat' dir='ltr'>Cui</span> <span class='ocrx_word' id='word_1_337' title='bbox 1274 2567 1381 2615; x_wconf 90' lang='lat' dir='ltr'>laus,</span> <span class='ocrx_word' id='word_1_338' title='bbox 1400 2567 1611 2618; x_wconf 89' lang='lat' dir='ltr'>potestas,</span> <span class='ocrx_word' id='word_1_339' title='bbox 1634 2566 1775 2617; x_wconf 83' lang='lat' dir='ltr'>gloria</span> 
     </span>
     <span class='ocr_line' id='line_1_85' title="bbox 1175 2622 1729 2674; baseline -0.002 -10"><span class='ocrx_word' id='word_1_340' title='bbox 1175 2624 1360 2664; x_wconf 87' lang='lat' dir='ltr'>AEterna</span> <span class='ocrx_word' id='word_1_341' title='bbox 1380 2623 1437 2662; x_wconf 89' lang='lat' dir='ltr'>sit</span> <span class='ocrx_word' id='word_1_342' title='bbox 1455 2634 1535 2674; x_wconf 93' lang='lat' dir='ltr'>per</span> <span class='ocrx_word' id='word_1_343' title='bbox 1556 2622 1729 2663; x_wconf 78' lang='lat' dir='ltr'>saecula.</span> 
     </span>
     <span class='ocr_line' id='line_1_86' title="bbox 1384 2678 1540 2719; baseline 0 -1"><span class='ocrx_word' id='word_1_344' title='bbox 1384 2678 1540 2719; x_wconf 87' lang='lat' dir='ltr'>Amen.</span> 
     </span>
    </p>
   </div>
  </div>
 </body>
</html>
