<?xml version="1.0" encoding="UTF-8"?>
<!DOCTYPE html PUBLIC "-//W3C//DTD XHTML 1.0 Transitional//EN"
    "http://www.w3.org/TR/xhtml1/DTD/xhtml1-transitional.dtd">
<html xmlns="http://www.w3.org/1999/xhtml" xml:lang="en" lang="en">
 <head>
  <title>
</title>
<meta http-equiv="Content-Type" content="text/html;charset=utf-8" />
  <meta name='ocr-system' content='tesseract 3.04.00' />
  <meta name='ocr-capabilities' content='ocr_page ocr_carea ocr_par ocr_line ocrx_word'/>
</head>
<body>
  <div class='ocr_page' id='page_1' title='image "./p2breviariumroma00cathuoft_0369.png"; bbox 0 0 2028 2892; ppageno 0'>
   <div class='ocr_carea' id='block_1_1' title="bbox 695 169 1296 204">
    <p class='ocr_par' dir='ltr' id='par_1_1' title="bbox 695 169 1296 204">
     <span class='ocr_line' id='line_1_1' title="bbox 695 169 1296 204; baseline 0.002 -2"><span class='ocrx_word' id='word_1_1' title='bbox 695 169 796 203; x_wconf 73' lang='lat' dir='ltr'>Intra</span> <span class='ocrx_word' id='word_1_2' title='bbox 823 170 1008 203; x_wconf 73' lang='lat' dir='ltr'>Octavam</span> <span class='ocrx_word' id='word_1_3' title='bbox 1032 170 1296 204; x_wconf 78' lang='lat' dir='ltr'>Ascensionis.</span> 
     </span>
    </p>
   </div>
   <div class='ocr_carea' id='block_1_2' title="bbox 138 264 968 2480">
    <p class='ocr_par' dir='ltr' id='par_1_2' title="bbox 369 264 733 306">
     <span class='ocr_line' id='line_1_2' title="bbox 369 264 733 306; baseline 0.008 -3"><span class='ocrx_word' id='word_1_4' title='bbox 369 265 418 303; x_wconf 89' lang='lat' dir='ltr'>In</span> <span class='ocrx_word' id='word_1_5' title='bbox 438 264 489 304; x_wconf 93' lang='lat' dir='ltr'>II.</span> <span class='ocrx_word' id='word_1_6' title='bbox 510 264 545 303; x_wconf 92' lang='lat' dir='ltr'>N</span> <span class='ocrx_word' id='word_1_7' title='bbox 547 266 733 306; x_wconf 77' lang='lat' dir='ltr'>octurno.</span> 
     </span>
    </p>

    <p class='ocr_par' dir='ltr' id='par_1_3' title="bbox 139 331 963 488">
     <span class='ocr_line' id='line_1_3' title="bbox 184 331 927 386; baseline -0.001 -13"><span class='ocrx_word' id='word_1_8' title='bbox 184 334 336 373; x_wconf 86' lang='lat' dir='ltr'>Sermo</span> <span class='ocrx_word' id='word_1_9' title='bbox 355 331 491 374; x_wconf 90' lang='lat' dir='ltr'>sancti</span> <span class='ocrx_word' id='word_1_10' title='bbox 510 331 687 372; x_wconf 79' lang='lat' dir='ltr'>Maximi</span> <span class='ocrx_word' id='word_1_11' title='bbox 706 332 927 386; x_wconf 81' lang='lat' dir='ltr'><strong>Episcopi.</strong></span> 
     </span>
     <span class='ocr_line' id='line_1_4' title="bbox 139 404 963 448; baseline 0.006 -10"><span class='ocrx_word' id='word_1_12' title='bbox 139 404 309 438; x_wconf 89' lang='lat' dir='ltr'>Homilia</span> <span class='ocrx_word' id='word_1_13' title='bbox 329 404 381 444; x_wconf 77' lang='lat'>43,</span> <span class='ocrx_word' id='word_1_14' title='bbox 407 415 493 448; x_wconf 79' lang='lat' dir='ltr'>quac</span> <span class='ocrx_word' id='word_1_15' title='bbox 518 410 575 438; x_wconf 84' lang='lat' dir='ltr'>cst</span> <span class='ocrx_word' id='word_1_16' title='bbox 599 405 628 439; x_wconf 85' lang='lat'>2.</span> <span class='ocrx_word' id='word_1_17' title='bbox 655 406 700 439; x_wconf 87' lang='lat' dir='ltr'>de</span> <span class='ocrx_word' id='word_1_18' title='bbox 727 406 963 443; x_wconf 71' lang='lat' dir='ltr'>Pentecoste.</span> 
     </span>
     <span class='ocr_line' id='line_1_5' title="bbox 410 454 698 488; baseline 0.007 -2"><span class='ocrx_word' id='word_1_19' title='bbox 410 459 495 487; x_wconf 81' lang='lat' dir='ltr'>ante</span> <span class='ocrx_word' id='word_1_20' title='bbox 521 454 698 488; x_wconf 86' lang='lat' dir='ltr'>medium.</span> 
     </span>
    </p>

    <p class='ocr_par' dir='ltr' id='par_1_4' title="bbox 166 514 967 627">
     <span class='ocr_line' id='line_1_6' title="bbox 440 514 663 556; baseline 0.009 -2"><span class='ocrx_word' id='word_1_21' title='bbox 440 514 591 556; x_wconf 80' lang='lat' dir='ltr'>Lectio</span> <span class='ocrx_word' id='word_1_22' title='bbox 611 516 663 556; x_wconf 81' lang='lat' dir='ltr'>iv.</span> 
     </span>
     <span class='ocr_line' id='line_1_7' title="bbox 166 569 967 627; baseline 0.002 -16"><span class='ocrx_word' id='word_1_23' title='bbox 166 587 168 590; x_wconf 50' lang='lat'>&gt;</span> <span class='ocrx_word' id='word_1_24' title='bbox 196 577 259 627; x_wconf 36' lang='grc' dir='ltr'>»ἱρή</span> <span class='ocrx_word' id='word_1_25' title='bbox 287 569 446 611; x_wconf 91' lang='lat' dir='ltr'>eminit</span> <span class='ocrx_word' id='word_1_26' title='bbox 461 570 668 611; x_wconf 78' lang='lat' dir='ltr'>sanctitas</span> <span class='ocrx_word' id='word_1_27' title='bbox 678 575 834 620; x_wconf 83' lang='lat' dir='ltr'>vestra,</span> <span class='ocrx_word' id='word_1_28' title='bbox 847 571 967 623; x_wconf 91' lang='lat' dir='ltr'>quod</span> 
     </span>
    </p>

    <p class='ocr_par' dir='ltr' id='par_1_5' title="bbox 138 622 968 2480">
     <span class='ocr_line' id='line_1_8' title="bbox 287 622 965 678; baseline 0.006 -12"><span class='ocrx_word' id='word_1_29' title='bbox 287 622 294 677; x_wconf 70' lang='lat'>{³</span> <span class='ocrx_word' id='word_1_30' title='bbox 316 626 474 678; x_wconf 81' lang='lat' dir='ltr'>aquilae</span> <span class='ocrx_word' id='word_1_31' title='bbox 493 626 554 666; x_wconf 91' lang='lat' dir='ltr'>illi</span> <span class='ocrx_word' id='word_1_32' title='bbox 573 625 627 668; x_wconf 91' lang='lat' dir='ltr'>de</span> <span class='ocrx_word' id='word_1_33' title='bbox 646 627 875 678; x_wconf 88' lang='lat' dir='ltr'>Psalterio,</span> <span class='ocrx_word' id='word_1_34' title='bbox 896 642 965 669; x_wconf 92' lang='lat' dir='ltr'>cu-</span> 
     </span>
     <span class='ocr_line' id='line_1_9' title="bbox 235 679 966 735; baseline 0.005 -13"><span class='ocrx_word' id='word_1_35' title='bbox 235 679 290 703; x_wconf 42' lang='grc' dir='ltr'>»ἑὲ</span> <span class='ocrx_word' id='word_1_36' title='bbox 314 683 379 734; x_wconf 91' lang='lat' dir='ltr'>jus</span> <span class='ocrx_word' id='word_1_37' title='bbox 414 683 664 725; x_wconf 77' lang='lat' dir='ltr'>innovatam</span> <span class='ocrx_word' id='word_1_38' title='bbox 700 684 966 735; x_wconf 78' lang='lat' dir='ltr'>juventutem</span> 
     </span>
     <span class='ocr_line' id='line_1_10' title="bbox 139 736 965 792; baseline 0.006 -15"><span class='ocrx_word' id='word_1_39' title='bbox 139 736 341 787; x_wconf 85' lang='lat' dir='ltr'>legimus,</span> <span class='ocrx_word' id='word_1_40' title='bbox 386 740 731 792; x_wconf 65' lang='lat' dir='ltr'>comparaverim</span> <span class='ocrx_word' id='word_1_41' title='bbox 772 740 965 783; x_wconf 83' lang='lat' dir='ltr'>Salvato-</span> 
     </span>
     <span class='ocr_line' id='line_1_11' title="bbox 141 794 965 850; baseline 0.005 -16"><span class='ocrx_word' id='word_1_42' title='bbox 141 805 243 834; x_wconf 91' lang='lat' dir='ltr'>rem.</span> <span class='ocrx_word' id='word_1_43' title='bbox 275 794 356 836; x_wconf 90' lang='lat' dir='ltr'>Est</span> <span class='ocrx_word' id='word_1_44' title='bbox 375 795 488 836; x_wconf 84' lang='lat' dir='ltr'>enim</span> <span class='ocrx_word' id='word_1_45' title='bbox 508 795 744 838; x_wconf 85' lang='lat' dir='ltr'>similitudo</span> <span class='ocrx_word' id='word_1_46' title='bbox 763 810 849 838; x_wconf 93' lang='lat' dir='ltr'>non</span> <span class='ocrx_word' id='word_1_47' title='bbox 869 810 965 850; x_wconf 89' lang='lat' dir='ltr'>par-</span> 
     </span>
     <span class='ocr_line' id='line_1_12' title="bbox 141 850 965 903; baseline 0.006 -13"><span class='ocrx_word' id='word_1_48' title='bbox 141 862 206 890; x_wconf 91' lang='lat' dir='ltr'>va.</span> <span class='ocrx_word' id='word_1_49' title='bbox 231 850 350 893; x_wconf 92' lang='lat' dir='ltr'>Sicut</span> <span class='ocrx_word' id='word_1_50' title='bbox 366 851 478 893; x_wconf 91' lang='lat' dir='ltr'>enim</span> <span class='ocrx_word' id='word_1_51' title='bbox 493 852 639 903; x_wconf 76' lang='lat' dir='ltr'>aquila</span> <span class='ocrx_word' id='word_1_52' title='bbox 651 851 829 894; x_wconf 89' lang='lat' dir='ltr'>humilia</span> <span class='ocrx_word' id='word_1_53' title='bbox 845 852 965 895; x_wconf 90' lang='lat' dir='ltr'>dese-</span> 
     </span>
     <span class='ocr_line' id='line_1_13' title="bbox 138 905 965 960; baseline 0.005 -13"><span class='ocrx_word' id='word_1_54' title='bbox 138 905 205 956; x_wconf 90' lang='lat' dir='ltr'>rit,</span> <span class='ocrx_word' id='word_1_55' title='bbox 225 906 311 948; x_wconf 88' lang='lat' dir='ltr'>alta</span> <span class='ocrx_word' id='word_1_56' title='bbox 329 908 456 960; x_wconf 88' lang='lat' dir='ltr'>petit,</span> <span class='ocrx_word' id='word_1_57' title='bbox 476 908 688 950; x_wconf 76' lang='lat' dir='ltr'>coelerum</span> <span class='ocrx_word' id='word_1_58' title='bbox 706 909 847 951; x_wconf 87' lang='lat' dir='ltr'>vicina</span> <span class='ocrx_word' id='word_1_59' title='bbox 866 923 965 951; x_wconf 90' lang='lat' dir='ltr'>con-</span> 
     </span>
     <span class='ocr_line' id='line_1_14' title="bbox 140 961 967 1008; baseline 0.005 -5"><span class='ocrx_word' id='word_1_60' title='bbox 140 961 326 1005; x_wconf 78' lang='lat' dir='ltr'>scendit:</span> <span class='ocrx_word' id='word_1_61' title='bbox 365 964 426 1006; x_wconf 91' lang='lat' dir='ltr'>ita</span> <span class='ocrx_word' id='word_1_62' title='bbox 467 970 510 1006; x_wconf 91' lang='lat' dir='ltr'>et</span> <span class='ocrx_word' id='word_1_63' title='bbox 545 964 747 1007; x_wconf 81' lang='lat' dir='ltr'>Salvator</span> <span class='ocrx_word' id='word_1_64' title='bbox 788 965 967 1008; x_wconf 89' lang='lat' dir='ltr'>humilia</span> 
     </span>
     <span class='ocr_line' id='line_1_15' title="bbox 138 1018 968 1074; baseline 0.007 -15"><span class='ocrx_word' id='word_1_65' title='bbox 138 1018 291 1060; x_wconf 88' lang='lat' dir='ltr'>inferni</span> <span class='ocrx_word' id='word_1_66' title='bbox 332 1020 542 1072; x_wconf 89' lang='lat' dir='ltr'>deseruit,</span> <span class='ocrx_word' id='word_1_67' title='bbox 578 1021 772 1074; x_wconf 84' lang='lat' dir='ltr'>paradisi</span> <span class='ocrx_word' id='word_1_68' title='bbox 812 1023 968 1065; x_wconf 81' lang='lat' dir='ltr'>alti6ra</span> 
     </span>
     <span class='ocr_line' id='line_1_16' title="bbox 138 1075 967 1131; baseline 0.006 -15"><span class='ocrx_word' id='word_1_69' title='bbox 138 1075 273 1128; x_wconf 88' lang='lat' dir='ltr'>petiit,</span> <span class='ocrx_word' id='word_1_70' title='bbox 289 1077 501 1119; x_wconf 80' lang='lat' dir='ltr'>coelorum</span> <span class='ocrx_word' id='word_1_71' title='bbox 520 1077 692 1129; x_wconf 88' lang='lat' dir='ltr'>fastigia</span> <span class='ocrx_word' id='word_1_72' title='bbox 710 1080 967 1131; x_wconf 80' lang='lat' dir='ltr'>penetravit.</span> 
     </span>
     <span class='ocr_line' id='line_1_17' title="bbox 138 1131 966 1186; baseline 0.006 -14"><span class='ocrx_word' id='word_1_73' title='bbox 138 1131 196 1173; x_wconf 91' lang='lat' dir='ltr'>Et</span> <span class='ocrx_word' id='word_1_74' title='bbox 239 1132 351 1175; x_wconf 88' lang='lat' dir='ltr'>sicut</span> <span class='ocrx_word' id='word_1_75' title='bbox 393 1133 539 1186; x_wconf 79' lang='lat' dir='ltr'>aquila</span> <span class='ocrx_word' id='word_1_76' title='bbox 582 1134 743 1177; x_wconf 87' lang='lat' dir='ltr'>relictis</span> <span class='ocrx_word' id='word_1_77' title='bbox 783 1136 966 1177; x_wconf 89' lang='lat' dir='ltr'>terrenis</span> 
     </span>
     <span class='ocr_line' id='line_1_18' title="bbox 139 1187 965 1245; baseline 0.006 -17"><span class='ocrx_word' id='word_1_78' title='bbox 139 1187 358 1240; x_wconf 80' lang='lat' dir='ltr'>sordibus,</span> <span class='ocrx_word' id='word_1_79' title='bbox 384 1189 568 1232; x_wconf 87' lang='lat' dir='ltr'>sublime</span> <span class='ocrx_word' id='word_1_80' title='bbox 588 1190 757 1242; x_wconf 85' lang='lat' dir='ltr'>volans,</span> <span class='ocrx_word' id='word_1_81' title='bbox 776 1192 965 1245; x_wconf 80' lang='lat' dir='ltr'>puri6ris</span> 
     </span>
     <span class='ocr_line' id='line_1_19' title="bbox 140 1244 966 1300; baseline 0.007 -15"><span class='ocrx_word' id='word_1_82' title='bbox 140 1244 252 1286; x_wconf 77' lang='lat' dir='ltr'>aeris</span> <span class='ocrx_word' id='word_1_83' title='bbox 278 1245 532 1288; x_wconf 79' lang='lat' dir='ltr'>salubritate</span> <span class='ocrx_word' id='word_1_84' title='bbox 557 1247 810 1300; x_wconf 80' lang='lat' dir='ltr'>perfruitur:</span> <span class='ocrx_word' id='word_1_85' title='bbox 836 1249 897 1291; x_wconf 88' lang='lat' dir='ltr'>ita</span> <span class='ocrx_word' id='word_1_86' title='bbox 923 1255 966 1291; x_wconf 91' lang='lat' dir='ltr'>et</span> 
     </span>
     <span class='ocr_line' id='line_1_20' title="bbox 138 1300 964 1347; baseline 0.007 -6"><span class='ocrx_word' id='word_1_87' title='bbox 138 1300 351 1343; x_wconf 81' lang='lat' dir='ltr'>Dominus</span> <span class='ocrx_word' id='word_1_88' title='bbox 370 1305 643 1345; x_wconf 72' lang='lat' dir='ltr'>terrendrum</span> <span class='ocrx_word' id='word_1_89' title='bbox 665 1304 819 1346; x_wconf 81' lang='lat' dir='ltr'>faecem</span> <span class='ocrx_word' id='word_1_90' title='bbox 843 1304 964 1347; x_wconf 89' lang='lat' dir='ltr'>dese-</span> 
     </span>
     <span class='ocr_line' id='line_1_21' title="bbox 139 1360 966 1411; baseline 0.007 -14"><span class='ocrx_word' id='word_1_91' title='bbox 139 1369 238 1398; x_wconf 91' lang='lat' dir='ltr'>rens</span> <span class='ocrx_word' id='word_1_92' title='bbox 269 1361 570 1411; x_wconf 74' lang='lat' dir='ltr'>peccaterum,</span> <span class='ocrx_word' id='word_1_93' title='bbox 607 1360 652 1400; x_wconf 88' lang='lat' dir='ltr'>in</span> <span class='ocrx_word' id='word_1_94' title='bbox 684 1361 844 1402; x_wconf 91' lang='lat' dir='ltr'>sanctis</span> <span class='ocrx_word' id='word_1_95' title='bbox 877 1362 966 1403; x_wconf 89' lang='lat' dir='ltr'>suis</span> 
     </span>
     <span class='ocr_line' id='line_1_22' title="bbox 139 1413 965 1470; baseline 0.007 -16"><span class='ocrx_word' id='word_1_96' title='bbox 139 1413 340 1465; x_wconf 77' lang='lat' dir='ltr'>velitans,</span> <span class='ocrx_word' id='word_1_97' title='bbox 358 1415 548 1468; x_wconf 81' lang='lat' dir='ltr'>purioris</span> <span class='ocrx_word' id='word_1_98' title='bbox 567 1416 669 1458; x_wconf 78' lang='lat' dir='ltr'>vitae</span> <span class='ocrx_word' id='word_1_99' title='bbox 689 1417 965 1470; x_wconf 66' lang='lat' dir='ltr'>simplicitate</span> 
     </span>
     <span class='ocr_line' id='line_1_23' title="bbox 139 1468 866 1527; baseline 0.004 -16"><span class='ocrx_word' id='word_1_100' title='bbox 139 1468 323 1512; x_wconf 78' lang='lat' dir='ltr'>laetatur.</span> <span class='ocrx_word' id='word_1_101' title='bbox 375 1475 425 1527; x_wconf 61' lang='lat' dir='ltr'>R.</span> <span class='ocrx_word' id='word_1_102' title='bbox 455 1471 651 1525; x_wconf 84' lang='lat' dir='ltr'><strong>Tempus</strong></span> <span class='ocrx_word' id='word_1_103' title='bbox 670 1478 747 1514; x_wconf 87' lang='lat' dir='ltr'>est.</span> <span class='ocrx_word' id='word_1_104' title='bbox 774 1474 866 1518; x_wconf 87' lang='grc'><strong>322.</strong></span> 
     </span>
     <span class='ocr_line' id='line_1_24' title="bbox 443 1539 651 1581; baseline -0.005 0"><span class='ocrx_word' id='word_1_105' title='bbox 443 1539 595 1581; x_wconf 82' lang='lat' dir='ltr'>Lectio</span> <span class='ocrx_word' id='word_1_106' title='bbox 614 1553 651 1580; x_wconf 77' lang='lat' dir='ltr'>v,</span> 
     </span>
     <span class='ocr_line' id='line_1_25' title="bbox 138 1594 964 1700; baseline 0.005 -64"><span class='ocrx_word' id='word_1_107' title='bbox 138 1594 270 1700; x_wconf 87' lang='lat' dir='ltr'>Per</span> <span class='ocrx_word' id='word_1_108' title='bbox 293 1596 437 1638; x_wconf 81' lang='lat' dir='ltr'>omnia</span> <span class='ocrx_word' id='word_1_109' title='bbox 453 1596 584 1648; x_wconf 88' lang='lat' dir='ltr'>igitur</span> <span class='ocrx_word' id='word_1_110' title='bbox 607 1597 766 1649; x_wconf 69' lang='lat' dir='ltr'>aquilae</span> <span class='ocrx_word' id='word_1_111' title='bbox 790 1611 964 1652; x_wconf 91' lang='lat' dir='ltr'>compa-</span> 
     </span>
     <span class='ocr_line' id='line_1_26' title="bbox 241 1653 966 1698; baseline 0.006 -4"><span class='ocrx_word' id='word_1_112' title='bbox 241 1653 354 1695; x_wconf 77' lang='lat' dir='ltr'>ratio</span> <span class='ocrx_word' id='word_1_113' title='bbox 382 1653 585 1695; x_wconf 87' lang='lat' dir='ltr'>c6nvenit</span> <span class='ocrx_word' id='word_1_114' title='bbox 611 1654 838 1698; x_wconf 82' lang='lat' dir='ltr'>Salvatori.</span> <span class='ocrx_word' id='word_1_115' title='bbox 879 1655 966 1698; x_wconf 85' lang='lat' dir='ltr'>Sed</span> 
     </span>
     <span class='ocr_line' id='line_1_27' title="bbox 139 1708 966 1764; baseline 0.006 -15"><span class='ocrx_word' id='word_1_116' title='bbox 139 1708 246 1761; x_wconf 90' lang='lat' dir='ltr'>quid</span> <span class='ocrx_word' id='word_1_117' title='bbox 262 1709 454 1760; x_wconf 70' lang='lat' dir='ltr'>facimus,</span> <span class='ocrx_word' id='word_1_118' title='bbox 474 1709 595 1762; x_wconf 91' lang='lat' dir='ltr'>quod</span> <span class='ocrx_word' id='word_1_119' title='bbox 610 1711 755 1762; x_wconf 79' lang='lat' dir='ltr'>aquila</span> <span class='ocrx_word' id='word_1_120' title='bbox 768 1711 966 1764; x_wconf 87' lang='lat' dir='ltr'>praedam</span> 
     </span>
     <span class='ocr_line' id='line_1_28' title="bbox 139 1764 966 1820; baseline 0.006 -15"><span class='ocrx_word' id='word_1_121' title='bbox 139 1764 387 1816; x_wconf 90' lang='lat' dir='ltr'>frequenter</span> <span class='ocrx_word' id='word_1_122' title='bbox 406 1765 565 1819; x_wconf 84' lang='lat' dir='ltr'>diripit,</span> <span class='ocrx_word' id='word_1_123' title='bbox 584 1766 698 1809; x_wconf 91' lang='lat' dir='ltr'>tollit</span> <span class='ocrx_word' id='word_1_124' title='bbox 714 1767 966 1820; x_wconf 90' lang='lat' dir='ltr'>frequenter</span> 
     </span>
     <span class='ocr_line' id='line_1_29' title="bbox 139 1820 964 1866; baseline 0.005 -4"><span class='ocrx_word' id='word_1_125' title='bbox 139 1820 348 1862; x_wconf 88' lang='lat' dir='ltr'>alienum?</span> <span class='ocrx_word' id='word_1_126' title='bbox 386 1822 482 1864; x_wconf 94' lang='lat' dir='ltr'>Nec</span> <span class='ocrx_word' id='word_1_127' title='bbox 512 1822 556 1863; x_wconf 93' lang='lat' dir='ltr'>in</span> <span class='ocrx_word' id='word_1_128' title='bbox 587 1822 672 1864; x_wconf 93' lang='lat' dir='ltr'>hoc</span> <span class='ocrx_word' id='word_1_129' title='bbox 702 1828 848 1866; x_wconf 90' lang='lat' dir='ltr'>tamen</span> <span class='ocrx_word' id='word_1_130' title='bbox 880 1823 964 1866; x_wconf 87' lang='lat' dir='ltr'>dis-</span> 
     </span>
     <span class='ocr_line' id='line_1_30' title="bbox 140 1877 966 1923; baseline 0.006 -5"><span class='ocrx_word' id='word_1_131' title='bbox 140 1877 290 1918; x_wconf 87' lang='lat' dir='ltr'>similis</span> <span class='ocrx_word' id='word_1_132' title='bbox 310 1883 376 1920; x_wconf 88' lang='lat' dir='ltr'>est</span> <span class='ocrx_word' id='word_1_133' title='bbox 393 1878 604 1921; x_wconf 81' lang='lat' dir='ltr'>Salvator.</span> <span class='ocrx_word' id='word_1_134' title='bbox 631 1879 833 1922; x_wconf 81' lang='lat' dir='ltr'>Praedam</span> <span class='ocrx_word' id='word_1_135' title='bbox 853 1881 966 1923; x_wconf 87' lang='lat' dir='ltr'>enim</span> 
     </span>
     <span class='ocr_line' id='line_1_31' title="bbox 140 1933 965 1985; baseline 0.005 -11"><span class='ocrx_word' id='word_1_136' title='bbox 140 1933 467 1985; x_wconf 78' lang='lat' dir='ltr'>quodammodo</span> <span class='ocrx_word' id='word_1_137' title='bbox 496 1935 684 1985; x_wconf 73' lang='lat' dir='ltr'>siistulit,</span> <span class='ocrx_word' id='word_1_138' title='bbox 708 1949 807 1977; x_wconf 91' lang='lat' dir='ltr'>cum</span> <span class='ocrx_word' id='word_1_139' title='bbox 830 1936 965 1978; x_wconf 74' lang='lat' dir='ltr'>hemi-</span> 
     </span>
     <span class='ocr_line' id='line_1_32' title="bbox 139 1991 967 2046; baseline 0.006 -16"><span class='ocrx_word' id='word_1_140' title='bbox 139 2002 249 2039; x_wconf 89' lang='lat' dir='ltr'>nem,</span> <span class='ocrx_word' id='word_1_141' title='bbox 265 2002 395 2042; x_wconf 91' lang='lat' dir='ltr'>quem</span> <span class='ocrx_word' id='word_1_142' title='bbox 409 1991 612 2044; x_wconf 86' lang='lat' dir='ltr'>suscepit,</span> <span class='ocrx_word' id='word_1_143' title='bbox 624 1991 778 2033; x_wconf 89' lang='lat' dir='ltr'>inferni</span> <span class='ocrx_word' id='word_1_144' title='bbox 792 1998 967 2046; x_wconf 89' lang='lat' dir='ltr'>raptum</span> 
     </span>
     <span class='ocr_line' id='line_1_33' title="bbox 140 2045 966 2100; baseline 0.008 -15"><span class='ocrx_word' id='word_1_145' title='bbox 140 2045 336 2088; x_wconf 79' lang='lat' dir='ltr'>faucibus</span> <span class='ocrx_word' id='word_1_146' title='bbox 372 2047 566 2100; x_wconf 79' lang='lat' dir='ltr'>portavit</span> <span class='ocrx_word' id='word_1_147' title='bbox 606 2047 663 2090; x_wconf 90' lang='lat' dir='ltr'>ad</span> <span class='ocrx_word' id='word_1_148' title='bbox 703 2048 881 2100; x_wconf 89' lang='lat' dir='ltr'>coelum,</span> <span class='ocrx_word' id='word_1_149' title='bbox 923 2056 966 2092; x_wconf 92' lang='lat' dir='ltr'>et</span> 
     </span>
     <span class='ocr_line' id='line_1_34' title="bbox 140 2101 964 2156; baseline 0.006 -14"><span class='ocrx_word' id='word_1_150' title='bbox 140 2101 292 2143; x_wconf 77' lang='lat' dir='ltr'>alienae</span> <span class='ocrx_word' id='word_1_151' title='bbox 324 2101 649 2155; x_wconf 80' lang='lat' dir='ltr'>dominationis,</span> <span class='ocrx_word' id='word_1_152' title='bbox 679 2104 726 2147; x_wconf 93' lang='lat' dir='ltr'>id</span> <span class='ocrx_word' id='word_1_153' title='bbox 759 2110 845 2156; x_wconf 90' lang='lat' dir='ltr'>est,</span> <span class='ocrx_word' id='word_1_154' title='bbox 877 2106 964 2148; x_wconf 88' lang='lat' dir='ltr'>dia-</span> 
     </span>
     <span class='ocr_line' id='line_1_35' title="bbox 139 2157 965 2215; baseline 0.005 -15"><span class='ocrx_word' id='word_1_155' title='bbox 139 2157 296 2200; x_wconf 78' lang='lat' dir='ltr'>belicae</span> <span class='ocrx_word' id='word_1_156' title='bbox 314 2160 547 2211; x_wconf 64' lang='lat' dir='ltr'>potestatis</span> <span class='ocrx_word' id='word_1_157' title='bbox 563 2173 738 2202; x_wconf 92' lang='lat' dir='ltr'>servum</span> <span class='ocrx_word' id='word_1_158' title='bbox 758 2160 813 2203; x_wconf 92' lang='lat' dir='ltr'>de</span> <span class='ocrx_word' id='word_1_159' title='bbox 833 2163 965 2215; x_wconf 91' lang='lat' dir='ltr'>capti-</span> 
     </span>
     <span class='ocr_line' id='line_1_36' title="bbox 140 2214 965 2265; baseline 0.006 -10"><span class='ocrx_word' id='word_1_160' title='bbox 140 2214 275 2256; x_wconf 81' lang='lat' dir='ltr'>vitate</span> <span class='ocrx_word' id='word_1_161' title='bbox 295 2217 479 2265; x_wconf 91' lang='lat' dir='ltr'>erutum,</span> <span class='ocrx_word' id='word_1_162' title='bbox 503 2215 626 2258; x_wconf 85' lang='lat' dir='ltr'>duxit</span> <span class='ocrx_word' id='word_1_163' title='bbox 650 2216 706 2259; x_wconf 91' lang='lat' dir='ltr'>ad</span> <span class='ocrx_word' id='word_1_164' title='bbox 725 2218 879 2259; x_wconf 81' lang='lat' dir='ltr'>altiora</span> <span class='ocrx_word' id='word_1_165' title='bbox 899 2232 965 2260; x_wconf 82' lang='lat' dir='ltr'>ca-</span> 
     </span>
     <span class='ocr_line' id='line_1_37' title="bbox 140 2271 965 2324; baseline 0.005 -13"><span class='ocrx_word' id='word_1_166' title='bbox 140 2273 323 2323; x_wconf 84' lang='lat' dir='ltr'>ptivum,</span> <span class='ocrx_word' id='word_1_167' title='bbox 347 2271 459 2313; x_wconf 89' lang='lat' dir='ltr'>sicut</span> <span class='ocrx_word' id='word_1_168' title='bbox 482 2272 692 2324; x_wconf 89' lang='lat' dir='ltr'>scriptum</span> <span class='ocrx_word' id='word_1_169' title='bbox 715 2279 782 2316; x_wconf 91' lang='lat' dir='ltr'>est</span> <span class='ocrx_word' id='word_1_170' title='bbox 801 2274 843 2314; x_wconf 92' lang='lat' dir='ltr'>in</span> <span class='ocrx_word' id='word_1_171' title='bbox 862 2275 965 2315; x_wconf 90' lang='lat' dir='ltr'>Pro-</span> 
     </span>
     <span class='ocr_line' id='line_1_38' title="bbox 140 2325 965 2383; baseline 0.006 -16"><span class='ocrx_word' id='word_1_172' title='bbox 140 2325 290 2379; x_wconf 88' lang='lat' dir='ltr'>pheta:</span> <span class='ocrx_word' id='word_1_173' title='bbox 317 2326 573 2369; x_wconf 90' lang='lat' dir='ltr'>Ascendens</span> <span class='ocrx_word' id='word_1_174' title='bbox 596 2328 640 2368; x_wconf 93' lang='lat' dir='ltr'>in</span> <span class='ocrx_word' id='word_1_175' title='bbox 662 2329 807 2380; x_wconf 84' lang='lat' dir='ltr'>altum,</span> <span class='ocrx_word' id='word_1_176' title='bbox 833 2334 965 2383; x_wconf 86' lang='lat' dir='ltr'>capti-</span> 
     </span>
     <span class='ocr_line' id='line_1_39' title="bbox 141 2382 967 2436; baseline 0.005 -13"><span class='ocrx_word' id='word_1_177' title='bbox 141 2395 240 2423; x_wconf 90' lang='lat' dir='ltr'>vam</span> <span class='ocrx_word' id='word_1_178' title='bbox 253 2382 376 2425; x_wconf 89' lang='lat' dir='ltr'>duxit</span> <span class='ocrx_word' id='word_1_179' title='bbox 391 2383 698 2436; x_wconf 78' lang='lat' dir='ltr'>captivitatem,</span> <span class='ocrx_word' id='word_1_180' title='bbox 714 2385 835 2428; x_wconf 88' lang='lat' dir='ltr'>dedit</span> <span class='ocrx_word' id='word_1_181' title='bbox 851 2386 967 2428; x_wconf 90' lang='lat' dir='ltr'>dona</span> 
     </span>
     <span class='ocr_line' id='line_1_40' title="bbox 140 2437 398 2480; baseline 0.004 -1"><span class='ocrx_word' id='word_1_182' title='bbox 140 2437 398 2480; x_wconf 87' lang='lat' dir='ltr'>hominibus.</span> 
     </span>
    </p>
   </div>
   <div class='ocr_carea' id='block_1_3' title="bbox 141 2498 967 2740">
    <p class='ocr_par' dir='ltr' id='par_1_6' title="bbox 141 2498 967 2740">
     <span class='ocr_line' id='line_1_41' title="bbox 192 2498 720 2548; baseline 0.006 -8"><span class='ocrx_word' id='word_1_183' title='bbox 192 2498 242 2548; x_wconf 64' lang='lat' dir='ltr'>Rv-</span> <span class='ocrx_word' id='word_1_184' title='bbox 269 2499 372 2541; x_wconf 89' lang='lat' dir='ltr'>Non</span> <span class='ocrx_word' id='word_1_185' title='bbox 390 2499 599 2542; x_wconf 90' lang='lat' dir='ltr'>turbetur.</span> <span class='ocrx_word' id='word_1_186' title='bbox 627 2502 720 2543; x_wconf 89' lang='grc'><strong>322.</strong></span> 
     </span>
     <span class='ocr_line' id='line_1_42' title="bbox 440 2567 662 2608; baseline 0.005 -2"><span class='ocrx_word' id='word_1_187' title='bbox 440 2567 590 2608; x_wconf 86' lang='lat' dir='ltr'>Lectio</span> <span class='ocrx_word' id='word_1_188' title='bbox 611 2569 662 2607; x_wconf 86' lang='lat' dir='ltr'>vi.</span> 
     </span>
     <span class='ocr_line' id='line_1_43' title="bbox 141 2619 965 2725; baseline 0.001 -54"><span class='ocrx_word' id='word_1_189' title='bbox 141 2619 400 2725; x_wconf 76' lang='lat' dir='ltr'>Ascendit,</span> <span class='ocrx_word' id='word_1_190' title='bbox 430 2631 583 2683; x_wconf 89' lang='lat' dir='ltr'>inquit,</span> <span class='ocrx_word' id='word_1_191' title='bbox 601 2631 645 2672; x_wconf 91' lang='lat' dir='ltr'>in</span> <span class='ocrx_word' id='word_1_192' title='bbox 664 2632 813 2682; x_wconf 87' lang='lat' dir='ltr'>altum,</span> <span class='ocrx_word' id='word_1_193' title='bbox 833 2634 965 2684; x_wconf 88' lang='lat' dir='ltr'>capti—</span> 
     </span>
     <span class='ocr_line' id='line_1_44' title="bbox 254 2685 967 2740; baseline -0.001 -9"><span class='ocrx_word' id='word_1_194' title='bbox 254 2698 354 2731; x_wconf 79' lang='lat' dir='ltr'>vam</span> <span class='ocrx_word' id='word_1_195' title='bbox 364 2685 487 2729; x_wconf 85' lang='lat' dir='ltr'>duxit</span> <span class='ocrx_word' id='word_1_196' title='bbox 500 2687 808 2740; x_wconf 77' lang='lat' dir='ltr'>captivitatem.</span> <span class='ocrx_word' id='word_1_197' title='bbox 827 2689 967 2739; x_wconf 88' lang='lat' dir='ltr'>Quam</span> 
     </span>
    </p>
   </div>
   <div class='ocr_carea' id='block_1_4' title="bbox 1013 261 1847 938">
    <p class='ocr_par' dir='ltr' id='par_1_7' title="bbox 1013 261 1847 938">
     <span class='ocr_line' id='line_1_45' title="bbox 1017 261 1846 316; baseline 0.001 -13"><span class='ocrx_word' id='word_1_198' title='bbox 1017 261 1129 303; x_wconf 91' lang='lat' dir='ltr'>bene</span> <span class='ocrx_word' id='word_1_199' title='bbox 1147 261 1416 314; x_wconf 81' lang='lat' dir='ltr'>triumphum</span> <span class='ocrx_word' id='word_1_200' title='bbox 1433 262 1610 303; x_wconf 76' lang='lat' dir='ltr'>Demini</span> <span class='ocrx_word' id='word_1_201' title='bbox 1623 263 1846 316; x_wconf 83' lang='lat' dir='ltr'>Propheta</span> 
     </span>
     <span class='ocr_line' id='line_1_46' title="bbox 1019 317 1845 369; baseline 0.002 -10"><span class='ocrx_word' id='word_1_202' title='bbox 1019 317 1243 359; x_wconf 85' lang='lat' dir='ltr'>describit!</span> <span class='ocrx_word' id='word_1_203' title='bbox 1288 317 1484 368; x_wconf 83' lang='lat' dir='ltr'>Solebat,</span> <span class='ocrx_word' id='word_1_204' title='bbox 1530 319 1642 361; x_wconf 90' lang='lat' dir='ltr'>sicut</span> <span class='ocrx_word' id='word_1_205' title='bbox 1687 318 1845 369; x_wconf 87' lang='lat' dir='ltr'>dicunt,</span> 
     </span>
     <span class='ocr_line' id='line_1_47' title="bbox 1018 374 1845 427; baseline 0.004 -13"><span class='ocrx_word' id='word_1_206' title='bbox 1018 387 1170 425; x_wconf 86' lang='lat' dir='ltr'>regum</span> <span class='ocrx_word' id='word_1_207' title='bbox 1200 374 1559 427; x_wconf 65' lang='lat' dir='ltr'>triumphantium</span> <span class='ocrx_word' id='word_1_208' title='bbox 1594 389 1746 417; x_wconf 90' lang='lat' dir='ltr'>currus</span> <span class='ocrx_word' id='word_1_209' title='bbox 1779 389 1845 417; x_wconf 91' lang='lat' dir='ltr'>ca-</span> 
     </span>
     <span class='ocr_line' id='line_1_48' title="bbox 1013 431 1847 484; baseline 0.002 -12"><span class='ocrx_word' id='word_1_210' title='bbox 1013 431 1239 483; x_wconf 84' lang='lat' dir='ltr'>ptivorum</span> <span class='ocrx_word' id='word_1_211' title='bbox 1258 443 1423 484; x_wconf 91' lang='lat' dir='ltr'>pompa</span> <span class='ocrx_word' id='word_1_212' title='bbox 1441 431 1704 484; x_wconf 87' lang='lat' dir='ltr'>praecedere.</span> <span class='ocrx_word' id='word_1_213' title='bbox 1730 432 1847 474; x_wconf 87' lang='lat' dir='ltr'>Ecce</span> 
     </span>
     <span class='ocr_line' id='line_1_49' title="bbox 1017 487 1846 530; baseline 0.002 -2"><span class='ocrx_word' id='word_1_214' title='bbox 1017 487 1254 529; x_wconf 83' lang='lat' dir='ltr'>Dominum</span> <span class='ocrx_word' id='word_1_215' title='bbox 1291 491 1465 529; x_wconf 84' lang='lat' dir='ltr'>euntem</span> <span class='ocrx_word' id='word_1_216' title='bbox 1497 488 1553 530; x_wconf 90' lang='lat' dir='ltr'>ad</span> <span class='ocrx_word' id='word_1_217' title='bbox 1589 488 1727 530; x_wconf 88' lang='lat' dir='ltr'>coelos</span> <span class='ocrx_word' id='word_1_218' title='bbox 1758 502 1846 530; x_wconf 95' lang='lat' dir='ltr'>non</span> 
     </span>
     <span class='ocr_line' id='line_1_50' title="bbox 1017 543 1847 596; baseline 0.004 -12"><span class='ocrx_word' id='word_1_219' title='bbox 1017 543 1243 596; x_wconf 82' lang='lat' dir='ltr'>praecedit,</span> <span class='ocrx_word' id='word_1_220' title='bbox 1281 543 1360 586; x_wconf 92' lang='lat' dir='ltr'>sed</span> <span class='ocrx_word' id='word_1_221' title='bbox 1392 545 1623 587; x_wconf 81' lang='lat' dir='ltr'>comitatur</span> <span class='ocrx_word' id='word_1_222' title='bbox 1655 545 1847 595; x_wconf 75' lang='lat' dir='ltr'>gloriosa</span> 
     </span>
     <span class='ocr_line' id='line_1_51' title="bbox 1020 601 1847 653; baseline 0.001 -11"><span class='ocrx_word' id='word_1_223' title='bbox 1020 601 1270 653; x_wconf 88' lang='lat' dir='ltr'>captivitas,</span> <span class='ocrx_word' id='word_1_224' title='bbox 1319 615 1406 642; x_wconf 92' lang='lat' dir='ltr'>non</span> <span class='ocrx_word' id='word_1_225' title='bbox 1456 607 1555 643; x_wconf 89' lang='lat' dir='ltr'>ante</span> <span class='ocrx_word' id='word_1_226' title='bbox 1600 602 1847 643; x_wconf 85' lang='lat' dir='ltr'>vehiculum</span> 
     </span>
     <span class='ocr_line' id='line_1_52' title="bbox 1019 655 1845 711; baseline 0.002 -13"><span class='ocrx_word' id='word_1_227' title='bbox 1019 655 1206 709; x_wconf 81' lang='lat' dir='ltr'>ducitur,</span> <span class='ocrx_word' id='word_1_228' title='bbox 1239 658 1319 700; x_wconf 88' lang='lat' dir='ltr'>sed</span> <span class='ocrx_word' id='word_1_229' title='bbox 1350 658 1446 711; x_wconf 87' lang='lat' dir='ltr'>ipsa</span> <span class='ocrx_word' id='word_1_230' title='bbox 1479 658 1622 700; x_wconf 85' lang='lat' dir='ltr'>evehit</span> <span class='ocrx_word' id='word_1_231' title='bbox 1652 658 1845 700; x_wconf 77' lang='lat' dir='ltr'>Salvato-</span> 
     </span>
     <span class='ocr_line' id='line_1_53' title="bbox 1018 715 1846 768; baseline 0.001 -13"><span class='ocrx_word' id='word_1_232' title='bbox 1018 726 1120 755; x_wconf 86' lang='lat' dir='ltr'>rem.</span> <span class='ocrx_word' id='word_1_233' title='bbox 1149 715 1352 765; x_wconf 86' lang='lat' dir='ltr'>Quodam</span> <span class='ocrx_word' id='word_1_234' title='bbox 1371 716 1485 756; x_wconf 89' lang='lat' dir='ltr'>enim</span> <span class='ocrx_word' id='word_1_235' title='bbox 1503 715 1722 768; x_wconf 87' lang='lat' dir='ltr'>mysterio,</span> <span class='ocrx_word' id='word_1_236' title='bbox 1743 715 1846 756; x_wconf 91' lang='lat' dir='ltr'>dum</span> 
     </span>
     <span class='ocr_line' id='line_1_54' title="bbox 1018 771 1847 813; baseline 0.002 -2"><span class='ocrx_word' id='word_1_237' title='bbox 1018 771 1152 812; x_wconf 89' lang='lat' dir='ltr'>Filius</span> <span class='ocrx_word' id='word_1_238' title='bbox 1180 772 1263 813; x_wconf 92' lang='lat' dir='ltr'>Dei</span> <span class='ocrx_word' id='word_1_239' title='bbox 1290 772 1427 813; x_wconf 86' lang='lat' dir='ltr'>filium</span> <span class='ocrx_word' id='word_1_240' title='bbox 1454 772 1640 813; x_wconf 81' lang='lat' dir='ltr'>hominis</span> <span class='ocrx_word' id='word_1_241' title='bbox 1673 772 1847 813; x_wconf 83' lang='lat' dir='ltr'>sustulit</span> 
     </span>
     <span class='ocr_line' id='line_1_55' title="bbox 1018 827 1846 881; baseline -0.001 -12"><span class='ocrx_word' id='word_1_242' title='bbox 1018 827 1073 870; x_wconf 93' lang='lat' dir='ltr'>ad</span> <span class='ocrx_word' id='word_1_243' title='bbox 1091 828 1259 878; x_wconf 89' lang='lat' dir='ltr'>coelum,</span> <span class='ocrx_word' id='word_1_244' title='bbox 1277 828 1373 881; x_wconf 90' lang='lat' dir='ltr'>ipsa</span> <span class='ocrx_word' id='word_1_245' title='bbox 1389 828 1620 881; x_wconf 86' lang='lat' dir='ltr'>captivitas</span> <span class='ocrx_word' id='word_1_246' title='bbox 1634 830 1846 880; x_wconf 76' lang='lat' dir='ltr'>portatur,</span> 
     </span>
     <span class='ocr_line' id='line_1_56' title="bbox 1021 883 1770 938; baseline 0 -12"><span class='ocrx_word' id='word_1_247' title='bbox 1021 890 1064 927; x_wconf 89' lang='lat' dir='ltr'>et</span> <span class='ocrx_word' id='word_1_248' title='bbox 1091 890 1249 938; x_wconf 89' lang='lat' dir='ltr'>portat.</span> <span class='ocrx_word' id='word_1_249' title='bbox 1304 887 1353 937; x_wconf 65' lang='lat' dir='ltr'>K.</span> <span class='ocrx_word' id='word_1_250' title='bbox 1382 883 1651 926; x_wconf 89' lang='lat' dir='ltr'>Ascendens.</span> <span class='ocrx_word' id='word_1_251' title='bbox 1678 886 1770 926; x_wconf 86' lang='lat'><strong>323.</strong></span> 
     </span>
    </p>
   </div>
   <div class='ocr_carea' id='block_1_5' title="bbox 1023 973 1847 1140">
    <p class='ocr_par' dir='ltr' id='par_1_8' title="bbox 1023 973 1847 1140">
     <span class='ocr_line' id='line_1_57' title="bbox 1234 973 1629 1013; baseline 0 -1"><span class='ocrx_word' id='word_1_252' title='bbox 1234 974 1282 1012; x_wconf 89' lang='lat' dir='ltr'>In</span> <span class='ocrx_word' id='word_1_253' title='bbox 1310 973 1380 1012; x_wconf 90' lang='lat' dir='ltr'><strong>III.</strong></span> <span class='ocrx_word' id='word_1_254' title='bbox 1407 973 1629 1013; x_wconf 76' lang='lat' dir='ltr'>Nocturno.</span> 
     </span>
     <span class='ocr_line' id='line_1_58' title="bbox 1023 1042 1847 1094; baseline -0.001 -9"><span class='ocrx_word' id='word_1_255' title='bbox 1023 1042 1182 1085; x_wconf 89' lang='lat' dir='ltr'>Lectio</span> <span class='ocrx_word' id='word_1_256' title='bbox 1202 1042 1341 1084; x_wconf 87' lang='lat' dir='ltr'>sancti</span> <span class='ocrx_word' id='word_1_257' title='bbox 1360 1042 1587 1094; x_wconf 84' lang='lat' dir='ltr'>Evangelii</span> <span class='ocrx_word' id='word_1_258' title='bbox 1606 1042 1847 1084; x_wconf 84' lang='lat' dir='ltr'>secundum</span> 
     </span>
     <span class='ocr_line' id='line_1_59' title="bbox 1327 1098 1534 1140; baseline -0.005 0"><span class='ocrx_word' id='word_1_259' title='bbox 1327 1098 1534 1140; x_wconf 88' lang='lat' dir='ltr'>Marcum.</span> 
     </span>
    </p>
   </div>
   <div class='ocr_carea' id='block_1_6' title="bbox 1094 1163 1766 1215">
    <p class='ocr_par' dir='ltr' id='par_1_9' title="bbox 1094 1163 1766 1215">
     <span class='ocr_line' id='line_1_60' title="bbox 1094 1163 1766 1215; baseline 0.001 -12"><span class='ocrx_word' id='word_1_260' title='bbox 1094 1163 1246 1204; x_wconf 89' lang='lat' dir='ltr'>Lectio</span> <span class='ocrx_word' id='word_1_261' title='bbox 1268 1163 1335 1203; x_wconf 78' lang='lat' dir='ltr'>vii.</span> <span class='ocrx_word' id='word_1_262' title='bbox 1540 1164 1642 1215; x_wconf 83' lang='lat' dir='ltr'>Cap.</span> <span class='ocrx_word' id='word_1_263' title='bbox 1661 1166 1716 1205; x_wconf 75' lang='lat'>16.</span> <span class='ocrx_word' id='word_1_264' title='bbox 1733 1180 1766 1205; x_wconf 87' lang='lat' dir='ltr'>c.</span> 
     </span>
    </p>
   </div>
   <div class='ocr_carea' id='block_1_7' title="bbox 1017 1216 1846 1323">
    <p class='ocr_par' dir='ltr' id='par_1_10' title="bbox 1017 1216 1846 1323">
     <span class='ocr_line' id='line_1_61' title="bbox 1017 1216 1846 1323; baseline 0 -61"><span class='ocrx_word' id='word_1_265' title='bbox 1017 1216 1094 1323; x_wconf 87' lang='lat' dir='ltr'>In</span> <span class='ocrx_word' id='word_1_266' title='bbox 1117 1221 1193 1263; x_wconf 95' lang='lat' dir='ltr'>illo</span> <span class='ocrx_word' id='word_1_267' title='bbox 1219 1223 1438 1274; x_wconf 90' lang='lat' dir='ltr'>tempore:</span> <span class='ocrx_word' id='word_1_268' title='bbox 1473 1221 1846 1263; x_wconf 87' lang='lat' dir='ltr'>Recumbentibus</span> 
     </span>
    </p>
   </div>
   <div class='ocr_carea' id='block_1_8' title="bbox 1018 1277 1847 1441">
    <p class='ocr_par' dir='ltr' id='par_1_11' title="bbox 1018 1277 1847 1441">
     <span class='ocr_line' id='line_1_62' title="bbox 1096 1277 1847 1331; baseline 0 -12"><span class='ocrx_word' id='word_1_269' title='bbox 1096 1277 1299 1319; x_wconf 77' lang='lat' dir='ltr'>undecim</span> <span class='ocrx_word' id='word_1_270' title='bbox 1350 1278 1593 1331; x_wconf 80' lang='lat' dir='ltr'>discipulis,</span> <span class='ocrx_word' id='word_1_271' title='bbox 1644 1278 1847 1331; x_wconf 76' lang='lat' dir='ltr'>apparuit</span> 
     </span>
     <span class='ocr_line' id='line_1_63' title="bbox 1018 1334 1845 1387; baseline 0.001 -13"><span class='ocrx_word' id='word_1_272' title='bbox 1018 1334 1102 1375; x_wconf 91' lang='lat' dir='ltr'>illis</span> <span class='ocrx_word' id='word_1_273' title='bbox 1133 1335 1279 1376; x_wconf 89' lang='lat' dir='ltr'>Jesus:</span> <span class='ocrx_word' id='word_1_274' title='bbox 1316 1340 1359 1376; x_wconf 90' lang='lat' dir='ltr'>et</span> <span class='ocrx_word' id='word_1_275' title='bbox 1396 1334 1680 1387; x_wconf 79' lang='lat' dir='ltr'>exprobravit</span> <span class='ocrx_word' id='word_1_276' title='bbox 1711 1334 1845 1375; x_wconf 92' lang='lat' dir='ltr'>incre—</span> 
     </span>
     <span class='ocr_line' id='line_1_64' title="bbox 1019 1390 1846 1441; baseline 0 -10"><span class='ocrx_word' id='word_1_277' title='bbox 1019 1390 1246 1432; x_wconf 61' lang='lat' dir='ltr'>dulitatem</span> <span class='ocrx_word' id='word_1_278' title='bbox 1272 1393 1438 1441; x_wconf 81' lang='lat' dir='ltr'>eorum,</span> <span class='ocrx_word' id='word_1_279' title='bbox 1463 1396 1506 1432; x_wconf 90' lang='lat' dir='ltr'>et</span> <span class='ocrx_word' id='word_1_280' title='bbox 1531 1391 1733 1433; x_wconf 85' lang='lat' dir='ltr'>duritiam</span> <span class='ocrx_word' id='word_1_281' title='bbox 1754 1403 1846 1432; x_wconf 94' lang='lat' dir='ltr'>cor-</span> 
     </span>
    </p>
   </div>
   <div class='ocr_carea' id='block_1_9' title="bbox 995 1447 1845 1500">
    <p class='ocr_par' dir='ltr' id='par_1_12' title="bbox 995 1447 1845 1500">
     <span class='ocr_line' id='line_1_65' title="bbox 995 1447 1845 1500; baseline -0.001 -12"><span class='ocrx_word' id='word_1_282' title='bbox 995 1465 999 1468; x_wconf 93' lang='lat'>·</span> <span class='ocrx_word' id='word_1_283' title='bbox 1019 1447 1104 1488; x_wconf 87' lang='lat' dir='ltr'>dis:</span> <span class='ocrx_word' id='word_1_284' title='bbox 1129 1447 1230 1499; x_wconf 91' lang='lat' dir='ltr'>quia</span> <span class='ocrx_word' id='word_1_285' title='bbox 1251 1447 1319 1498; x_wconf 89' lang='lat' dir='ltr'>iis,</span> <span class='ocrx_word' id='word_1_286' title='bbox 1345 1448 1418 1500; x_wconf 91' lang='lat' dir='ltr'>qui</span> <span class='ocrx_word' id='word_1_287' title='bbox 1437 1447 1636 1490; x_wconf 86' lang='lat' dir='ltr'>viderant</span> <span class='ocrx_word' id='word_1_288' title='bbox 1661 1461 1759 1489; x_wconf 91' lang='lat' dir='ltr'>eum</span> <span class='ocrx_word' id='word_1_289' title='bbox 1782 1459 1845 1488; x_wconf 91' lang='lat' dir='ltr'>re-</span> 
     </span>
    </p>
   </div>
   <div class='ocr_carea' id='block_1_10' title="bbox 1017 1503 1846 1612">
    <p class='ocr_par' dir='ltr' id='par_1_13' title="bbox 1017 1503 1846 1612">
     <span class='ocr_line' id='line_1_66' title="bbox 1019 1503 1846 1556; baseline 0.001 -12"><span class='ocrx_word' id='word_1_290' title='bbox 1019 1505 1279 1556; x_wconf 83' lang='lat' dir='ltr'>surrexisse,</span> <span class='ocrx_word' id='word_1_291' title='bbox 1316 1517 1405 1546; x_wconf 92' lang='lat' dir='ltr'>non</span> <span class='ocrx_word' id='word_1_292' title='bbox 1442 1503 1731 1546; x_wconf 90' lang='lat' dir='ltr'>crediderunt.</span> <span class='ocrx_word' id='word_1_293' title='bbox 1789 1504 1846 1545; x_wconf 84' lang='lat' dir='ltr'>Et</span> 
     </span>
     <span class='ocr_line' id='line_1_67' title="bbox 1017 1560 1195 1612; baseline 0.006 -12"><span class='ocrx_word' id='word_1_294' title='bbox 1017 1560 1195 1612; x_wconf 89' lang='lat' dir='ltr'>reliqua.</span> 
     </span>
    </p>
   </div>
   <div class='ocr_carea' id='block_1_11' title="bbox 1018 1642 1848 2497">
    <p class='ocr_par' dir='ltr' id='par_1_14' title="bbox 1018 1642 1848 2497">
     <span class='ocr_line' id='line_1_68' title="bbox 1018 1642 1847 1696; baseline -0.004 -9"><span class='ocrx_word' id='word_1_295' title='bbox 1018 1648 1086 1687; x_wconf 92' lang='lat' dir='ltr'>De</span> <span class='ocrx_word' id='word_1_296' title='bbox 1104 1642 1298 1684; x_wconf 86' lang='lat' dir='ltr'>Homilia</span> <span class='ocrx_word' id='word_1_297' title='bbox 1321 1644 1460 1685; x_wconf 88' lang='lat' dir='ltr'>sancti</span> <span class='ocrx_word' id='word_1_298' title='bbox 1479 1643 1681 1695; x_wconf 81' lang='lat' dir='ltr'>Gregorii</span> <span class='ocrx_word' id='word_1_299' title='bbox 1702 1644 1847 1696; x_wconf 89' lang='lat' dir='ltr'>Papae.</span> 
     </span>
     <span class='ocr_line' id='line_1_69' title="bbox 1193 1713 1672 1748; baseline 0.004 -2"><span class='ocrx_word' id='word_1_300' title='bbox 1193 1713 1248 1746; x_wconf 82' lang='lat' dir='ltr'>Ex</span> <span class='ocrx_word' id='word_1_301' title='bbox 1274 1713 1407 1747; x_wconf 78' lang='lat' dir='ltr'>eadem</span> <span class='ocrx_word' id='word_1_302' title='bbox 1430 1713 1599 1748; x_wconf 74' lang='lat' dir='ltr'>Homilia</span> <span class='ocrx_word' id='word_1_303' title='bbox 1620 1715 1672 1748; x_wconf 68' lang='lat'>29.</span> 
     </span>
     <span class='ocr_line' id='line_1_70' title="bbox 1029 1765 1848 1817; baseline 0 -11"><span class='ocrx_word' id='word_1_304' title='bbox 1029 1775 1048 1794; x_wconf 34' lang='grc' dir='ltr'>θ’</span> <span class='ocrx_word' id='word_1_305' title='bbox 1141 1765 1481 1807; x_wconf 68' lang='grc' dir='ltr'>οηείᾱεΐὲιηάιιῑη</span> <span class='ocrx_word' id='word_1_306' title='bbox 1501 1766 1628 1808; x_wconf 87' lang='lat' dir='ltr'>nobis</span> <span class='ocrx_word' id='word_1_307' title='bbox 1649 1770 1726 1816; x_wconf 87' lang='lat' dir='ltr'>est,</span> <span class='ocrx_word' id='word_1_308' title='bbox 1743 1765 1848 1817; x_wconf 92' lang='lat' dir='ltr'>quid</span> 
     </span>
     <span class='ocr_line' id='line_1_71' title="bbox 1026 1822 1848 1900; baseline 0 -36"><span class='ocrx_word' id='word_1_309' title='bbox 1026 1844 1133 1900; x_wconf 37' lang='grc' dir='ltr'>Ὼψ</span> <span class='ocrx_word' id='word_1_310' title='bbox 1157 1827 1224 1864; x_wconf 93' lang='lat' dir='ltr'>est</span> <span class='ocrx_word' id='word_1_311' title='bbox 1253 1823 1373 1874; x_wconf 91' lang='lat' dir='ltr'>quod</span> <span class='ocrx_word' id='word_1_312' title='bbox 1399 1823 1573 1864; x_wconf 91' lang='lat' dir='ltr'>Marcus</span> <span class='ocrx_word' id='word_1_313' title='bbox 1601 1823 1675 1864; x_wconf 87' lang='lat' dir='ltr'>ait:</span> <span class='ocrx_word' id='word_1_314' title='bbox 1715 1822 1848 1864; x_wconf 91' lang='lat' dir='ltr'>Sedet</span> 
     </span>
     <span class='ocr_line' id='line_1_72' title="bbox 1029 1878 1846 1932; baseline -0.001 -12"><span class='ocrx_word' id='word_1_315' title='bbox 1029 1878 1133 1904; x_wconf 40' lang='lat' dir='ltr'>&#39;³³‘ss</span> <span class='ocrx_word' id='word_1_316' title='bbox 1157 1892 1182 1920; x_wconf 93' lang='lat' dir='ltr'>a</span> <span class='ocrx_word' id='word_1_317' title='bbox 1211 1878 1376 1921; x_wconf 84' lang='lat' dir='ltr'>dextris</span> <span class='ocrx_word' id='word_1_318' title='bbox 1399 1880 1500 1921; x_wconf 89' lang='lat' dir='ltr'>Dei:</span> <span class='ocrx_word' id='word_1_319' title='bbox 1531 1884 1574 1921; x_wconf 88' lang='lat' dir='ltr'>et</span> <span class='ocrx_word' id='word_1_320' title='bbox 1600 1878 1846 1932; x_wconf 90' lang='lat' dir='ltr'>Stephanus</span> 
     </span>
     <span class='ocr_line' id='line_1_73' title="bbox 1019 1935 1845 1988; baseline -0.004 -10"><span class='ocrx_word' id='word_1_321' title='bbox 1019 1935 1140 1978; x_wconf 89' lang='lat' dir='ltr'>dicit:</span> <span class='ocrx_word' id='word_1_322' title='bbox 1168 1935 1314 1978; x_wconf 87' lang='lat' dir='ltr'>Video</span> <span class='ocrx_word' id='word_1_323' title='bbox 1339 1936 1476 1978; x_wconf 87' lang='lat' dir='ltr'>coelos</span> <span class='ocrx_word' id='word_1_324' title='bbox 1501 1938 1690 1988; x_wconf 91' lang='lat' dir='ltr'>apertos,</span> <span class='ocrx_word' id='word_1_325' title='bbox 1717 1940 1760 1977; x_wconf 92' lang='lat' dir='ltr'>et</span> <span class='ocrx_word' id='word_1_326' title='bbox 1779 1936 1845 1976; x_wconf 90' lang='lat' dir='ltr'>Fi-</span> 
     </span>
     <span class='ocr_line' id='line_1_74' title="bbox 1018 1991 1846 2035; baseline -0.002 -2"><span class='ocrx_word' id='word_1_327' title='bbox 1018 1993 1124 2034; x_wconf 92' lang='lat' dir='ltr'>lium</span> <span class='ocrx_word' id='word_1_328' title='bbox 1165 1993 1352 2035; x_wconf 71' lang='lat' dir='ltr'>heminis</span> <span class='ocrx_word' id='word_1_329' title='bbox 1395 1998 1583 2035; x_wconf 89' lang='lat' dir='ltr'>stantem</span> <span class='ocrx_word' id='word_1_330' title='bbox 1619 2005 1645 2033; x_wconf 90' lang='lat' dir='ltr'>a</span> <span class='ocrx_word' id='word_1_331' title='bbox 1681 1991 1846 2033; x_wconf 84' lang='lat' dir='ltr'>dextris</span> 
     </span>
     <span class='ocr_line' id='line_1_75' title="bbox 1018 2048 1845 2101; baseline -0.002 -11"><span class='ocrx_word' id='word_1_332' title='bbox 1018 2049 1113 2090; x_wconf 92' lang='lat' dir='ltr'>Dei.</span> <span class='ocrx_word' id='word_1_333' title='bbox 1154 2049 1269 2100; x_wconf 82' lang='lat' dir='ltr'>Quid</span> <span class='ocrx_word' id='word_1_334' title='bbox 1298 2055 1364 2092; x_wconf 90' lang='lat' dir='ltr'>est</span> <span class='ocrx_word' id='word_1_335' title='bbox 1392 2048 1513 2101; x_wconf 92' lang='lat' dir='ltr'>quod</span> <span class='ocrx_word' id='word_1_336' title='bbox 1539 2048 1655 2090; x_wconf 94' lang='lat' dir='ltr'>hunc</span> <span class='ocrx_word' id='word_1_337' title='bbox 1673 2049 1845 2090; x_wconf 89' lang='lat' dir='ltr'>Marcus</span> 
     </span>
     <span class='ocr_line' id='line_1_76' title="bbox 1021 2105 1846 2159; baseline -0.002 -13"><span class='ocrx_word' id='word_1_338' title='bbox 1021 2105 1257 2156; x_wconf 87' lang='lat' dir='ltr'>sedentem,</span> <span class='ocrx_word' id='word_1_339' title='bbox 1272 2106 1518 2159; x_wconf 88' lang='lat' dir='ltr'>Stephanus</span> <span class='ocrx_word' id='word_1_340' title='bbox 1533 2118 1638 2147; x_wconf 89' lang='lat' dir='ltr'>vero</span> <span class='ocrx_word' id='word_1_341' title='bbox 1659 2108 1846 2146; x_wconf 91' lang='lat' dir='ltr'>stantem</span> 
     </span>
     <span class='ocr_line' id='line_1_77' title="bbox 1020 2160 1844 2210; baseline -0.002 -8"><span class='ocrx_word' id='word_1_342' title='bbox 1020 2175 1068 2203; x_wconf 92' lang='lat' dir='ltr'>se</span> <span class='ocrx_word' id='word_1_343' title='bbox 1087 2161 1236 2204; x_wconf 89' lang='lat' dir='ltr'>videre</span> <span class='ocrx_word' id='word_1_344' title='bbox 1258 2160 1468 2204; x_wconf 83' lang='lat' dir='ltr'>testatur?</span> <span class='ocrx_word' id='word_1_345' title='bbox 1497 2161 1583 2203; x_wconf 91' lang='lat' dir='ltr'>Sed</span> <span class='ocrx_word' id='word_1_346' title='bbox 1608 2161 1739 2210; x_wconf 87' lang='lat' dir='ltr'>scitis,</span> <span class='ocrx_word' id='word_1_347' title='bbox 1763 2160 1844 2200; x_wconf 89' lang='lat' dir='ltr'>fra-</span> 
     </span>
     <span class='ocr_line' id='line_1_78' title="bbox 1018 2216 1845 2270; baseline -0.002 -11"><span class='ocrx_word' id='word_1_348' title='bbox 1018 2223 1128 2269; x_wconf 88' lang='lat' dir='ltr'>tres,</span> <span class='ocrx_word' id='word_1_349' title='bbox 1171 2219 1271 2270; x_wconf 88' lang='lat' dir='ltr'>quia</span> <span class='ocrx_word' id='word_1_350' title='bbox 1308 2217 1462 2260; x_wconf 91' lang='lat' dir='ltr'>sedere</span> <span class='ocrx_word' id='word_1_351' title='bbox 1497 2216 1727 2270; x_wconf 76' lang='lat' dir='ltr'>judicantis</span> <span class='ocrx_word' id='word_1_352' title='bbox 1769 2221 1845 2265; x_wconf 89' lang='lat' dir='ltr'>est,</span> 
     </span>
     <span class='ocr_line' id='line_1_79' title="bbox 1019 2272 1844 2327; baseline -0.001 -12"><span class='ocrx_word' id='word_1_353' title='bbox 1019 2279 1136 2316; x_wconf 90' lang='lat' dir='ltr'>stare</span> <span class='ocrx_word' id='word_1_354' title='bbox 1177 2288 1282 2317; x_wconf 87' lang='lat' dir='ltr'>vero</span> <span class='ocrx_word' id='word_1_355' title='bbox 1318 2274 1570 2327; x_wconf 76' lang='lat' dir='ltr'>pugnantis,</span> <span class='ocrx_word' id='word_1_356' title='bbox 1615 2273 1685 2314; x_wconf 86' lang='lat' dir='ltr'>vel</span> <span class='ocrx_word' id='word_1_357' title='bbox 1728 2272 1844 2325; x_wconf 90' lang='lat' dir='ltr'>adju-</span> 
     </span>
     <span class='ocr_line' id='line_1_80' title="bbox 1019 2332 1174 2373; baseline 0 -1"><span class='ocrx_word' id='word_1_358' title='bbox 1019 2332 1174 2373; x_wconf 81' lang='lat' dir='ltr'>vantis.</span> 
     </span>
     <span class='ocr_line' id='line_1_81' title="bbox 1069 2391 1569 2444; baseline -0.006 -10"><span class='ocrx_word' id='word_1_359' title='bbox 1069 2392 1119 2444; x_wconf 71' lang='lat' dir='ltr'>R.</span> <span class='ocrx_word' id='word_1_360' title='bbox 1147 2393 1243 2444; x_wconf 87' lang='lat' dir='ltr'>Ego</span> <span class='ocrx_word' id='word_1_361' title='bbox 1272 2391 1450 2443; x_wconf 78' lang='lat' dir='ltr'>rogabo.</span> <span class='ocrx_word' id='word_1_362' title='bbox 1477 2391 1569 2432; x_wconf 88' lang='lat'>325.</span> 
     </span>
     <span class='ocr_line' id='line_1_82' title="bbox 1141 2457 1557 2497; baseline 0 0"><span class='ocrx_word' id='word_1_363' title='bbox 1141 2472 1143 2475; x_wconf 91' lang='lat'>·</span> <span class='ocrx_word' id='word_1_364' title='bbox 1304 2457 1453 2497; x_wconf 88' lang='lat' dir='ltr'>Lectio</span> <span class='ocrx_word' id='word_1_365' title='bbox 1476 2458 1557 2497; x_wconf 86' lang='lat' dir='ltr'>viii.</span> 
     </span>
    </p>
   </div>
   <div class='ocr_carea' id='block_1_12' title="bbox 1019 2499 1846 2624">
    <p class='ocr_par' dir='ltr' id='par_1_15' title="bbox 1019 2499 1846 2624">
     <span class='ocr_line' id='line_1_83' title="bbox 1019 2499 1846 2624; baseline -0.001 -61"><span class='ocrx_word' id='word_1_366' title='bbox 1019 2499 1177 2624; x_wconf 77' lang='lat' dir='ltr'>Quia</span> <span class='ocrx_word' id='word_1_367' title='bbox 1226 2533 1330 2571; x_wconf 89' lang='lat' dir='ltr'>ergo</span> <span class='ocrx_word' id='word_1_368' title='bbox 1375 2519 1649 2573; x_wconf 88' lang='lat' dir='ltr'>Redemptor</span> <span class='ocrx_word' id='word_1_369' title='bbox 1697 2526 1846 2562; x_wconf 90' lang='lat' dir='ltr'>noster</span> 
     </span>
    </p>
   </div>
   <div class='ocr_carea' id='block_1_13' title="bbox 1018 2576 1846 2743">
    <p class='ocr_par' dir='ltr' id='par_1_16' title="bbox 1018 2576 1846 2743">
     <span class='ocr_line' id='line_1_84' title="bbox 1133 2576 1846 2629; baseline 0 -10"><span class='ocrx_word' id='word_1_370' title='bbox 1133 2581 1382 2629; x_wconf 70' lang='lat' dir='ltr'>asstimptus</span> <span class='ocrx_word' id='word_1_371' title='bbox 1404 2576 1449 2616; x_wconf 91' lang='lat' dir='ltr'>in</span> <span class='ocrx_word' id='word_1_372' title='bbox 1472 2577 1641 2627; x_wconf 87' lang='lat' dir='ltr'>coelum,</span> <span class='ocrx_word' id='word_1_373' title='bbox 1667 2583 1710 2620; x_wconf 91' lang='lat' dir='ltr'>et</span> <span class='ocrx_word' id='word_1_374' title='bbox 1731 2591 1846 2619; x_wconf 91' lang='lat' dir='ltr'>nunc</span> 
     </span>
     <span class='ocr_line' id='line_1_85' title="bbox 1020 2632 1846 2686; baseline 0.001 -12"><span class='ocrx_word' id='word_1_375' title='bbox 1020 2635 1165 2675; x_wconf 71' lang='lat' dir='ltr'>emnia</span> <span class='ocrx_word' id='word_1_376' title='bbox 1200 2633 1381 2686; x_wconf 80' lang='lat' dir='ltr'>judicat,</span> <span class='ocrx_word' id='word_1_377' title='bbox 1424 2638 1467 2675; x_wconf 89' lang='lat' dir='ltr'>et</span> <span class='ocrx_word' id='word_1_378' title='bbox 1507 2632 1563 2675; x_wconf 90' lang='lat' dir='ltr'>ad</span> <span class='ocrx_word' id='word_1_379' title='bbox 1604 2636 1846 2676; x_wconf 90' lang='lat' dir='ltr'>extremum</span> 
     </span>
     <span class='ocr_line' id='line_1_86' title="bbox 1018 2689 1846 2743; baseline 0 -11"><span class='ocrx_word' id='word_1_380' title='bbox 1018 2689 1149 2742; x_wconf 87' lang='lat' dir='ltr'>judex</span> <span class='ocrx_word' id='word_1_381' title='bbox 1182 2689 1375 2731; x_wconf 72' lang='lat' dir='ltr'>emnium</span> <span class='ocrx_word' id='word_1_382' title='bbox 1403 2689 1564 2741; x_wconf 87' lang='lat' dir='ltr'>veniet;</span> <span class='ocrx_word' id='word_1_383' title='bbox 1595 2690 1711 2732; x_wconf 93' lang='lat' dir='ltr'>hunc</span> <span class='ocrx_word' id='word_1_384' title='bbox 1741 2695 1846 2743; x_wconf 86' lang='lat' dir='ltr'>post</span> 
     </span>
    </p>
   </div>
   <div class='ocr_carea' id='block_1_14' title="bbox 78 111 1902 2797">
    <p class='ocr_par' dir='ltr' id='par_1_17' title="bbox 78 111 1902 2797">
     <span class='ocr_line' id='line_1_87' title="bbox 78 111 1902 2797; baseline 0 0"><span class='ocrx_word' id='word_1_385' title='bbox 78 111 1902 2797; x_wconf 95' lang='lat' dir='ltr'> </span> 
     </span>
    </p>
   </div>
  </div>
 </body>
</html>
