2028 2892
415 167 485 200 Die
508 167 559 201 23.
586 168 693 201 Febr.
742 171 776 202 S.
803 169 903 202 l'etri
929 170 1107 203 Damiani
1132 171 1257 212 Episc.
1284 171 1390 204 Conf.
1418 178 1453 205 ct
1477 172 1583 205 Dour.

194 259 238 293 In
261 260 434 302 utrisque
458 259 574 302 Vesp.
601 259 650 294 ad
674 259 828 302 Magnis.

194 310 294 352 Ant.
314 310 352 351 O
365 309 535 349 Doctor
556 307 734 360 optime,
752 309 964 350 Ecclesiae

139 369 301 406 sanctae
319 364 479 413 lumen,
497 363 628 405 beate
645 364 786 414 Petre,
805 364 964 406 divinae

136 421 243 471 legis
263 422 450 470 amator,
478 419 717 471 deprecare
736 432 818 472 pro
837 421 964 462 nobis

137 477 294 517 Filium
310 476 406 518 Dei.

193 529 243 582 V.
262 533 441 574 Amavit
460 544 561 573 eum
579 532 810 582 Dominus,
835 537 879 574 et
898 546 964 574 or-

137 587 257 628 navit
289 600 398 629 eum.
442 593 492 643 R.
522 587 689 628 Stolam
719 587 871 638 gloriae
904 591 964 629 in-

139 642 233 684 duit
252 655 361 684 eum.

474 696 637 737 Oratio.

141 745 384 853 Concede
415 762 512 799 nos,
546 752 797 801 quaesumus
831 754 964 792 omni-

238 810 396 857 potens
414 805 547 854 Deus
572 805 691 847 beati
709 806 828 847 Petri
855 807 965 848 Con-

136 860 316 901 fessoris
333 861 398 902 tui
413 866 545 912 atque
558 861 784 902 Pontificis
800 863 966 903 monita

138 920 182 956 et
209 916 411 968 exempla
437 916 610 966 sectari3
642 921 691 958 ut
722 930 801 969 per
832 920 965 959 terre-

136 971 292 1012 strium
315 984 462 1013 rerum
481 974 784 1024 contemptum
803 975 967 1014 aeterna

136 1026 296 1077 gaudia
316 1029 648 1079 consequamur.
675 1028 760 1069 Per
777 1029 904 1069 Dfim.

191 1092 340 1126 Deinde
365 1092 405 1126 fit
429 1102 625 1127 commem.
650 1092 783 1126 Ferlae.

193 1143 238 1178 In
274 1143 300 1177 I.
340 1143 539 1178 Nocturno
574 1143 778 1179 Lectiones
818 1143 964 1179 Fidelis

137 1198 274 1224 sermo.
298 1191 345 1226 de
370 1191 507 1226 eodem
530 1191 673 1226 Comm.
698 1192 839 1227 1.1oco.
867 1191 939 1234 [68]

366 1255 414 1294 In
441 1255 493 1295 H.
519 1256 741 1297 Nocturno.

437 1315 589 1357 Lectio
608 1317 661 1357 iv.

146 1416 148 1418 .
186 1394 209 1415 ζ»
235 1371 390 1417 etrus,
416 1368 641 1409 Ravennae
666 1367 865 1411 honestis
891 1383 965 1422 pa-

172 1420 246 1491 [iffi
270 1423 465 1465 rentibus
480 1427 620 1472 natus
640 1423 782 1465 adhuc
797 1424 965 1466 lactens

157 1481 245 1499 ἐξ*
270 1491 296 1519 a
343 1482 484 1520 matre
532 1481 780 1520 numerosae
829 1480 965 1532 prolis

135 1535 343 1586 pertaesa,
369 1533 584 1585 abjicitur3
611 1534 690 1576 sed
709 1534 965 1577 domesticae

135 1589 328 1631 mulieris
349 1591 486 1641 opera
504 1590 738 1631 semivivus
755 1593 964 1643 exceptus

138 1657 190 1685 ac
208 1646 448 1694 recreatus,
473 1645 674 1695 genitrici
692 1645 750 1686 ad
771 1645 964 1687 humani-

136 1700 242 1741 tatis
284 1713 461 1742 sensum
496 1702 718 1742 revocatae
755 1701 964 1743 redditur.

135 1755 336 1807 Utroque
381 1755 563 1797 orbatus
606 1758 806 1808 parente,
858 1762 964 1798 tam-

138 1823 269 1862 quam
291 1811 378 1852 vile
402 1811 668 1863 mancipium
699 1812 781 1853 sub
807 1814 964 1865 aspera

135 1866 282 1907 fratris
326 1866 463 1908 tutela
509 1866 664 1907 duram
707 1868 964 1909 servitutem

137 1921 342 1962 exercuit.
385 1921 627 1972 Religionis
654 1922 699 1962 in
722 1923 884 1972 Deum,
912 1936 964 1964 ac

135 1977 313 2028 pietatis
364 1989 466 2027 erga
515 1982 688 2029 patrem
741 1979 964 2028 egregium

134 2036 239 2072 tunc
259 2032 481 2083 specimen
505 2032 642 2082 dedit;
664 2033 888 2074 inventum
911 2037 963 2074 si-

137 2087 315 2138 quidem
342 2087 456 2128 forte
483 2100 724 2136 nummum,
750 2101 839 2129 non
864 2091 963 2140 pro-

134 2142 243 2193 priae
270 2141 428 2183 inediae
457 2142 759 2192 sublevandae,
792 2143 871 2184 sed
899 2157 962 2184 sa-

135 2197 321 2247 cerdoti,
359 2197 433 2249 qui
469 2197 665 2238 divinum
701 2199 964 2239 sacrificium

135 2252 193 2294 ad
210 2252 324 2293 illius
345 2252 640 2304 expiationem
659 2253 848 2303 offerret,
870 2267 962 2295 ero-

135 2308 264 2358 gavit.
309 2309 351 2348 A
378 2308 594 2349 Damiano
622 2309 772 2358 fratre,
805 2322 830 2349 a
859 2322 962 2360 quo,

135 2363 200 2403 uti
226 2363 379 2413 fertur,
408 2365 747 2413 cognomentum
775 2365 962 2415 accepit,

134 2417 321 2469 benigne
340 2420 555 2470 receptus,
576 2420 667 2469 ejus
687 2431 791 2459 cura
805 2419 962 2460 litteris

136 2473 350 2523 eruditur,
382 2474 426 2514 in
455 2473 612 2525 quibus
639 2473 764 2515 brevi
791 2478 962 2514 tantum

135 2528 338 2578 profecit,
365 2533 415 2569 ut
438 2529 658 2578 magistris
684 2529 962 2570 admirationi

137 2587 263 2624 esset.
337 2583 446 2624 Cum
505 2589 651 2625 autem
708 2583 962 2625 liberalibus

135 2637 326 2680 scientiis
357 2639 536 2680 floreret
570 2643 614 2680 et
648 2640 842 2688 nomine,
884 2651 959 2680 eas

1780 164 1849 198 385

1020 271 1120 300 cum
1138 258 1268 299 laude
1288 258 1450 299 docuit.
1481 259 1662 300 Interim
1685 263 1735 300 ut
1753 272 1846 300 cor-

1019 327 1103 366 pus
1122 314 1281 355 rationi
1300 314 1523 364 subderet,
1543 314 1622 355 sub
1642 314 1847 356 mollibus

1019 370 1217 411 vestibus
1233 369 1422 410 cilicium
1439 369 1652 419 adhibuit3
1671 371 1847 421 iejuniis,

1022 425 1198 476 vigiliis,
1225 430 1268 466 et
1293 425 1565 466 orationibus
1585 425 1769 467 solerter
1787 427 1847 466 in-

1021 484 1190 523 sistens.
1227 481 1406 522 Calente
1430 481 1604 532 juventa
1628 481 1733 522 dum
1758 495 1848 523 car-

1020 538 1087 577 nis
1113 537 1299 578 stimulis
1329 537 1490 578 acriter
1512 538 1759 586 urgeretur,
1786 538 1847 578 in-

1021 592 1276 634 sultantium
1292 592 1520 633 libidinum
1538 592 1656 633 faces
1675 593 1848 643 rigenti-

1021 648 1103 689 bus
1129 649 1251 690 fluvii
1277 660 1447 689 mersus
1472 648 1596 699 aquis
1615 653 1750 689 noctu
1775 661 1846 689 ex-

1021 703 1285 754 stinguebat;
1316 708 1411 744 tum
1438 702 1705 744 venerabilia
1733 716 1848 754 quae·

1025 772 1109 810 que
1132 759 1231 800 loca
1256 758 1396 807 obire,
1427 761 1659 809 totumque
1683 758 1847 799 Psalte-

1022 815 1134 856 rium
1167 815 1353 856 recitare
1391 816 1691 855 consueverat.
1751 814 1848 866 Ope

1022 870 1199 912 assidua
1223 874 1442 922 pauperes
1466 869 1659 918 levabat,
1689 869 1847 921 quibus

1021 926 1273 978 frequenter
1308 926 1447 977 pastis
1483 925 1701 974 convivio,
1748 927 1847 977 pro-

1019 982 1126 1033 priis
1145 982 1241 1034 ipse
1259 981 1461 1022 manibus
1480 980 1766 1021 ministrabat.

1074 1042 1124 1093 R,
1147 1037 1300 1078 Inveni
1322 1036 1468 1078 David
1492 1048 1668 1077 servum
1691 1048 1848 1085 meum,

1019 1092 1118 1133 oleo
1164 1097 1317 1134 sancto
1357 1104 1457 1133 meo
1503 1092 1609 1132 unxi
1659 1104 1774 1132 eum:
1827 1103 1849 1126 *

1017 1148 1172 1189 Manus
1207 1149 1323 1189 enim
1354 1160 1454 1188 mea
1485 1148 1766 1188 auxiliabitur
1798 1147 1848 1188 ei.

1021 1206 1071 1256 Y,
1095 1203 1216 1244 Nihil
1247 1203 1452 1255 proficiet
1478 1203 1679 1243 inimicus
1710 1203 1753 1243 in
1782 1215 1847 1251 eo,

1019 1263 1063 1299 et
1086 1259 1202 1300 filius
1227 1259 1470 1311 iniquitatis
1490 1270 1578 1299 non
1599 1258 1777 1300 nocebit
1797 1258 1847 1299 ei.

1018 1313 1173 1355 Manus
1194 1315 1319 1356 enim.

1332 1377 1483 1417 Lectio
1504 1392 1539 1416 v.

1108 1425 1356 1466 erficiendae
1374 1425 1513 1475 magis
1527 1425 1630 1465 vitae
1650 1435 1793 1472 causa,
1804 1424 1847 1463 in

1125 1480 1407 1521 Avellanensi
1424 1479 1668 1529 Eugubinae
1689 1478 1845 1520 dioece-

1018 1535 1078 1576 sis
1107 1535 1329 1585 coenobio,
1361 1535 1503 1576 ordini
1530 1534 1847 1576 monachorum

1018 1595 1182 1631 sanctae
1214 1591 1357 1631 crucis
1385 1591 1538 1631 Fontis
1564 1590 1792 1631 Avellanae
1821 1602 1847 1629 a

1017 1645 1150 1687 beato
1169 1645 1422 1698 Ludulpho,
1450 1646 1590 1686 sancti
1608 1644 1846 1686 Romualdi

1018 1701 1253 1753 discipulo,
1285 1701 1484 1750 fundato,
1518 1713 1680 1741 nomen
1713 1700 1846 1741 dedit.

1016 1757 1118 1797 Non
1149 1757 1211 1797 ita
1242 1756 1380 1797 multo
1417 1760 1521 1808 post
1542 1756 1598 1796 'in
1629 1757 1844 1797 monaste—

1016 1812 1128 1852 rium
1142 1812 1497 1863 Pomposianum,
1514 1823 1619 1852 mox
1637 1811 1681 1851 in
1701 1812 1845 1852 coeno-

1016 1867 1138 1908 bium
1163 1867 1303 1908 sancti
1326 1867 1548 1908 Vincentii
1573 1867 1718 1908 Petrae
1743 1866 1844 1907 Per-

1016 1925 1129 1963 tusae
1148 1922 1203 1963 ab
1219 1922 1380 1963 abbate
1395 1934 1475 1963 suo
1490 1922 1662 1970 missus,
1680 1924 1844 1962 utrum-

1018 1990 1103 2029 que
1126 1978 1388 2019 asceterium
1406 1977 1544 2019 verbo
1569 1989 1711 2025 sacro,
1734 1989 1844 2028 prae-

1016 2033 1146 2074 claris
1177 2032 1540 2081 institutionibus,
1573 2037 1617 2073 et
1647 2031 1844 2072 moribus

1017 2088 1218 2129 excoluit.
1254 2087 1327 2129 Ad
1347 2100 1450 2128 suos
1468 2089 1717 2135 revocatus,
1740 2091 1844 2137 post

1014 2143 1218 2194 praesidis
1263 2142 1450 2192 obitum,
1495 2141 1843 2183 Avellanitarum

1014 2198 1190 2238 familiae
1226 2198 1483 2250 praeficitur,
1527 2209 1674 2248 quam,
1715 2195 1842 2236 novis

1014 2254 1147 2294 variis
1165 2254 1209 2294 in
1226 2254 1336 2294 locis
1352 2253 1584 2294 exstructis
1602 2250 1843 2300 domiciliis,

1015 2313 1059 2350 et
1078 2309 1363 2350 sanctissimis
1382 2307 1611 2356 institutis,
1630 2307 1692 2348 ita
1710 2307 1842 2356 auxit,

1014 2369 1063 2404 ut
1099 2364 1208 2406 alter
1245 2364 1335 2415 ejus
1371 2362 1538 2403 ordinis
1573 2374 1750 2413 parens,
1791 2375 1843 2403 ac

1014 2422 1288 2471 praecipuum
1325 2419 1627 2459 ornamentum
1662 2417 1754 2467 iure
1788 2418 1845 2458 sit

1014 2473 1201 2515 habitus.
1234 2473 1477 2514 Salutarem
1494 2472 1614 2512 Petri
1634 2471 1841 2513 sollicitu-

1014 2528 1161 2570 dinem
1180 2529 1265 2569 alia
1283 2539 1458 2579 quoque
1477 2526 1638 2567 diversi
1656 2528 1844 2568 instituti

998 2583 1233 2633 coenobia,
1258 2582 1569 2623 canonicorum
1588 2584 1841 2632 conventus,

1013 2643 1057 2680 et
1091 2638 1245 2691 populi
1276 2642 1377 2678 sunt
1404 2637 1582 2688 experti.
1637 2637 1839 2679 Urbinati
