2028 2892
603 166 672 199 l)ic
699 170 731 199 S.
758 166 894 199 Martii.
941 168 976 198 S.
1002 166 1166 199 Jounnis
1194 166 1241 200 de
1266 166 1348 200 Deo
1373 165 1482 200 Conf.

244 261 281 293 In
303 260 324 292 Ι.
344 259 543 293 Nocturno
562 259 764 292 Lectiones
790 259 929 293 Beatus
947 258 1016 293 vir.

188 309 233 342 dc
260 308 394 341 emit-m
421 308 623 342 Communi
647 310 678 341 ,5.
704 309 799 341 loco.
827 306 897 349 [94]

420 371 469 409 In
488 370 538 408 II.
558 370 781 409 Nocturno.

488 426 522 466 L
527 427 640 467 ectio
660 426 713 466 iv.

263 486 466 533 oannes
495 482 551 524 de
579 482 676 523 Deo
705 494 759 523 ex
792 481 1018 523 cathelicis

191 554 194 565 ·
212 535 228 594 ,¹
258 532 279 546 “⁸
318 540 491 592 piisque
510 538 797 591 parentibus*
786 551 829 577 m
850 536 1018 590 cippido

254 590 295 609 ‘⁹'
318 595 482 636 Montis
497 594 685 646 Maj6ris,
702 594 882 646 junioris
898 593 1019 643 regni

187 651 425 693 Lusitaniae
448 656 591 701 natus,
619 664 751 703 quam
774 650 1019 691 sublimiter

186 708 229 748 in
262 713 427 749 sortem
460 683 638 749 Demini
675 707 806 748 fuerit
842 706 1019 754 electus,

186 764 384 805 insuetus
405 763 614 816 splendor
629 775 762 815 super
777 763 868 814 ejus
883 761 1017 803 domo

186 820 423 871 refulgens,
448 819 706 871 sonitusque
726 818 825 859 aeris
845 819 1016 869 campa-

187 876 231 916 ni
251 889 330 917 sua
350 880 507 928 sponte
528 877 724 924 emissus,
743 874 798 916 ab
813 874 912 926 ipso
929 874 1019 925 ejus

187 932 428 973 nativitatis
459 933 678 983 tempore,
711 943 799 971 non
832 929 1018 971 obscure

187 988 548 1039 praenuntiarunt.
590 987 631 1027 A
660 986 817 1027 laxiori
845 985 1020 1027 vivendi

188 1045 375 1093 ratiune‘,
413 1043 560 1085 divina
598 1045 810 1096 operante
847 1043 1020 1090 virtute,

188 1102 437 1149 revocatus,
470 1112 641 1150 magnae
675 1098 917 1140 sanctitatis
949 1111 1019 1139 ex-

188 1155 339 1197 hibere
364 1156 589 1208 specimen
613 1155 765 1207 coepit,
794 1160 837 1196 et
864 1155 921 1195 ob
949 1167 1019 1195 au-

189 1211 325 1253 ditam
340 1212 702 1264 praedicationem
717 1210 841 1252 verbi
855 1210 939 1251 Dei
957 1211 1020 1251 sic

189 1267 246 1309 ad
265 1268 449 1309 meliora
469 1280 516 1309 se
537 1268 776 1309 excitatum
798 1267 948 1316 sensit,
972 1272 1020 1308 ut

189 1324 273 1375 jam
303 1323 357 1365 ab
386 1325 486 1376 ipso
516 1323 748 1365 sanctieris
775 1323 877 1364 vitae
906 1323 1020 1364 rudi-

187 1382 336 1421 mento
362 1382 712 1421 consummatum
736 1378 903 1431 aliquid
924 1392 1020 1431 per-

188 1436 440 1488 fectumque
464 1437 585 1478 visus
610 1436 667 1477 sit
691 1436 899 1486 attigisse.
936 1436 1020 1477 Bo-

187 1493 254 1533 nis
288 1492 490 1534 emnibus
520 1493 564 1533 in
591 1495 812 1545 pauperes
841 1492 1020 1533 carceri-

188 1548 271 1589 bus
295 1548 489 1589 inclusos
514 1548 724 1599 erogatis,
751 1546 1021 1589 admirabilis

188 1604 472 1656 poenitentiae‚
495 1607 651 1656 suique
671 1605 810 1656 ipsius
830 1606 1020 1645 contem-

188 1665 292 1712 ptus
325 1665 484 1701 cuncto
517 1660 685 1712 pepulo
720 1660 1022 1713 spectaculum

189 1716 347 1765 factus,
382 1729 407 1756 a
438 1716 682 1768 plerisque,
715 1729 795 1757 ceu
828 1716 1021 1763 demens,

188 1772 382 1822 graviter
434 1772 640 1821 afflictus,
696 1772 740 1812 in
798 1774 1020 1813 carcerem

189 1827 434 1868 amentibus
476 1826 742 1869 destinatum
783 1828 1020 1879 conjicitur.

189 1883 250 1924 At
267 1883 292 1923 J
294 1895 459 1924 oannes
483 1883 655 1924 coelesti
679 1884 862 1925 caritate
881 1884 1020 1934 magis

189 1939 408 1988 incensus,
432 1939 606 1990 gemino
627 1944 759 1992 atque
779 1940 927 1992 amplo
949 1953 1020 1981 va-

188 1994 451 2037 letudinario
468 2008 522 2036 ex
537 1995 712 2047 pierum
730 1995 1021 2048 eleemesynis

188 2051 231 2091 in
269 2051 446 2093 civitate
483 2051 746 2093 Granatensi
783 2056 1021 2101 exstructo,

190 2108 392 2159 jactuque
411 2107 515 2148 novi
536 2105 703 2148 Ordinis
725 2107 1020 2157 fundamento,

189 2162 434 2204 Ecclesiam
474 2175 590 2204 nova
629 2163 755 2215 prole
797 2163 1019 2206 foecunda-

190 2218 253 2260 vit
273 2219 456 2260 fratrum
475 2218 814 2270 Hospitalitatis,
838 2219 1021 2260 infirmis

190 2274 407 2326 praeclaro
428 2274 671 2316 animarum
694 2278 1020 2327 corporumque

190 2330 391 2381 profectu
427 2330 777 2381 inservientium,
813 2337 856 2372 et
891 2330 1020 2382 longe

191 2385 367 2436 lateque
391 2400 470 2439 per
498 2385 652 2427 orbem
677 2386 945 2428 diffusemm.

244 2445 293 2494 K.
321 2443 570 2485 Honestum
595 2442 698 2484 fecit
724 2442 846 2483 illum
872 2443 1020 2483 Demi-

191 2510 287 2547 nus,
314 2503 357 2539 et
376 2499 613 2541 custodivit
632 2512 731 2540 eum
750 2497 805 2539 ab
825 2498 1023 2548 inimicis,

194 2558 238 2593 et
266 2566 291 2593 a
320 2554 627 2596 seductoribus
654 2554 813 2596 tutavit
835 2553 972 2595 illum:
996 2557 1017 2578 *

192 2608 249 2669 Et
282 2608 403 2650 dedit
434 2610 495 2651 illi
529 2611 771 2652 claritatem
803 2612 1022 2651 aeternam.

195 2664 242 2709 Y
276 2664 445 2705 Justum
481 2666 664 2707 deduxit
695 2666 910 2707 Dominus
944 2679 1023 2717 per

1071 256 1163 297 vias
1183 261 1342 305 rectas,
1363 260 1407 296 et
1426 253 1620 296 ostendit
1638 253 1701 295 illi
1719 266 1901 305 regnum

1071 312 1165 353 Dei.
1193 312 1251 353 Et
1271 310 1403 353 dedit.

1382 366 1535 407 Lectio
1556 379 1593 405 v.

1073 422 1394 528 Pauperibus
1427 423 1623 474 aegretis‚
1658 434 1771 474 quos
1802 423 1902 474 pre-

1175 481 1283 533 priis
1310 479 1577 532 quandoque
1603 478 1797 520 humeris
1826 477 1902 519 do-

1071 550 1191 577 mum
1212 536 1450 583 deferebat,
1468 534 1588 576 nulla
1606 547 1653 576 re
1674 534 1730 576 ad
1748 533 1904 575 animae

1073 595 1363 646 corporisque
1393 591 1579 633 salutem
1603 590 1804 644 proficua
1832 589 1902 631 de-

1073 654 1175 691 erat.
1207 648 1359 689 Effusa
1379 660 1556 700 quoque
1576 651 1702 688 extra
1719 658 1904 688 nosoco-

1072 707 1207 746 mium
1230 705 1413 746 caritate
1435 702 1732 754 indigentibus
1755 701 1904 743 mulie-

1074 761 1194 802 ribus
1218 761 1380 810 viduis,
1411 765 1456 802 et
1479 761 1704 812 praecipue
1729 758 1904 810 virgini·

1073 817 1156 859 bus
1183 816 1533 870 periclitantibus
1561 816 1674 857 clam
1700 815 1905 856 alimenta

1074 873 1453 922 subministrabat,
1502 874 1741 924 curamque
1785 871 1904 912 inde·

1074 929 1236 970 fessam
1264 928 1517 978 adhibebat,
1547 933 1597 969 ut
1628 928 1770 969 carnis
1805 939 1904 969 con-

1074 985 1390 1038 cupiscentiam
1435 997 1461 1025 a
1505 984 1718 1037 proximis
1760 983 1904 1035 hujus-

1073 1041 1194 1083 modi
1232 1042 1339 1083 vitio
1377 1041 1615 1093 inquinatis
1648 1040 1904 1082 extermina-

1074 1102 1151 1139 ret.
1198 1098 1308 1139 Cum
1333 1102 1480 1138 autem
1506 1097 1747 1137 maximum
1771 1095 1816 1146 in
1840 1097 1904 1137 re-

1073 1154 1147 1204 gio
1168 1153 1432 1195 Granatensi
1449 1152 1771 1194 valetudinario
1792 1152 1904 1194 exci-

1074 1212 1215 1251 tatum
1239 1210 1394 1252 fuisset
1421 1208 1686 1258 incendium,
1713 1209 1738 1250 J
1741 1210 1907 1250 oannes

1074 1266 1326 1319 impavidus
1351 1265 1541 1319 prosiliit
1565 1265 1610 1306 in
1631 1265 1794 1316 ignem,
1822 1264 1908 1306 huc

1074 1322 1177 1363 illuc
1197 1321 1461 1371 discurrens,
1484 1324 1717 1373 quousque
1734 1325 1828 1362 tum
1846 1320 1906 1361 in-

1074 1378 1226 1419 firmos
1263 1378 1457 1419 humeris
1495 1379 1770 1430 exportatos,
1813 1382 1907 1418 tum

1074 1434 1261 1475 lectulos
1299 1448 1323 1476 e
1357 1433 1559 1476 fenestris
1596 1433 1818 1486 projectos
1850 1432 1906 1474 ab

1074 1490 1173 1541 igne
1201 1490 1457 1540 vindicavit,
1489 1503 1541 1531 ac
1573 1502 1653 1542 per
1681 1488 1907 1532 dimidiam

1075 1546 1230 1588 horam
1254 1547 1368 1588 inter
1394 1547 1610 1595 flammas,
1642 1547 1727 1598 jam
1757 1546 1802 1586 in
1828 1545 1905 1586 im-

1074 1605 1274 1644 mensum
1310 1603 1655 1652 succrescenteS‚
1690 1603 1906 1652 versatus,

1075 1657 1233 1700 exinde
1253 1657 1460 1700 divinitus
1476 1657 1719 1707 incelumis,
1737 1657 1906 1699 univer-

1076 1715 1136 1755 sis
1156 1714 1324 1756 civibus
1344 1713 1676 1763 admirantibus,
1700 1714 1845 1764 exivit,
1863 1713 1906 1754 in

1075 1770 1228 1812 schola
1264 1770 1459 1812 caritatis
1495 1768 1702 1819 edocens,
1738 1769 1906 1821 segnie-

1074 1839 1167 1867 rem
1188 1827 1232 1867 in
1251 1839 1351 1868 eum
1370 1826 1504 1867 fuisse
1523 1826 1684 1877 ignem,
1705 1826 1779 1877 qui
1798 1825 1906 1867 foris

1074 1885 1257 1932 usserat,
1270 1895 1403 1935 quam
1418 1882 1493 1934 qui
1506 1882 1622 1923 intus
1634 1881 1906 1924 accenderat.

1126 1939 1177 1991 R.
1204 1939 1383 1980 Amavit
1403 1951 1504 1980 eum
1522 1938 1757 1988 Deminus,
1776 1943 1821 1980 et
1840 1951 1905 1980 or-

1074 1995 1196 2036 navit
1228 2007 1343 2036 eum:
1383 1994 1544 2036 stolam
1580 1994 1733 2046 gleriae
1766 1994 1907 2036 induit

1076 2063 1185 2101 eum,
1200 2052 1223 2076 *
1243 2051 1301 2092 Et
1321 2050 1377 2092 ad
1396 2055 1550 2103 portas
1567 2050 1762 2103 paradisi
1781 2063 1905 2092 coro-

1074 2107 1195 2148 navit
1233 2120 1343 2148 eum.
1395 2102 1446 2154 Y.
1489 2107 1637 2149 Induit
1674 2119 1776 2148 eum
1811 2107 1906 2148 Dfis

1075 2162 1258 2204 loricam
1282 2162 1402 2213 fidei,
1429 2168 1473 2204 et
1497 2163 1670 2204 ornavit
1693 2175 1803 2204 eum.
1838 2163 1906 2205 Et.

1377 2220 1529 2260 Lectio
1551 2219 1604 2259 vi.

1178 2275 1362 2327 ultiplici
1407 2275 1694 2327 asperitatum
1730 2276 1905 2325 genere,

1197 2330 1513 2372 demississima
1540 2330 1806 2380 obedientia,
1834 2343 1905 2372 ex-

1076 2388 1216 2428 trema
1247 2388 1527 2439 paupertate,
1560 2385 1716 2427 orandi
1747 2385 1904 2435 studio,

1076 2455 1222 2484 rerum
1249 2442 1494 2483 divinarum
1523 2441 1905 2494 contemplatiene,

1075 2512 1127 2540 ac
1145 2499 1189 2539 in
1205 2498 1382 2539 beatam
1395 2498 1622 2548 Virginem
1642 2497 1810 2549 pietate
1828 2497 1905 2538 mi-

1075 2555 1195 2596 rifice
1215 2554 1435 2603 excelluit,
1460 2558 1505 2594 et
1526 2552 1807 2594 lacrimarum
1828 2553 1903 2594 do-

1075 2623 1132 2651 no
1162 2610 1325 2652 enituit.
1366 2609 1568 2661 Denique
1595 2609 1719 2660 gravi
1747 2608 1904 2650 morbo

1076 2668 1323 2718 correptus,
1363 2664 1565 2706 emnibus
1597 2663 1809 2705 Ecclesiae
1839 2677 1903 2705 sa-
