2028 2892
169 202 236 237 118

219 298 401 347 Lunam,
427 302 471 338 et
494 296 643 338 stellas
666 296 709 336 in
727 295 994 347 potestatem

168 355 323 396 noctis:
342 355 365 379 *
388 354 593 406 quoniam
618 353 662 393 in
685 353 896 393 aeternum
918 350 993 390 mi-

170 409 407 453 sericordia
427 410 527 461 ejus.

221 467 304 517 Qui
349 466 567 518 permissit
607 466 850 517 AEgyptum
896 475 994 503 cum

168 522 468 576 primogenitis
488 525 655 564 eorum:
674 522 697 547 *
723 519 929 573 quoniam
952 519 994 559 in

170 582 381 621 aeternum
399 577 701 620 misericordia
720 577 821 629 ejus.

221 636 305 686 Qui
333 635 484 677 eduxit
504 634 641 676 Israel
670 634 725 675 de
750 632 896 674 medio
926 633 995 673 eo-

169 706 280 734 rum:
298 693 322 719 *
345 692 551 744 quoniam
573 692 616 732 in
641 692 852 732 aeternum
871 688 995 729 mise-

170 748 359 790 ricordia
378 748 479 799 ejus.

221 806 272 846 In
295 818 427 846 manu
445 804 631 857 potenti,
657 807 700 845 et
723 801 904 844 brachio
927 813 995 842 ex-

170 862 304 903 celso:
318 862 341 887 ²⁸¹
358 861 562 913 quoniam
580 861 624 901 in
642 861 853 901 aeternum
870 857 996 899 mise-

170 917 359 959 ricordia
378 918 480 969 ejus.

223 974 307 1025 Qui
326 973 473 1015 divisit
488 973 610 1014 Mare
631 971 811 1013 rubrum
830 971 874 1012 in
893 970 997 1012 divi-

171 1031 335 1072 siones:
354 1031 377 1056 *
399 1030 605 1082 quoniam
625 1029 668 1070 in
688 1030 900 1070 aeternum
921 1027 996 1068 mi-

172 1086 410 1129 sericordia
430 1087 531 1139 ejus.

224 1144 282 1184 Et
293 1143 443 1185 eduxit
453 1143 589 1184 Israel
599 1155 679 1195 per
690 1141 882 1182 medium
894 1142 999 1193 ejus:

172 1201 196 1226 *
221 1200 426 1252 quoniam
450 1200 493 1240 in
521 1201 731 1240 aeternum
755 1198 998 1239 misericor-

173 1256 245 1298 dia
264 1257 365 1307 ejus.

223 1312 280 1354 Et
299 1312 490 1354 excussit
504 1311 789 1361 Pharaonem,
809 1316 853 1353 et
868 1311 998 1353 virtu-

171 1373 261 1410 tem
282 1370 371 1420 ejus
394 1369 437 1409 in
455 1368 566 1409 Mari
582 1367 730 1409 rubro:
748 1368 772 1393 *
793 1368 998 1420 quoniam

171 1425 214 1465 in
237 1427 448 1466 aetemum
466 1424 766 1466 misericordia
786 1425 887 1476 ejus.

223 1481 307 1531 Qui
325 1481 519 1523 traduxit
538 1480 752 1533 populum
775 1494 901 1522 suum
919 1494 999 1534 per

171 1537 407 1579 desertum:
432 1538 456 1564 *
484 1537 689 1590 quoniam
717 1537 760 1578 in
786 1539 998 1579 aeternum

170 1593 469 1636 misericordia
489 1595 590 1645 ejus.

224 1650 308 1700 Qui
339 1651 558 1702 permissit
591 1662 716 1701 reges
747 1663 946 1702 magnos:
974 1651 997 1677 *

173 1707 379 1758 quoniam
400 1707 444 1747 in
469 1708 679 1748 aeternum
699 1707 998 1750 misericordia

173 1775 274 1814 ejus.

223 1819 281 1860 Et
314 1818 474 1861 occidit
507 1832 633 1871 reges
664 1819 816 1861 fortes:
839 1820 863 1846 *
893 1823 997 1873 quo-

174 1875 290 1916 niam
303 1875 347 1916 in
362 1877 572 1917 aeternum
581 1876 881 1918 misericordia
896 1878 998 1929 ejus.

224 1931 369 1973 Sehon
397 1944 544 1983 regem
571 1932 947 1975 Amorrhaeorum:
974 1935 997 1960 *

175 1989 381 2040 quoniam
399 1988 442 2029 in
466 1990 676 2030 aeternum
698 1989 998 2032 misericordia

174 2057 276 2096 ejus.

225 2100 282 2142 Et
304 2101 372 2153 Og
395 2114 542 2153 regem
565 2102 725 2143 Basan:
743 2102 767 2128 *
793 2103 999 2154 quoniam

174 2157 218 2197 in
237 2159 448 2199 aeternum
466 2158 766 2200 misericordia
785 2159 887 2211 ejus.

224 2213 282 2255 Et
305 2213 426 2256 dedit
450 2218 611 2256 terram
641 2217 794 2256 eorum
817 2215 999 2258 haeredi-

175 2271 324 2311 tatem:
342 2271 366 2297 *
387 2271 592 2323 quoniam
615 2271 659 2312 in
685 2273 897 2313 aeternum
924 2273 999 2313 mi-

178 2325 412 2367 sericordia
433 2328 534 2379 ejus.

228 2381 542 2425 Haereditatem
560 2383 699 2424 Israel
717 2395 846 2425 servo
866 2397 961 2425 suo:
977 2385 1000 2410 *

179 2437 383 2500 quoniam
406 2439 448 2479 in
472 2441 683 2481 aeternum
701 2439 1001 2482 misericordia

179 2505 279 2543 ejus.

230 2548 341 2598 Quia
358 2549 401 2589 in
415 2549 657 2594 humilitate
671 2556 820 2593 nostra
834 2565 1003 2594 memor

178 2604 257 2645 fuit
280 2605 431 2646 nostri:
449 2606 473 2631 *
493 2608 698 2658 quoniam
723 2609 766 2649 in
791 2610 1002 2650 aeternum

178 2660 477 2702 misericordia
497 2663 596 2713 ejus.

231 2717 285 2758 Et
313 2717 495 2759 redemit
524 2733 604 2760 nos
632 2720 687 2762 ab
715 2721 901 2762 inimicis
929 2735 1002 2763 no-

745 205 851 239 1⁴'cria
876 203 1009 246 quinta¹
1034 202 1082 236 ad
1100 201 1304 244 Vesperas.

1048 291 1164 332 stris:
1182 291 1206 317 ²⁸¹
1228 291 1435 344 quoniam
1458 290 1501 331 in
1521 290 1735 331 aeternum
1752 287 1878 330 mise-

1048 347 1238 389 ricordia
1257 348 1358 399 ejus.

1101 404 1185 454 Qui
1204 404 1280 446 dat
1299 416 1447 446 escam
1461 402 1580 445 omni
1595 401 1728 444 carni:
1738 401 1762 428 *
1775 403 1879 454 quo-

1048 461 1165 502 niam
1178 461 1222 502 in
1238 463 1450 502 aeternum
1463 458 1765 501 misericordia
1778 458 1881 510 ejus

1102 517 1380 559 Confitemini
1390 518 1488 559 Deo
1500 515 1615 558 coeli:
1632 515 1657 542 *
1674 514 1880 568 quoniam

1049 575 1092 615 in
1112 576 1325 616 aeternum
1343 572 1646 615 misericordia
1664 572 1768 624 ejus.

1103 631 1383 673 Confitemini
1435 630 1630 671 Domino
1683 627 1881 670 domino-

1049 701 1161 729 rum:
1179 688 1203 713 *
1225 687 1432 740 quoniam
1455 687 1500 727 in
1524 687 1737 728 aeternum
1754 684 1881 726 mise-

1050 743 1240 786 ricordia
1260 744 1363 796 ejus.

1105 816 1204 854 Ant.
1225 809 1443 862 Quoniam
1460 806 1508 850 iri
1524 810 1738 850 aeternum
1754 807 1882 849 mise-

1051 866 1241 909 ricordia
1261 867 1363 918 ejus.

1105 935 1203 975 Ant.
1232 935 1455 984 Hymnum
1474 931 1659 973 cantate.

1314 1013 1514 1054 Psalmus
1534 1013 1621 1054 136.

1052 1077 1451 1185 Suzgfflffla
1466 1078 1751 1178 flffssffisszffisz
1783 1077 1885 1177 2¹1}

1051 1193 1383 1235 recordaremur
1402 1193 1522 1235 Sion:

1103 1250 1154 1290 In
1174 1249 1380 1291 salicibus
1399 1250 1444 1290 in
1461 1248 1610 1291 medio
1630 1249 1734 1301 ejus,
1751 1248 1776 1275 ¹⁸¹
1792 1261 1883 1290 sus-

1051 1306 1284 1359 pendimus
1303 1309 1469 1358 organa
1487 1309 1649 1348 nostra.

1105 1363 1217 1414 Quia
1251 1363 1340 1405 illic
1375 1363 1757 1415 interrogaverunt
1791 1374 1884 1412 nos,

1053 1420 1127 1472 qui
1145 1422 1347 1473 captivos
1366 1419 1587 1462 duxerunt
1603 1432 1697 1470 nos,
1709 1419 1734 1446 *
1748 1417 1885 1461 verba

1051 1477 1319 1518 cantionum:

1103 1534 1161 1575 Et
1195 1534 1269 1586 qui
1305 1533 1584 1576 abduxerunt
1618 1545 1715 1575 nosz
1741 1531 1767 1559 *
1794 1531 1884 1583 Hy·

1049 1603 1201 1631 mnum
1236 1592 1411 1632 cantate
1446 1589 1576 1632 nobis
1609 1588 1666 1631 de
1703 1588 1885 1631 canticis

1050 1647 1166 1688 Sion.
1745 1687 1749 1690 Α

1103 1701 1339 1753 Quomodo
1367 1701 1641 1744 cantabimus
1664 1701 1884 1743 canticum
1945 1746 1953 1766 ι

1050 1759 1271 1801 Domini*
1289 1759 1334 1800 in
1351 1762 1470 1800 terra
1488 1757 1651 1800 aliena?

1102 1816 1149 1857 Si
1167 1815 1331 1858 oblitus
1349 1815 1475 1857 fuero
1499 1815 1563 1857 tui
1580 1814 1840 1865 Jerusalem,
1859 1814 1884 1841 *

1051 1872 1262 1915 oblivioni
1281 1872 1409 1914 detur
1428 1871 1611 1914 dextera
1627 1884 1737 1914 mea.

1102 1928 1344 1971 Adha‘ereat
1374 1928 1523 1980 lingua
1553 1941 1653 1970 mea
1684 1927 1884 1971 faucibus

1050 1986 1171 2036 meis,
1189 1986 1213 2012 *
1233 1986 1271 2028 si
1289 1998 1378 2028 non
1397 1987 1639 2027 meminero
1658 1985 1738 2027 tui:

1102 2043 1148 2085 Si
1171 2056 1260 2085 non
1282 2045 1562 2095 proposuero
1581 2041 1841 2092 Jerusalem,
1860 2041 1884 2067 *

1051 2100 1095 2140 in
1104 2099 1285 2198 file-3123?
1288 2099 1658 2198 ioessffifitigeoffiil‘erss
1695 2155 1886 2197 filiorum

1050 2212 1207 2263 Edom,
1226 2213 1250 2239 *
1268 2213 1313 2253 in
1332 2212 1403 2254 die
1422 2212 1686 2254 Jerusalem:

1105 2269 1190 2319 Qui
1209 2269 1374 2311 dicunt:
1398 2269 1646 2319 Exinanste,
1667 2268 1886 2311 exinanite

1052 2326 1076 2351 *
1094 2338 1236 2378 usque
1255 2325 1312 2367 ad
1331 2325 1662 2367 Fundamentum
1681 2325 1725 2366 in
1745 2337 1807 2366 ea.

1104 2383 1214 2424 Filia
1229 2382 1472 2434 Babylonis
1485 2385 1660 2424 misera:
1678 2382 1702 2409 *
1717 2381 1886 2431 beatus,

1054 2439 1129 2491 qui
1173 2438 1386 2481 retribuet
1430 2439 1510 2481 tibi
1551 2438 1885 2481 retributionem

1053 2500 1184 2545 tuam,
1205 2507 1337 2547 quam
1356 2495 1595 2537 retribuisti
1613 2495 1753 2537 nobis.

1105 2552 1286 2601 Beatus,
1316 2552 1390 2603 qui
1408 2551 1591 2602 tenebit,
1616 2552 1640 2579 *
1665 2555 1709 2593 et
1736 2550 1887 2592 allidet

1054 2608 1263 2660 parvulos
1282 2612 1384 2649 tuos
1403 2608 1460 2649 ad
1478 2613 1661 2661 petram.

1110 2666 1207 2705 Ant.
1236 2664 1457 2716 Hymnum
1485 2667 1659 2706 cantate
1681 2662 1810 2704 nobis
1830 2662 1885 2704 de

1055 2720 1236 2762 canticis
1255 2720 1371 2762 Sion.
