2028 2892
136 266 315 303 cunctos
335 260 584 310 admonere,
610 260 784 302 studeat
807 263 948 313 singu-

134 317 218 368 los,
250 318 294 358 in
327 321 534 370 quantum
561 316 695 367 valet,
728 316 952 367 instruere,

135 374 317 427 privatis
376 373 668 415 locutionibus
722 373 952 416 aedificare.

135 430 356 472 Debemus
387 442 574 482 namque
601 432 787 482 pensare
820 433 952 472 conti-

134 499 236 537 nuo,
265 486 383 538 quod
410 486 570 527 sanctis
595 486 822 539 Apostolis
851 487 952 528 dici-

134 549 219 593 tur,
247 547 290 585 et
316 555 396 596 per
422 542 662 595 Apostolos
690 542 829 584 nobis:
856 544 951 585 Vos

136 599 240 642 estis
264 599 328 640 sal
346 603 486 641 terrae.
519 599 563 640 Si
587 611 690 651 ergo
710 598 774 640 sal
793 613 951 649 sumus,

135 655 313 698 condire
332 660 500 697 mentes
519 655 712 697 fidelium
731 655 952 698 debemus.

134 713 229 754 Vos
248 713 378 763 igitur
400 713 473 764 qui
490 714 690 764 pastores
709 713 829 763 estis,
849 726 950 765 pen-

136 771 230 810 sate
249 770 350 821 quia
363 769 447 810 Dei
465 768 666 810 animalia
685 769 877 821 pascitis:
897 770 951 812 de

137 825 292 878 quibus
326 825 524 878 profecto
564 825 819 867 animalibus
853 826 950 868 Deo

134 895 214 934 per
235 881 511 922 Psalmistam
536 881 709 923 dicitur:
735 882 951 923 Animalia

134 942 210 979 tua
233 937 492 979 habitabunt
522 937 565 978 in
594 950 654 979 ea.
691 941 717 991 3
746 939 802 980 Et
833 951 952 991 saepe

133 994 330 1036 videmus
367 993 487 1046 quod
521 998 647 1046 petra
679 995 781 1036 salis
813 995 951 1037 brutis

134 1050 389 1092 animalibus
417 1051 705 1103 anteponitur,
733 1057 780 1093 ut
806 1064 859 1093 ex
884 1054 951 1093 ea-

135 1107 235 1149 dem
261 1107 363 1148 salis
386 1113 511 1159 petra
535 1107 726 1150 lambere
754 1108 951 1158 debeant,

135 1169 179 1206 et
216 1163 445 1205 meliorari.
516 1164 648 1214 Quasi
696 1177 799 1215 ergo
839 1165 952 1206 inter

132 1220 261 1262 bruta
287 1219 488 1261 animalia
516 1224 642 1272 petra
669 1221 787 1271 salis,
820 1220 951 1262 debet

133 1289 231 1318 esse
256 1276 463 1318 sacerdos
490 1276 534 1317 in
561 1276 747 1329 p6pulis.
788 1277 951 1319 Curare

132 1345 319 1385 namque
355 1332 628 1374 sacerdOtem
659 1335 838 1374 necesse
873 1339 950 1383 est,

133 1401 232 1442 quae
255 1388 434 1440 singulis
454 1388 580 1439 dicat,
598 1391 950 1441 unumquemque

134 1445 319 1497 qualiter
338 1444 586 1486 admoneat:
605 1450 651 1486 ut
671 1445 867 1497 quisquis
887 1459 950 1486 sa-

133 1500 301 1543 cerd6ti
310 1501 508 1553 jungitur,
519 1501 643 1553 quasi
654 1513 707 1542 ex
718 1501 820 1542 salis
829 1506 950 1543 tactu

133 1559 309 1599 aeternae
328 1557 430 1599 vitae
449 1560 608 1610 sapore
628 1557 868 1600 condiatur.

181 1632 231 1683 Re.
258 1632 436 1673 Amavit
454 1645 552 1674 eum
570 1633 800 1683 Dominus,
824 1638 867 1675 et
885 1646 949 1675 or-

132 1688 253 1730 navit
285 1701 396 1731 eum:
434 1688 593 1730 stolam
628 1689 779 1740 gloriae
811 1689 951 1732 induit

132 1757 241 1795 eum,
267 1746 289 1770 ²⁶¹
314 1745 371 1787 Et
398 1744 455 1787 ad
479 1750 631 1798 portas
658 1745 851 1798 paradisi
880 1759 949 1788 co-

130 1801 302 1843 ronavit
326 1814 435 1843 eum.
478 1797 528 1849 V.
556 1801 703 1844 Induit
730 1815 828 1844 eum
856 1803 949 1844 Dfis

129 1857 309 1899 loricam
327 1857 432 1899 fidei
449 1862 493 1899 et
512 1859 683 1900 ornavit
704 1871 813 1900 eum.
852 1859 918 1901 Et.

412 1943 562 1984 Lectio
585 1943 666 1983 viii.

199 2009 241 2050 al
265 2008 423 2051 etenim
446 2013 576 2050 terrae
602 2022 689 2051 non
713 2022 877 2059 sumUS‚
913 2011 949 2051 si

222 2064 356 2106 corda
387 2064 653 2107 audientium
685 2078 772 2107 non
804 2065 948 2108 condi-

130 2134 240 2162 mus:
264 2121 383 2173 quod
404 2121 602 2173 profecto
623 2122 948 2164 condimentum

130 2177 202 2219 ille
236 2177 450 2219 veraciter
484 2178 686 2230 proximo
720 2179 947 2231 impendit,

131 2234 206 2285 qui
255 2233 580 2286 praedicationis
631 2234 812 2276 verbum
861 2248 948 2277 non

130 2289 354 2332 subtrahit.
419 2290 506 2331 Sed
556 2295 659 2332 tunc
704 2304 806 2333 vere
855 2291 948 2332 aliis

130 2350 251 2387 recta
276 2346 583 2399 praedicamus,
612 2347 647 2388 si
675 2346 791 2389 dicta
818 2347 948 2389 rebus

131 2406 174 2443 et
191 2402 402 2455 exemplis
423 2402 702 2444 ostendimus.
730 2399 755 2449 Ξ
772 2403 948 2445 Nullum

129 2463 256 2510 puto,
297 2458 452 2500 fratres
488 2459 718 2509 carissimi,
755 2459 810 2501 ab
851 2459 947 2501 aliis

129 2515 265 2566 maius
283 2514 593 2567 praejudicium,
618 2529 747 2568 quam
765 2529 790 2556 a
808 2528 946 2557 sacer-

133 2637 242 2676 quos
264 2626 321 2668 ad
338 2627 521 2668 aliorum
539 2628 853 2669 correctiOnem
871 2629 946 2679 po-

131 2681 227 2731 suit,
246 2681 349 2724 dare
366 2682 421 2725 de
440 2695 487 2725 se
502 2684 702 2736 exempla
719 2684 944 2736 pravitatis

523 165 595 199 Die
621 165 668 199 17.
694 165 829 199 Martii.
876 167 910 200 S.
935 166 1084 199 Patritii
1108 166 1235 208 Episc.
1261 170 1295 199 ct
1321 166 1427 200 Cont'.

132 2568 306 2612 dctibus
328 2571 488 2613 tolerat
505 2572 639 2613 Deus:
661 2571 834 2624 quando
860 2584 947 2621 eos
1003 2594 1006 2599 ·

1005 261 1156 303 cernit:
1181 260 1355 313 quando
1376 261 1459 313 ipsi
1481 262 1726 313 peccamus,
1751 260 1823 312 qui

1005 319 1285 370 compescere
1340 319 1524 369 peccata
1581 316 1825 358 debuimus:

1004 374 1121 416 nulla
1152 374 1391 415 animarum
1424 373 1546 415 lucra
1579 373 1824 425 quaerimus,

1005 430 1061 472 ad
1075 435 1225 472 nostra
1241 429 1435 482 quotidie
1450 430 1593 471 studia
1608 432 1824 479 vacamus,

1004 489 1176 528 terrena
1202 487 1566 539 concupiscimus,
1592 486 1824 527 humanam

1005 544 1189 595 gloriam
1215 543 1381 584 intenta
1411 547 1555 584 mente
1588 545 1824 595 captamus.

1006 601 1063 642 Et
1078 601 1178 652 quia
1197 613 1250 641 eo
1268 600 1365 652 ipso
1382 612 1468 651 quo
1486 599 1642 641 ceteris
1656 599 1825 651 praelati

1007 670 1172 706 sumuS‚
1199 656 1255 698 ad
1279 656 1447 707 agenda
1473 655 1678 708 quaelibet
1695 657 1824 707 majo-

1006 726 1098 755 rem
1121 713 1339 755 licentiam
1358 712 1583 762 habemus,
1610 714 1825 764 susceptae

1005 769 1322 812 benedictiOnis
1366 769 1653 810 ministerium
1698 769 1825 809 verti-

1005 839 1102 868 mus
1139 826 1195 868 ad
1233 826 1480 868 ambitionis
1511 827 1826 876 argumentum:

1004 884 1089 925 Dei
1117 896 1293 925 causam
1319 882 1619 934 relinquimus,
1660 881 1716 923 ad
1743 886 1824 922 ter-

1005 942 1108 981 rena
1126 940 1302 990 neg6tia
1320 942 1541 980 vacamus:
1563 938 1708 979 locum
1733 951 1825 978 san-

1005 997 1169 1038 ctitatis
1189 997 1440 1049 accipimus,
1461 1001 1503 1037 et
1521 995 1704 1037 terrenis
1724 994 1825 1036 acti-

1004 1053 1085 1095 bus
1104 1053 1387 1105 implicamur.

1053 1121 1104 1173 R.
1122 1119 1173 1159 In
1190 1118 1335 1160 medio
1354 1118 1566 1159 Ecclesiae
1585 1117 1755 1169 aperuit
1774 1128 1824 1157 os

1005 1176 1104 1227 ejus,
1128 1178 1150 1201 *
1179 1175 1235 1216 Et
1261 1174 1456 1227 implevit
1484 1187 1582 1216 eum
1610 1173 1824 1214 D6minus

1004 1232 1159 1284 spiritu
1210 1231 1435 1284 sapientiae
1482 1236 1525 1272 et
1569 1229 1824 1272 intellectus.

1001 1282 1050 1335 V.
1106 1289 1130 1330 J
1132 1287 1430 1330 ucunditatem
1482 1293 1525 1329 et
1574 1286 1822 1329 exsultatio-

1002 1358 1102 1386 nem
1126 1344 1436 1386 thesaurizavit
1461 1357 1591 1396 super
1616 1356 1724 1384 eum.
1766 1342 1823 1383 Et

1002 1401 1208 1454 implevit.
1228 1400 1378 1442 Gloria
1391 1400 1522 1441 Patri.
1546 1400 1602 1440 Et
1616 1398 1822 1451 implevit.

1053 1477 1184 1511 Lectio
1220 1476 1268 1510 ix.
1306 1476 1352 1510 de
1384 1476 1524 1510 Homil.
1559 1480 1595 1509 et
1629 1485 1822 1510 commem.

1000 1525 1122 1559 Feriae
1146 1525 1183 1558 in
1207 1524 1325 1558 Laud.

1055 1578 1078 1622 ἒ
1112 1577 1152 1611 Si
1191 1578 1403 1611 celebretur
1440 1577 1511 1610 hoc
1546 1576 1697 1609 Festum
1736 1583 1823 1618 post

1000 1625 1165 1667 Pascha,
1197 1630 1232 1659 et
1257 1625 1386 1658 Lectio
1413 1625 1461 1658 ix.
1486 1634 1562 1658 non
1588 1624 1637 1657 sit
1660 1624 1822 1665 legenda

1002 1674 1048 1707 de
1080 1673 1195 1707 Festo
1234 1673 1421 1715 Simplici,
1462 1677 1550 1706 tunc
1590 1672 1822 1714 supradictae

1001 1722 1204 1755 Lectiones
1234 1721 1280 1755 de
1304 1721 1475 1755 Homilia
1501 1720 1726 1754 dividuntur
1755 1721 1821 1754 ita:

1000 1770 1131 1804 Lectio
1160 1770 1225 1803 vii.
1256 1768 1590 1804 Considerandum
1621 1778 1742 1811 usquc
1774 1769 1821 1802 ad
1870 1804 1874 1812 1

1001 1817 1231 1852 habitabunt
1251 1817 1291 1851 in
1315 1827 1370 1851 ea.
1392 1817 1524 1851 Lectio
1542 1815 1621 1850 viii.
1645 1816 1694 1850 Et
1717 1825 1822 1859 saepe

1001 1875 1122 1909 usque
1147 1865 1196 1899 ad
1222 1864 1469 1900 ostendimus.
1502 1864 1632 1898 Lectio
1658 1864 1706 1897 ix.
1732 1863 1823 1898 Nul-

1000 1913 1080 1948 lum
1102 1916 1197 1957 puto
1226 1924 1347 1957 usque
1373 1913 1421 1946 ad
1445 1913 1566 1946 finem.

1053 1964 1281 1999 Occurrente
1309 1964 1419 1998 Feria
1444 1969 1552 1997 sexta
1582 1968 1670 2007 post
1694 1964 1821 1997 Domi-

1001 2012 1125 2045 nicam
1158 2012 1358 2046 Passionis
1389 2012 1429 2046 fit
1461 2012 1636 2046 Officium
1669 2011 1819 2054 Septem

1000 2059 1186 2094 Dolorum
1210 2060 1251 2094 B.
1275 2060 1322 2094 M.
1346 2060 1390 2093 V.

1051 2111 1091 2146 Si
1129 2112 1287 2155 aliquod
1326 2122 1374 2145 ex
1411 2111 1659 2155 sequentibus
1695 2110 1819 2143 Festis

1002 2159 1145 2193 incidat
1174 2160 1211 2193 in
1236 2161 1418 2202 majorem
1442 2158 1734 2193 Hebdomadam
1760 2158 1820 2191 vel

1001 2206 1098 2240 infra
1128 2207 1311 2242 Octavam
1344 2207 1523 2248 Pascha:⁷
1557 2206 1588 2239 si
1622 2205 1819 2239 transferri

1000 2255 1143 2298 valeat⁷
1189 2255 1440 2289 transferatur
1484 2259 1573 2297 post
1620 2253 1818 2289 Octavam:

1002 2302 1110 2336 aliter
1139 2303 1185 2337 de
1216 2313 1261 2337 eo
1290 2304 1355 2337 fiat
1379 2300 1689 2337 commemoratio
1714 2300 1818 2342 juxta

1001 2350 1198 2385 RubricaS.

1246 2447 1329 2488 Die
1348 2446 1403 2487 17.
1421 2446 1575 2488 Martii.

1081 2519 1124 2560 S.
1152 2519 1350 2560 Patritii
1379 2517 1517 2568 Episc.
1547 2522 1589 2555 et
1619 2516 1737 2556 Conf.

1326 2583 1489 2625 Duplex.

1050 2643 1185 2678 Omnia
1216 2645 1262 2678 de
1292 2644 1434 2677 Comm.
1464 2642 1570 2676 Conf.
1605 2644 1711 2677 Pont.
1747 2646 1815 2690 [66]

998 2699 1137 2736 praeter
1161 2703 1264 2736 sequ.
