2028 2892
197 175 274 210 380
308 173 354 206 14.
365 173 473 207 Febr.
488 173 721 207 &Valentini
731 174 860 208 l'resb.
870 174 915 208 M.
933 174 980 208 13.
994 175 1050 209 Ss.
1062 175 1235 210 Faustini
1246 182 1314 210 etc.
1323 176 1407 210 Mm.
1423 183 1458 211 ct
1473 178 1523 210 1⁸.
1536 179 1570 211 S.
1580 178 1770 212 Simeonis
1780 179 1848 222 Ep.
1858 179 1902 213 M.

198 271 351 322 gloriae
388 270 690 322 congaudens,
737 270 1027 324 omnipotenti

199 328 295 369 Deo
319 328 362 368 in
384 327 556 381 hymnis
581 332 624 369 et
642 326 845 369 laudibus
863 327 1026 379 gratias

198 383 404 434 reddidit,
430 385 610 437 ejusque
634 383 802 426 obitum
821 383 1026 425 fratribus

198 440 480 483 denuntiavit.
523 441 644 491 Quos
670 440 801 482 etiam
827 440 1026 493 protinus

197 497 329 547 misit,
357 502 406 539 ut
431 498 521 549 ejus
546 509 707 550 corpus
731 496 788 538 ad
810 498 1024 539 monaste-

197 553 309 594 rium
324 553 553 603 deferrent,
573 558 705 605 atque
720 553 763 593 in
779 553 1025 606 sepulchro,

198 610 319 662 quod
338 610 421 653 sibi
439 610 524 663 ipsi
538 613 782 663 paraverat,
800 612 1025 663 ponerent.

197 667 295 717 Quo
341 667 458 708 facto
508 667 706 718 contigit,
751 672 799 708 ut
839 679 1025 718 quorum

197 736 320 764 mens
352 736 438 764 una
471 736 645 776 semper
675 723 719 763 in
747 723 844 764 Deo
873 723 1025 773 fuerat,

198 782 349 821 eorum
374 792 550 832 quoque
573 781 762 831 corpora
782 792 863 821 nec
882 779 1024 832 sepul-

196 839 295 877 tura
315 838 550 889 separaret.

248 899 296 950 R.
327 897 576 939 Afferentur
596 896 719 947 Regi.
739 896 849 949 [108]

246 967 289 1001 In
311 967 374 1001 111.
397 967 596 1001 Nocturno
622 966 791 1000 Homilia
818 967 854 1000 in
877 967 1021 1009 Evang.

194 1015 327 1051 Simile
361 1015 433 1051 erit
459 1025 621 1059 regnum
650 1015 845 1050 coelorum.
882 1015 929 1049 de
962 1025 1022 1049 eo-

194 1065 281 1099 dem
305 1063 509 1098 Communi
535 1064 561 1096 1.
586 1063 684 1097 loco.
714 1063 812 1107 [110]

246 1121 377 1155 Lectio
400 1121 449 1154 ix.
469 1120 515 1154 dc
538 1120 710 1154 Homilia
732 1120 857 1154 Feriae
879 1130 1021 1154 oecurr.

194 1174 230 1204 ct
253 1170 299 1203 dc
318 1180 360 1203 ca
384 1170 424 1203 fit
443 1179 638 1203 commem.
658 1168 695 1202 in
713 1168 831 1202 Laud.
853 1173 889 1203 ct
906 1168 1021 1211 vesp.

403 1264 487 1306 Die
506 1263 565 1303 14.
584 1262 821 1304 Februarii.

196 1331 241 1373 S.
265 1330 525 1373 Valentini
554 1330 803 1382 Presbyteri
831 1335 873 1371 et
898 1330 1021 1371 Mart.

248 1396 344 1436 Ant.
384 1395 474 1436 Iste
501 1397 678 1435 sanctus
705 1406 788 1446 pro
816 1392 912 1445 lege
939 1393 1025 1435 Dei

195 1449 262 1491 sui
281 1450 465 1492 certavit
481 1462 621 1502 usque
641 1448 699 1491 ad
717 1455 915 1500 mortem,
937 1455 981 1493 et
999 1463 1025 1492 a

194 1506 341 1548 verbis
368 1506 604 1560 impiorum
633 1519 722 1548 non
748 1506 905 1548 timuit:
932 1506 1024 1548 fun-

195 1561 325 1605 datus
350 1563 465 1604 enim
490 1568 584 1605 erat
609 1575 743 1616 supra
760 1563 931 1605 firmam
949 1576 1022 1616 pe-

194 1624 318 1661 tram.

243 1671 292 1722 V.
336 1676 489 1718 Gloria
522 1681 565 1718 et
599 1675 768 1718 honore
801 1676 1023 1719 coronasti

194 1744 294 1774 eum
325 1733 524 1774 Domine.
575 1733 625 1784 R·.
663 1732 721 1774 Et
757 1732 1023 1775 eonstituisti

194 1801 294 1831 eum
313 1801 445 1842 super
464 1791 601 1842 opera
618 1790 825 1830 manuum
839 1791 1023 1831 tuarum.

528 1849 692 1890 Oratio.

276 1910 427 1957 raesta,
460 1908 711 1958 quaesumus
744 1907 1022 1958 omm'potens

287 1962 424 2004 Deus:
457 1967 520 2012 ut,
553 1962 628 2014 qui
654 1961 774 2003 beati
801 1961 1022 2004 Valentini

192 2018 398 2071 Mattyris
434 2019 498 2060 tui
529 2017 727 2060 natalitia
760 2017 960 2068 colimus,
998 2031 1023 2060 a

193 2075 360 2117 cunctis
393 2075 518 2116 malis
553 2074 894 2124 imminentibuS,
931 2076 1022 2126 ejus

192 2131 506 2174 intercessione
521 2130 768 2174 liberemur.
795 2131 880 2173 Per
894 2131 1021 2172 Dnm.

246 2195 293 2234 In
314 2193 548 2234 Laudibus.
578 2195 675 2234 Ant.
704 2191 789 2243 Qui
814 2190 908 2233 odit
935 2191 1021 2232 ani-

191 2261 308 2290 mam
327 2261 451 2290 suam
468 2248 512 2291 in
531 2247 617 2289 hoc
635 2246 811 2298 mundo,
829 2247 873 2288 in
887 2247 1022 2289 vitam

193 2306 402 2346 aeternam
421 2304 615 2347 custodit
633 2317 739 2346 eam.

235 2363 285 2412 V
305 2366 329 2406 J
331 2370 455 2407 ustus
465 2371 512 2408 ut
523 2365 669 2419 palma
680 2364 865 2407 florebit.
878 2365 926 2416 R.
941 2365 1022 2407 Sic-

193 2426 241 2462 ut
261 2421 418 2463 cedrus
437 2422 592 2464 Libani
610 2420 981 2474 multiplicabitur.

398 2514 483 2556 Die
502 2515 560 2556 15.
579 2513 817 2556 Februarii.

194 2581 262 2622 Ss.
274 2581 502 2622 Faustini
516 2587 558 2622 ct
570 2583 601 2624 J
603 2581 752 2624 ovitae
767 2580 1017 2631 Martyrum.

247 2643 345 2684 Ant.
384 2644 572 2684 Istorum
601 2648 668 2685 est
697 2642 811 2685 enim
839 2655 1021 2693 regnum

193 2698 425 2748 coelorum,
468 2700 542 2751 qui
574 2701 930 2753 contempserunt
961 2699 1019 2740 vi-

1079 275 1170 312 tam
1185 271 1345 323 mundi,
1361 277 1405 315 et
1419 274 1713 326 pervenerunt
1729 271 1786 315 ad
1796 274 1907 326 prae-

1080 328 1167 370 mia
1189 329 1328 380 regni,
1355 335 1399 372 et
1424 329 1624 371 laverunt
1646 329 1783 371 stolas
1807 341 1908 371 suas

1079 384 1123 425 in
1143 385 1351 436 sanguine
1370 386 1496 437 Agni.

1131 442 1180 493 V.
1208 445 1439 487 Laetamini
1463 446 1507 487 in
1531 446 1738 496 Domino,
1767 450 1811 488 et
1834 458 1906 487 ex-

1080 501 1240 544 sultate
1267 502 1377 554 justi.
1425 507 1473 558 R».
1507 503 1564 545 Et
1590 502 1836 554 gloriamini
1863 514 1907 543 o-

1079 571 1202 600 mnes
1220 559 1330 600 recti
1349 559 1495 601 corde.

1416 624 1577 665 Oratio.

1168 689 1261 727 eus,
1290 677 1363 730 qui
1385 689 1467 718 nos
1492 679 1635 718 annua
1657 678 1907 719 sanctorum

1173 733 1416 786 Martyrum
1439 735 1616 775 tuorum
1642 733 1839 774 Faustini
1862 738 1907 774 et

1078 790 1103 831 J
1106 791 1237 831 ovitae
1266 789 1540 832 solemnitate
1566 789 1779 832 laetificas:
1806 801 1906 831 con-

1079 846 1187 888 cede
1207 846 1439 900 propitius;
1458 851 1521 897 ut,
1541 859 1728 899 quorum
1747 845 1906 898 gaude-

1077 916 1174 944 mus
1189 903 1365 954 meritis,
1381 902 1670 946 accendamur
1685 902 1909 956 exemplis.

1077 960 1162 1002 Per
1180 960 1428 1002 Dominum.

1132 1022 1179 1061 In
1200 1020 1333 1062 Laud.
1369 1023 1466 1064 Ant.
1502 1019 1645 1062 Vestri
1668 1019 1814 1073 capilli
1838 1022 1905 1062 ca-

1078 1077 1181 1130 pitis
1208 1089 1360 1119 omnes
1387 1076 1603 1118 numerati
1628 1082 1744 1119 sunt:
1771 1075 1906 1118 nolite

1077 1134 1244 1176 timere:
1264 1133 1414 1175 multis
1431 1132 1684 1187 passeribus
1702 1132 1906 1175 meliores

1078 1190 1183 1232 estis
1201 1203 1293 1232 vos.

1130 1252 1180 1301 V.
1207 1250 1503 1293 Exsultabunt
1528 1251 1667 1293 sancti
1689 1250 1734 1291 in
1756 1250 1906 1302 gloria.

1078 1307 1431 1363 R.Laetab1'1ntur
1449 1307 1492 1348 in
1512 1306 1727 1349 cubilibus
1747 1307 1849 1348 suis.

1282 1416 1366 1458 Die
1385 1417 1444 1457 18.
1462 1414 1699 1458 Februarii.

1077 1490 1120 1531 S.
1136 1488 1381 1531 Simeonis
1402 1488 1612 1541 Episcopi
1632 1493 1676 1530 et
1690 1488 1905 1541 Martyris.

1128 1556 1226 1597 Ant.
1269 1556 1358 1597 Iste
1386 1558 1561 1596 sanctus
1587 1566 1670 1607 pro
1697 1553 1795 1605 lege
1821 1553 1905 1596 Dei

1076 1613 1143 1654 sui
1162 1611 1346 1655 certavit
1363 1624 1503 1664 usque
1522 1610 1581 1653 ad
1598 1615 1797 1661 mortem,
1817 1614 1861 1652 et
1879 1623 1905 1652 a

1075 1668 1221 1711 verbis
1248 1668 1483 1722 impiorum
1510 1680 1598 1710 non
1624 1666 1781 1709 timuit:
1812 1666 1902 1708 fun-

1075 1724 1204 1768 datus
1231 1725 1346 1767 enim
1369 1729 1463 1767 erat
1486 1737 1620 1778 supra
1642 1724 1812 1765 firmam
1829 1736 1903 1777 pe-

1073 1787 1196 1824 tram.

1127 1834 1177 1886 V.
1217 1837 1370 1880 Gloria
1401 1843 1446 1880 et
1478 1837 1646 1880 honore
1679 1836 1903 1879 coronasti

1075 1908 1175 1937 eum
1206 1894 1406 1937 Domine.
1456 1895 1507 1945 R.
1545 1894 1602 1936 Et
1639 1892 1904 1936 constituisti

1068 1958 1174 1995 'eum
1192 1964 1325 2005 super
1345 1953 1481 2005 opera
1498 1953 1705 1992 manuum
1718 1951 1903 1992 tuarum.

1408 2011 1571 2052 Oratio.

1120 2069 1401 2111 nfirmitatem
1424 2073 1622 2110 nostram
1645 2066 1832 2120 respice,
1859 2079 1902 2109 o-

1125 2128 1373 2179 mnipotens
1390 2125 1525 2166 Deus:
1546 2129 1589 2166 et
1609 2123 1711 2176 quia
1728 2122 1903 2176 pondus

1073 2182 1267 2236 propriae
1293 2181 1476 2224 actionis
1503 2185 1672 2232 gravat,
1699 2179 1819 2222 beati
1840 2179 1901 2220 Si-

1073 2239 1242 2281 meonis
1260 2238 1466 2291 Martyris
1491 2237 1556 2279 tui
1574 2242 1706 2288 atque
1724 2235 1901 2278 Pontifi—

1074 2295 1136 2337 cis
1169 2294 1427 2337 intercessio
1462 2293 1655 2345 gloriosa
1685 2305 1767 2334 nos
1801 2294 1900 2346 pro-

1072 2357 1202 2404 tegat.
1235 2351 1321 2393 Per
1338 2351 1586 2393 Dominum.

1126 2411 1174 2450 In
1195 2410 1328 2451 Laud.
1359 2412 1456 2452 Ant.
1489 2410 1574 2461 Qui
1598 2408 1691 2451 odit
1714 2409 1902 2451 animam

1073 2481 1196 2510 suam
1214 2468 1258 2509 in
1276 2467 1361 2509 hoc
1378 2465 1553 2517 mundo,
1570 2466 1615 2506 in
1628 2466 1763 2507 vitam
1777 2467 1900 2507 aeter-

1073 2538 1173 2567 nam
1190 2522 1382 2566 custodit
1401 2535 1508 2564 eam.

1115 2575 1165 2627 V·
1184 2585 1208 2626 J
1210 2590 1332 2627 ustus
1343 2589 1390 2626 ut
1400 2583 1547 2636 palma
1557 2581 1740 2624 florebit.
1758 2582 1807 2633 Ru
1822 2582 1902 2623 Sic-

1072 2647 1120 2684 ut
1139 2641 1295 2684 cedrus
1313 2639 1470 2682 Libani
1487 2638 1858 2691 multiplicabitur.

1343 2722 1371 2724 V
1381 2710 1598 2733 mmm-
1618 2720 1628 2721 -
