2066 2904
1458 239 1515 251 ΑΛ
1534 237 1631 251 *A*
1651 226 1859 257 ΑϊᾼΛΛΔΥ,

1384 266 1401 283 ο
1456 257 1839 291 ΞοζοῑοῐοῑοΞῑ-ῐ

1263 306 1278 340 ·.
1348 325 1352 333 ·
1425 296 1777 353 jazfvvss‘stefeffisffaeaf
1798 282 1842 315 ⁶*

1208 366 1221 382 ,
1270 343 1279 351 -
1442 323 1545 371 0³>
1566 338 1779 382 aw-
1798 352 1815 369 ·

388 799 715 848 COMMUNE
751 799 1034 847 SANGTAE
1068 799 1429 849 MARTYRIS
1463 800 1747 849 TANTUM

629 882 694 915 ET
720 882 820 917 NEC
846 881 1074 917 vfflGINIS
1098 883 1200 918 NEC
1225 882 1500 918 MARTYRJS.

958 973 1027 976 ,--
1049 966 1166 982 ⁷0—

427 1029 488 1069 In
510 1029 546 1069 Ι.
567 1029 820 1079 vesperis.

258 1098 357 1138 Ant.
391 1099 509 1138 Dum
538 1099 656 1136 esset
683 1095 781 1136 Rex
802 1096 825 1122 *
845 1095 888 1135 in
914 1098 1038 1136 accu-

206 1152 302 1193 bitu
333 1163 431 1201 suo,
466 1151 630 1192 nardus
656 1164 754 1192 mea
785 1151 908 1193 dedit
933 1151 1038 1192 odo-

206 1221 299 1249 rem
318 1207 560 1248 suavitatis.

462 1277 663 1318 Psalmus
684 1278 778 1318 109.

329 1401 343 1414 ⁸
379 1353 409 1399 :g
428 1343 543 1384 ’ixit
587 1344 805 1385 Deminus
846 1345 1039 1386 Domino

480 1412 595 1441 meo:
624 1401 647 1427 *
675 1400 789 1442 Sede
817 1413 842 1441 a
871 1401 1039 1443 dextris

480 1456 605 1496 meis:

386 1554 400 1567 A
528 1513 684 1554 Donec
710 1526 874 1565 ponam
901 1513 1039 1554 inimi-

482 1581 559 1609 cos
592 1573 710 1618 tuos,
742 1571 766 1596 *
798 1569 1039 1611 scabellum

206 1625 370 1678 pedum
389 1627 577 1666 tuorum.

259 1686 442 1737 Virgam
459 1685 636 1726 virtutis
655 1690 744 1727 tuae
765 1688 936 1728 emittet
949 1687 1037 1728 De-

207 1743 350 1783 minus
371 1755 426 1783 ex
445 1741 565 1782 Sion:
584 1743 608 1769 *
627 1741 856 1783 dominare
881 1743 925 1783 in
951 1745 1037 1784 me-

209 1799 282 1839 dio
304 1798 579 1839 inimicerum
598 1800 787 1839 tuorum.

260 1859 426 1900 Tecum
467 1859 729 1911 principium
767 1859 811 1899 in
849 1859 921 1900 die
955 1859 1037 1900 vir-

208 1915 316 1956 tutis
344 1920 432 1956 tuae
461 1915 504 1955 in
526 1915 837 1967 splendoribus
866 1917 1036 1956 sancto-

207 1984 322 2012 rum:
355 1973 379 1998 *
412 1984 467 2013 ex
503 1975 631 2013 utero
669 1976 771 2012 ante
809 1971 1037 2012 luciferum

207 2028 337 2077 genui
370 2032 426 2069 te.

258 2088 429 2129 Juravit
452 2087 684 2137 Dominus,
714 2092 758 2129 et
785 2100 872 2129 non
899 2089 1036 2141 poeni-

207 2144 319 2186 tebit
340 2157 454 2186 eum:
472 2146 495 2171 *
515 2144 584 2185 Tu
609 2157 655 2185 es
681 2144 890 2186 sacerdos
914 2145 957 2185 in
983 2158 1037 2186 ae-

207 2202 381 2241 ternum
419 2200 662 2242 secundum
700 2200 899 2242 erdinem
933 2201 1037 2242 Mel-

207 2257 453 2299 chisedech.

258 2313 473 2354 Dominus
494 2325 519 2354 a
534 2312 702 2354 dextris
718 2313 817 2363 tuis,
832 2314 855 2340 *
870 2313 1036 2354 confre-

207 2369 270 2418 git
290 2369 332 2409 in
354 2369 425 2410 die
443 2370 519 2410 irae
539 2381 630 2410 suae
653 2382 791 2420 reges.

258 2429 282 2469 J
284 2428 480 2471 udicabit
495 2430 539 2470 in
553 2430 818 2479 nationibus,
836 2429 1037 2481 implebit

208 2486 369 2525 ruinas:
401 2487 424 2512 *
457 2486 773 2538 conquassabit
809 2486 956 2538 capita
992 2486 1035 2526 in

207 2545 325 2581 terra
343 2541 593 2582 multorum.

260 2600 327 2641 De
351 2603 546 2643 torrente
572 2602 615 2643 in
642 2602 714 2643 via
736 2602 876 2644 bibet:
895 2603 918 2629 *
936 2615 1036 2654 pro-

206 2658 358 2708 pterea
379 2657 590 2699 exaltabit
607 2663 751 2710 caput.

1144 1029 1244 1069 Ant.
1264 1029 1381 1069 Dum
1401 1032 1519 1069 esset
1538 1028 1636 1069 Rex
1656 1028 1699 1068 in
1719 1027 1924 1069 accubitu

1093 1094 1183 1131 suo,
1197 1082 1362 1124 nardus
1376 1096 1475 1124 mea
1490 1083 1614 1125 dedit
1631 1083 1816 1125 oderem
1830 1096 1924 1125 sua-

1092 1138 1254 1180 vitatis.

1144 1202 1245 1241 Ant.
1279 1201 1327 1240 In
1350 1199 1534 1241 odorem
1553 1201 1577 1228 *
1600 1201 1925 1250 unguentorum

1094 1256 1271 1297 tuorum
1308 1256 1538 1307 currimus3
1581 1255 1925 1297 adolescentulae

1094 1310 1342 1353 dilexerunt
1361 1317 1406 1353 te
1423 1312 1564 1353 nimis.

1355 1381 1556 1422 Psalmus
1578 1382 1657 1422 112.

1159 1449 1320 1492 audate
1346 1451 1474 1503 pueri
1501 1451 1756 1492 Deminum:
1784 1451 1808 1478 *
1836 1449 1926 1490 lau-

1189 1504 1293 1547 date
1312 1519 1473 1548 nomen
1491 1507 1682 1548 Demini.

1146 1565 1211 1607 Sit
1238 1579 1400 1608 nomen
1423 1567 1604 1608 Domini
1630 1566 1924 1617 benedictum,

1093 1623 1118 1649 *
1147 1634 1201 1663 ex
1233 1622 1319 1664 hoc
1354 1636 1485 1674 nunc,
1519 1628 1563 1665 et
1596 1636 1736 1675 usque
1769 1623 1813 1663 in
1846 1625 1924 1664 sae-

1092 1677 1249 1719 culum.

1142 1734 1183 1775 A
1208 1734 1315 1775 solis
1342 1739 1444 1776 ortu
1462 1748 1603 1787 usque
1627 1735 1684 1776 ad
1705 1736 1923 1783 occasum,

1090 1790 1353 1832 *laudabile
1372 1804 1533 1833 nomen
1552 1790 1742 1832 Demini.

1141 1851 1355 1892 Excelsus
1396 1864 1530 1904 super
1565 1864 1718 1892 omnes
1754 1850 1922 1892 Gentes

1091 1907 1324 1957 Dominus,
1343 1909 1368 1935 *
1392 1912 1437 1949 et
1461 1920 1594 1960 super
1617 1907 1758 1949 coelos
1782 1905 1923 1957 gloria

1092 1976 1194 2015 eJus.

1142 2019 1248 2070 Quis
1263 2019 1378 2061 sicut
1391 2020 1607 2061 Deminus
1622 2020 1744 2061 Deus
1758 2023 1922 2068 noster,

1091 2075 1166 2126 qui
1193 2075 1238 2116 in
1270 2075 1371 2117 altis
1402 2075 1590 2126 habitat,
1617 2077 1642 2103 *
1670 2080 1714 2117 et
1740 2074 1921 2116 humilia

1089 2131 1272 2184 respicit
1291 2132 1335 2173 in
1355 2131 1470 2173 coelo
1489 2136 1533 2173 et
1550 2132 1592 2172 in
1613 2130 1753 2173 terra?

1141 2191 1369 2234 Suscitans
1403 2205 1429 2233 a
1456 2196 1575 2234 terra
1602 2194 1796 2244 inopem,
1825 2191 1849 2218 *
1877 2194 1922 2232 et

1091 2247 1146 2290 de
1168 2249 1363 2290 stercore
1382 2248 1554 2300 erigens
1573 2251 1830 2301 pauperem:

1140 2308 1200 2350 Ut
1214 2308 1404 2350 cellocet
1415 2321 1515 2350 eum
1526 2321 1625 2350 cum
1636 2306 1921 2361 principibus,

1088 2366 1112 2392 *
1132 2377 1231 2406 cum
1249 2364 1523 2417 principibus
1542 2363 1696 2417 pepuli
1716 2363 1795 2404 sui.

1142 2425 1227 2475 Qui
1241 2424 1442 2466 habitare
1457 2425 1562 2466 facit
1577 2424 1772 2466 sterilem
1786 2424 1830 2465 in
1846 2425 1919 2466 do-

1088 2494 1174 2530 mo,
1193 2482 1217 2509 *
1236 2485 1422 2522 matrem
1442 2480 1632 2521 filiorum
1648 2480 1886 2522 laetantem.

1143 2545 1245 2585 Ant.
1285 2546 1336 2586 In
1373 2545 1559 2587 odorem
1594 2547 1919 2595 unguentorum

1088 2604 1266 2643 tuorum
1302 2601 1534 2651 currimus3
1575 2601 1918 2643 adolescentulae

1089 2658 1337 2701 dilexerunt
1356 2662 1402 2699 te
1420 2657 1559 2699 nimis.
