2028 2892
622 197 718 230 Infra
749 195 1035 229 {lt—mimimdam
1066 196 1099 228 ii.
1126 196 1449 236 ‹Quadi-agesimae.

182 289 282 331 loco
303 288 425 330 dixit:
453 301 534 331 nec
552 293 698 331 tamen
717 288 780 331 eis
800 287 924 335 dixit,
951 287 1003 327 In

184 346 368 398 peccato
404 350 551 387 vestro
587 344 842 387 moriemini.
888 342 1004 393 Quid

183 407 329 443 autem
361 401 492 444 dixit?
535 401 654 454 quod
686 406 730 443 et
761 400 871 442 istis:
907 399 1003 450 Quo

184 470 265 509 ego
285 457 415 507 vado,
436 471 516 500 vos
534 471 622 500 non
640 457 827 511 potestis
845 458 1004 498 venire.

182 514 282 555 Non
310 514 489 557 abstulit
517 528 657 568 spem,
695 514 775 556 sed
800 512 1005 567 praediXit
1059 499 1137 537 Ὺ.

183 569 446 613 dilati6nem.
482 571 667 622 Quando
694 571 808 613 enim
831 570 917 611 hoc
943 568 1004 610 di-

183 627 361 679 scipulis
379 628 592 669 Dominus
611 626 884 680 loquebatur,
902 630 1005 667 tunc

183 695 270 724 non
289 686 495 736 poterant
513 686 678 734 venire,
704 696 791 736 quo
812 682 885 724 ille
904 681 1005 730 ibat,

183 739 262 781 sed
289 742 446 792 postea
470 741 642 783 venturi
670 745 808 782 erant:
834 739 907 780 isti
935 751 1005 779 au-

181 800 271 837 tem
307 810 563 850 numquam,
599 797 756 849 quibus
793 795 1005 849 praescius

183 851 303 903 dixit,
321 853 372 894 In
387 856 573 906 peccato
588 859 736 895 vestro
752 851 1006 894 moriemini.

238 911 287 962 R.
311 910 400 952 Det
417 910 498 952 tibi
515 911 647 952 Deus.
666 911 754 951 149.

239 967 307 1007 Ad
329 967 484 1008 Bencd.
504 968 602 1007 Ant.
626 969 719 1019 Ego
733 965 1006 1019 principium,

183 1020 206 1046 *
226 1021 300 1073 qui
318 1027 361 1064 et
380 1022 537 1076 loquor
556 1022 695 1065 vobis.

518 1080 681 1120 Oratio.

268 1141 399 1178 raesta
436 1138 687 1188 quaesumus
729 1138 1006 1189 omnipotens

278 1192 413 1234 Deus:
445 1197 493 1234 ut
516 1192 679 1234 familia
701 1197 792 1242 tua,
826 1205 924 1245 quae
948 1205 1007 1241 se,

184 1248 418 1299 affligendo
461 1262 653 1299 carnem,
698 1248 754 1290 ab
795 1249 1007 1291 alimentis

184 1303 385 1355 abstinet,
405 1305 615 1347 sectando
635 1306 852 1358 justitiam,
877 1318 903 1347 a
922 1305 1007 1347 cul-

184 1373 242 1412 pa
258 1361 426 1413 jejunet.
453 1363 537 1404 Per
554 1362 801 1404 Deminum.

238 1424 363 1458 Hodie
380 1425 517 1459 dicitur
531 1425 705 1459 Officium
723 1426 1005 1461 Dcsunctorum.

239 1476 306 1516 Ad
334 1477 504 1525 Magnis.
542 1478 641 1518 Ant.
679 1475 763 1525 Qui
786 1488 856 1517 me
880 1475 1007 1527 misit,

184 1543 355 1572 mecum
387 1535 467 1581 est,
490 1531 514 1557 *
538 1537 581 1574 et
613 1545 700 1574 non
731 1532 907 1585 reliquit
937 1545 1007 1574 me

186 1587 341 1628 solum:
373 1587 474 1640 quia
506 1600 603 1640 quae
637 1589 799 1641 placita
831 1594 931 1631 sunt
957 1589 1007 1639 ei,

186 1643 298 1685 facio
318 1656 501 1696 semper.

516 1704 679 1745 Oratio.

267 1758 392 1800 desto
426 1758 815 1811 supplicationibus
846 1759 1007 1801 nostris

293 1817 569 1867 omnipotens
599 1815 734 1856 Deus:
771 1821 815 1857 et
851 1816 1007 1868 quibus

190 1871 394 1913 fiduciam
418 1870 647 1924 sperandae
670 1872 847 1924 pietatis
871 1872 1008 1914 indul-

189 1940 278 1978 ges,
297 1929 516 1969 consuetae
534 1928 847 1970 misericerdiae
865 1929 1008 1971 tribue

190 1983 401 2036 benignus
422 1983 633 2026 effectum.
660 1984 745 2026 Per
763 1985 1008 2027 Dominum.

384 2097 567 2134 Feria
594 2096 821 2135 Tertia.

191 2148 342 2192 Lectio
368 2149 506 2191 sancti
524 2149 747 2200 Evangelii
771 2150 1010 2192 secundum

465 2205 732 2247 Matthaeum.

295 2262 442 2305 Lectio
464 2265 486 2304 i.
666 2267 767 2318 Cap.
787 2269 849 2308 23.
872 2268 908 2308 b.

190 2318 266 2424 In
288 2323 363 2364 illo
392 2325 606 2376 tempore:
634 2322 829 2364 Locutus
857 2329 923 2365 est
945 2324 1011 2366 Je-

256 2392 329 2420 sus
354 2379 410 2421 ad
433 2379 602 2429 turbas,
630 2384 673 2421 et
695 2378 752 2420 ad
776 2378 1012 2432 discipulos

193 2447 307 2484 suos,
322 2435 485 2477 dicens:
499 2436 638 2488 Super
654 2434 907 2477 cathedram
922 2436 1012 2477 Μό-

192 2491 259 2543 ysi
290 2491 494 2534 sederunt
529 2492 686 2534 scribae
724 2496 767 2533 et
797 2491 1012 2544 pharisaei.

193 2546 349 2588 Omnia
377 2560 480 2599 ergo
510 2552 797 2601 quaecumque
826 2547 1013 2590 dixerint

192 2603 330 2652 vobis,
350 2606 530 2655 servate,
551 2610 593 2646 et
612 2605 756 2647 facite:
774 2603 1013 2646 secundum

194 2661 329 2711 opera
365 2672 469 2701 vero
505 2664 656 2703 eerum
691 2661 826 2703 nolite
858 2660 1013 2703 facere.

192 2715 249 2757 Et
267 2715 443 2768 reliqua.

1150 285 1337 328 Homilia
1366 286 1506 327 sancti
1532 285 1790 338 Hierenymi

1337 341 1599 394 Presbyteri.

1063 408 1142 441 Lib.
1166 408 1195 441 4.
1222 408 1430 441 Comment.
1458 406 1492 438 in
1520 414 1601 447 cap.
1624 404 1676 438 23.
1703 403 1883 438 Matthaei.

1081 462 1113 513 ,if
1134 459 1221 502 uid
1235 459 1512 510 mansuetius,
1533 459 1638 512 quid
1650 459 1882 512 benignius

1170 514 1384 557 Demino?
1426 516 1642 558 Tentatur
1675 529 1702 558 a
1736 515 1882 570 phari-

1057 574 1169 623 saeiS,
1189 573 1517 624 confringuntur
1530 572 1700 615 insidiae
1717 575 1882 623 eor-um,

1057 635 1102 672 et
1125 630 1366 672 secundum
1384 629 1676 672 Psalmistam:
1701 630 1882 682 Sagittae

1056 687 1341 740 parvulerum
1365 686 1493 728 factae
1519 691 1620 728 sunt
1643 686 1786 740 plagae
1812 688 1882 728 eo-

1058 757 1168 785 rum:
1187 749 1231 786 et
1247 743 1528 784 nihilominus
1543 748 1728 796 propter
1742 755 1883 785 sacer-

1058 800 1168 842 d6tii
1187 805 1230 843 et
1248 799 1436 842 nominis
1461 799 1717 852 dignitatem
1735 799 1882 842 horta-

1058 862 1129 899 tur
1161 856 1370 910 pepulos,
1409 860 1456 898 ut
1493 856 1774 909 subjiciantur
1810 856 1883 907 eis,

1057 926 1145 956 non
1165 915 1310 966 epera,
1329 912 1409 955 sed
1427 912 1673 955 doctrinam
1687 912 1883 955 conside-

1057 973 1217 1013 rantes.
1245 968 1375 1021 Quod
1394 974 1541 1012 autem
1559 970 1638 1021 ait,
1656 970 1797 1023 Super
1815 971 1883 1012 ca-

1058 1027 1260 1069 thedram
1273 1027 1417 1079 Moysi
1436 1026 1646 1069 sederunt
1664 1026 1822 1070 scribae
1841 1029 1885 1068 et

1057 1084 1277 1137 pharisaei:
1308 1097 1389 1137 per
1421 1083 1692 1134 cathedram,
1724 1083 1884 1126 doctri-

1058 1154 1159 1182 nam
1185 1141 1294 1192 legis
1323 1139 1526 1183 ostendit.
1560 1141 1679 1192 Ergo
1707 1144 1752 1183 et
1775 1139 1885 1182 iuud

1060 1197 1180 1249 quod
1199 1197 1358 1239 dicitur
1380 1197 1425 1238 in
1443 1197 1636 1239 Psalmo:
1660 1198 1714 1239 In
1737 1196 1884 1239 cathe-

1060 1253 1138 1295 dra
1162 1254 1424 1307 pestilentiae
1448 1267 1537 1296 non
1561 1253 1692 1296 sedit:
1717 1258 1777 1305 et,
1806 1253 1885 1296 Ca-

1059 1310 1238 1353 thedras
1245 1311 1527 1353 vendentium
1537 1310 1766 1353 columbas
1775 1312 1888 1353 ever-

1058 1368 1125 1410 tit:
1144 1367 1389 1410 doctrinam
1407 1367 1618 1410 debemus
1636 1370 1848 1421 accipere.

1114 1426 1164 1477 Rg.
1187 1425 1305 1467 Dum
1324 1427 1474 1467 exiret.
1493 1425 1582 1466 149.

1371 1501 1523 1543 Lectio
1544 1501 1582 1541 ii.

1135 1565 1287 1617 lligant
1306 1565 1422 1607 enim
1441 1568 1576 1608 onera
1588 1565 1740 1617 gravia
1753 1569 1797 1608 et
1810 1565 1886 1607 im·

1161 1621 1412 1675 portabilia,
1437 1627 1481 1664 et
1498 1622 1730 1675 impenunt
1747 1622 1792 1663 in
1809 1621 1886 1664 hu-

1058 1691 1205 1720 meros
1223 1678 1458 1728 hominum‚
1481 1677 1620 1730 digito
1639 1683 1786 1720 autem
1804 1691 1885 1721 suo

1059 1734 1213 1777 nolunt
1232 1747 1284 1777 ea
1301 1736 1491 1776 movere.
1511 1735 1613 1777 Hoc
1626 1735 1887 1787 generaliter

1059 1790 1271 1833 adversus
1316 1804 1467 1833 omnes
1512 1793 1766 1843 magistros,
1812 1791 1888 1844 qui

1058 1848 1211 1899 gravia
1229 1847 1393 1900 jubent,
1420 1852 1464 1890 et
1487 1848 1656 1890 minora
1678 1861 1767 1890 non
1785 1847 1886 1890 faci-

1059 1909 1149 1947 unt.
1170 1905 1427 1947 Notandum
1442 1909 1598 1956 autem,
1618 1904 1739 1958 quod
1754 1909 1799 1947 et
1811 1903 1885 1946 hu-

1059 1962 1186 2012 meri,
1214 1967 1259 2004 et
1279 1961 1457 2013 digitus,
1486 1966 1530 2004 et
1556 1964 1708 2012 enera,
1735 1965 1780 2004 et
1797 1963 1887 2003 vin-

1061 2018 1159 2060 cula
1183 2018 1342 2071 quibus
1366 2019 1599 2071 alligantur
1623 2021 1774 2069 (mera,
1802 2018 1887 2072 spi-

1061 2075 1277 2119 ritualiter
1295 2075 1579 2127 intelligenda
1597 2079 1709 2117 sunt.
1731 2074 1889 2117 Omnia

1061 2145 1167 2174 vero
1190 2134 1327 2185 epera
1345 2145 1423 2174 sua
1441 2132 1620 2183 faciunt,
1646 2136 1696 2174 ut
1714 2131 1887 2174 videan-

1061 2193 1133 2230 tur
1152 2189 1206 2230 ab
1226 2188 1487 2231 hominibus.
1515 2189 1790 2242 Quicumque
1811 2188 1888 2240 igi-

1062 2250 1134 2287 tur
1152 2245 1213 2287 ita
1231 2245 1335 2287 facit
1354 2245 1602 2298 quedlibet‚
1620 2250 1670 2287 ut
1687 2244 1889 2287 videatur

1063 2301 1118 2343 ab
1137 2301 1399 2352 hominibus,
1420 2301 1566 2344 scriba
1585 2307 1628 2345 et
1646 2301 1889 2355 pharisaeus

1064 2363 1141 2399 est.

1118 2412 1168 2464 R'·
1191 2415 1237 2456 Si
1255 2414 1479 2457 Deminus.
1498 2417 1592 2457 150.

1364 2487 1516 2529 Lectio
1538 2489 1591 2529 iii.

1152 2550 1306 2592 ilatant
1325 2551 1438 2592 enim
1453 2551 1723 2605 phylacteria
1736 2563 1825 2602 sua,
1846 2555 1890 2593 et

1160 2607 1440 2658 magnificant
1476 2608 1683 2650 fimbrias.
1726 2609 1890 2649 Amant

1066 2675 1240 2715 quoque
1258 2663 1426 2715 primos
1444 2665 1665 2707 recubitus
1680 2665 1724 2706 in
1741 2664 1890 2713 coenis,

1066 2722 1109 2759 et
1131 2719 1295 2771 primas
1322 2719 1552 2762 cathedras
1576 2721 1622 2762 in
1645 2721 1890 2775 synagogis
