2066 2956
627 185 695 219 Dic
719 187 772 219 ¹38.
800 185 899 224 Maii.
946 188 980 220 S.
1008 186 1152 220 Urbani
1179 187 1203 220 I.
1231 187 1347 230 Papa:
1372 193 1406 222 ct
1433 188 1537 222 Mart.

228 283 399 332 Aureae,
414 283 687 336 inspectante
700 284 1051 336 frequentissimo

228 339 409 392 populo,
445 341 518 391 qui
546 353 631 381 una
659 353 758 382 cum
786 341 1051 393 imperatore

226 396 426 438 Pontifici
445 396 624 438 honoris
643 410 775 439 causa
789 400 1051 446 occurrerat,

227 465 344 494 caeco
364 453 508 495 lumen
528 454 726 496 restituit.
749 453 819 495 Ad
839 455 959 505 cujus
978 467 1051 506 pe-

226 509 303 551 des
347 513 595 562 prostratus
641 511 772 552 etiam
811 511 1051 563 imperator

226 578 323 606 eum
340 569 571 608 veneratus
590 572 666 609 est.
687 567 836 609 Rebus
856 581 955 609 cum
974 567 1049 608 im-

223 625 426 674 peratore
438 624 705 677 compositis,
718 624 761 664 in
773 624 944 666 Italiam
956 624 1050 666 red-

222 678 281 728 iit,
302 682 536 733 statimque
556 680 789 733 epistolam
805 681 979 733 scripsit
993 680 1050 723 ad

223 748 374 778 omnes
387 737 527 778 Italiae
543 740 790 790 episcopOS,
804 737 957 789 jubens
973 751 1049 780 eos

222 792 486 834 ArianOrum
527 794 735 835 ecclesias
776 793 832 835 ad
869 794 1048 836 cath61i-

223 861 321 890 cum
348 850 482 891 ritum
510 853 786 900 consecrare,
815 850 923 892 illud
949 850 1047 892 sub-

221 906 416 957 jungens:
469 908 580 957 Quia
630 913 674 950 et
721 920 818 957 nOS,
871 908 1047 960 quando

220 962 379 1004 fuimus
412 963 810 1017 Constantinopoli,
845 969 934 1006 tam
964 977 1046 1017 pro

220 1019 430 1069 religione
457 1021 689 1071 catholica,
719 1034 851 1074 quam
875 1035 956 1074 pro
982 1035 1046 1064 re-

219 1076 285 1126 gis
301 1076 568 1121 Theodorici
585 1092 726 1129 causa,
748 1082 1046 1131 quascumque

220 1131 304 1173 illis
339 1133 382 1173 in
418 1135 617 1186 partibus
653 1138 803 1177 eorum
839 1135 1046 1177 ecclesias

220 1192 410 1241 repen're
436 1192 677 1243 potuimus,
706 1192 945 1233 catholicas
971 1205 1045 1234 eas

220 1247 583 1289 consecravimus.

273 1304 318 1353 Ru
348 1303 397 1343 In
418 1305 554 1345 servis
574 1305 674 1355 suis,
695 1305 876 1357 alleluia,
890 1309 911 1332 *
934 1305 1043 1346 Con-

218 1358 430 1400 solabitur
458 1360 592 1410 Deus,
619 1361 799 1412 alleluja.
849 1359 894 1410 X'.
926 1361 1043 1403 Judi-

219 1414 336 1456 cabit
355 1416 569 1458 Dominus
593 1418 806 1471 pupulum
829 1430 970 1467 suum,
999 1423 1043 1460 et

217 1471 259 1511 in
278 1473 414 1514 servis
434 1474 534 1515 suis.
564 1474 881 1516 Consolabitur.

515 1530 665 1570 Lectio
686 1532 737 1571 vi.

218 1570 389 1693 Quod
420 1586 692 1638 iniquissimo
726 1588 870 1630 animo
899 1589 1041 1631 ferens
1106 1588 1116 1601 ”

314 1642 632 1693 Theodoricus‚
657 1644 761 1685 dolo
783 1648 1041 1687 accersitum

215 1697 470 1740 Pontificem
488 1700 741 1741 Ravennam
758 1702 801 1742 in
821 1704 1040 1744 carcerem

216 1755 415 1805 conjecit,
456 1755 529 1797 ubi
567 1757 772 1808 squalore
808 1758 1039 1811 inediaque

216 1810 418 1860 afflictus,
468 1816 619 1865 paucis
657 1813 811 1855 diebus
848 1816 980 1858 cessit
1016 1829 1039 1857 e

215 1866 312 1915 vita,
329 1880 426 1908 cum
442 1868 627 1911 sedisset
642 1883 778 1912 annos
795 1870 917 1922 duos,
931 1885 1040 1914 men·

214 1935 284 1964 ses
304 1936 472 1974 novem,
492 1925 585 1967 dies
606 1927 951 1979 quatu6rdecim3
972 1942 1037 1971 or-

214 1979 371 2022 dinatis
391 1993 443 2022 eo
463 1983 662 2035 tempore
684 1985 902 2037 episcopis
918 1988 1037 2037 quin-

214 2035 366 2078 decim.
404 2038 539 2079 Paulo
563 2045 665 2090 post
688 2042 871 2082 moritur
895 2042 1036 2084 Theo·

213 2091 402 2143 doricus;
424 2107 551 2147 quem
574 2096 748 2148 quidam
767 2097 970 2149 Eremita,
989 2105 1038 2142 ut

212 2149 363 2192 scribit
409 2157 585 2194 sanctus
622 2153 879 2204 Gregorius,
922 2155 1037 2197 -vidit

211 2206 321 2248 inter
339 2207 364 2248 J
367 2210 551 2249 oannem
571 2209 828 2252 Pontificem
852 2217 895 2253 et
917 2212 1035 2264 Sym-

212 2263 412 2305 machum
450 2266 700 2317 patricium,
752 2280 880 2320 quem
919 2268 1035 2311 idem

212 2318 450 2370 occiderat,
470 2320 664 2372 demergi
684 2323 727 2364 in
746 2324 889 2374 ignem
909 2325 1034 2378 Lipa-

212 2375 412 2427 ritanum3
458 2385 505 2419 ut
540 2378 743 2422 videlicet
779 2380 839 2421 illi
876 2381 1034 2433 quibus

212 2437 396 2473 mortem
428 2434 649 2485 attulerat,
680 2442 902 2488 tamquam
930 2438 1034 2488 iudi-

212 2499 285 2528 ces
313 2495 457 2531 essent
485 2492 574 2542 ejus
602 2492 810 2535 interitus.
853 2495 1034 2536 Joannis

212 2555 373 2596 corpus
393 2546 600 2588 Ravenna
627 2549 812 2590 Romam
839 2550 1034 2592 delatum

212 2605 295 2647 est,
324 2606 368 2642 et
391 2601 434 2641 in
458 2601 639 2645 basilica
664 2606 801 2647 sancti
827 2607 943 2648 Petri
970 2620 1032 2649 se-

210 2655 391 2707 pultum.

264 2714 311 2763 Rf.
338 2712 460 2754 Fssiae
479 2714 730 2758 Jerusalem.

1159 288 1198 320 In
1226 288 1288 321 III.
1310 288 1508 323 Nocturno
1533 272 1702 324 Homilia
1728 291 1765 324 in
1786 291 1930 333 Evang.

1107 334 1296 417 fjgsscsgim
1316 333 1409 369 vitis
1432 344 1536 370 vera.
1561 338 1607 372 dc
1632 339 1768 373 codem
1786 338 1929 374 Comm.

1367 466 1450 508 Die
1467 468 1534 508 28.
1553 467 1664 520 Maji.

1176 534 1219 575 S.
1238 533 1433 575 Urbani
1450 535 1486 576 1.
1511 539 1641 589 Papae
1667 546 1709 580 et
1733 540 1855 581 Mart.

1436 601 1596 646 Duplex.

1156 658 1291 693 Omnia
1331 661 1376 694 dc
1420 661 1621 697 Communi
1667 665 1780 699 unius
1819 666 1927 701 Mart.

1103 711 1214 749 tcrnp.
1241 707 1374 742 I’usch.
1401 717 1541 752 practer
1566 713 1775 755 sequentia.

1437 770 1600 811 Oratio.

1100 826 1222 931 Da,
1238 832 1488 882 quaesumus
1503 834 1781 885 omnipotens
1791 833 1927 876 Deus:

1203 891 1251 928 ut
1280 887 1354 940 qui
1380 887 1500 930 beati
1526 888 1694 931 Urbani
1721 890 1926 943 Martyris

1099 943 1162 984 tui
1187 948 1320 996 atque
1338 945 1565 987 Pontificis
1589 946 1799 988 solemnia
1825 947 1926 990 culi-

1099 1012 1210 1050 muS,
1230 1001 1320 1052 ejus
1340 1001 1459 1054 apud
1477 1007 1521 1044 te
1540 1002 1926 1046 intercessionibus

1099 1055 1364 1108 adjuvemur.
1392 1059 1476 1099 Per
1494 1059 1742 1101 Duminum.

1155 1123 1193 1156 In
1228 1124 1251 1158 Ι,
1285 1126 1483 1161 Nocturno
1515 1128 1719 1164 Lectiones
1754 1131 1801 1165 de
1826 1131 1924 1166 Scri-

1099 1176 1209 1213 ptura
1236 1180 1467 1208 occurrente.

1150 1227 1191 1261 In
1220 1228 1327 1263 Fcriu
1356 1230 1399 1264 Π.
1427 1236 1463 1265 et
1488 1232 1548 1265 IV.
1574 1233 1793 1276 Rogation,
1822 1235 1923 1271 Lcct.

1099 1275 1129 1308 A
1157 1274 1299 1310 Mileto.
1326 1279 1371 1312 dc
1398 1280 1533 1313 codem
1558 1280 1701 1316 Conim.
1732 1284 1755 1317 1.
1781 1283 1879 1318 loco.

1327 1348 1375 1386 In
1396 1349 1445 1387 11.
1466 1349 1688 1389 Nocturno.

1399 1414 1548 1455 Lectio
1568 1416 1621 1455 ir.
1842 1454 1847 1461 ,

1102 1481 1104 1483 ’
1132 1481 1210 1527 {322-53‘
1222 1474 1392 1517 rbanus
1411 1476 1647 1526 Romanus,
1665 1477 1919 1521 Alexandro

1139 1526 1195 1586 '514³'
1209 1531 1223 1587 ‚J
1247 1532 1409 1574 Severo
1425 1533 1700 1586 imperatore,
1720 1534 1920 1578 doctrina

1173 1594 1179 1596 ’
1200 1592 1215 1608 ³
1247 1594 1291 1631 et
1309 1589 1411 1631 vitae
1431 1591 1662 1633 sanctitate
1680 1591 1842 1634 multos
1862 1592 1919 1634 ad

1093 1645 1253 1687 Christi
1271 1645 1403 1688 fidem
1423 1648 1652 1690 convertit:
1670 1648 1714 1689 in
1731 1649 1816 1690 illis
1832 1649 1918 1692 Va-

1091 1702 1312 1752 lerianum,
1333 1703 1475 1746 beatae
1491 1704 1682 1746 Caecssiae
1697 1718 1919 1758 sponsum,

1092 1765 1135 1801 et
1177 1759 1426 1802 Tiburtium
1461 1761 1683 1803 Valeriani
1723 1762 1918 1813 fratrem,

1092 1815 1166 1868 qui
1189 1819 1347 1869 postea
1371 1818 1627 1870 martyrium
1651 1818 1754 1860 forti
1772 1819 1917 1862 animo

1090 1872 1326 1915 subierunt.
1362 1874 1447 1916 Hic
1472 1874 1528 1916 de
1553 1874 1681 1916 bonis
1706 1875 1917 1918 Ecclesiae

1089 1929 1310 1972 attributis
1330 1931 1506 1983 scripsit
1524 1930 1592 1972 his
1612 1931 1772 1974 verbis:
1801 1932 1916 1986 lpsae

1089 1999 1158 2027 res
1179 1986 1383 2037 fidelium,
1404 2000 1502 2039 quae
1517 1987 1708 2030 Domino
1729 1988 1914 2031 offerun-

1087 2047 1167 2092 tur,
1186 2056 1273 2085 non
1293 2044 1455 2086 debent
1473 2045 1516 2085 in
1536 2045 1646 2086 alios
1664 2059 1769 2087 usus
1784 2059 1916 2099 quam

1088 2099 1410 2143 ecclesiasticos
1426 2107 1470 2143 et
1486 2101 1820 2144 christianorum
1833 2103 1914 2145 fra-

1086 2161 1201 2198 trum
1212 2157 1282 2199 vel
1293 2157 1578 2209 indigentium
1589 2160 1798 2201 converti:
1813 2160 1914 2212 quia

1086 2219 1189 2255 vota
1214 2220 1314 2256 sunt
1339 2213 1549 2263 fidelium,
1579 2221 1622 2257 et
1648 2216 1790 2269 pretia
1813 2229 1912 2270 pec-

1086 2272 1295 2321 catorum,
1314 2284 1365 2312 ac
1379 2272 1643 2324 patrimonia
1657 2276 1913 2325 pauperum.

1085 2325 1207 2368 Sedit
1235 2340 1373 2369 annos
1402 2340 1495 2377 sex,
1529 2341 1702 2370 menses
1733 2335 1911 2382 septem,

1086 2383 1179 2425 dies
1201 2386 1401 2436 quatuor3
1427 2397 1478 2426 ac
1501 2386 1710 2438 martyrio
1731 2388 1910 2428 corona-

1084 2445 1166 2488 tus,
1181 2441 1379 2493 sepultus
1394 2446 1461 2482 est
1477 2441 1518 2481 in
1534 2442 1785 2483 coemeterio
1795 2442 1910 2484 Prae—

1084 2497 1250 2543 textati‚
1267 2499 1425 2539 octavo
1440 2497 1666 2539 Kalendas
1679 2499 1704 2539 J
1706 2499 1807 2539 unii.
1832 2499 1909 2540 Or-

1085 2552 1378 2595 dinatiOnibus
1404 2554 1595 2606 quinque
1614 2553 1774 2596 habitis
1793 2568 1909 2597 men-

1084 2621 1130 2650 se
1155 2609 1407 2660 Decembri,
1436 2610 1599 2652 creavit
1625 2610 1909 2664 presbyteros

1082 2677 1257 2715 novem,
1277 2665 1488 2708 diaconos
1509 2667 1715 2719 quinque,
1740 2670 1908 2721 episco-

1083 2733 1164 2773 pos
1183 2734 1262 2774 per
1281 2722 1453 2764 diversa
1470 2722 1569 2764 loca
1588 2728 1702 2765 octo.
