2028 2892
688 170 787 203 Infra
813 172 995 203 octavam
1022 170 1285 203 Ascensionis.

131 262 193 304 illi
227 263 435 316 gaudium
470 277 494 305 e
529 264 714 305 Psalmis
754 265 958 317 adjungit.

131 319 217 361 Hic
236 320 350 361 enim
368 320 566 363 excelsus
583 320 805 374 Propheta
824 335 959 375 supra

133 378 328 429 seipsum
351 376 594 429 egrediens,
618 382 842 430 tamquam
865 381 957 420 cor-

132 432 254 485 poris
280 434 411 474 onere
435 433 541 474 nihil
565 436 806 486 prematur,
830 435 960 476 infert

133 501 180 530 se
206 488 458 530 coelestibus
483 489 789 542 potestatibus,
815 495 859 532 et
884 504 958 532 vo-

133 557 206 586 ces
234 546 384 586 earum
410 545 537 587 nobis
565 546 759 599 exponit,
791 560 890 588 cum
916 547 959 587 in

133 600 293 642 coelum
314 601 570 644 redeuntem
589 602 825 644 Deminum
849 603 957 656 ipsae

133 656 403 708 comitantes,
422 658 617 710 Angelis,
638 659 711 710 qui
730 662 959 701 versantur

132 712 176 753 in
202 713 348 764 terris,
383 714 629 767 quibusque
654 716 699 756 in
725 715 959 757 humanam

133 768 268 810 vitam
311 770 533 822 ingressus
579 774 837 813 commissus
882 778 959 822 est,

133 827 350 878 imperant
368 827 425 868 ad
443 827 559 869 hunc
576 827 772 870 modum:
797 829 959 870 Tollite

133 887 285 947 portas
302 882 524 936 principes
543 890 727 935 vestras,
751 890 794 926 et
817 885 957 927 eleva-

132 937 236 979 mini
259 945 402 992 portae
426 941 668 991 aeternales‚
695 917 738 983 e⁷t
762 941 959 983 introibit

131 993 230 1036 Rex
246 994 409 1046 gloriae.

183 1059 232 1100 R·.
255 1056 450 1110 Tempus
479 1063 555 1100 est.
581 1059 673 1100 322.

177 1170 179 1172 .
438 1135 589 1175 Lectio
610 1149 644 1174 V.

210 1201 229 1238 t
243 1195 448 1248 quoniam
458 1196 721 1249 ubicumque
731 1196 860 1239 fuerit
874 1198 956 1249 ille,

234 1253 307 1306 qui
333 1253 378 1294 in
405 1255 553 1307 seipso
582 1254 727 1295 omnia
752 1255 957 1305 continet,

129 1321 212 1362 pro
240 1309 570 1362 suscipientium
599 1315 731 1363 captu
762 1313 957 1363 seipsum

130 1364 352 1407 dimetitur
370 1367 527 1418 (neque
548 1366 663 1408 enim
682 1366 823 1408 solum
845 1368 957 1409 inter

128 1420 326 1463 hemines
361 1421 495 1464 homo
531 1422 597 1473 fit,
637 1435 790 1464 verum
826 1423 957 1465 etiam

129 1476 235 1519 dum
250 1477 364 1520 inter
382 1478 576 1530 Angelos
594 1481 809 1529 versatur,
834 1479 891 1522 ad
909 1480 955 1521 il-

1007 265 1092 306 illis
1127 265 1469 315 interrogantur:
1510 266 1615 315 Quis
1652 271 1719 308 est
1753 266 1836 307 iste

1008 321 1107 362 Rex
1133 319 1309 372 gloriae?
1354 321 1666 374 Respondetur
1693 327 1838 363 autem

1008 390 1096 419 non
1124 378 1330 430 amplius,
1359 378 1503 419 Fortis
1537 383 1580 420 et
1606 383 1765 431 potens
1794 378 1837 418 in

1008 434 1182 486 praelim
1228 433 1326 483 sed,
1362 434 1576 475 Dominus
1618 435 1837 485 virtutum,

1010 491 1084 542 qui
1119 489 1269 532 mundi
1305 491 1600 543 principatum
1641 491 1837 541 obtinuit,

1010 546 1084 598 qui
1099 547 1347 588 summatim
1366 547 1510 588 emnia
1528 547 1571 587 in
1590 560 1637 588 se
1653 547 1837 599 collegit,

1011 604 1084 655 qui
1103 604 1334 657 pristinum
1352 604 1395 644 in
1415 609 1575 645 statum
1595 609 1750 645 cuncta
1773 617 1835 645 re-

1010 661 1164 702 stituit:
1184 661 1280 713 ipse
1299 666 1366 702 est
1384 661 1482 701 Rex
1501 660 1663 711 gloriae.

1064 716 1113 767 Rg.
1139 716 1397 758 Ascendens
1417 716 1624 758 Christus.
1652 717 1744 757 323.

1226 794 1273 832 In
1302 793 1371 831 III.
1401 794 1622 832 Noeturno.

1012 860 1166 902 Lectio
1187 860 1327 901 sancti
1345 860 1573 912 Evangelii
1597 859 1838 901 secundum

1319 916 1526 958 Marcum.

1088 969 1238 1010 Lectio
1260 970 1326 1010 vii.
1535 971 1636 1021 Cap.
1656 971 1710 1009 16.
1728 983 1760 1009 c.

1056 1048 1084 1074 n
1111 1033 1186 1075 illo
1214 1035 1430 1086 tempore:
1464 1034 1837 1078 Recumbentibus

1074 1089 1278 1132 undecim
1297 1089 1539 1144 discipulis,
1562 1093 1768 1145 apparuit
1790 1093 1836 1134 il-

1008 1146 1061 1187 lis
1079 1147 1104 1188 J
1107 1160 1223 1188 esus:
1243 1153 1287 1188 et
1306 1147 1591 1200 exprobravit
1610 1148 1837 1191 increduli-

1007 1205 1145 1245 tatem
1175 1205 1343 1254 eorum,
1372 1209 1416 1246 et
1444 1203 1649 1246 duritiam
1676 1205 1839 1247 cordis:

1009 1260 1111 1311 quia
1129 1260 1198 1310 iis,
1219 1260 1293 1312 qui
1310 1260 1511 1303 viderant
1530 1274 1630 1302 eum
1648 1274 1836 1304 resurre-

1008 1318 1135 1366 xisse,
1154 1330 1242 1358 non
1262 1316 1551 1360 crediderunt.
1583 1319 1640 1360 Et
1658 1318 1836 1370 reliqua.

1013 1395 1077 1435 De
1095 1394 1289 1435 Homilia
1313 1394 1451 1436 sancti
1471 1395 1674 1446 Gregorii
1692 1396 1836 1448 Papae.

1180 1459 1237 1492 Ex
1263 1459 1396 1492 eadem
1422 1459 1591 1493 llomilia
1616 1462 1668 1492 ΕΗ.

1019 1521 1114 1542 —-,·.::
1145 1527 1198 1556 oc
1213 1519 1360 1556 autem
1374 1514 1501 1556 nobis
1516 1515 1704 1568 primum
1719 1529 1834 1568 quae-
1846 1538 1855 1547 ·

127 1532 271 1575 lorum
283 1547 439 1576 vocem
457 1547 554 1576 sese
570 1534 771 1586 demittit)
790 1534 955 1578 idcirco
1014 1553 1015 1567 ἢ

128 1589 333 1641 janitores
351 1591 637 1643 interrogant:
661 1592 769 1642 Quis
789 1598 855 1634 est
873 1593 955 1635 iste
1014 1596 1015 1611 ³

128 1646 226 1688 Rex
243 1647 419 1699 gloriae?
438 1647 727 1701 Respondent
744 1649 862 1701 ipsis,
883 1649 953 1691 de-

126 1706 460 1769 monstrantque
484 1704 644 1746 fortem
666 1710 710 1747 et
728 1707 955 1758 potentem

126 1759 171 1800 in
183 1760 350 1812 praelio,
366 1761 441 1812 qui
453 1765 726 1826 pugnaturus
742 1767 835 1804 erat
853 1775 953 1804 con-

125 1819 194 1857 tra
221 1816 360 1867 illum,
394 1817 469 1869 qui
494 1821 695 1859 naturam
722 1818 955 1860 humanam

126 1872 171 1912 in
211 1873 420 1915 servitute
459 1876 678 1939 captivam
721 1874 954 1926 detinebat,

127 1933 171 1970 et
190 1933 421 1971 eversurus
441 1943 539 1972 eum
559 1931 634 1982 qui
651 1931 805 1973 mortis
823 1931 952 1973 habe-

126 1984 232 2027 bat
220 1986 465 2039 1mperium:
484 1992 531 2029 ut
549 1988 807 2039 gravissimo
826 1987 954 2030 hoste

128 2043 347 2094 superato,
365 2055 502 2093 genus
521 2043 746 2085 hominum
763 2044 808 2084 in
826 2044 952 2086 liber-

126 2099 263 2139 tatem
282 2104 326 2140 et
343 2112 497 2152 pacem
515 2099 769 2142 vindicaret.

185 2158 235 2210 R.
252 2159 354 2200 Non
371 2160 582 2203 turbetur.
609 2161 700 2201 322.

434 2230 584 2271 Lectio
606 2231 657 2271 vi.

70 2315 73 2319 ·
136 2285 418 2393 Occurrunt
437 2295 476 2336 ei
495 2295 716 2345 custodes,
740 2301 784 2338 et
802 2302 953 2349 portas

230 2349 378 2401 jubent
401 2351 578 2401 recludi,
601 2357 648 2394 ut
671 2353 714 2393 in
737 2353 844 2405 ipsis
863 2366 952 2394 rur-

128 2418 223 2446 sum
255 2406 439 2457 gloriam
466 2411 735 2460 assequatur.
788 2410 955 2451 Verum

127 2474 215 2502 non
234 2465 475 2512 agnoscunt
494 2477 607 2514 eum,
633 2465 707 2516 qui
730 2464 954 2507 sordidam

128 2516 230 2558 vitae
265 2524 429 2561 nostrae
465 2520 623 2562 stolam
658 2520 836 2563 indutus
874 2527 953 2563 est:

129 2572 248 2623 cuius
266 2574 397 2616 rubra
414 2581 514 2618 sunt
528 2576 787 2618 vestimenta
805 2590 860 2618 ex
877 2576 952 2617 hu-

129 2630 356 2671 manorum
381 2632 595 2674 malorum
619 2632 839 2674 torculari.
870 2633 952 2674 Ita-

130 2695 216 2734 que
250 2697 400 2728 rursus
436 2688 618 2730 cemites
650 2690 741 2741 ejus
771 2688 953 2730 vocibus

1052 1575 1102 1625 {3}
1170 1570 1353 1612 rendum
1390 1577 1472 1621 est,
1518 1571 1725 1623 quidnam
1770 1574 1835 1623 sit,

1090 1625 1097 1639 ‘⁴'
1168 1626 1302 1679 quod,
1332 1633 1436 1670 nato
1463 1628 1669 1679 Demino,
1702 1642 1833 1682 appa-

1007 1685 1184 1725 ruerunt
1196 1683 1362 1735 Angeli,
1378 1689 1422 1726 et
1435 1689 1581 1726 tamen
1594 1697 1681 1726 non
1696 1685 1837 1736 legun-

1006 1744 1077 1781 tur
1108 1739 1152 1780 in
1184 1739 1294 1781 albis
1327 1740 1524 1782 vestibus
1562 1745 1835 1794 apparuisse:

1007 1796 1270 1838 ascendente
1298 1802 1443 1838 autem
1471 1798 1681 1847 Domino,
1715 1798 1836 1839 missi

1006 1851 1163 1903 Angeli
1193 1853 1237 1892 in
1269 1852 1379 1894 albis
1411 1853 1614 1904 leguntur
1642 1854 1835 1895 vestibus

1006 1910 1275 1960 apparuisse.
1318 1909 1390 1950 Sic
1426 1909 1585 1950 etenim
1623 1910 1835 1962 scriptum

1007 1969 1088 2005 est:
1123 1964 1386 2006 Videntibus
1413 1965 1498 2006 illis
1529 1965 1724 2007 elevatus
1757 1972 1835 2015 est,

1006 2025 1050 2061 et
1080 2020 1218 2062 nubes
1251 2021 1444 2074 suscepit
1475 2034 1576 2062 eum
1606 2021 1661 2063 ab
1697 2022 1834 2062 oculis

1006 2078 1169 2117 eorum.
1194 2077 1392 2128 Cumque
1406 2077 1675 2119 intuerentur
1690 2078 1733 2117 in
1749 2090 1833 2118 coe-

1005 2131 1094 2173 lum
1122 2136 1297 2175 euntem
1324 2133 1462 2184 illum,
1497 2146 1599 2175 ecce
1632 2133 1720 2174 duo
1754 2134 1833 2174 viri

1006 2190 1219 2231 steterunt
1258 2190 1377 2241 juxta
1416 2189 1515 2230 illos
1555 2190 1599 2229 in
1638 2188 1833 2230 vestibus

1006 2243 1128 2285 albis.
1154 2246 1206 2285 In
1224 2245 1334 2286 albis
1351 2251 1498 2287 autem
1515 2244 1712 2286 vestibus
1730 2249 1832 2295 gau-

1006 2299 1125 2341 dium
1143 2306 1186 2342 et
1204 2301 1456 2342 solemnitas
1471 2301 1627 2342 mentis
1643 2300 1832 2342 ostendi-

1004 2361 1085 2396 tur.
1114 2356 1229 2407 Quid
1248 2363 1315 2398 est
1334 2369 1450 2407 ergo,
1470 2355 1600 2408 quod,
1621 2362 1725 2398 nato
1745 2357 1832 2399 Do-

1004 2412 1133 2461 mino,
1157 2426 1245 2454 non
1262 2413 1306 2452 in
1325 2412 1435 2453 albis
1456 2411 1661 2462 vestibus,
1685 2426 1831 2454 ascen-

1006 2466 1135 2509 dente
1162 2474 1308 2510 autem
1330 2468 1536 2517 Domino,
1561 2468 1604 2508 in
1628 2468 1739 2510 albis
1762 2472 1831 2511 ve-

1005 2523 1144 2565 stibus
1167 2523 1325 2573 Angeli
1350 2525 1580 2575 apparent:
1607 2525 1689 2565 nisi
1712 2525 1832 2577 quod

1004 2584 1107 2620 tunc
1126 2592 1283 2630 magna
1302 2578 1554 2620 solemnitas
1573 2580 1754 2630 Angelis
1773 2582 1831 2622 fa-

1005 2639 1076 2676 cta
1107 2641 1192 2685 est,
1228 2648 1327 2676 cum
1360 2634 1519 2675 coelum
1545 2635 1667 2677 Deus
1698 2636 1831 2678 homo

1004 2689 1271 2742 penetravit?
1294 2690 1406 2740 Quia
1421 2693 1627 2734 nascente
1641 2693 1832 2734 Domino
