<?xml version="1.0" encoding="UTF-8"?>
<!DOCTYPE html PUBLIC "-//W3C//DTD XHTML 1.0 Transitional//EN"
    "http://www.w3.org/TR/xhtml1/DTD/xhtml1-transitional.dtd">
<html xmlns="http://www.w3.org/1999/xhtml" xml:lang="en" lang="en">
 <head>
  <title>
</title>
<meta http-equiv="Content-Type" content="text/html;charset=utf-8" />
  <meta name='ocr-system' content='tesseract 3.04.00' />
  <meta name='ocr-capabilities' content='ocr_page ocr_carea ocr_par ocr_line ocrx_word'/>
</head>
<body>
  <div class='ocr_page' id='page_1' title='image "./p2breviariumroma00cathuoft_1003.png"; bbox 0 0 2066 2956; ppageno 0'>
   <div class='ocr_carea' id='block_1_1' title="bbox 563 213 1431 256">
    <p class='ocr_par' dir='ltr' id='par_1_1' title="bbox 563 213 1431 256">
     <span class='ocr_line' id='line_1_1' title="bbox 563 213 1431 256; baseline 0.001 -11"><span class='ocrx_word' id='word_1_1' title='bbox 563 213 632 247; x_wconf 85' lang='lat' dir='ltr'><strong>Die</strong></span> <span class='ocrx_word' id='word_1_2' title='bbox 663 213 708 246; x_wconf 83' lang='lat'><strong>17.</strong></span> <span class='ocrx_word' id='word_1_3' title='bbox 736 213 843 247; x_wconf 82' lang='lat' dir='ltr'><strong>Febr.</strong></span> <span class='ocrx_word' id='word_1_4' title='bbox 891 213 926 247; x_wconf 81' lang='lat' dir='ltr'><strong>S.</strong></span> <span class='ocrx_word' id='word_1_5' title='bbox 949 213 1094 256; x_wconf 70' lang='lat' dir='ltr'><strong>Hygini</strong></span> <span class='ocrx_word' id='word_1_6' title='bbox 1123 214 1238 256; x_wconf 65' lang='lat' dir='ltr'><strong>Papae</strong></span> <span class='ocrx_word' id='word_1_7' title='bbox 1266 218 1301 246; x_wconf 80' lang='lat' dir='ltr'><strong>ct</strong></span> <span class='ocrx_word' id='word_1_8' title='bbox 1326 213 1431 246; x_wconf 76' lang='lat' dir='ltr'><strong>Mart.</strong></span> 
     </span>
    </p>
   </div>
   <div class='ocr_carea' id='block_1_2' title="bbox 154 311 1002 2778">
    <p class='ocr_par' dir='ltr' id='par_1_2' title="bbox 154 311 998 1142">
     <span class='ocr_line' id='line_1_2' title="bbox 167 311 998 363; baseline -0.001 -10"><span class='ocrx_word' id='word_1_9' title='bbox 167 313 232 353; x_wconf 91' lang='lat' dir='ltr'><strong>uti</strong></span> <span class='ocrx_word' id='word_1_10' title='bbox 250 317 403 354; x_wconf 88' lang='lat' dir='ltr'><strong>sancto</strong></span> <span class='ocrx_word' id='word_1_11' title='bbox 418 311 592 353; x_wconf 89' lang='lat' dir='ltr'><strong>Thoma</strong></span> <span class='ocrx_word' id='word_1_12' title='bbox 607 312 828 363; x_wconf 88' lang='lat' dir='ltr'><strong>Aquinate</strong></span> <span class='ocrx_word' id='word_1_13' title='bbox 842 312 885 352; x_wconf 92' lang='lat' dir='ltr'><strong>in</strong></span> <span class='ocrx_word' id='word_1_14' title='bbox 899 311 998 363; x_wconf 90' lang='lat' dir='ltr'><strong>ipso</strong></span> 
     </span>
     <span class='ocr_line' id='line_1_3' title="bbox 167 368 998 418; baseline 0 -10"><span class='ocrx_word' id='word_1_15' title='bbox 167 368 322 410; x_wconf 88' lang='lat' dir='ltr'><strong>itinere</strong></span> <span class='ocrx_word' id='word_1_16' title='bbox 354 369 444 410; x_wconf 90' lang='lat' dir='ltr'><strong>vita</strong></span> <span class='ocrx_word' id='word_1_17' title='bbox 476 368 643 418; x_wconf 87' lang='lat' dir='ltr'><strong>funct0,</strong></span> <span class='ocrx_word' id='word_1_18' title='bbox 676 372 829 409; x_wconf 90' lang='lat' dir='ltr'><strong>sancto</strong></span> <span class='ocrx_word' id='word_1_19' title='bbox 858 368 998 408; x_wconf 92' lang='lat' dir='ltr'><strong>Bona-</strong></span> 
     </span>
     <span class='ocr_line' id='line_1_4' title="bbox 167 423 998 476; baseline -0.001 -11"><span class='ocrx_word' id='word_1_20' title='bbox 167 428 366 474; x_wconf 89' lang='lat' dir='ltr'><strong>ventura,</strong></span> <span class='ocrx_word' id='word_1_21' title='bbox 395 429 548 466; x_wconf 90' lang='lat' dir='ltr'><strong>sancto</strong></span> <span class='ocrx_word' id='word_1_22' title='bbox 576 423 784 476; x_wconf 86' lang='lat' dir='ltr'><strong>Philippo</strong></span> <span class='ocrx_word' id='word_1_23' title='bbox 813 423 998 472; x_wconf 88' lang='lat' dir='ltr'><strong>Benitio,</strong></span> 
     </span>
     <span class='ocr_line' id='line_1_5' title="bbox 166 479 998 531; baseline -0.001 -9"><span class='ocrx_word' id='word_1_24' title='bbox 166 480 300 522; x_wconf 88' lang='lat' dir='ltr'><strong>beato</strong></span> <span class='ocrx_word' id='word_1_25' title='bbox 331 480 518 522; x_wconf 91' lang='lat' dir='ltr'><strong>Alberto</strong></span> <span class='ocrx_word' id='word_1_26' title='bbox 550 480 730 531; x_wconf 90' lang='lat' dir='ltr'><strong>Magno,</strong></span> <span class='ocrx_word' id='word_1_27' title='bbox 769 481 902 521; x_wconf 93' lang='lat' dir='ltr'><strong>Petro</strong></span> <span class='ocrx_word' id='word_1_28' title='bbox 943 479 998 521; x_wconf 93' lang='lat' dir='ltr'><strong>de</strong></span> 
     </span>
     <span class='ocr_line' id='line_1_6' title="bbox 166 535 998 587; baseline 0 -9"><span class='ocrx_word' id='word_1_29' title='bbox 166 537 436 587; x_wconf 88' lang='lat' dir='ltr'><strong>Tarantasia‚</strong></span> <span class='ocrx_word' id='word_1_30' title='bbox 457 536 624 578; x_wconf 83' lang='lat' dir='ltr'><strong>ordinis</strong></span> <span class='ocrx_word' id='word_1_31' title='bbox 640 535 998 585; x_wconf 77' lang='lat' dir='ltr'><strong>praedicatorum,</strong></span> 
     </span>
     <span class='ocr_line' id='line_1_7' title="bbox 168 592 998 646; baseline -0.002 -11"><span class='ocrx_word' id='word_1_32' title='bbox 168 594 242 645; x_wconf 90' lang='lat' dir='ltr'><strong>qui</strong></span> <span class='ocrx_word' id='word_1_33' title='bbox 260 592 404 635; x_wconf 86' lang='lat' dir='ltr'><strong>eidem</strong></span> <span class='ocrx_word' id='word_1_34' title='bbox 427 594 470 634; x_wconf 92' lang='lat' dir='ltr'><strong>in</strong></span> <span class='ocrx_word' id='word_1_35' title='bbox 494 592 754 646; x_wconf 88' lang='lat' dir='ltr'><strong>pontificatu</strong></span> <span class='ocrx_word' id='word_1_36' title='bbox 775 593 998 634; x_wconf 86' lang='lat' dir='ltr'><strong>successit.</strong></span> 
     </span>
     <span class='ocr_line' id='line_1_8' title="bbox 165 647 998 700; baseline -0.001 -10"><span class='ocrx_word' id='word_1_37' title='bbox 165 649 306 700; x_wconf 87' lang='lat' dir='ltr'><strong>Igitur</strong></span> <span class='ocrx_word' id='word_1_38' title='bbox 334 650 650 691; x_wconf 76' lang='lat' dir='ltr'><strong>oecumenicam</strong></span> <span class='ocrx_word' id='word_1_39' title='bbox 677 647 895 700; x_wconf 74' lang='lat' dir='ltr'><strong>synodum</strong></span> <span class='ocrx_word' id='word_1_40' title='bbox 919 649 998 689; x_wconf 92' lang='lat' dir='ltr'><strong>Pa-</strong></span> 
     </span>
     <span class='ocr_line' id='line_1_9' title="bbox 165 705 998 756; baseline -0.001 -10"><span class='ocrx_word' id='word_1_41' title='bbox 165 710 282 747; x_wconf 92' lang='lat' dir='ltr'><strong>trum</strong></span> <span class='ocrx_word' id='word_1_42' title='bbox 309 708 492 747; x_wconf 91' lang='lat' dir='ltr'><strong>numero</strong></span> <span class='ocrx_word' id='word_1_43' title='bbox 521 705 716 746; x_wconf 78' lang='lat' dir='ltr'><strong>emnium</strong></span> <span class='ocrx_word' id='word_1_44' title='bbox 739 705 998 756; x_wconf 90' lang='lat' dir='ltr'><strong>frequentis-</strong></span> 
     </span>
     <span class='ocr_line' id='line_1_10' title="bbox 166 760 998 814; baseline -0.001 -12"><span class='ocrx_word' id='word_1_45' title='bbox 166 762 339 811; x_wconf 84' lang='lat' dir='ltr'><strong>simam,</strong></span> <span class='ocrx_word' id='word_1_46' title='bbox 369 762 439 803; x_wconf 95' lang='lat' dir='ltr'><strong>cui</strong></span> <span class='ocrx_word' id='word_1_47' title='bbox 466 761 643 814; x_wconf 81' lang='lat' dir='ltr'><strong>praefuit</strong></span> <span class='ocrx_word' id='word_1_48' title='bbox 664 760 869 802; x_wconf 78' lang='lat' dir='ltr'><strong>Pentifex</strong></span> <span class='ocrx_word' id='word_1_49' title='bbox 892 761 998 813; x_wconf 91' lang='lat' dir='ltr'><strong>ipse,</strong></span> 
     </span>
     <span class='ocr_line' id='line_1_11' title="bbox 167 816 998 870; baseline -0.002 -11"><span class='ocrx_word' id='word_1_50' title='bbox 167 818 351 867; x_wconf 80' lang='lat' dir='ltr'><strong>GraeciS,</strong></span> <span class='ocrx_word' id='word_1_51' title='bbox 379 818 547 870; x_wconf 83' lang='lat' dir='ltr'><strong>eiurato</strong></span> <span class='ocrx_word' id='word_1_52' title='bbox 567 817 819 866; x_wconf 83' lang='lat' dir='ltr'><strong>schismate,</strong></span> <span class='ocrx_word' id='word_1_53' title='bbox 844 816 901 858; x_wconf 92' lang='lat' dir='ltr'><strong>ad</strong></span> <span class='ocrx_word' id='word_1_54' title='bbox 919 817 998 858; x_wconf 94' lang='lat' dir='ltr'><strong>Ec-</strong></span> 
     </span>
     <span class='ocr_line' id='line_1_12' title="bbox 166 872 998 926; baseline -0.002 -11"><span class='ocrx_word' id='word_1_55' title='bbox 166 874 312 916; x_wconf 87' lang='lat' dir='ltr'><strong>clesiae</strong></span> <span class='ocrx_word' id='word_1_56' title='bbox 334 874 547 916; x_wconf 88' lang='lat' dir='ltr'><strong>unitatem</strong></span> <span class='ocrx_word' id='word_1_57' title='bbox 571 873 778 926; x_wconf 87' lang='lat' dir='ltr'><strong>receptis,</strong></span> <span class='ocrx_word' id='word_1_58' title='bbox 808 872 998 914; x_wconf 88' lang='lat' dir='ltr'><strong>decretis</strong></span> 
     </span>
     <span class='ocr_line' id='line_1_13' title="bbox 165 928 998 983; baseline -0.002 -12"><span class='ocrx_word' id='word_1_59' title='bbox 165 943 248 983; x_wconf 92' lang='lat' dir='ltr'><strong>pro</strong></span> <span class='ocrx_word' id='word_1_60' title='bbox 290 943 415 972; x_wconf 86' lang='lat' dir='ltr'><strong>sacra</strong></span> <span class='ocrx_word' id='word_1_61' title='bbox 457 929 738 983; x_wconf 84' lang='lat' dir='ltr'><strong>expeditione</strong></span> <span class='ocrx_word' id='word_1_62' title='bbox 775 928 998 978; x_wconf 90' lang='lat' dir='ltr'><strong>subsidiis,</strong></span> 
     </span>
     <span class='ocr_line' id='line_1_14' title="bbox 154 984 998 1040; baseline -0.005 -11"><span class='ocrx_word' id='word_1_63' title='bbox 154 984 384 1039; x_wconf 85' lang='lat' dir='ltr'><strong>&#39;editisque</strong></span> <span class='ocrx_word' id='word_1_64' title='bbox 407 986 607 1040; x_wconf 90' lang='lat' dir='ltr'><strong>pluribus</strong></span> <span class='ocrx_word' id='word_1_65' title='bbox 631 986 917 1027; x_wconf 84' lang='lat' dir='ltr'><strong>sanctissimis</strong></span> <span class='ocrx_word' id='word_1_66' title='bbox 941 985 998 1026; x_wconf 91' lang='lat' dir='ltr'><strong>le-</strong></span> 
     </span>
     <span class='ocr_line' id='line_1_15' title="bbox 165 1042 998 1095; baseline -0.002 -11"><span class='ocrx_word' id='word_1_67' title='bbox 165 1042 308 1094; x_wconf 87' lang='lat' dir='ltr'><strong>gibus,</strong></span> <span class='ocrx_word' id='word_1_68' title='bbox 331 1043 543 1085; x_wconf 88' lang='lat' dir='ltr'><strong>trimestri</strong></span> <span class='ocrx_word' id='word_1_69' title='bbox 563 1042 709 1095; x_wconf 89' lang='lat' dir='ltr'><strong>spatio</strong></span> <span class='ocrx_word' id='word_1_70' title='bbox 729 1042 912 1083; x_wconf 78' lang='lat' dir='ltr'><strong>feliciter</strong></span> <span class='ocrx_word' id='word_1_71' title='bbox 932 1054 998 1082; x_wconf 91' lang='lat' dir='ltr'><strong>ce-</strong></span> 
     </span>
     <span class='ocr_line' id='line_1_16' title="bbox 165 1099 363 1142; baseline 0 -2"><span class='ocrx_word' id='word_1_72' title='bbox 165 1099 363 1142; x_wconf 88' lang='lat' dir='ltr'><strong>lebravit.</strong></span> 
     </span>
    </p>

    <p class='ocr_par' dir='ltr' id='par_1_3' title="bbox 166 1155 1000 1479">
     <span class='ocr_line' id='line_1_17' title="bbox 221 1155 998 1208; baseline -0.003 -11"><span class='ocrx_word' id='word_1_73' title='bbox 221 1158 271 1208; x_wconf 66' lang='lat' dir='ltr'><strong>Rv.</strong></span> <span class='ocrx_word' id='word_1_74' title='bbox 301 1156 435 1197; x_wconf 81' lang='lat' dir='ltr'><strong>Pesui</strong></span> <span class='ocrx_word' id='word_1_75' title='bbox 468 1155 733 1207; x_wconf 79' lang='lat' dir='ltr'><strong>adjuterium</strong></span> <span class='ocrx_word' id='word_1_76' title='bbox 762 1167 895 1207; x_wconf 91' lang='lat' dir='ltr'><strong>super</strong></span> <span class='ocrx_word' id='word_1_77' title='bbox 922 1167 998 1206; x_wconf 91' lang='lat' dir='ltr'><strong>po-</strong></span> 
     </span>
     <span class='ocr_line' id='line_1_18' title="bbox 167 1209 999 1262; baseline -0.002 -9"><span class='ocrx_word' id='word_1_78' title='bbox 167 1214 352 1262; x_wconf 90' lang='lat' dir='ltr'><strong>tentem,</strong></span> <span class='ocrx_word' id='word_1_79' title='bbox 398 1218 442 1254; x_wconf 90' lang='lat' dir='ltr'><strong>et</strong></span> <span class='ocrx_word' id='word_1_80' title='bbox 483 1211 674 1253; x_wconf 75' lang='lat' dir='ltr'><strong>exaltavi</strong></span> <span class='ocrx_word' id='word_1_81' title='bbox 715 1211 903 1252; x_wconf 89' lang='lat' dir='ltr'><strong>electum</strong></span> <span class='ocrx_word' id='word_1_82' title='bbox 944 1209 999 1251; x_wconf 94' lang='lat' dir='ltr'><strong>de</strong></span> 
     </span>
     <span class='ocr_line' id='line_1_19' title="bbox 166 1267 1000 1321; baseline -0.004 -11"><span class='ocrx_word' id='word_1_83' title='bbox 166 1268 298 1321; x_wconf 90' lang='lat' dir='ltr'><strong>plebe</strong></span> <span class='ocrx_word' id='word_1_84' title='bbox 338 1281 451 1310; x_wconf 91' lang='lat' dir='ltr'><strong>mea:</strong></span> <span class='ocrx_word' id='word_1_85' title='bbox 487 1270 508 1292; x_wconf 88' lang='lat'>*</span> <span class='ocrx_word' id='word_1_86' title='bbox 547 1268 704 1309; x_wconf 89' lang='lat' dir='ltr'><strong>Manus</strong></span> <span class='ocrx_word' id='word_1_87' title='bbox 747 1267 860 1309; x_wconf 91' lang='lat' dir='ltr'><strong>enim</strong></span> <span class='ocrx_word' id='word_1_88' title='bbox 902 1279 1000 1307; x_wconf 86' lang='lat' dir='ltr'><strong>mea</strong></span> 
     </span>
     <span class='ocr_line' id='line_1_20' title="bbox 168 1319 1000 1371; baseline -0.002 -5"><span class='ocrx_word' id='word_1_89' title='bbox 168 1324 448 1367; x_wconf 76' lang='lat' dir='ltr'><strong>auxiliabitur</strong></span> <span class='ocrx_word' id='word_1_90' title='bbox 482 1325 532 1367; x_wconf 92' lang='lat' dir='ltr'><strong>ei.</strong></span> <span class='ocrx_word' id='word_1_91' title='bbox 588 1319 638 1371; x_wconf 62' lang='lat' dir='ltr'><strong>V.</strong></span> <span class='ocrx_word' id='word_1_92' title='bbox 673 1324 827 1365; x_wconf 91' lang='lat' dir='ltr'><strong>Inveni</strong></span> <span class='ocrx_word' id='word_1_93' title='bbox 855 1323 1000 1364; x_wconf 89' lang='lat' dir='ltr'><strong>David</strong></span> 
     </span>
     <span class='ocr_line' id='line_1_21' title="bbox 168 1380 998 1431; baseline -0.002 -9"><span class='ocrx_word' id='word_1_94' title='bbox 168 1394 343 1423; x_wconf 87' lang='lat' dir='ltr'><strong>servum</strong></span> <span class='ocrx_word' id='word_1_95' title='bbox 375 1393 536 1431; x_wconf 88' lang='lat' dir='ltr'><strong>meum,</strong></span> <span class='ocrx_word' id='word_1_96' title='bbox 579 1380 678 1422; x_wconf 81' lang='lat' dir='ltr'><strong>eleo</strong></span> <span class='ocrx_word' id='word_1_97' title='bbox 713 1385 866 1421; x_wconf 89' lang='lat' dir='ltr'><strong>sancto</strong></span> <span class='ocrx_word' id='word_1_98' title='bbox 899 1392 998 1420; x_wconf 89' lang='lat' dir='ltr'><strong>meo</strong></span> 
     </span>
     <span class='ocr_line' id='line_1_22' title="bbox 167 1437 612 1479; baseline -0.002 -1"><span class='ocrx_word' id='word_1_99' title='bbox 167 1437 273 1478; x_wconf 88' lang='lat' dir='ltr'><strong>unxi</strong></span> <span class='ocrx_word' id='word_1_100' title='bbox 297 1450 407 1479; x_wconf 91' lang='lat' dir='ltr'><strong>eum.</strong></span> <span class='ocrx_word' id='word_1_101' title='bbox 443 1437 612 1478; x_wconf 88' lang='lat' dir='ltr'><strong>Manus.</strong></span> 
     </span>
    </p>

    <p class='ocr_par' dir='ltr' id='par_1_4' title="bbox 471 1493 696 1533">
     <span class='ocr_line' id='line_1_23' title="bbox 471 1493 696 1533; baseline -0.009 -1"><span class='ocrx_word' id='word_1_102' title='bbox 471 1493 623 1533; x_wconf 81' lang='lat' dir='ltr'><strong>Lectio</strong></span> <span class='ocrx_word' id='word_1_103' title='bbox 645 1493 696 1531; x_wconf 84' lang='lat' dir='ltr'><strong>vi.</strong></span> 
     </span>
    </p>

    <p class='ocr_par' dir='ltr' id='par_1_5' title="bbox 169 1546 1000 1652">
     <span class='ocr_line' id='line_1_24' title="bbox 169 1546 1000 1652; baseline -0.006 -60"><span class='ocrx_word' id='word_1_104' title='bbox 169 1546 282 1652; x_wconf 89' lang='lat' dir='ltr'><strong>De</strong></span> <span class='ocrx_word' id='word_1_105' title='bbox 320 1563 431 1603; x_wconf 86' lang='lat' dir='ltr'><strong>pace</strong></span> <span class='ocrx_word' id='word_1_106' title='bbox 469 1551 513 1591; x_wconf 91' lang='lat' dir='ltr'><strong>in</strong></span> <span class='ocrx_word' id='word_1_107' title='bbox 549 1549 749 1592; x_wconf 82' lang='lat' dir='ltr'><strong>Ecclesia</strong></span> <span class='ocrx_word' id='word_1_108' title='bbox 786 1547 1000 1589; x_wconf 87' lang='lat' dir='ltr'><strong>firmanda</strong></span> 
     </span>
    </p>

    <p class='ocr_par' dir='ltr' id='par_1_6' title="bbox 167 1604 1002 2778">
     <span class='ocr_line' id='line_1_25' title="bbox 276 1604 998 1659; baseline -0.006 -11"><span class='ocrx_word' id='word_1_109' title='bbox 276 1619 376 1649; x_wconf 93' lang='lat' dir='ltr'><strong>cum</strong></span> <span class='ocrx_word' id='word_1_110' title='bbox 404 1607 557 1659; x_wconf 90' lang='lat' dir='ltr'><strong>primis</strong></span> <span class='ocrx_word' id='word_1_111' title='bbox 584 1605 817 1654; x_wconf 89' lang='lat' dir='ltr'><strong>sollicitus,</strong></span> <span class='ocrx_word' id='word_1_112' title='bbox 845 1604 998 1656; x_wconf 80' lang='lat' dir='ltr'><strong>praela-</strong></span> 
     </span>
     <span class='ocr_line' id='line_1_26' title="bbox 168 1661 1000 1713; baseline -0.004 -9"><span class='ocrx_word' id='word_1_113' title='bbox 168 1665 316 1704; x_wconf 82' lang='lat' dir='ltr'><strong>torum</strong></span> <span class='ocrx_word' id='word_1_114' title='bbox 340 1661 538 1712; x_wconf 88' lang='lat' dir='ltr'><strong>dissidia,</strong></span> <span class='ocrx_word' id='word_1_115' title='bbox 566 1675 719 1713; x_wconf 89' lang='lat' dir='ltr'><strong>regum</strong></span> <span class='ocrx_word' id='word_1_116' title='bbox 743 1661 1000 1708; x_wconf 87' lang='lat' dir='ltr'><strong>inimicitias,</strong></span> 
     </span>
     <span class='ocr_line' id='line_1_27' title="bbox 168 1717 999 1772; baseline -0.004 -12"><span class='ocrx_word' id='word_1_117' title='bbox 168 1719 497 1772; x_wconf 89' lang='lat' dir='ltr'><strong>provinciarum</strong></span> <span class='ocrx_word' id='word_1_118' title='bbox 517 1718 633 1767; x_wconf 84' lang='lat' dir='ltr'><strong>odia,</strong></span> <span class='ocrx_word' id='word_1_119' title='bbox 654 1717 922 1770; x_wconf 79' lang='lat' dir='ltr'><strong>populerum</strong></span> <span class='ocrx_word' id='word_1_120' title='bbox 940 1717 999 1757; x_wconf 89' lang='lat' dir='ltr'><strong>fa-</strong></span> 
     </span>
     <span class='ocr_line' id='line_1_28' title="bbox 169 1774 999 1827; baseline -0.005 -10"><span class='ocrx_word' id='word_1_121' title='bbox 169 1776 339 1818; x_wconf 82' lang='lat' dir='ltr'><strong>ctiones</strong></span> <span class='ocrx_word' id='word_1_122' title='bbox 376 1775 644 1827; x_wconf 80' lang='lat' dir='ltr'><strong>compesuit,</strong></span> <span class='ocrx_word' id='word_1_123' title='bbox 690 1774 883 1822; x_wconf 90' lang='lat' dir='ltr'><strong>diremit,</strong></span> <span class='ocrx_word' id='word_1_124' title='bbox 929 1786 999 1814; x_wconf 91' lang='lat' dir='ltr'><strong>ex-</strong></span> 
     </span>
     <span class='ocr_line' id='line_1_29' title="bbox 169 1828 999 1882; baseline -0.005 -9"><span class='ocrx_word' id='word_1_125' title='bbox 169 1832 330 1874; x_wconf 86' lang='lat' dir='ltr'><strong>stinxit.</strong></span> <span class='ocrx_word' id='word_1_126' title='bbox 378 1831 589 1872; x_wconf 79' lang='lat' dir='ltr'><strong>Ecclesiae</strong></span> <span class='ocrx_word' id='word_1_127' title='bbox 622 1831 732 1882; x_wconf 92' lang='lat' dir='ltr'><strong>jura,</strong></span> <span class='ocrx_word' id='word_1_128' title='bbox 765 1829 896 1870; x_wconf 90' lang='lat' dir='ltr'><strong>etiam</strong></span> <span class='ocrx_word' id='word_1_129' title='bbox 927 1828 999 1870; x_wconf 92' lang='lat' dir='ltr'><strong>ad-</strong></span> 
     </span>
     <span class='ocr_line' id='line_1_30' title="bbox 167 1886 1001 1939; baseline -0.005 -10"><span class='ocrx_word' id='word_1_130' title='bbox 167 1889 322 1929; x_wconf 86' lang='lat' dir='ltr'><strong>versus</strong></span> <span class='ocrx_word' id='word_1_131' title='bbox 351 1900 478 1938; x_wconf 88' lang='lat' dir='ltr'><strong>reges</strong></span> <span class='ocrx_word' id='word_1_132' title='bbox 507 1891 551 1928; x_wconf 94' lang='lat' dir='ltr'><strong>et</strong></span> <span class='ocrx_word' id='word_1_133' title='bbox 577 1886 816 1939; x_wconf 85' lang='lat' dir='ltr'><strong>principes,</strong></span> <span class='ocrx_word' id='word_1_134' title='bbox 849 1887 1001 1926; x_wconf 90' lang='lat' dir='ltr'><strong>severe</strong></span> 
     </span>
     <span class='ocr_line' id='line_1_31' title="bbox 169 1942 1000 1992; baseline -0.004 -7"><span class='ocrx_word' id='word_1_135' title='bbox 169 1957 221 1985; x_wconf 88' lang='lat' dir='ltr'><strong>ac</strong></span> <span class='ocrx_word' id='word_1_136' title='bbox 243 1944 416 1986; x_wconf 84' lang='lat' dir='ltr'><strong>fortiter</strong></span> <span class='ocrx_word' id='word_1_137' title='bbox 435 1943 692 1992; x_wconf 76' lang='lat' dir='ltr'><strong>vindicavit,</strong></span> <span class='ocrx_word' id='word_1_138' title='bbox 720 1942 883 1983; x_wconf 91' lang='lat' dir='ltr'><strong>nullam</strong></span> <span class='ocrx_word' id='word_1_139' title='bbox 904 1954 1000 1983; x_wconf 88' lang='lat' dir='ltr'><strong>esse</strong></span> 
     </span>
     <span class='ocr_line' id='line_1_32' title="bbox 167 1998 1001 2052; baseline -0.005 -11"><span class='ocrx_word' id='word_1_140' title='bbox 167 1999 416 2052; x_wconf 82' lang='lat' dir='ltr'><strong>praedicans</strong></span> <span class='ocrx_word' id='word_1_141' title='bbox 466 1998 721 2040; x_wconf 82' lang='lat' dir='ltr'><strong>solidierem</strong></span> <span class='ocrx_word' id='word_1_142' title='bbox 765 1999 1001 2048; x_wconf 83' lang='lat' dir='ltr'><strong>regnorum</strong></span> 
     </span>
     <span class='ocr_line' id='line_1_33' title="bbox 168 2053 1000 2108; baseline -0.005 -11"><span class='ocrx_word' id='word_1_143' title='bbox 168 2056 319 2105; x_wconf 88' lang='lat' dir='ltr'><strong>basim,</strong></span> <span class='ocrx_word' id='word_1_144' title='bbox 340 2068 471 2108; x_wconf 91' lang='lat' dir='ltr'><strong>quam</strong></span> <span class='ocrx_word' id='word_1_145' title='bbox 489 2055 674 2096; x_wconf 89' lang='lat' dir='ltr'><strong>tutelam</strong></span> <span class='ocrx_word' id='word_1_146' title='bbox 691 2053 1000 2096; x_wconf 89' lang='lat' dir='ltr'><strong>ecclesiasticae</strong></span> 
     </span>
     <span class='ocr_line' id='line_1_34' title="bbox 168 2109 1000 2164; baseline -0.004 -12"><span class='ocrx_word' id='word_1_147' title='bbox 168 2111 394 2154; x_wconf 87' lang='lat' dir='ltr'><strong>libertatis.</strong></span> <span class='ocrx_word' id='word_1_148' title='bbox 464 2111 716 2164; x_wconf 90' lang='lat' dir='ltr'><strong>Pauperum</strong></span> <span class='ocrx_word' id='word_1_149' title='bbox 761 2109 1000 2151; x_wconf 89' lang='lat' dir='ltr'><strong>amantissi-</strong></span> 
     </span>
     <span class='ocr_line' id='line_1_35' title="bbox 169 2166 999 2220; baseline -0.005 -11"><span class='ocrx_word' id='word_1_150' title='bbox 169 2181 284 2218; x_wconf 86' lang='lat' dir='ltr'><strong>mus,</strong></span> <span class='ocrx_word' id='word_1_151' title='bbox 316 2168 484 2220; x_wconf 87' lang='lat' dir='ltr'><strong>primus</strong></span> <span class='ocrx_word' id='word_1_152' title='bbox 522 2167 716 2209; x_wconf 77' lang='lat' dir='ltr'><strong>emnium</strong></span> <span class='ocrx_word' id='word_1_153' title='bbox 748 2166 792 2206; x_wconf 92' lang='lat' dir='ltr'><strong>in</strong></span> <span class='ocrx_word' id='word_1_154' title='bbox 825 2167 999 2217; x_wconf 81' lang='lat' dir='ltr'><strong>aposte-</strong></span> 
     </span>
     <span class='ocr_line' id='line_1_36' title="bbox 168 2221 1000 2277; baseline -0.005 -12"><span class='ocrx_word' id='word_1_155' title='bbox 168 2224 253 2266; x_wconf 92' lang='lat' dir='ltr'><strong>lico</strong></span> <span class='ocrx_word' id='word_1_156' title='bbox 285 2224 451 2277; x_wconf 87' lang='lat' dir='ltr'><strong>palatio</strong></span> <span class='ocrx_word' id='word_1_157' title='bbox 478 2225 652 2277; x_wconf 89' lang='lat' dir='ltr'><strong>piarum</strong></span> <span class='ocrx_word' id='word_1_158' title='bbox 678 2223 722 2264; x_wconf 93' lang='lat' dir='ltr'><strong>in</strong></span> <span class='ocrx_word' id='word_1_159' title='bbox 748 2222 848 2263; x_wconf 93' lang='lat' dir='ltr'><strong>illos</strong></span> <span class='ocrx_word' id='word_1_160' title='bbox 875 2221 1000 2272; x_wconf 88' lang='lat' dir='ltr'><strong>largi—</strong></span> 
     </span>
     <span class='ocr_line' id='line_1_37' title="bbox 169 2277 1000 2332; baseline -0.005 -11"><span class='ocrx_word' id='word_1_161' title='bbox 169 2281 339 2322; x_wconf 81' lang='lat' dir='ltr'><strong>tionum</strong></span> <span class='ocrx_word' id='word_1_162' title='bbox 375 2280 613 2332; x_wconf 79' lang='lat' dir='ltr'><strong>praesidem</strong></span> <span class='ocrx_word' id='word_1_163' title='bbox 649 2278 891 2326; x_wconf 81' lang='lat' dir='ltr'><strong>constituit,</strong></span> <span class='ocrx_word' id='word_1_164' title='bbox 931 2277 1000 2317; x_wconf 89' lang='lat' dir='ltr'><strong>iis-</strong></span> 
     </span>
     <span class='ocr_line' id='line_1_38' title="bbox 170 2333 1000 2389; baseline -0.005 -11"><span class='ocrx_word' id='word_1_165' title='bbox 170 2349 256 2388; x_wconf 93' lang='lat' dir='ltr'><strong>que</strong></span> <span class='ocrx_word' id='word_1_166' title='bbox 275 2337 469 2389; x_wconf 82' lang='lat' dir='ltr'><strong>pr6priis</strong></span> <span class='ocrx_word' id='word_1_167' title='bbox 487 2335 689 2377; x_wconf 90' lang='lat' dir='ltr'><strong>manibus</strong></span> <span class='ocrx_word' id='word_1_168' title='bbox 706 2333 845 2387; x_wconf 92' lang='lat' dir='ltr'><strong>pedes</strong></span> <span class='ocrx_word' id='word_1_169' title='bbox 861 2335 1000 2384; x_wconf 87' lang='lat' dir='ltr'><strong>quoti-</strong></span> 
     </span>
     <span class='ocr_line' id='line_1_39' title="bbox 170 2388 1000 2434; baseline -0.006 0"><span class='ocrx_word' id='word_1_170' title='bbox 170 2391 241 2434; x_wconf 89' lang='lat' dir='ltr'><strong>die</strong></span> <span class='ocrx_word' id='word_1_171' title='bbox 259 2392 478 2434; x_wconf 83' lang='lat' dir='ltr'><strong>abluebat.</strong></span> <span class='ocrx_word' id='word_1_172' title='bbox 506 2393 558 2432; x_wconf 92' lang='lat' dir='ltr'><strong>In</strong></span> <span class='ocrx_word' id='word_1_173' title='bbox 577 2391 750 2432; x_wconf 90' lang='lat' dir='ltr'><strong>Italiam</strong></span> <span class='ocrx_word' id='word_1_174' title='bbox 769 2403 795 2431; x_wconf 90' lang='lat' dir='ltr'><strong>a</strong></span> <span class='ocrx_word' id='word_1_175' title='bbox 814 2388 1000 2431; x_wconf 88' lang='lat' dir='ltr'><strong>concilio</strong></span> 
     </span>
     <span class='ocr_line' id='line_1_40' title="bbox 170 2444 1000 2500; baseline -0.007 -10"><span class='ocrx_word' id='word_1_176' title='bbox 170 2447 321 2498; x_wconf 86' lang='lat' dir='ltr'><strong>redux,</strong></span> <span class='ocrx_word' id='word_1_177' title='bbox 341 2448 446 2489; x_wconf 94' lang='lat' dir='ltr'><strong>dum</strong></span> <span class='ocrx_word' id='word_1_178' title='bbox 464 2447 783 2500; x_wconf 84' lang='lat' dir='ltr'><strong>profectionem</strong></span> <span class='ocrx_word' id='word_1_179' title='bbox 802 2446 845 2486; x_wconf 94' lang='lat' dir='ltr'><strong>in</strong></span> <span class='ocrx_word' id='word_1_180' title='bbox 864 2444 1000 2485; x_wconf 87' lang='lat' dir='ltr'><strong>Palae-</strong></span> 
     </span>
     <span class='ocr_line' id='line_1_41' title="bbox 171 2500 1002 2555; baseline -0.005 -10"><span class='ocrx_word' id='word_1_181' title='bbox 171 2507 330 2546; x_wconf 86' lang='lat' dir='ltr'><strong>stinam</strong></span> <span class='ocrx_word' id='word_1_182' title='bbox 365 2504 621 2550; x_wconf 85' lang='lat' dir='ltr'><strong>meditatur,</strong></span> <span class='ocrx_word' id='word_1_183' title='bbox 665 2502 881 2555; x_wconf 80' lang='lat' dir='ltr'><strong>pluraque</strong></span> <span class='ocrx_word' id='word_1_184' title='bbox 918 2500 1002 2541; x_wconf 90' lang='lat' dir='ltr'><strong>alia</strong></span> 
     </span>
     <span class='ocr_line' id='line_1_42' title="bbox 171 2556 1001 2612; baseline -0.007 -10"><span class='ocrx_word' id='word_1_185' title='bbox 171 2561 421 2602; x_wconf 80' lang='lat' dir='ltr'><strong>christianae</strong></span> <span class='ocrx_word' id='word_1_186' title='bbox 450 2559 706 2612; x_wconf 79' lang='lat' dir='ltr'><strong>reipublicae</strong></span> <span class='ocrx_word' id='word_1_187' title='bbox 732 2558 850 2599; x_wconf 94' lang='lat' dir='ltr'><strong>bono</strong></span> <span class='ocrx_word' id='word_1_188' title='bbox 879 2556 1001 2597; x_wconf 92' lang='lat' dir='ltr'><strong>moli-</strong></span> 
     </span>
     <span class='ocr_line' id='line_1_43' title="bbox 171 2613 1001 2666; baseline -0.005 -10"><span class='ocrx_word' id='word_1_189' title='bbox 171 2618 300 2666; x_wconf 88' lang='lat' dir='ltr'><strong>retur,</strong></span> <span class='ocrx_word' id='word_1_190' title='bbox 312 2616 454 2657; x_wconf 93' lang='lat' dir='ltr'><strong>Aretii</strong></span> <span class='ocrx_word' id='word_1_191' title='bbox 468 2616 512 2656; x_wconf 92' lang='lat' dir='ltr'><strong>in</strong></span> <span class='ocrx_word' id='word_1_192' title='bbox 526 2615 704 2656; x_wconf 81' lang='lat' dir='ltr'><strong>Etruria</strong></span> <span class='ocrx_word' id='word_1_193' title='bbox 717 2619 858 2654; x_wconf 90' lang='lat' dir='ltr'><strong>morte</strong></span> <span class='ocrx_word' id='word_1_194' title='bbox 873 2613 1001 2654; x_wconf 90' lang='lat' dir='ltr'><strong>inter-</strong></span> 
     </span>
     <span class='ocr_line' id='line_1_44' title="bbox 172 2669 1002 2725; baseline -0.006 -12"><span class='ocrx_word' id='word_1_195' title='bbox 172 2674 327 2725; x_wconf 87' lang='lat' dir='ltr'><strong>ceptus</strong></span> <span class='ocrx_word' id='word_1_196' title='bbox 347 2677 425 2722; x_wconf 86' lang='lat' dir='ltr'><strong>est,</strong></span> <span class='ocrx_word' id='word_1_197' title='bbox 446 2676 603 2723; x_wconf 93' lang='lat' dir='ltr'><strong>quarto</strong></span> <span class='ocrx_word' id='word_1_198' title='bbox 622 2670 677 2711; x_wconf 89' lang='lat' dir='ltr'><strong>ab</strong></span> <span class='ocrx_word' id='word_1_199' title='bbox 694 2669 907 2711; x_wconf 85' lang='lat' dir='ltr'><strong>electione</strong></span> <span class='ocrx_word' id='word_1_200' title='bbox 923 2680 1002 2708; x_wconf 88' lang='lat' dir='ltr'><strong>sua</strong></span> 
     </span>
     <span class='ocr_line' id='line_1_45' title="bbox 171 2723 1002 2778; baseline -0.006 -9"><span class='ocrx_word' id='word_1_201' title='bbox 171 2740 302 2778; x_wconf 85' lang='lat' dir='ltr'><strong>anno,</strong></span> <span class='ocrx_word' id='word_1_202' title='bbox 333 2740 484 2769; x_wconf 87' lang='lat' dir='ltr'><strong>mense</strong></span> <span class='ocrx_word' id='word_1_203' title='bbox 513 2731 689 2778; x_wconf 75' lang='lat' dir='ltr'><strong>quarm,</strong></span> <span class='ocrx_word' id='word_1_204' title='bbox 722 2725 793 2766; x_wconf 93' lang='lat' dir='ltr'><strong>die</strong></span> <span class='ocrx_word' id='word_1_205' title='bbox 822 2723 1002 2765; x_wconf 88' lang='lat' dir='ltr'><strong>decima.</strong></span> 
     </span>
    </p>
   </div>
   <div class='ocr_carea' id='block_1_3' title="bbox 1051 309 1882 869">
    <p class='ocr_par' dir='ltr' id='par_1_7' title="bbox 1051 309 1882 869">
     <span class='ocr_line' id='line_1_46' title="bbox 1051 309 1881 363; baseline -0.004 -11"><span class='ocrx_word' id='word_1_206' title='bbox 1051 312 1152 354; x_wconf 88' lang='lat' dir='ltr'><strong>Fuit</strong></span> <span class='ocrx_word' id='word_1_207' title='bbox 1171 313 1236 353; x_wconf 88' lang='lat' dir='ltr'><strong>vir</strong></span> <span class='ocrx_word' id='word_1_208' title='bbox 1256 311 1387 352; x_wconf 91' lang='lat' dir='ltr'><strong>animi</strong></span> <span class='ocrx_word' id='word_1_209' title='bbox 1405 310 1534 363; x_wconf 86' lang='lat' dir='ltr'><strong>plane</strong></span> <span class='ocrx_word' id='word_1_210' title='bbox 1554 309 1704 350; x_wconf 87' lang='lat' dir='ltr'><strong>invicti</strong></span> <span class='ocrx_word' id='word_1_211' title='bbox 1718 314 1762 350; x_wconf 89' lang='lat' dir='ltr'><strong>et</strong></span> <span class='ocrx_word' id='word_1_212' title='bbox 1777 321 1881 361; x_wconf 91' lang='lat' dir='ltr'><strong>apo-</strong></span> 
     </span>
     <span class='ocr_line' id='line_1_47' title="bbox 1053 364 1882 418; baseline -0.005 -9"><span class='ocrx_word' id='word_1_213' title='bbox 1053 368 1207 418; x_wconf 86' lang='lat' dir='ltr'><strong>stolici,</strong></span> <span class='ocrx_word' id='word_1_214' title='bbox 1228 369 1502 409; x_wconf 83' lang='lat' dir='ltr'><strong>terrenorum</strong></span> <span class='ocrx_word' id='word_1_215' title='bbox 1517 367 1783 417; x_wconf 89' lang='lat' dir='ltr'><strong>contemptu,</strong></span> <span class='ocrx_word' id='word_1_216' title='bbox 1803 364 1882 405; x_wconf 90' lang='lat' dir='ltr'><strong>cul-</strong></span> 
     </span>
     <span class='ocr_line' id='line_1_48' title="bbox 1052 420 1880 472; baseline -0.005 -7"><span class='ocrx_word' id='word_1_217' title='bbox 1052 429 1124 465; x_wconf 91' lang='lat' dir='ltr'><strong>tus</strong></span> <span class='ocrx_word' id='word_1_218' title='bbox 1144 424 1280 465; x_wconf 91' lang='lat' dir='ltr'><strong>divini</strong></span> <span class='ocrx_word' id='word_1_219' title='bbox 1299 422 1463 472; x_wconf 91' lang='lat' dir='ltr'><strong>studio,</strong></span> <span class='ocrx_word' id='word_1_220' title='bbox 1489 421 1593 463; x_wconf 88' lang='lat' dir='ltr'><strong>fidei</strong></span> <span class='ocrx_word' id='word_1_221' title='bbox 1616 421 1728 471; x_wconf 88' lang='lat' dir='ltr'><strong>zelo,</strong></span> <span class='ocrx_word' id='word_1_222' title='bbox 1755 420 1880 462; x_wconf 92' lang='lat' dir='ltr'><strong>disci-</strong></span> 
     </span>
     <span class='ocr_line' id='line_1_49' title="bbox 1051 477 1881 532; baseline -0.004 -12"><span class='ocrx_word' id='word_1_223' title='bbox 1051 481 1184 532; x_wconf 88' lang='lat' dir='ltr'><strong>plinae</strong></span> <span class='ocrx_word' id='word_1_224' title='bbox 1204 485 1247 521; x_wconf 96' lang='lat' dir='ltr'><strong>et</strong></span> <span class='ocrx_word' id='word_1_225' title='bbox 1266 492 1438 521; x_wconf 91' lang='lat' dir='ltr'><strong>morum</strong></span> <span class='ocrx_word' id='word_1_226' title='bbox 1458 477 1793 526; x_wconf 79' lang='lat' dir='ltr'><strong>restauratiene,</strong></span> <span class='ocrx_word' id='word_1_227' title='bbox 1818 490 1881 518; x_wconf 91' lang='lat' dir='ltr'><strong>re-</strong></span> 
     </span>
     <span class='ocr_line' id='line_1_50' title="bbox 1052 533 1880 587; baseline -0.005 -10"><span class='ocrx_word' id='word_1_228' title='bbox 1052 549 1148 577; x_wconf 92' lang='lat' dir='ltr'><strong>rum</strong></span> <span class='ocrx_word' id='word_1_229' title='bbox 1172 534 1464 587; x_wconf 88' lang='lat' dir='ltr'><strong>gerendarum</strong></span> <span class='ocrx_word' id='word_1_230' title='bbox 1487 533 1737 586; x_wconf 90' lang='lat' dir='ltr'><strong>prudentia,</strong></span> <span class='ocrx_word' id='word_1_231' title='bbox 1762 533 1880 574; x_wconf 90' lang='lat' dir='ltr'><strong>forti—</strong></span> 
     </span>
     <span class='ocr_line' id='line_1_51' title="bbox 1051 589 1882 643; baseline -0.006 -9"><span class='ocrx_word' id='word_1_232' title='bbox 1051 591 1214 641; x_wconf 82' lang='lat' dir='ltr'><strong>tudine,</strong></span> <span class='ocrx_word' id='word_1_233' title='bbox 1229 591 1594 643; x_wconf 85' lang='lat' dir='ltr'><strong>magnanimitate,</strong></span> <span class='ocrx_word' id='word_1_234' title='bbox 1609 590 1793 641; x_wconf 88' lang='lat' dir='ltr'><strong>aliisque</strong></span> <span class='ocrx_word' id='word_1_235' title='bbox 1807 589 1882 629; x_wconf 90' lang='lat' dir='ltr'><strong>vir-</strong></span> 
     </span>
     <span class='ocr_line' id='line_1_52' title="bbox 1051 645 1881 700; baseline -0.006 -10"><span class='ocrx_word' id='word_1_236' title='bbox 1051 648 1219 690; x_wconf 88' lang='lat' dir='ltr'><strong>tutibus</strong></span> <span class='ocrx_word' id='word_1_237' title='bbox 1236 660 1417 700; x_wconf 91' lang='lat' dir='ltr'><strong>prorsus</strong></span> <span class='ocrx_word' id='word_1_238' title='bbox 1438 647 1631 688; x_wconf 88' lang='lat' dir='ltr'><strong>eximius.</strong></span> <span class='ocrx_word' id='word_1_239' title='bbox 1660 645 1881 686; x_wconf 88' lang='lat' dir='ltr'><strong>Miraculis</strong></span> 
     </span>
     <span class='ocr_line' id='line_1_53' title="bbox 1052 702 1880 757; baseline -0.005 -11"><span class='ocrx_word' id='word_1_240' title='bbox 1052 710 1155 757; x_wconf 91' lang='lat' dir='ltr'><strong>post</strong></span> <span class='ocrx_word' id='word_1_241' title='bbox 1194 709 1382 746; x_wconf 90' lang='lat' dir='ltr'><strong>mortem</strong></span> <span class='ocrx_word' id='word_1_242' title='bbox 1423 704 1631 744; x_wconf 89' lang='lat' dir='ltr'><strong>claruisse</strong></span> <span class='ocrx_word' id='word_1_243' title='bbox 1667 702 1880 743; x_wconf 84' lang='lat' dir='ltr'><strong>Ecclesiae</strong></span> 
     </span>
     <span class='ocr_line' id='line_1_54' title="bbox 1052 761 1796 802; baseline -0.005 0"><span class='ocrx_word' id='word_1_244' title='bbox 1052 761 1248 802; x_wconf 90' lang='lat' dir='ltr'><strong>Aretinae</strong></span> <span class='ocrx_word' id='word_1_245' title='bbox 1266 761 1550 800; x_wconf 88' lang='lat' dir='ltr'><strong>monumenta</strong></span> <span class='ocrx_word' id='word_1_246' title='bbox 1568 761 1796 800; x_wconf 87' lang='lat' dir='ltr'><strong>testantur.</strong></span> 
     </span>
     <span class='ocr_line' id='line_1_55' title="bbox 1104 816 1464 869; baseline -0.006 -11"><span class='ocrx_word' id='word_1_247' title='bbox 1104 818 1156 869; x_wconf 66' lang='lat' dir='ltr'><strong>R.</strong></span> <span class='ocrx_word' id='word_1_248' title='bbox 1181 817 1272 858; x_wconf 87' lang='lat' dir='ltr'><strong>Iste</strong></span> <span class='ocrx_word' id='word_1_249' title='bbox 1292 822 1358 858; x_wconf 89' lang='lat' dir='ltr'><strong>est</strong></span> <span class='ocrx_word' id='word_1_250' title='bbox 1379 816 1464 868; x_wconf 91' lang='lat' dir='ltr'><strong>qui.</strong></span> 
     </span>
    </p>
   </div>
   <div class='ocr_carea' id='block_1_4' title="bbox 1052 871 1879 1053">
    <p class='ocr_par' dir='ltr' id='par_1_8' title="bbox 1053 871 1878 968">
     <span class='ocr_line' id='line_1_56' title="bbox 1103 871 1878 912; baseline -0.009 -2"><span class='ocrx_word' id='word_1_251' title='bbox 1103 876 1147 910; x_wconf 92' lang='lat' dir='ltr'><strong>In</strong></span> <span class='ocrx_word' id='word_1_252' title='bbox 1168 875 1232 909; x_wconf 91' lang='lat' dir='ltr'><strong>III.</strong></span> <span class='ocrx_word' id='word_1_253' title='bbox 1255 874 1454 908; x_wconf 82' lang='lat' dir='ltr'><strong>Nocturno</strong></span> <span class='ocrx_word' id='word_1_254' title='bbox 1479 872 1650 905; x_wconf 83' lang='lat' dir='ltr'><strong>Homilia</strong></span> <span class='ocrx_word' id='word_1_255' title='bbox 1673 872 1711 905; x_wconf 88' lang='lat' dir='ltr'><strong>in</strong></span> <span class='ocrx_word' id='word_1_256' title='bbox 1735 871 1878 912; x_wconf 69' lang='lat' dir='ltr'><strong>Evzing.</strong></span> 
     </span>
     <span class='ocr_line' id='line_1_57' title="bbox 1053 918 1878 968; baseline -0.008 -11"><span class='ocrx_word' id='word_1_257' title='bbox 1053 924 1176 959; x_wconf 84' lang='lat' dir='ltr'><strong>Homo</strong></span> <span class='ocrx_word' id='word_1_258' title='bbox 1198 926 1368 968; x_wconf 80' lang='lat' dir='ltr'><strong>peregre.</strong></span> <span class='ocrx_word' id='word_1_259' title='bbox 1391 921 1437 954; x_wconf 87' lang='lat' dir='ltr'><strong>de</strong></span> <span class='ocrx_word' id='word_1_260' title='bbox 1457 920 1592 954; x_wconf 88' lang='lat' dir='ltr'><strong>eodem</strong></span> <span class='ocrx_word' id='word_1_261' title='bbox 1611 920 1717 953; x_wconf 75' lang='lat' dir='ltr'><strong>Com.</strong></span> <span class='ocrx_word' id='word_1_262' title='bbox 1740 919 1765 951; x_wconf 88' lang='lat'><strong>1.</strong></span> <span class='ocrx_word' id='word_1_263' title='bbox 1782 918 1878 951; x_wconf 82' lang='lat' dir='ltr'><strong>loco.</strong></span> 
     </span>
    </p>

    <p class='ocr_par' dir='ltr' id='par_1_9' title="bbox 1052 968 1879 1053">
     <span class='ocr_line' id='line_1_58' title="bbox 1103 968 1879 1005; baseline -0.009 -1"><span class='ocrx_word' id='word_1_264' title='bbox 1103 971 1235 1005; x_wconf 85' lang='lat' dir='ltr'><strong>Lectio</strong></span> <span class='ocrx_word' id='word_1_265' title='bbox 1261 970 1309 1002; x_wconf 70' lang='lat' dir='ltr'><strong>ix‘.</strong></span> <span class='ocrx_word' id='word_1_266' title='bbox 1343 968 1389 1002; x_wconf 86' lang='lat' dir='ltr'><strong>dc</strong></span> <span class='ocrx_word' id='word_1_267' title='bbox 1416 968 1597 1003; x_wconf 76' lang='lat' dir='ltr'><strong>Homilia.</strong></span> <span class='ocrx_word' id='word_1_268' title='bbox 1624 971 1659 1001; x_wconf 90' lang='lat' dir='ltr'><strong>et</strong></span> <span class='ocrx_word' id='word_1_269' title='bbox 1685 975 1879 1000; x_wconf 87' lang='lat' dir='ltr'><strong>commem.</strong></span> 
     </span>
     <span class='ocr_line' id='line_1_59' title="bbox 1052 1016 1380 1053; baseline -0.012 0"><span class='ocrx_word' id='word_1_270' title='bbox 1052 1019 1176 1053; x_wconf 70' lang='lat' dir='ltr'><strong>Feriae</strong></span> <span class='ocrx_word' id='word_1_271' title='bbox 1199 1018 1237 1051; x_wconf 88' lang='lat' dir='ltr'><strong>in</strong></span> <span class='ocrx_word' id='word_1_272' title='bbox 1263 1016 1380 1050; x_wconf 76' lang='lat' dir='ltr'><strong>Laud.</strong></span> 
     </span>
    </p>
   </div>
   <div class='ocr_carea' id='block_1_5' title="bbox 1055 1101 1882 1461">
    <p class='ocr_par' dir='ltr' id='par_1_10' title="bbox 1055 1101 1882 1461">
     <span class='ocr_line' id='line_1_60' title="bbox 1259 1101 1675 1142; baseline 0 -1"><span class='ocrx_word' id='word_1_273' title='bbox 1259 1101 1343 1142; x_wconf 92' lang='lat' dir='ltr'><strong>Die</strong></span> <span class='ocrx_word' id='word_1_274' title='bbox 1362 1102 1418 1141; x_wconf 90' lang='lat'><strong>17.</strong></span> <span class='ocrx_word' id='word_1_275' title='bbox 1437 1101 1675 1142; x_wconf 91' lang='lat' dir='ltr'><strong>Februarii.</strong></span> 
     </span>
     <span class='ocr_line' id='line_1_61' title="bbox 1162 1163 1773 1215; baseline -0.005 -10"><span class='ocrx_word' id='word_1_276' title='bbox 1162 1165 1204 1205; x_wconf 88' lang='lat' dir='ltr'><strong>S.</strong></span> <span class='ocrx_word' id='word_1_277' title='bbox 1223 1164 1414 1215; x_wconf 84' lang='lat' dir='ltr'><strong>Hygini</strong></span> <span class='ocrx_word' id='word_1_278' title='bbox 1432 1164 1565 1215; x_wconf 86' lang='lat' dir='ltr'><strong>Papae</strong></span> <span class='ocrx_word' id='word_1_279' title='bbox 1586 1170 1627 1204; x_wconf 89' lang='lat' dir='ltr'><strong>et</strong></span> <span class='ocrx_word' id='word_1_280' title='bbox 1649 1163 1773 1203; x_wconf 83' lang='lat' dir='ltr'><strong>Mart.</strong></span> 
     </span>
     <span class='ocr_line' id='line_1_62' title="bbox 1384 1223 1550 1265; baseline 0 -9"><span class='ocrx_word' id='word_1_281' title='bbox 1384 1223 1550 1265; x_wconf 87' lang='lat' dir='ltr'><strong>Duplex.</strong></span> 
     </span>
     <span class='ocr_line' id='line_1_63' title="bbox 1107 1278 1882 1321; baseline -0.006 -5"><span class='ocrx_word' id='word_1_282' title='bbox 1107 1280 1244 1315; x_wconf 81' lang='lat' dir='ltr'><strong>Omnia</strong></span> <span class='ocrx_word' id='word_1_283' title='bbox 1269 1281 1315 1315; x_wconf 91' lang='lat' dir='ltr'><strong>de</strong></span> <span class='ocrx_word' id='word_1_284' title='bbox 1334 1278 1537 1314; x_wconf 85' lang='lat' dir='ltr'><strong>Communi</strong></span> <span class='ocrx_word' id='word_1_285' title='bbox 1561 1278 1674 1312; x_wconf 78' lang='lat' dir='ltr'><strong>unius</strong></span> <span class='ocrx_word' id='word_1_286' title='bbox 1692 1278 1882 1321; x_wconf 70' lang='lat' dir='ltr'><strong>Martyris,</strong></span> 
     </span>
     <span class='ocr_line' id='line_1_64' title="bbox 1055 1333 1324 1372; baseline 0 -10"><span class='ocrx_word' id='word_1_287' title='bbox 1055 1333 1195 1372; x_wconf 78' lang='lat' dir='ltr'><strong>praeter</strong></span> <span class='ocrx_word' id='word_1_288' title='bbox 1219 1339 1324 1372; x_wconf 88' lang='lat' dir='ltr'><strong>sequ.</strong></span> 
     </span>
     <span class='ocr_line' id='line_1_65' title="bbox 1104 1376 1544 1411; baseline 0 -1"><span class='ocrx_word' id='word_1_289' title='bbox 1104 1376 1246 1411; x_wconf 83' lang='lat' dir='ltr'><strong>Oratio.</strong></span> <span class='ocrx_word' id='word_1_290' title='bbox 1271 1376 1544 1411; x_wconf 81' lang='lat' dir='ltr'><strong>Infirmitatem.</strong></span> 
     </span>
     <span class='ocr_line' id='line_1_66' title="bbox 1105 1427 1594 1461; baseline -0.004 0"><span class='ocrx_word' id='word_1_291' title='bbox 1105 1427 1153 1461; x_wconf 89' lang='lat' dir='ltr'><strong>Et</strong></span> <span class='ocrx_word' id='word_1_292' title='bbox 1175 1427 1217 1461; x_wconf 88' lang='lat' dir='ltr'><strong>fit</strong></span> <span class='ocrx_word' id='word_1_293' title='bbox 1241 1437 1436 1461; x_wconf 89' lang='lat' dir='ltr'><strong>commem.</strong></span> <span class='ocrx_word' id='word_1_294' title='bbox 1461 1427 1594 1461; x_wconf 79' lang='lat' dir='ltr'><strong>Feriae.</strong></span> 
     </span>
    </p>
   </div>
   <div class='ocr_carea' id='block_1_6' title="bbox 1055 1479 1879 1565">
    <p class='ocr_par' dir='ltr' id='par_1_11' title="bbox 1055 1479 1879 1565">
     <span class='ocr_line' id='line_1_67' title="bbox 1106 1479 1879 1517; baseline -0.005 -1"><span class='ocrx_word' id='word_1_295' title='bbox 1106 1483 1149 1516; x_wconf 88' lang='lat' dir='ltr'><strong>In</strong></span> <span class='ocrx_word' id='word_1_296' title='bbox 1175 1483 1200 1517; x_wconf 88' lang='lat' dir='ltr'><strong>I.</strong></span> <span class='ocrx_word' id='word_1_297' title='bbox 1226 1483 1425 1517; x_wconf 83' lang='lat' dir='ltr'><strong>Nocturno</strong></span> <span class='ocrx_word' id='word_1_298' title='bbox 1451 1482 1653 1517; x_wconf 81' lang='lat' dir='ltr'><strong>Lectiones</strong></span> <span class='ocrx_word' id='word_1_299' title='bbox 1681 1481 1715 1513; x_wconf 88' lang='grc' dir='ltr'><strong>Λ</strong></span> <span class='ocrx_word' id='word_1_300' title='bbox 1738 1479 1879 1513; x_wconf 84' lang='lat' dir='ltr'><strong>Mileto.</strong></span> 
     </span>
     <span class='ocr_line' id='line_1_68' title="bbox 1055 1530 1670 1565; baseline -0.007 0"><span class='ocrx_word' id='word_1_301' title='bbox 1055 1531 1102 1565; x_wconf 87' lang='lat' dir='ltr'><strong>dc</strong></span> <span class='ocrx_word' id='word_1_302' title='bbox 1130 1531 1266 1564; x_wconf 89' lang='lat' dir='ltr'><strong>eodem</strong></span> <span class='ocrx_word' id='word_1_303' title='bbox 1290 1530 1494 1565; x_wconf 88' lang='lat' dir='ltr'><strong>Communi</strong></span> <span class='ocrx_word' id='word_1_304' title='bbox 1522 1531 1548 1564; x_wconf 95' lang='grc'><strong>1.</strong></span> <span class='ocrx_word' id='word_1_305' title='bbox 1573 1530 1670 1562; x_wconf 90' lang='lat' dir='ltr'><strong>loco.</strong></span> 
     </span>
    </p>
   </div>
   <div class='ocr_carea' id='block_1_7' title="bbox 1053 1595 1885 2763">
    <p class='ocr_par' dir='ltr' id='par_1_12' title="bbox 1279 1595 1657 1701">
     <span class='ocr_line' id='line_1_69' title="bbox 1279 1595 1657 1634; baseline -0.008 -1"><span class='ocrx_word' id='word_1_306' title='bbox 1279 1595 1327 1633; x_wconf 89' lang='lat' dir='ltr'><strong>In</strong></span> <span class='ocrx_word' id='word_1_307' title='bbox 1356 1595 1406 1634; x_wconf 93' lang='lat' dir='ltr'><strong>II.</strong></span> <span class='ocrx_word' id='word_1_308' title='bbox 1434 1595 1657 1634; x_wconf 76' lang='lat' dir='ltr'><strong>Noc&#39;curno.</strong></span> 
     </span>
     <span class='ocr_line' id='line_1_70' title="bbox 1358 1660 1582 1701; baseline -0.009 -2"><span class='ocrx_word' id='word_1_309' title='bbox 1358 1660 1509 1701; x_wconf 93' lang='lat' dir='ltr'><strong>Lectio</strong></span> <span class='ocrx_word' id='word_1_310' title='bbox 1530 1660 1582 1699; x_wconf 83' lang='lat' dir='ltr'><strong>iv.</strong></span> 
     </span>
    </p>

    <p class='ocr_par' dir='ltr' id='par_1_13' title="bbox 1053 1712 1885 2551">
     <span class='ocr_line' id='line_1_71' title="bbox 1089 1712 1882 1783; baseline -0.005 -28"><span class='ocrx_word' id='word_1_311' title='bbox 1089 1722 1154 1783; x_wconf 60' lang='lat' dir='ltr'><strong>[fi-³3]</strong></span> <span class='ocrx_word' id='word_1_312' title='bbox 1181 1717 1345 1766; x_wconf 84' lang='lat' dir='ltr'><strong>yginus</strong></span> <span class='ocrx_word' id='word_1_313' title='bbox 1369 1713 1663 1761; x_wconf 90' lang='lat' dir='ltr'><strong>Atheniensis,</strong></span> <span class='ocrx_word' id='word_1_314' title='bbox 1690 1712 1882 1764; x_wconf 74' lang='lat' dir='ltr'><strong>phileso-</strong></span> 
     </span>
     <span class='ocr_line' id='line_1_72' title="bbox 1062 1729 1882 1840; baseline -0.001 -32"><span class='ocrx_word' id='word_1_315' title='bbox 1062 1729 1147 1840; x_wconf 46' lang='lat' dir='ltr'><strong>ist?</strong></span> <span class='ocrx_word' id='word_1_316' title='bbox 1208 1770 1298 1822; x_wconf 94' lang='lat' dir='ltr'><strong>pho</strong></span> <span class='ocrx_word' id='word_1_317' title='bbox 1324 1775 1466 1822; x_wconf 92' lang='lat' dir='ltr'><strong>patre,</strong></span> <span class='ocrx_word' id='word_1_318' title='bbox 1492 1781 1590 1809; x_wconf 92' lang='lat' dir='ltr'><strong>cum</strong></span> <span class='ocrx_word' id='word_1_319' title='bbox 1616 1769 1699 1819; x_wconf 90' lang='lat' dir='ltr'><strong>jam</strong></span> <span class='ocrx_word' id='word_1_320' title='bbox 1724 1768 1882 1808; x_wconf 86' lang='lat' dir='ltr'><strong>Roma—</strong></span> 
     </span>
     <span class='ocr_line' id='line_1_73' title="bbox 1093 1824 1881 1876; baseline -0.005 -8"><span class='ocrx_word' id='word_1_321' title='bbox 1093 1834 1163 1851; x_wconf 43' lang='grc' dir='ltr'><strong>ζ’</strong></span> <span class='ocrx_word' id='word_1_322' title='bbox 1208 1839 1277 1867; x_wconf 86' lang='lat' dir='ltr'><strong>nae</strong></span> <span class='ocrx_word' id='word_1_323' title='bbox 1310 1825 1521 1867; x_wconf 80' lang='lat' dir='ltr'><strong>Ecclesiae</strong></span> <span class='ocrx_word' id='word_1_324' title='bbox 1553 1824 1786 1876; x_wconf 86' lang='lat' dir='ltr'><strong>presbyter</strong></span> <span class='ocrx_word' id='word_1_325' title='bbox 1819 1836 1881 1864; x_wconf 92' lang='lat' dir='ltr'><strong>es-</strong></span> 
     </span>
     <span class='ocr_line' id='line_1_74' title="bbox 1056 1879 1882 1933; baseline -0.007 -8"><span class='ocrx_word' id='word_1_326' title='bbox 1056 1888 1140 1933; x_wconf 89' lang='lat' dir='ltr'><strong>set,</strong></span> <span class='ocrx_word' id='word_1_327' title='bbox 1186 1882 1291 1923; x_wconf 89' lang='lat' dir='ltr'><strong>cleri</strong></span> <span class='ocrx_word' id='word_1_328' title='bbox 1327 1881 1561 1932; x_wconf 87' lang='lat' dir='ltr'><strong>suffragiis,</strong></span> <span class='ocrx_word' id='word_1_329' title='bbox 1606 1879 1882 1932; x_wconf 91' lang='lat' dir='ltr'><strong>Telesphoro</strong></span> 
     </span>
     <span class='ocr_line' id='line_1_75' title="bbox 1055 1936 1883 1981; baseline -0.007 0"><span class='ocrx_word' id='word_1_330' title='bbox 1055 1940 1263 1981; x_wconf 86' lang='lat' dir='ltr'><strong>suffectus</strong></span> <span class='ocrx_word' id='word_1_331' title='bbox 1283 1943 1360 1980; x_wconf 89' lang='lat' dir='ltr'><strong>est.</strong></span> <span class='ocrx_word' id='word_1_332' title='bbox 1389 1937 1512 1978; x_wconf 91' lang='lat' dir='ltr'><strong>Sedit</strong></span> <span class='ocrx_word' id='word_1_333' title='bbox 1532 1937 1575 1976; x_wconf 94' lang='lat' dir='ltr'><strong>in</strong></span> <span class='ocrx_word' id='word_1_334' title='bbox 1595 1941 1745 1977; x_wconf 82' lang='lat' dir='ltr'><strong>sancta</strong></span> <span class='ocrx_word' id='word_1_335' title='bbox 1763 1936 1883 1976; x_wconf 92' lang='lat' dir='ltr'><strong>Petri</strong></span> 
     </span>
     <span class='ocr_line' id='line_1_76' title="bbox 1055 1991 1882 2046; baseline -0.007 -9"><span class='ocrx_word' id='word_1_336' title='bbox 1055 1995 1171 2045; x_wconf 88' lang='lat' dir='ltr'><strong>sede,</strong></span> <span class='ocrx_word' id='word_1_337' title='bbox 1223 1995 1488 2046; x_wconf 78' lang='lat' dir='ltr'><strong>imperatere</strong></span> <span class='ocrx_word' id='word_1_338' title='bbox 1535 1993 1759 2033; x_wconf 87' lang='lat' dir='ltr'><strong>Antonino</strong></span> <span class='ocrx_word' id='word_1_339' title='bbox 1802 1991 1882 2031; x_wconf 92' lang='lat' dir='ltr'><strong>Pio</strong></span> 
     </span>
     <span class='ocr_line' id='line_1_77' title="bbox 1054 2049 1884 2102; baseline -0.008 -9"><span class='ocrx_word' id='word_1_340' title='bbox 1054 2053 1274 2102; x_wconf 89' lang='lat' dir='ltr'><strong>Augusto,</strong></span> <span class='ocrx_word' id='word_1_341' title='bbox 1307 2062 1446 2091; x_wconf 90' lang='lat' dir='ltr'><strong>annos</strong></span> <span class='ocrx_word' id='word_1_342' title='bbox 1470 2054 1576 2098; x_wconf 91' lang='lat' dir='ltr'><strong>tres,</strong></span> <span class='ocrx_word' id='word_1_343' title='bbox 1608 2060 1781 2089; x_wconf 90' lang='lat' dir='ltr'><strong>menses</strong></span> <span class='ocrx_word' id='word_1_344' title='bbox 1809 2049 1884 2087; x_wconf 90' lang='lat' dir='ltr'><strong>un-</strong></span> 
     </span>
     <span class='ocr_line' id='line_1_78' title="bbox 1056 2102 1883 2157; baseline -0.008 -8"><span class='ocrx_word' id='word_1_345' title='bbox 1056 2107 1215 2157; x_wconf 92' lang='lat' dir='ltr'><strong>decim,</strong></span> <span class='ocrx_word' id='word_1_346' title='bbox 1242 2106 1336 2148; x_wconf 89' lang='lat' dir='ltr'><strong>dies</strong></span> <span class='ocrx_word' id='word_1_347' title='bbox 1360 2105 1511 2156; x_wconf 87' lang='lat' dir='ltr'><strong>viginti</strong></span> <span class='ocrx_word' id='word_1_348' title='bbox 1535 2109 1649 2146; x_wconf 93' lang='lat' dir='ltr'><strong>octo.</strong></span> <span class='ocrx_word' id='word_1_349' title='bbox 1690 2102 1777 2144; x_wconf 89' lang='lat' dir='ltr'><strong>Ubi</strong></span> <span class='ocrx_word' id='word_1_350' title='bbox 1799 2102 1883 2154; x_wconf 91' lang='lat' dir='ltr'><strong>pri-</strong></span> 
     </span>
     <span class='ocr_line' id='line_1_79' title="bbox 1054 2158 1883 2208; baseline -0.007 -4"><span class='ocrx_word' id='word_1_351' title='bbox 1054 2177 1174 2204; x_wconf 92' lang='lat' dir='ltr'><strong>mum</strong></span> <span class='ocrx_word' id='word_1_352' title='bbox 1192 2162 1395 2204; x_wconf 80' lang='lat' dir='ltr'><strong>Pentifex</strong></span> <span class='ocrx_word' id='word_1_353' title='bbox 1414 2160 1684 2202; x_wconf 87' lang='lat' dir='ltr'><strong>renuntiatus</strong></span> <span class='ocrx_word' id='word_1_354' title='bbox 1705 2164 1782 2208; x_wconf 93' lang='lat' dir='ltr'><strong>est,</strong></span> <span class='ocrx_word' id='word_1_355' title='bbox 1801 2158 1883 2199; x_wconf 95' lang='lat' dir='ltr'><strong>cle-</strong></span> 
     </span>
     <span class='ocr_line' id='line_1_80' title="bbox 1054 2214 1884 2266; baseline -0.007 -6"><span class='ocrx_word' id='word_1_356' title='bbox 1054 2220 1245 2260; x_wconf 77' lang='lat' dir='ltr'><strong>ricerum</strong></span> <span class='ocrx_word' id='word_1_357' title='bbox 1287 2217 1464 2259; x_wconf 79' lang='lat' dir='ltr'><strong>erdines</strong></span> <span class='ocrx_word' id='word_1_358' title='bbox 1500 2217 1545 2257; x_wconf 90' lang='lat' dir='ltr'><strong>in</strong></span> <span class='ocrx_word' id='word_1_359' title='bbox 1581 2228 1686 2256; x_wconf 91' lang='lat' dir='ltr'><strong>suos</strong></span> <span class='ocrx_word' id='word_1_360' title='bbox 1723 2214 1884 2266; x_wconf 87' lang='lat' dir='ltr'><strong>gradus</strong></span> 
     </span>
     <span class='ocr_line' id='line_1_81' title="bbox 1055 2270 1884 2324; baseline -0.007 -8"><span class='ocrx_word' id='word_1_361' title='bbox 1055 2275 1263 2324; x_wconf 89' lang='lat' dir='ltr'><strong>distinxit,</strong></span> <span class='ocrx_word' id='word_1_362' title='bbox 1283 2287 1334 2315; x_wconf 91' lang='lat' dir='ltr'><strong>ac</strong></span> <span class='ocrx_word' id='word_1_363' title='bbox 1348 2273 1462 2323; x_wconf 87' lang='lat' dir='ltr'><strong>fecit,</strong></span> <span class='ocrx_word' id='word_1_364' title='bbox 1480 2277 1529 2313; x_wconf 92' lang='lat' dir='ltr'><strong>ut</strong></span> <span class='ocrx_word' id='word_1_365' title='bbox 1547 2272 1591 2312; x_wconf 93' lang='lat' dir='ltr'><strong>in</strong></span> <span class='ocrx_word' id='word_1_366' title='bbox 1609 2271 1661 2312; x_wconf 88' lang='lat' dir='ltr'><strong>iis</strong></span> <span class='ocrx_word' id='word_1_367' title='bbox 1677 2270 1884 2319; x_wconf 89' lang='lat' dir='ltr'><strong>ecclesiis,</strong></span> 
     </span>
     <span class='ocr_line' id='line_1_82' title="bbox 1056 2325 1885 2383; baseline -0.007 -11"><span class='ocrx_word' id='word_1_368' title='bbox 1056 2344 1164 2383; x_wconf 86' lang='lat' dir='ltr'><strong>quas</strong></span> <span class='ocrx_word' id='word_1_369' title='bbox 1184 2329 1356 2371; x_wconf 89' lang='lat' dir='ltr'><strong>Titulos</strong></span> <span class='ocrx_word' id='word_1_370' title='bbox 1375 2332 1549 2376; x_wconf 90' lang='lat' dir='ltr'><strong>vocant,</strong></span> <span class='ocrx_word' id='word_1_371' title='bbox 1573 2333 1666 2369; x_wconf 92' lang='lat' dir='ltr'><strong>tum</strong></span> <span class='ocrx_word' id='word_1_372' title='bbox 1689 2325 1885 2378; x_wconf 90' lang='lat' dir='ltr'><strong>primarii</strong></span> 
     </span>
     <span class='ocr_line' id='line_1_83' title="bbox 1053 2381 1884 2434; baseline -0.007 -6"><span class='ocrx_word' id='word_1_373' title='bbox 1053 2386 1258 2434; x_wconf 91' lang='lat' dir='ltr'><strong>ministri,</strong></span> <span class='ocrx_word' id='word_1_374' title='bbox 1290 2390 1383 2426; x_wconf 90' lang='lat' dir='ltr'><strong>tum</strong></span> <span class='ocrx_word' id='word_1_375' title='bbox 1407 2383 1481 2425; x_wconf 91' lang='lat' dir='ltr'><strong>alii</strong></span> <span class='ocrx_word' id='word_1_376' title='bbox 1507 2382 1672 2424; x_wconf 90' lang='lat' dir='ltr'><strong>eisdem</strong></span> <span class='ocrx_word' id='word_1_377' title='bbox 1701 2381 1884 2433; x_wconf 90' lang='lat' dir='ltr'><strong>subjecti</strong></span> 
     </span>
     <span class='ocr_line' id='line_1_84' title="bbox 1057 2438 1884 2493; baseline -0.008 -9"><span class='ocrx_word' id='word_1_378' title='bbox 1057 2443 1278 2491; x_wconf 89' lang='lat' dir='ltr'><strong>adessent,</strong></span> <span class='ocrx_word' id='word_1_379' title='bbox 1313 2441 1387 2493; x_wconf 92' lang='lat' dir='ltr'><strong>qui</strong></span> <span class='ocrx_word' id='word_1_380' title='bbox 1418 2438 1641 2487; x_wconf 87' lang='lat' dir='ltr'><strong>fidelibus,</strong></span> <span class='ocrx_word' id='word_1_381' title='bbox 1683 2451 1783 2479; x_wconf 88' lang='lat' dir='ltr'><strong>cum</strong></span> <span class='ocrx_word' id='word_1_382' title='bbox 1814 2450 1884 2478; x_wconf 87' lang='lat' dir='ltr'><strong>res</strong></span> 
     </span>
     <span class='ocr_line' id='line_1_85' title="bbox 1054 2495 1782 2551; baseline -0.01 -11"><span class='ocrx_word' id='word_1_383' title='bbox 1054 2498 1311 2551; x_wconf 88' lang='lat' dir='ltr'><strong>postularet,</strong></span> <span class='ocrx_word' id='word_1_384' title='bbox 1331 2508 1455 2537; x_wconf 90' lang='lat' dir='ltr'><strong>sacra</strong></span> <span class='ocrx_word' id='word_1_385' title='bbox 1473 2495 1782 2535; x_wconf 89' lang='lat' dir='ltr'><strong>ministrarent.</strong></span> 
     </span>
    </p>

    <p class='ocr_par' dir='ltr' id='par_1_14' title="bbox 1054 2548 1884 2763">
     <span class='ocr_line' id='line_1_86' title="bbox 1108 2548 1884 2606; baseline -0.006 -12"><span class='ocrx_word' id='word_1_386' title='bbox 1108 2556 1158 2606; x_wconf 70' lang='lat' dir='ltr'><strong>R.</strong></span> <span class='ocrx_word' id='word_1_387' title='bbox 1190 2554 1439 2594; x_wconf 87' lang='lat' dir='ltr'><strong>Honestum</strong></span> <span class='ocrx_word' id='word_1_388' title='bbox 1464 2551 1566 2592; x_wconf 89' lang='lat' dir='ltr'><strong>fecit</strong></span> <span class='ocrx_word' id='word_1_389' title='bbox 1590 2550 1712 2591; x_wconf 94' lang='lat' dir='ltr'><strong>illum</strong></span> <span class='ocrx_word' id='word_1_390' title='bbox 1736 2548 1884 2590; x_wconf 78' lang='lat' dir='ltr'><strong>Demi-</strong></span> 
     </span>
     <span class='ocr_line' id='line_1_87' title="bbox 1055 2604 1884 2659; baseline -0.01 -7"><span class='ocrx_word' id='word_1_391' title='bbox 1055 2623 1148 2659; x_wconf 89' lang='lat' dir='ltr'><strong>nus,</strong></span> <span class='ocrx_word' id='word_1_392' title='bbox 1176 2614 1218 2650; x_wconf 91' lang='lat' dir='ltr'><strong>et</strong></span> <span class='ocrx_word' id='word_1_393' title='bbox 1237 2607 1475 2649; x_wconf 90' lang='lat' dir='ltr'><strong>custodivit</strong></span> <span class='ocrx_word' id='word_1_394' title='bbox 1495 2619 1594 2647; x_wconf 92' lang='lat' dir='ltr'><strong>eum</strong></span> <span class='ocrx_word' id='word_1_395' title='bbox 1613 2605 1668 2647; x_wconf 88' lang='lat' dir='ltr'><strong>ab</strong></span> <span class='ocrx_word' id='word_1_396' title='bbox 1687 2604 1884 2651; x_wconf 80' lang='lat' dir='ltr'><strong>inimicis,</strong></span> 
     </span>
     <span class='ocr_line' id='line_1_88' title="bbox 1057 2660 1881 2707; baseline -0.01 0"><span class='ocrx_word' id='word_1_397' title='bbox 1057 2671 1100 2707; x_wconf 88' lang='lat' dir='ltr'><strong>et</strong></span> <span class='ocrx_word' id='word_1_398' title='bbox 1124 2679 1148 2706; x_wconf 87' lang='lat' dir='ltr'><strong>a</strong></span> <span class='ocrx_word' id='word_1_399' title='bbox 1175 2663 1482 2706; x_wconf 84' lang='lat' dir='ltr'><strong>seductoribus</strong></span> <span class='ocrx_word' id='word_1_400' title='bbox 1513 2661 1674 2703; x_wconf 91' lang='lat' dir='ltr'><strong>tutavit</strong></span> <span class='ocrx_word' id='word_1_401' title='bbox 1698 2660 1835 2701; x_wconf 89' lang='lat' dir='ltr'><strong>illum:</strong></span> <span class='ocrx_word' id='word_1_402' title='bbox 1859 2664 1881 2686; x_wconf 68' lang='lat'><strong>²*</strong></span> 
     </span>
     <span class='ocr_line' id='line_1_89' title="bbox 1054 2718 1883 2763; baseline -0.011 1"><span class='ocrx_word' id='word_1_403' title='bbox 1054 2723 1111 2763; x_wconf 92' lang='lat' dir='ltr'><strong>Et</strong></span> <span class='ocrx_word' id='word_1_404' title='bbox 1145 2720 1268 2762; x_wconf 91' lang='lat' dir='ltr'><strong>dedit</strong></span> <span class='ocrx_word' id='word_1_405' title='bbox 1298 2719 1359 2760; x_wconf 93' lang='lat' dir='ltr'><strong>illi</strong></span> <span class='ocrx_word' id='word_1_406' title='bbox 1388 2718 1633 2760; x_wconf 87' lang='lat' dir='ltr'><strong>claritatem</strong></span> <span class='ocrx_word' id='word_1_407' title='bbox 1664 2718 1883 2758; x_wconf 88' lang='lat' dir='ltr'><strong>aeternam.</strong></span> 
     </span>
    </p>
   </div>
   <div class='ocr_carea' id='block_1_8' title="bbox 1052 1073 1860 1076">
    <p class='ocr_par' dir='ltr' id='par_1_15' title="bbox 1052 1073 1860 1076">
     <span class='ocr_line' id='line_1_90' title="bbox 1052 1073 1860 1076; baseline 0 0"><span class='ocrx_word' id='word_1_408' title='bbox 1052 1073 1860 1076; x_wconf 95' lang='lat' dir='ltr'><strong> </strong></span> 
     </span>
    </p>
   </div>
   <div class='ocr_carea' id='block_1_9' title="bbox 105 157 1945 2828">
    <p class='ocr_par' dir='ltr' id='par_1_16' title="bbox 105 157 1945 2828">
     <span class='ocr_line' id='line_1_91' title="bbox 105 157 1945 2828; baseline 0 0"><span class='ocrx_word' id='word_1_409' title='bbox 105 157 1945 2828; x_wconf 95' lang='lat' dir='ltr'><strong> </strong></span> 
     </span>
    </p>
   </div>
  </div>
 </body>
</html>
