2028 2892
534 167 605 201 Die
629 168 658 201 5.
682 167 840 210 Aprilis.
888 167 921 202 S.
948 163 1141 202 Vin‘centii
1165 168 1328 202 Ferrerii
1355 170 1461 204 Cous.

381 266 430 303 In
450 264 500 303 II.
521 263 744 302 Nocturno.

453 328 603 369 Lectio
624 328 634 367 i
641 342 675 366 v.

172 398 180 435 ζ
202 403 258 447 222.
293 392 533 443 incentius,
548 392 734 435 honesta
748 394 884 448 stirpe
894 396 979 438 Va-

325 449 471 491 lentiae
507 449 551 490 in
587 450 804 503 Hispania
839 457 979 504 natus,

164 502 185 530 Γ
204 510 208 520 ’
325 505 380 547 ab
400 506 576 549 ineunte
596 509 728 550 aetate
748 521 825 550 cor
843 510 980 560 gessit

153 561 300 604 senile.
340 563 426 613 Qui
458 562 563 605 dum
595 563 825 615 caliginosi
854 565 980 619 hujus

152 618 302 660 saeculi
321 618 499 661 labilem
522 633 698 662 cursum
715 635 798 674 pro
817 622 978 674 ingenii

151 675 218 716 sui
231 675 411 717 modulo
428 677 738 730 consideraret,
757 678 978 730 religionis

151 730 350 774 habitum
380 732 423 773 in
455 732 607 776 ordine
631 734 980 778 Praedicatorum

151 787 323 831 decimo
360 791 520 832 octavo
557 791 699 833 aetatis
737 805 828 833 suae
864 805 978 834 anno

151 845 359 898 suscepit;
396 850 439 888 et
472 850 631 889 emissa
663 848 848 890 solemni
878 862 978 902 pro-

151 901 358 952 fessione,
390 904 525 945 sacris
554 904 710 947 litteris
739 905 894 948 sedulo
917 907 977 947 in-

121 988 123 990 -
151 957 378 1009 cumbenS,
395 959 632 1013 theologiae
653 961 847 1004 lauream
864 976 977 1004 sum-

148 1026 221 1055 ma
240 1027 339 1056 cum
354 1015 483 1059 laude
499 1021 761 1060 consecutus
776 1024 853 1062 est.
873 1020 979 1061 Mox

150 1070 331 1114 obtenta
376 1085 402 1113 a
447 1074 748 1127 superioribus
793 1075 977 1127 licentia,

149 1127 332 1170 verbum
348 1129 432 1171 Dei
450 1130 706 1183 praedicare,
725 1132 750 1173 J
750 1132 979 1175 udaeorum

148 1184 380 1236 perfidiam
415 1190 615 1239 arguere,
660 1187 978 1231 Saracenorum

149 1243 321 1283 errores
346 1243 572 1286 confutare
600 1249 721 1287 tanta
744 1245 906 1288 virtute
935 1251 978 1288 et

149 1297 343 1340 efficacia
368 1300 519 1353 coepit,
545 1306 593 1343 ut
617 1302 838 1353 ingentem
861 1303 976 1356 ipso-

147 1365 244 1395 rum
279 1355 520 1398 infidelium
558 1357 882 1400 multitudinem
920 1359 978 1401 ad

150 1410 312 1453 Christi
330 1412 463 1454 fidem
481 1413 757 1466 perduxerit,
777 1420 821 1457 et
839 1415 977 1457 multa

149 1466 492 1512 Christianorum
511 1470 644 1512 millia
664 1484 689 1513 a
703 1473 900 1525 peccatis
920 1472 977 1515 ad

147 1523 468 1577 poenitentiam,
499 1540 525 1568 a
549 1528 666 1569 vitiis
690 1527 747 1570 ad
769 1529 976 1572 virtutem

149 1581 377 1623 revocarit.
411 1582 590 1625 Electus
608 1585 722 1626 enim
742 1597 767 1626 a
784 1585 901 1636 Deo,
927 1591 976 1628 ut

146 1636 311 1679 monita
325 1638 478 1681 salutis
495 1639 539 1680 in
555 1653 707 1683 omnes
722 1646 885 1693 gentes,
902 1643 974 1684 tri-

146 1691 228 1733 bus
257 1698 301 1735 et
326 1694 496 1746 linguas
523 1696 804 1748 diffunderet,
833 1703 877 1740 et
904 1712 974 1741 ex-

145 1749 272 1790 tremi
289 1752 593 1806 tremendique
607 1753 754 1806 judicii
770 1754 886 1797 diem
900 1768 973 1808 ap-

144 1806 446 1860 propinquare
478 1810 748 1861 ostenderet,
781 1812 974 1854 omnium

146 1861 395 1906 auditorum
414 1866 582 1908 animos
602 1870 772 1910 terrore
793 1872 972 1910 concus-

147 1931 237 1969 sos,
282 1925 414 1973 atque
456 1935 482 1963 a
521 1924 706 1965 terrenis
743 1924 973 1967 affectibus

145 1975 334 2027 avulsos,
353 1978 410 2020 ad
424 1978 508 2021 Dei
527 1982 722 2022 amorem
740 1982 971 2033 excitabat.

195 2046 247 2099 R.
277 2047 525 2091 Honestum
548 2050 652 2092 fecit
675 2050 798 2092 illum
822 2052 970 2093 Domi-

145 2115 243 2153 nus,
263 2108 307 2146 et
326 2105 563 2149 custodivit
582 2120 682 2149 eum
700 2107 755 2149 ab
774 2108 970 2159 inimicis,

146 2163 190 2200 et
215 2171 240 2200 a
269 2160 575 2204 seductoribus
598 2164 761 2206 tutavit
784 2164 919 2206 illum:
943 2165 966 2190 *

144 2214 202 2257 Et
233 2215 355 2259 dedit
385 2217 447 2259 illi
479 2219 722 2262 claritatem
752 2223 970 2264 aeternam.

142 2263 192 2315 V·
225 2272 398 2316 Justum
430 2274 612 2319 deduxit
642 2277 857 2320 Dominus
889 2292 969 2332 per

145 2328 238 2370 vias
256 2335 414 2382 rectas,
435 2337 478 2374 et
496 2333 690 2376 ostendit
707 2334 769 2376 illi
786 2348 968 2387 regnum

144 2383 238 2450 Dei.
265 2387 322 2429 Et
341 2386 472 2431 dedit.

450 2463 600 2504 Lectio
620 2478 657 2504 v.

142 2518 221 2624 In
242 2529 329 2572 hoc
353 2537 498 2574 autem
520 2534 766 2586 apostolico
789 2538 968 2576 munere

214 2584 284 2628 hic
316 2588 418 2630 vitae
450 2589 540 2641 ejus
570 2595 698 2632 tenor
728 2593 968 2644 perpetuus

146 2640 236 2682 fuit.
270 2644 476 2694 Quotidie
494 2645 672 2687 Missam
691 2659 860 2688 summo
879 2660 966 2688 ma-

145 2709 200 2738 ne
219 2710 317 2740 cum
340 2706 470 2743 cantu
493 2701 745 2745 celebravit.
771 2703 966 2755 quotidie

1033 266 1091 309 ad
1108 267 1321 320 populum
1341 270 1598 312 concionem
1616 270 1783 322 habuit3
1801 272 1861 312 in-

1033 323 1239 366 violabile
1258 337 1432 378 semper
1451 327 1671 379 jejunium,
1690 328 1774 369 nisi
1792 342 1859 370 ur-

1032 393 1140 431 gens
1168 380 1344 424 adesset
1370 384 1626 434 necessitaS‚
1655 386 1861 436 servavit3

1033 442 1184 479 sancta
1203 442 1247 479 et
1264 443 1385 480 recta
1412 440 1592 481 consilia
1610 440 1715 482 nulli
1734 441 1860 484 dene-

1031 489 1166 545 gavit,
1203 507 1356 536 carnes
1388 509 1626 549 numquam
1659 498 1861 549 comedit,

1032 563 1113 592 nec
1131 555 1300 592 vestem
1317 551 1477 593 lineam
1496 552 1651 595 induit:
1676 555 1860 608 populo-

1032 620 1128 648 rum
1151 608 1289 660 jurgia
1311 608 1498 659 sedavit,
1523 609 1779 652 dissidentia
1797 624 1860 653 re-

1031 677 1117 715 gna
1134 677 1245 717 pace
1265 666 1529 718 compesuit:
1549 671 1593 708 et
1612 679 1711 708 cum
1726 668 1860 710 vestis

1031 721 1304 763 inconsutilis
1350 722 1562 764 Ecclesiae
1608 723 1704 765 diro
1751 725 1861 766 schi-

1032 783 1172 820 smate
1191 777 1481 830 scinderetur,
1509 784 1557 822 ut
1575 780 1789 832 uniretur,
1818 787 1861 824 et

1031 837 1152 876 unita
1179 838 1442 886 servaretur,
1473 836 1710 889 plurimum
1741 838 1860 880 labo-

1031 891 1154 933 ravit.
1191 892 1439 934 Virtutibus
1466 893 1670 935 omnibus
1696 894 1860 944 claruit,
1904 931 1905 934 ,

1031 950 1224 1000 suosque
1249 948 1523 992 detractores
1548 956 1592 993 et
1609 955 1859 1003 persecuto-

1030 1017 1117 1055 res,
1148 1006 1193 1046 in
1226 1006 1507 1059 simplicitate
1541 1012 1584 1049 et
1615 1007 1860 1050 humilitate

1031 1061 1276 1113 ambulans,
1312 1076 1411 1104 cum
1436 1065 1771 1107 mansuetudine
1795 1078 1858 1107 re-

1031 1119 1159 1171 cepit,
1180 1124 1223 1161 et
1242 1120 1471 1173 amplexus
1492 1126 1570 1162 est.

1079 1177 1130 1228 Rg.
1159 1176 1338 1218 Amavit
1357 1190 1457 1218 eum
1474 1178 1705 1229 Dominus,
1730 1184 1773 1221 et
1793 1192 1859 1220 or-

1030 1233 1152 1274 navit
1184 1246 1299 1274 eum:
1338 1234 1498 1275 stolam
1533 1235 1686 1286 gloriae
1721 1235 1861 1278 induit

1030 1302 1145 1339 eum,
1160 1291 1182 1315 *
1207 1295 1251 1332 et
1274 1290 1331 1332 ad
1350 1296 1503 1343 portas
1523 1291 1716 1344 paradisi
1737 1306 1859 1334 coro-

1029 1346 1150 1387 navit
1177 1359 1287 1388 eum.
1325 1343 1374 1393 V.
1408 1347 1556 1390 Induit
1585 1361 1684 1390 eum
1711 1350 1859 1390 Domi-

1028 1416 1110 1444 nus
1133 1402 1314 1445 loricam
1334 1404 1455 1454 fidei,
1482 1410 1525 1446 et
1551 1406 1724 1448 ornavit
1748 1419 1858 1447 eum.

1028 1459 1086 1501 Et
1105 1459 1162 1502 ad
1180 1466 1344 1513 portas.

1330 1516 1479 1557 Lectio
1500 1517 1550 1556 vi.

1112 1586 1159 1615 er
1178 1573 1323 1626 ipsum
1348 1573 1494 1616 divina
1513 1575 1669 1626 virtus,
1695 1577 1738 1617 in
1758 1590 1856 1619 eon-

1122 1630 1413 1672 firmationem
1441 1632 1543 1673 vitae
1571 1637 1615 1674 et
1647 1633 1855 1685 praediea-

1028 1688 1159 1729 tionis
1178 1689 1280 1740 ejus,
1299 1688 1435 1730 multa
1455 1689 1578 1741 signa
1593 1695 1636 1731 et
1650 1690 1857 1732 miracula

1027 1744 1140 1786 fecit.
1193 1745 1308 1786 Nam
1339 1745 1690 1798 frequentissime
1725 1760 1857 1800 super

1028 1814 1171 1852 aegros
1194 1815 1349 1843 manus
1372 1802 1599 1855 imposuit,
1629 1808 1673 1845 et
1699 1805 1855 1846 sanita·
1898 1827 1900 1858 J

1026 1863 1116 1900 tem
1142 1858 1294 1912 adepti
1320 1864 1434 1901 sunt:
1466 1861 1647 1913 spiritus
1676 1861 1855 1902 immun-

1028 1915 1110 1957 dos
1144 1929 1167 1957 e
1198 1915 1460 1969 corporibus
1494 1917 1675 1970 expulit:
1712 1918 1855 1959 surdis

1026 1971 1240 2022 auditum,
1276 1972 1409 2014 mutis
1444 1973 1680 2026 loquelam,
1725 1975 1854 2015 caecis

1025 2027 1167 2069 visum
1183 2029 1384 2080 restituit,
1403 2029 1605 2082 leprosos
1620 2030 1855 2081 mundavit,

1025 2086 1226 2127 mortuos
1246 2086 1486 2128 suscitavit.
1522 2087 1653 2128 Senio
1677 2086 1855 2128 tandem

1026 2146 1070 2183 et
1109 2142 1266 2184 morbo
1310 2143 1536 2185 confectus
1572 2143 1854 2194 infatigabilis

1024 2197 1250 2249 Evangelii
1270 2211 1431 2252 praeco,
1450 2199 1648 2252 plurimis
1661 2200 1853 2252 Europae

1024 2255 1264 2306 provinciis
1295 2268 1394 2297 cum
1421 2256 1584 2307 ingenti
1611 2256 1853 2297 animarum

1024 2311 1167 2352 fructu
1190 2312 1449 2364 peragratis,
1474 2312 1673 2353 Venetiae
1696 2312 1739 2353 in
1757 2312 1850 2354 Bri-

1024 2368 1172 2409 tannia
1194 2369 1352 2410 minori
1376 2367 1701 2421 praedicationis
1726 2374 1770 2411 et
1793 2370 1853 2411 vi-

1023 2427 1082 2465 tae
1107 2437 1282 2466 cursum
1306 2424 1492 2466 feliciter
1516 2426 1852 2476 consummavit,

1023 2492 1137 2522 anno
1179 2481 1332 2522 salutis
1374 2480 1607 2522 millesimo
1649 2482 1851 2534 quadrin-

1022 2537 1264 2586 gentesimo
1280 2536 1449 2578 decimo
1463 2549 1595 2578 nono:
1616 2550 1745 2590 quem
1762 2539 1850 2580 Cal-

1022 2591 1148 2634 listus
1185 2593 1340 2634 tertius
1381 2595 1631 2635 sanctorum
1666 2598 1848 2637 numero

1023 2649 1237 2702 ascripsit.

1070 2703 1123 2755 Rz.
1153 2706 1243 2747 Iste
1261 2704 1406 2747 homo.
1433 2705 1518 2759 [89]
