2028 2892
186 212 251 248 158

184 306 309 349 Unde
327 305 434 347 ebrii
448 303 725 357 putabantur,
746 301 903 354 quibus
913 300 1004 353 Spi-

185 363 294 405 ritus
327 366 502 403 sanetus
529 359 778 401 inundabat.
819 359 935 409 Ergo
962 361 1006 398 et

185 419 254 461 hic
274 418 384 460 fodit
402 417 604 466 torcular,
623 416 666 457 in
686 414 805 468 quod
824 427 921 456 uvae
941 425 1005 454 ra-

183 474 405 517 tionabilis
428 474 594 515 fructus
616 472 797 514 interior
821 469 1005 524 spiritali

184 532 398 573 infusiene
417 531 639 573 deflueret.

237 592 284 642 R'·
310 588 355 630 Si
374 588 600 629 Deminus.
618 587 711 627 150.

478 660 627 701 Lectio
653 660 705 699 iii.

309 722 501 764 dificavit
519 722 683 771 turrim,
704 719 911 762 verticem
927 718 1004 759 sci-

326 779 428 821 licet
468 779 576 831 legis
615 777 833 819 attellens:
874 780 1005 827 atque

184 837 245 878 ita
268 836 380 878 hanc
405 838 574 877 vineam
598 836 823 882 munitam,
850 832 1005 873 instru-

186 898 315 943 ctam,
333 895 548 942 ornatam,
566 891 728 933 locavit
745 890 770 931 J
772 889 920 931 udaeis.
948 888 1003 929 Et

185 951 384 1003 tempore
412 949 629 991 fructuum
656 946 853 988 servulos
878 944 1005 986 misit.

186 1007 305 1047 Bene
324 1011 496 1058 tempus
512 1005 727 1046 fructuum
743 1003 900 1056 pesuit‚
920 1014 1005 1042 non

186 1064 487 1115 proventuum.
518 1060 674 1102 Nullus
703 1060 817 1101 enim
842 1058 1006 1099 fructus

187 1119 351 1160 exstitit
382 1118 652 1166 Judaeorum‚
692 1116 835 1158 nullus
867 1117 1006 1156 vineae

186 1175 310 1227 hujus
333 1176 586 1228 proventus,
611 1174 666 1215 de
690 1187 775 1226 qua
793 1172 1006 1213 Deminus

187 1232 261 1273 ait:
279 1231 545 1284 Exspectavi
564 1235 612 1272 ut
630 1230 794 1271 faceret
813 1241 931 1278 uvas,
950 1228 1006 1269 fe-

188 1288 247 1330 cit
266 1293 410 1329 autem
429 1288 587 1340 spinas.
619 1287 775 1339 Itaque
793 1298 881 1327 non
901 1284 1007 1325 laeti-

187 1344 260 1386 tiae
279 1344 397 1393 vino,
425 1357 511 1386 non
536 1343 719 1396 spiritali
743 1347 904 1391 musto,
930 1340 1008 1382 sed

189 1402 369 1442 cruento
380 1399 695 1453 prophetarum
706 1398 915 1449 sanguine
929 1402 1009 1439 tor-

188 1457 349 1498 cularia
367 1455 674 1497 redundarunt.

237 1515 286 1565 Ην.
314 1513 409 1554 Erit
426 1512 530 1553 mihi
547 1512 773 1553 Dominus.
793 1511 886 1552 150.

238 1578 308 1618 Ad
325 1579 482 1620 Bened.
503 1580 602 1620 Ant.
623 1576 763 1618 Malos
781 1576 894 1617 male
914 1588 1007 1628 per-

189 1634 274 1683 det,
293 1635 316 1659 *
337 1639 380 1675 et
399 1636 569 1675 vineam
589 1647 711 1675 suam
728 1632 892 1675 locabit
912 1632 1008 1673 aliis

190 1690 409 1741 agricolis,
441 1691 513 1743 qui
539 1690 725 1731 reddant
753 1690 792 1731 ei
822 1689 1009 1730 fructum

190 1746 461 1799 temporibus
481 1747 582 1788 suis.

517 1812 679 1852 Oratio.

190 1868 312 1973 Da,
329 1875 577 1925 quaesumus
589 1874 864 1925 omnipotens
875 1872 1010 1915 Deus:

291 1935 339 1970 ut
367 1942 491 1970 sacro
519 1941 600 1970 nos
628 1928 885 1981 purificante
913 1930 1010 1980 ieju-

194 1987 284 2036 nio,
319 1985 499 2027 sinceris
526 1985 744 2026 mentibus
777 1985 834 2027 ad
862 1991 1011 2028 sancta

193 2045 376 2084 ventura
400 2042 532 2083 facias
551 2044 790 2094 pervenire.
823 2042 906 2084 Per
926 2042 1011 2084 Do-

193 2099 356 2140 minum
375 2103 583 2140 nostrum.

245 2158 368 2192 Hodie
394 2158 464 2191 die.
490 2157 631 2190 Psalmi
660 2158 793 2191 l‘oenit.

243 2210 312 2250 Ad
332 2209 501 2258 Magnis.
522 2211 619 2249 Ant.
641 2212 895 2258 Quaerentes
916 2224 1014 2252 eum

194 2269 356 2317 tenere,
385 2268 407 2292 *
436 2267 672 2308 timuerunt
699 2267 884 2316 turbam,
914 2268 1014 2319 quia

196 2324 306 2365 sicut
323 2323 583 2376 prophetam
604 2336 701 2365 eum
721 2323 949 2365 habebant.

524 2388 688 2428 Oratio.

283 2462 323 2498 a,
349 2452 597 2502 quaesumus
624 2450 824 2499 Domine,
849 2451 1015 2502 populo

298 2510 373 2546 tuo
401 2507 584 2548 salutem
612 2506 770 2547 mentis
796 2511 839 2547 et
862 2508 1015 2559 cerpo-

200 2562 273 2602 ris:
299 2567 347 2603 ut
371 2562 496 2603 bonis
520 2563 726 2616 operibus
748 2562 1017 2612 inhaerendo,

199 2623 286 2658 tuae
307 2630 478 2670 semper
492 2619 663 2660 virtutis
682 2621 901 2660 mereatur
920 2632 1017 2671 pro-

200 2674 389 2715 tectione
407 2674 590 2716 defendi.
618 2676 701 2717 Per
721 2676 968 2717 Deminum.

616 211 715 245 Infra
744 207 1032 242 Hebdomudam
1060 205 1093 238 ii.
1121 203 1446 245 ‹,›uudrugesi1me.

1303 296 1332 333 S
1357 307 1382 333 a
1405 296 1432 332 b
1456 296 1483 332 b
1508 307 1534 331 a
1557 298 1574 330 t
1597 305 1635 331 ο.

1060 351 1213 393 Lectio
1234 350 1373 392 saneti
1383 346 1618 446 11]]ζέἒέόῶ
1641 345 1883 388 secundum

1136 467 1287 508 Lectio
1308 468 1331 507 i.
1571 466 1673 518 Cap.
1691 467 1750 507 15.
1771 478 1804 507 c.

1057 520 1132 627 In
1156 524 1231 566 illo
1255 526 1469 576 tempore:
1493 521 1617 563 Dixit
1634 521 1761 562 Jesus
1779 519 1883 574 pha·

1148 581 1287 622 risaeis
1338 585 1381 622 et
1427 578 1582 620 scribis
1625 577 1883 630 parabolam

1057 638 1201 679 istam:
1226 638 1373 679 Homo
1399 634 1577 688 quidam
1598 633 1752 676 hebuit
1771 632 1884 675 duos

1058 694 1187 736 filios:
1213 699 1257 736 et
1282 693 1392 735 dixit
1416 690 1739 734 adolescentior
1764 702 1818 732 ex
1836 689 1883 730 il·

1057 750 1109 792 lis
1128 751 1257 803 patri:
1275 751 1426 799 Paters
1437 748 1494 790 da
1512 747 1617 789 mihi
1635 747 1884 801 portienem

1058 807 1328 856 subste‘mtiae,
1355 818 1453 859 quae
1471 817 1542 847 me
1562 803 1786 855 contingit.
1827 801 1885 844 Et

1057 863 1235 916 reliqua.

1164 940 1355 984 Homilia
1387 939 1527 982 sancti
1555 936 1781 980 Ambrosii

1363 996 1585 1050 Episcopi.

1161 1067 1242 1101 Lib.
1266 1067 1299 1101 S.
1326 1066 1535 1100 Comment.
1562 1064 1601 1098 in
1626 1073 1708 1107 cap.
1734 1062 1784 1097 15.

1264 1115 1389 1157 Lucae,
1414 1117 1503 1157 post
1529 1111 1688 1146 initium.

1069 1169 1886 1280 ‘stol¹3551issuetssnssffissuffaffifflffss

1060 1290 1187 1338 putes
1214 1284 1388 1337 culpam
1411 1284 1569 1336 patriS‚
1597 1282 1717 1336 quod
1740 1281 1886 1325 adole-

1061 1341 1266 1384 scentieri
1298 1340 1431 1383 dedit.
1474 1339 1608 1382 Nulla
1637 1339 1721 1382 Dei
1750 1352 1886 1391 regno

1060 1399 1231 1440 infirma
1263 1402 1386 1439 aetas:
1424 1410 1506 1440 nec
1537 1397 1649 1439 fides
1679 1399 1887 1448 gravatur

1060 1455 1193 1497 annis.
1229 1455 1332 1508 Ipse
1356 1459 1474 1496 certe
1500 1467 1548 1496 se
1566 1453 1775 1507 judicavit
1794 1453 1886 1494 ide-

1060 1525 1200 1562 neum,
1221 1511 1295 1564 qui
1312 1510 1531 1564 pop6scit.
1554 1511 1703 1563 Atque
1721 1509 1888 1551 utinam

1060 1582 1147 1611 non
1179 1570 1436 1611 recessisset
1467 1581 1493 1609 a
1523 1572 1666 1620 patre,
1706 1565 1888 1620 impedi-

1060 1627 1254 1668 mentum
1313 1627 1526 1666 nescisset
1578 1623 1733 1666 aetatis.
1801 1622 1890 1664 Sed

1060 1684 1353 1735 posteaquam
1384 1680 1565 1722 domum
1596 1679 1786 1733 patriam
1817 1678 1888 1721 de-

1061 1739 1312 1791 relinquens
1341 1739 1527 1791 peregre
1554 1735 1780 1790 profectus
1808 1740 1890 1785 est,

1062 1796 1198 1849 coepit
1213 1797 1352 1847 egere.
1380 1794 1539 1836 Merito
1559 1805 1664 1844 ergo
1683 1792 1891 1846 prodegit

1061 1851 1388 1905 patrimenium,
1424 1850 1497 1903 qui
1520 1850 1704 1892 recessit
1729 1848 1784 1891 ab
1810 1849 1890 1890 Ec-

1064 1909 1207 1951 clesia.

1116 1968 1166 2020 R.
1191 1966 1339 2014 Pater,
1367 1963 1550 2018 peccavi
1572 1963 1617 2004 in
1642 1961 1818 2011 eoelum,
1847 1966 1891 2003 et

1064 2035 1213 2064 coram
1232 2027 1291 2071 te,
1318 2021 1401 2073 jam
1419 2033 1507 2062 non
1526 2033 1622 2060 sum
1642 2018 1798 2070 dignus
1817 2025 1890 2060 vo-

1064 2078 1152 2120 cari
1190 2078 1305 2119 filius
1341 2082 1462 2119 tuus:
1490 2078 1514 2102 *
1548 2076 1638 2117 Fac
1673 2087 1743 2116 me
1778 2075 1892 2116 sicut

1064 2148 1196 2176 unum
1208 2148 1261 2176 ex
1270 2133 1552 2176 mercenariis
1562 2132 1659 2174 tuis.
1672 2126 1722 2178 V.
1730 2130 1891 2182 Quanti

1065 2191 1322 2233 mercenarii
1341 2191 1384 2232 in
1404 2190 1536 2232 domo
1556 2189 1694 2242 patris
1713 2189 1799 2230 mei
1819 2187 1891 2229 ab·

1066 2247 1231 2289 undant
1249 2246 1452 2300 pambus
1476 2259 1559 2298 ego
1579 2250 1725 2287 autem
1743 2244 1816 2286 hic
1834 2243 1891 2285 fa·

1066 2317 1134 2345 me
1154 2303 1304 2356 pereo!
1336 2303 1537 2354 Surgam,
1571 2307 1614 2344 et
1640 2301 1714 2343 ibo
1739 2299 1797 2342 ad
1819 2313 1892 2353 pa-

1067 2365 1181 2402 trem
1199 2373 1355 2410 meum,
1375 2364 1418 2401 et
1437 2359 1581 2401 dicam
1601 2359 1650 2400 ei.
1677 2357 1766 2399 Fac
1781 2369 1862 2398 me.

1371 2432 1521 2475 Lectio
1543 2433 1581 2473 ii.

1070 2495 1303 2600 Peregre
1334 2503 1559 2555 profectus
1587 2507 1654 2544 est
1686 2501 1730 2543 in
1757 2499 1893 2552 regie-

1159 2573 1258 2601 nem
1278 2559 1569 2612 longinquam.
1598 2557 1714 2609 Quid
1730 2557 1894 2608 longin-

1071 2616 1213 2668 quius,
1252 2628 1383 2668 quam
1415 2628 1441 2656 a
1472 2628 1519 2657 se
1553 2613 1776 2663 recedere3
1815 2624 1895 2653 nec

1071 2671 1336 2723 regionibus,
1364 2671 1444 2712 sed
1466 2671 1662 2712 metibus
1685 2669 1895 2723 separari:

1071 2728 1228 2770 studiis
1247 2726 1484 2769 discretum
1504 2739 1618 2777 esse,
1642 2739 1731 2768 non
1749 2725 1896 2775 terris3
