2028 2892
717 192 918 224 Dominica
948 191 1006 224 IV.
1034 197 1123 233 post
1148 191 1308 224 Pascha.

163 287 233 328 vel
252 286 427 338 sapiens
443 297 551 335 esse,
570 286 641 327 vel
654 286 827 339 patiens
842 285 994 338 possit,

164 343 237 394 qui
256 355 337 383 nec
351 341 621 393 sapientiam,
640 354 720 383 nec
736 341 993 394 patientiam

161 398 246 439 Dei
264 397 408 439 novit?

212 463 261 512 ΕΙ,
299 454 350 494 In
378 453 576 495 ecclesiis
604 453 852 495 benedicite
880 453 992 500 Deo,

161 509 349 561 alleluja,
369 519 390 540 *
411 510 604 550 Domino
632 508 688 550 de
713 508 908 550 fontibus
932 509 992 548 Is-

162 565 264 614 rael,
284 564 467 616 alleluja,
488 564 670 616 alleluja.
696 566 745 617 Y,
770 564 993 605 Psalmum

163 620 295 662 dicite
327 621 493 662 nomini
525 621 633 672 ejus,
674 620 776 661 date
808 620 992 670 gloriam

159 676 279 718 laudi
298 677 400 727 ejus.
427 676 632 717 Domino.

262 743 415 783 Lectio
439 757 473 781 V.
626 742 729 792 Cap.
745 743 780 781 2.
796 742 831 781 3.
848 742 884 780 8.

158 793 306 898 Nos
332 802 495 846 autem,
523 796 681 837 fratres
709 795 991 844 dilectissimi,

258 853 332 904 qui
351 852 606 905 philosophi
625 864 713 892 non
732 851 892 900 verbis,
912 849 991 892 sed

159 908 286 950 factis
307 921 472 958 sumus;
497 920 578 949 nec
603 909 765 948 vestitu
790 907 990 959 sapienti-

159 977 244 1013 am,
279 964 359 1006 sed
384 964 568 1005 veritate
593 963 883 1016 praeferimus:
917 962 992 1014 qui

158 1020 370 1061 virtutum
383 1020 697 1061 conscientiam
707 1019 847 1069 magis
860 1031 991 1071 quam

158 1076 409 1127 jactantiam
423 1076 639 1117 novimus:
660 1075 735 1127 qui
749 1088 838 1115 non
853 1074 991 1126 loqui-

158 1145 256 1173 mur
274 1145 443 1183 magna,
464 1131 544 1173 sed
563 1131 749 1172 vivimus
766 1130 890 1182 quasi
906 1143 991 1171 ser-

159 1188 202 1228 vi
214 1193 257 1229 et
267 1188 459 1229 cultores
470 1188 567 1229 Dei:
581 1187 848 1240 patientiam,
860 1199 991 1238 quam

159 1244 419 1295 magisteriis
465 1243 720 1285 coelestibus
767 1241 991 1291 discimus,

160 1299 384 1351 obsequiis
407 1298 679 1351 spiritalibus
702 1298 991 1351 praebeamus.

159 1355 240 1396 Est
276 1355 391 1396 enim
427 1355 555 1396 nobis
590 1367 691 1396 cum
722 1354 819 1395 Deo
852 1354 991 1395 virtus

159 1411 243 1452 ista
264 1411 524 1452 communis:
543 1410 646 1452 inde
660 1410 873 1462 patientia
888 1410 991 1451 inci-

159 1467 241 1519 pit,
274 1466 377 1508 inde
406 1467 584 1508 claritas
613 1467 703 1517 ejus
732 1471 775 1508 et
803 1466 992 1516 dignitas

160 1527 294 1575 caput
319 1522 461 1563 sumit.
503 1522 638 1573 Origo
665 1527 708 1564 et
732 1521 991 1573 magnitudo

159 1579 383 1631 patientiae
420 1578 519 1620 Deo
562 1580 742 1619 auctore
778 1577 992 1630 procedit.

159 1634 394 1686 Diligenda
431 1647 501 1676 res
536 1634 719 1683 homini,
761 1646 860 1685 quae
893 1634 991 1675 Deo

161 1703 265 1731 cara
290 1696 367 1732 est.
399 1691 573 1732 Bonum
600 1690 721 1742 quod
745 1694 878 1738 amat,
903 1702 991 1730 ma-

159 1747 291 1798 jestas
320 1746 467 1788 divina
494 1746 786 1788 commendat.
831 1746 875 1786 Si
902 1745 990 1786 Do-

159 1802 302 1843 minus
321 1802 449 1844 nobis
470 1807 513 1844 et
533 1802 664 1844 Pater
682 1802 805 1843 Deus
825 1805 907 1851 est,
926 1814 990 1842 se-

160 1859 328 1899 ctemur
353 1858 609 1911 patientiam
634 1858 801 1899 domini
824 1857 991 1910 pariter

161 1919 205 1956 et
234 1914 388 1966 patris:
421 1915 521 1966 quia
554 1918 598 1955 et
631 1926 784 1956 servos
813 1914 991 1965 oportet

161 1982 259 2012 esse
279 1969 589 2022 obsequentes,
613 1974 656 2011 et
675 1970 791 2011 filios
810 1982 899 2010 non
919 1968 990 2010 de-

162 2031 232 2068 cet
252 2038 350 2067 esse
371 2025 622 2076 degeneres.

213 2090 262 2141 132,
297 2082 349 2123 In
375 2087 472 2123 toto
502 2081 637 2123 corde
664 2094 781 2131 meo,
809 2081 991 2132 alleluja,

162 2138 380 2190 exquisivi
394 2142 448 2187 te,
469 2137 654 2189 alleluja:
671 2144 692 2165 ¹⁸
714 2137 783 2178 Ne
802 2137 990 2189 repellas

161 2207 232 2235 me
256 2206 282 2234 a
304 2193 522 2235 mandatis
546 2193 649 2242 tuis,
664 2192 864 2244 alleluja,
892 2193 992 2234 alle-

162 2250 259 2302 luja.
291 2250 339 2300 V.
370 2249 636 2291 Benedictus
657 2261 703 2290 es
728 2253 775 2289 tu
794 2249 993 2298 Domine,

165 2306 276 2347 doce
306 2318 377 2347 me
408 2305 738 2357 justificationes
771 2309 880 2346 tuas.
925 2305 993 2346 Ne

164 2361 363 2413 repellas.

460 2419 613 2458 Lectio
638 2418 689 2456 vi.

162 2468 429 2571 Patientia
461 2473 542 2517 est,
585 2480 683 2519 quae
715 2480 796 2508 nos
824 2467 921 2509 Deo
951 2473 994 2509 et

262 2524 539 2565 commendat
559 2529 602 2565 et
621 2528 783 2565 servat:
802 2523 898 2575 ipsa
917 2529 994 2573 est,

169 2591 267 2630 quae
291 2579 399 2619 iram
418 2581 650 2631 temperat,
680 2592 779 2631 quae
804 2578 996 2629 linguam

167 2634 334 2683 fraenat,
355 2647 452 2686 quae
472 2641 663 2677 mentem
677 2634 903 2686 gubernat,
922 2648 995 2687 pa-

169 2698 264 2727 cem
285 2686 487 2735 custodit,
512 2687 787 2739 disciplinam
807 2687 929 2737 regit,
948 2686 994 2726 li-

1045 283 1206 324 bidinis
1238 286 1452 336 impetum
1484 283 1659 334 frangit,
1690 283 1875 324 tumoris

1046 338 1298 380 violentiam
1327 340 1597 392 comprimit,
1624 338 1874 380 incendium

1047 395 1278 437 simultatis
1305 396 1562 447 exstinguit,
1597 397 1771 436 coercet
1798 406 1874 447 po-

1044 451 1227 493 tentiam
1255 451 1455 500 divitum,
1487 451 1681 503 inopiam
1712 453 1873 503 palipe-

1045 520 1141 548 rum
1168 508 1354 557 refovet,
1385 509 1531 548 tuetur
1561 507 1606 547 in
1634 505 1874 557 virginibus

1044 563 1221 605 beatam
1244 563 1558 614 integritatem,
1582 562 1627 603 in
1651 562 1795 603 viduis
1815 561 1874 601 la-

1044 620 1270 661 boriosam
1289 619 1548 667 castitatem,
1568 618 1611 659 in
1631 618 1874 669 conjonctis

1045 681 1089 717 et
1107 676 1323 717 maritatis
1341 674 1612 716 individuam
1633 674 1875 715 caritatem:

1044 733 1148 773 facit
1172 732 1360 773 humiles
1385 732 1430 771 in
1455 730 1699 783 prosperis,
1731 730 1775 770 in
1801 729 1874 771 ad-

1044 789 1183 829 versis
1221 788 1376 836 fortes,
1418 791 1571 828 contra
1612 785 1790 837 injurias
1830 790 1875 827 et

1046 844 1331 886 contumelias
1375 844 1520 884 mites:
1565 841 1697 883 docet
1741 841 1873 883 delin-

1046 900 1280 952 quentibus
1312 900 1400 941 cito
1434 899 1677 950 ignoscere;
1710 898 1747 939 si
1778 898 1874 950 ipse

1047 956 1293 1009 delinquas,
1322 956 1397 997 diu
1423 960 1467 996 et
1493 954 1679 996 multum
1701 955 1876 1005 rogare:

1044 1013 1311 1054 tentationes
1341 1014 1579 1064 expagnat,
1607 1009 1873 1063 persecutio-

1043 1081 1122 1110 nes
1141 1068 1317 1117 tolerat,
1342 1068 1574 1120 passiones
1601 1071 1644 1108 et
1665 1065 1875 1118 martyria

1045 1128 1330 1166 consummat.
1379 1125 1483 1176 Ipsa
1516 1127 1600 1172 est,
1636 1135 1735 1175 quae
1770 1121 1875 1163 fidei

1043 1185 1207 1221 nostrae
1226 1179 1511 1221 fundamenta
1528 1178 1711 1219 firmiter
1725 1177 1875 1219 munit.

1097 1248 1147 1299 R,
1173 1240 1397 1292 Hymnum
1416 1241 1590 1280 cantate
1609 1237 1754 1286 nobis,
1773 1236 1873 1278 alle-

1043 1296 1144 1348 luja:
1165 1305 1187 1326 *
1214 1295 1448 1345 Quomodo
1477 1294 1749 1336 cantabimus
1776 1295 1873 1334 can-

1043 1352 1180 1394 ticum
1195 1351 1372 1393 Domini
1390 1352 1434 1392 in
1452 1355 1571 1392 terra
1590 1348 1752 1391 aliena?
1773 1349 1874 1391 alle-

1043 1409 1145 1460 luja,
1169 1408 1352 1459 alleluja.
1388 1408 1437 1459 „V-
1461 1406 1556 1448 Illic
1578 1407 1873 1456 interrogave-

1044 1469 1145 1506 runt
1177 1477 1276 1513 nos,
1317 1464 1391 1515 qui
1422 1465 1623 1515 captivos
1656 1461 1875 1503 duxerunt

1044 1533 1142 1570 nos,
1168 1520 1304 1561 verba
1327 1520 1589 1561 cantionum.
1627 1517 1874 1568 Quomodo.

1046 1576 1199 1622 Gloria
1216 1576 1348 1617 Patri.
1377 1574 1624 1625 Quomodo.

1265 1659 1314 1697 In
1333 1658 1404 1697 III.
1425 1658 1649 1697 Nocturno.

1045 1719 1198 1765 Lectio
1223 1718 1362 1759 sancti
1380 1717 1608 1768 Evangelii
1634 1715 1875 1758 secundum

1348 1774 1373 1814 J
1375 1776 1573 1815 oannem.

1146 1837 1299 1878 Lectio
1320 1838 1388 1877 vii.
1588 1838 1691 1889 Cap.
1711 1839 1770 1878 16.

1045 1882 1122 1987 In
1140 1886 1216 1927 illo
1236 1888 1450 1938 tempore:
1469 1885 1591 1926 Dixit
1605 1885 1630 1926 J
1633 1897 1734 1926 esus
1749 1884 1874 1926 disci-

1107 1942 1222 1995 pulis
1237 1943 1341 1983 suis:
1359 1941 1490 1983 Vado
1511 1941 1568 1983 ad
1587 1954 1687 1982 eum
1706 1940 1781 1992 qui
1799 1941 1874 1981 mi-

1048 1999 1105 2039 sit
1128 2011 1212 2048 me;
1241 2003 1285 2040 et
1309 2010 1439 2039 nemo
1466 2010 1520 2039 ex
1544 1996 1669 2038 vobis
1692 1996 1875 2038 interro-

1047 2059 1122 2105 gat
1139 2068 1220 2103 me,
1241 2055 1338 2104 Quo
1359 2053 1506 2095 vadis?
1534 2053 1591 2093 Et
1610 2052 1789 2105 reliqua.

1154 2126 1345 2173 Homilia
1373 2125 1511 2167 sancti
1539 2125 1773 2176 Augustini

1348 2182 1571 2234 Episcopi.

1102 2250 1305 2284 Tractatus
1331 2253 1382 2284 94.
1410 2251 1445 2284 in
1471 2251 1672 2291 Joannem,
1698 2250 1818 2284 initio.

1050 2304 1236 2355 f,
1260 2294 1475 2335 Dominus
1499 2294 1523 2334 J
1527 2306 1626 2335 esus
1650 2293 1875 2346 praedixis-

1051 2340 1158 2409 (ψῖ
1181 2355 1248 2392 set
1284 2350 1510 2402 discipulis
1547 2350 1636 2390 suis
1673 2361 1874 2401 persecu-

1053 2403 1151 2431 Ἀ
1179 2407 1339 2455 tiones,
1390 2419 1499 2458 quas
1541 2405 1714 2457 passuri
1753 2408 1877 2445 erant

1048 2468 1150 2516 post
1170 2464 1259 2515 ejus
1281 2461 1550 2510 abscessum,
1574 2460 1796 2511 subjunxit
1815 2465 1874 2500 at-

1050 2532 1134 2571 que
1149 2519 1223 2560 ait:
1242 2518 1352 2558 Haec
1370 2522 1516 2558 autem
1532 2515 1658 2557 vobis
1677 2514 1732 2556 ab
1752 2515 1874 2556 initio

1048 2588 1137 2616 non
1178 2574 1285 2622 dixi,
1331 2573 1433 2625 quia
1473 2571 1701 2613 vobiscum
1742 2583 1875 2611 eram:

1048 2643 1164 2671 nunc
1187 2634 1333 2671 autem
1353 2627 1466 2669 vado
1491 2627 1549 2668 ad
1568 2639 1683 2676 eum,
1713 2626 1787 2678 qui
1805 2639 1875 2668 me

1048 2687 1176 2727 misit.
1211 2684 1298 2727 Ubi
1322 2684 1512 2737 primum
1537 2682 1774 2724 videndum
1798 2686 1874 2731 est,
