2028 2892
562 167 634 202 Die
659 168 708 201 13.
735 168 893 211 Aprilis.
941 169 976 201 S.
1002 163 1287 209 Hei-menegildi
1314 167 1420 201 Mart.

145 260 218 302 ille
236 259 518 311 intelligatur,
545 258 618 300 ille
643 258 898 309 honoretur,
926 260 969 300 in

147 329 234 369 quo
263 321 307 358 et
335 316 528 358 omnium
560 317 787 368 pastorum
814 316 969 358 sollici-

145 373 254 415 tado
299 385 397 415 cum
439 372 844 414 commendatarum
888 373 970 414 sibi

146 430 294 471 ovium
313 428 514 471 custOdia
531 430 802 481 perseverat,
832 434 876 471 et
900 442 969 470 cu-

145 486 208 536 jus
236 485 368 528 etiam
397 484 584 536 dignitas
609 485 652 526 in
678 484 856 537 indigno
882 485 968 527 hae-

144 541 249 584 rede
267 553 354 583 non
374 540 533 583 deficit.

195 613 244 663 Ην.
265 608 316 648 In
334 606 479 648 medio
498 606 708 648 Ecclesiae
729 607 900 660 aperuit
919 620 969 649 os

144 665 250 716 ejus,
268 670 290 693 ²*
317 664 374 705 Et
401 663 599 716 implevit
627 676 726 705 eum
751 664 968 705 Dominus

121 725 123 727 '
143 721 300 773 spiritu
349 720 575 773 sapientiae
628 725 671 762 et
712 720 968 763 intellectus.

144 776 193 827 ΥΤ.
217 778 241 818 J
242 776 542 819 ucunditatem
567 781 610 819 et
634 777 968 819 exsultationem

83 871 89 876 .
143 833 455 875 thesaurizavit
486 846 618 886 super
649 846 759 875 eum.
804 834 862 875 Et
891 834 967 874 im-

142 890 287 943 plevit.
316 890 471 932 Gloria
487 890 615 932 Patri.
643 891 700 932 Et
717 890 924 943 implevit.

193 959 235 992 In
259 958 450 1002 Quadi-ag.
482 960 611 997 Lectio
639 960 686 993 ix.
720 960 765 994 dc
795 960 964 993 Homilia

143 1012 179 1041 ct
203 1017 396 1041 commem.
422 1008 545 1042 Fcriae
569 1008 606 1041 in
632 1008 842 1045 Laudibus:
869 1009 965 1042 alias

442 1085 592 1127 Lectio
614 1086 667 1126 ix.

143 1147 294 1256 Cum
318 1162 422 1201 ergo
447 1149 775 1192 cohortationes
793 1156 965 1192 nostras

234 1206 410 1249 alitibus
435 1211 595 1248 vestrae
620 1207 864 1248 sanctitatis
891 1207 963 1249 ad-

140 1263 356 1314 hibemus,
383 1263 528 1315 ipsum
551 1263 694 1313 vobis,
723 1265 843 1316 cujus
869 1264 964 1305 vice

139 1320 371 1372 fungimur,
394 1320 515 1372 loqui
534 1319 713 1362 credite:
738 1321 838 1373 quia
858 1326 902 1362 et
919 1321 964 1362 il-

140 1377 222 1418 lius
248 1390 328 1418 vos
354 1376 513 1418 affectu
537 1378 781 1426 monemus,
811 1382 855 1419 et
876 1390 966 1419 non

142 1432 260 1475 aliud
295 1432 439 1483 vobis,
483 1445 614 1486 quam
648 1432 767 1486 quod
804 1433 965 1484 docuit,

141 1489 447 1542 praedicamus:
474 1489 778 1541 obsecrantes,
805 1496 853 1532 ut
872 1503 964 1532 suc-

140 1545 271 1587 cincti
298 1545 472 1587 lumbos
497 1546 655 1588 mentis
683 1552 858 1598 vestrae,
898 1560 964 1589 ca-

139 1607 251 1643 stam
280 1606 324 1644 et
350 1602 543 1644 sebriam
570 1602 706 1644 vitam
734 1603 777 1644 in
805 1604 889 1645 Dei
915 1604 964 1645 ti-

138 1659 261 1708 more
289 1657 470 1700 ducatis.
512 1659 686 1701 Cor6na
713 1673 824 1710 mea,
853 1661 965 1702 sicut

140 1714 383 1767 Apostolus
428 1715 505 1766 ait,
551 1720 595 1758 et
637 1715 845 1766 gandium
883 1730 964 1759 vos

139 1770 259 1821 estis,
279 1771 316 1812 si
333 1771 444 1813 fides
465 1776 622 1822 vestra,
649 1785 748 1825 quae
768 1772 823 1814 ab
842 1773 963 1816 initio

138 1827 362 1879 Evangelii
381 1828 425 1868 in
443 1828 649 1870 universo
672 1829 836 1871 mundo
854 1843 963 1882 prae-

139 1882 284 1926 dicata
303 1889 386 1935 est,
411 1885 456 1926 in
479 1884 716 1928 dilectione
741 1891 784 1928 et
807 1887 962 1928 sancti-

137 1942 228 1983 tate
238 1941 537 1993 permanserit.
555 1942 669 1983 Nam
678 1942 781 1984 licet
790 1955 964 1984 omnem

138 1996 398 2048 Ecclesiam,
431 2011 530 2051 quae
562 1998 606 2040 in
637 2003 732 2041 toto
762 2003 829 2040 est
857 1999 965 2041 orbe

140 2054 372 2105 terrarum,
395 2054 562 2096 cunctis
583 2057 788 2108 oporteat
806 2055 963 2097 florere

139 2109 383 2160 virtfitibus‚
401 2123 482 2153 vos
500 2117 647 2154 tamen
665 2114 888 2165 praecipue
903 2113 963 2153 in-

138 2170 206 2208 ter
230 2168 402 2209 ceteros
425 2169 617 2221 p6pulos
649 2168 777 2211 decet
800 2169 965 2212 meritis

138 2222 316 2275 pietatis
331 2224 555 2275 excellere,
571 2238 682 2278 quos
697 2225 741 2266 in
755 2226 851 2278 ipsa
861 2239 964 2279 apo-

139 2279 307 2321 stolicae
343 2284 484 2333 petrae
523 2294 623 2323 arce
659 2282 880 2333 fundatOS,
922 2288 965 2324 et

139 2335 354 2378 Dominus
397 2342 548 2379 noster
590 2338 615 2379 J
618 2351 717 2380 esus
766 2338 963 2380 Christus

141 2403 240 2433 cum
273 2393 474 2436 omnibus
505 2394 705 2444 redemit,
738 2400 781 2437 et
807 2395 963 2438 beatus

141 2449 383 2500 Apostolus
424 2450 581 2492 Petrus
625 2464 718 2504 prae
764 2451 964 2493 omnibus

141 2504 338 2547 erudivit.

194 2569 258 2610 Te
276 2570 419 2612 Deum
437 2571 677 2614 laudamus.
699 2573 758 2613 15.

1258 261 1342 302 Die
1362 262 1418 302 13.
1438 262 1614 314 Aprilis.

1100 333 1143 374 S.
1161 333 1538 384 Hermenegildi
1559 334 1772 386 Martyris.

1302 400 1560 445 Scmiduplcx.

1074 464 1209 497 Omnia
1232 464 1278 497 dc
1296 464 1497 497 Communi
1521 466 1633 499 unius
1652 467 1756 501 Mart.
1775 478 1844 510 pro

1023 512 1206 555 temporis
1230 513 1414 555 qualitate
1439 514 1508 557 [24]
1529 515 1590 548 vel
1615 514 1686 558 [38]
1706 520 1845 558 practer

1022 572 1126 603 sequ.

1075 618 1115 651 In
1143 619 1314 662 utrisque
1340 619 1454 663 vesp.
1480 625 1516 655 ct
1540 621 1656 655 Laud.

1329 685 1538 736 Hymnus.

1020 747 1218 855 Regali
1237 747 1348 789 solio
1367 747 1492 789 fortis
1510 748 1677 799 Iberiae,

1135 804 1474 855 Hermenegilde
1519 804 1658 856 jubar,
1707 805 1845 856 gloria

1325 861 1576 913 Martyrum,

1073 916 1233 958 Christi
1254 930 1364 970 quos
1385 930 1508 959 amor
1528 918 1652 959 almis

1071 972 1181 1014 Coeli
1201 973 1388 1016 co'etibus
1408 974 1569 1016 inserit.

1026 1049 1081 1089 Ut
1099 1052 1271 1099 perstas
1289 1047 1472 1100 patiens,
1490 1048 1734 1101 pollicitum
1748 1050 1844 1091 Deo

1069 1103 1257 1145 Servans
1284 1103 1558 1169 obsequium!
1584 1118 1671 1157 quo
1696 1106 1844 1158 potius

1068 1216 1141 1258 Nil
1159 1160 1448 1269 propontilsEIet
1467 1230 1590 1259 arces

1071 1273 1234 1315 Cautus
1252 1274 1394 1324 noxia,
1417 1287 1514 1326 quae
1533 1274 1720 1327 placent.

1025 1349 1080 1388 Ut
1101 1352 1247 1389 motus
1272 1347 1468 1398 06hibes,
1496 1348 1657 1401 pabula
1678 1349 1751 1401 qui
1770 1362 1843 1402 pa-

1069 1459 1293 1510 Surgentis
1309 1409 1425 1510 ντίῗίῗ
1432 1473 1520 1502 non
1536 1460 1694 1503 dubios
1711 1475 1843 1513 agens

1068 1516 1152 1556 Per
1170 1517 1356 1568 vestigia
1374 1530 1563 1569 gressus,

1070 1574 1167 1624 Quo
1187 1573 1279 1614 veri
1297 1574 1367 1615 via
1386 1574 1547 1626 dirigit!

1020 1646 1084 1687 Sit
1102 1659 1247 1688 rerum
1265 1647 1455 1713 Domino
1474 1649 1585 1700 jugis
1606 1648 1746 1690 honor
1764 1649 1842 1690 Pa-

1323 1709 1391 1754 trl,

1067 1759 1124 1801 Et
1144 1760 1307 1802 Natum
1327 1761 1549 1826 celebrent
1568 1775 1645 1804 ora
1664 1766 1841 1815 precan-

1069 1823 1599 1927 Divinnmquteugillpremis

1067 1930 1246 1972 Flamen
1265 1931 1468 1973 laudibus
1487 1931 1678 1973 efferant.

1326 1988 1478 2030 Amen.

1070 2063 1109 2097 Si
1141 2063 1350 2106 praedictus
1380 2063 1557 2106 Hymnus
1592 2072 1663 2095 non
1703 2061 1841 2094 dicitur

1019 2112 1057 2145 in
1078 2112 1104 2145 I.
1121 2112 1317 2154 Vcspcris,
1342 2116 1429 2145 tunc
1448 2117 1613 2153 ponatur
1635 2110 1682 2143 ad
1702 2109 1840 2150 Matut,

1019 2164 1055 2194 ct
1078 2160 1216 2204 Hymn.
1239 2159 1368 2193 Matut.
1393 2157 1518 2192 Nullis
1540 2161 1577 2191 te
1601 2157 1759 2201 genitor.
1786 2156 1840 2189 di-

1018 2212 1125 2242 catur
1147 2208 1186 2241 in
1207 2207 1415 2241 Laudibus.

1354 2276 1515 2316 Oratio.

1105 2350 1197 2388 eus,
1231 2339 1305 2391 qui
1337 2339 1515 2381 beatum
1541 2338 1840 2390 Hermenegil-

1118 2393 1222 2436 dum
1249 2395 1486 2447 Martyrem
1520 2399 1643 2436 tuum
1672 2394 1839 2437 coelesti

1014 2463 1150 2502 regno
1194 2453 1414 2493 terrenum
1455 2453 1723 2504 postpc'mere
1765 2451 1840 2494 do-

1016 2509 1157 2551 cuisti:
1194 2507 1250 2550 da
1286 2509 1536 2560 quaesumus
1569 2507 1713 2559 nobis3
1749 2509 1839 2560 ejus

1016 2565 1217 2618 exemplo
1246 2564 1412 2605 cadnca
1438 2563 1679 2616 despicere,
1707 2572 1839 2618 atque

1015 2623 1180 2663 aeterna
1198 2620 1364 2663 sectari.
1397 2620 1481 2661 Per
1498 2620 1744 2663 Deminum.

1066 2689 1110 2723 In
1134 2688 1323 2729 Quadrag.
1349 2697 1541 2721 commem.
1566 2686 1698 2721 Feriae.
