2066 2904
791 134 1002 169 Commune
1026 133 1239 177 Virginum.

161 228 279 325 {isam-
299 227 419 281 apud
431 228 576 268 Deum
590 231 697 268 nota
717 230 794 276 est,
814 231 858 267 et
872 225 993 279 apud

221 296 372 325 mines.

211 343 262 394 R.
294 342 355 383 br.
402 338 549 390 Elegit
581 351 677 380 eam
708 339 846 389 Deus,
875 342 899 367 *
934 339 992 379 Et

161 394 390 447 praeelegit
418 407 525 436 eam.
570 395 727 446 Elegit.
768 390 819 442 V.
849 395 902 435 In
929 398 990 436 ta-

161 450 398 492 bernaculo
423 463 504 492 suo
530 450 731 492 habitare
754 450 859 491 facit
884 463 991 491 eam.

161 507 219 548 Et
266 506 474 558 raeelegit.
502 507 657 548 Gloria
673 507 806 548 Patri.
834 506 990 558 Elegit.

255 597 264 606 .
302 563 476 604 Diffusa
513 567 580 604 est
612 563 755 614 gratia
786 563 831 603 in
861 562 990 604 labiis

161 619 259 661 tuis.
302 622 354 674 Rz.
392 619 638 672 Propterea
678 619 906 661 benedixit
946 623 991 660 te

160 675 282 717 Deus
309 675 354 716 in
380 676 604 716 aeternum.

346 742 568 794 Tempore
596 741 809 782 Paschali.

213 804 263 856 Rz.
283 802 344 844 br.
371 800 516 851 Elegit
539 813 636 842 eam
654 800 788 850 Deus,
813 804 857 841 et
881 811 990 852 prae-

161 855 292 907 elegit
310 868 418 905 eam,
436 860 460 885 *
478 855 677 908 Allelsija,
696 855 807 897 allel.
835 856 990 906 Elegit.

161 909 212 962 V.
249 912 302 952 In
342 912 626 954 tabernaculo
668 925 748 953 suo
790 912 991 953 habitare

160 968 264 1010 facit
290 981 398 1010 eam.
434 969 638 1021 Alleluja,
667 969 850 1021 alleluja.
886 968 990 1009 Glo-

159 1024 224 1065 ria
241 1025 370 1067 Patri.
398 1025 552 1077 Elegit.

213 1078 265 1130 V.
296 1082 470 1124 Diffusa
505 1086 573 1124 est
605 1082 747 1132 gratia
783 1082 827 1123 in
862 1081 990 1123 labiis

159 1138 256 1188 tuis,
285 1138 469 1190 alleluja.
512 1139 564 1191 Rz.
590 1138 834 1190 Propterea
860 1138 990 1180 bene-

161 1193 271 1236 dixit
289 1199 334 1236 te
351 1195 474 1236 Deus
495 1195 540 1235 in
562 1196 786 1245 aeternum,
807 1194 989 1246 alleluja.

365 1276 427 1317 In
447 1276 509 1317 H.
527 1275 781 1326 vesperis.

215 1337 320 1380 Ant,
343 1336 500 1380 Psalm.,
526 1336 650 1380 Capit.
676 1340 713 1371 et
728 1336 868 1380 Hymn.
890 1339 933 1371 ut
952 1335 991 1369 in

162 1385 190 1420 Ι.
213 1384 332 1429 Vesp.
351 1385 456 1429 [100]

215 1432 266 1485 V.
301 1436 475 1478 Diffusa
512 1440 580 1478 est
609 1436 752 1488 gretia
786 1436 831 1476 in
859 1435 990 1477 labiis

159 1491 260 1533 tuis.
315 1494 367 1547 R.
402 1493 648 1545 Propterea
678 1491 906 1534 benedixit
945 1496 990 1533 te

159 1548 281 1589 Deus
308 1548 354 1589 in
377 1550 602 1590 aeternum.

214 1602 287 1644 Ad
313 1602 489 1653 Magnis.
534 1603 636 1644 Ant.
687 1603 794 1645 Veni
822 1616 989 1657 sponsa

160 1658 341 1710 Christi,
367 1660 392 1686 *
419 1659 572 1713 accipe
601 1662 828 1711 eoronam,
857 1673 988 1712 quam

159 1715 241 1757 tibi
258 1716 353 1757 Dfis
372 1717 643 1769 praeparavit
662 1717 706 1757 in
726 1719 950 1758 aeternum.

365 1796 783 1826 ——fflek———ss

315 1868 374 1910 H.
415 1868 544 1911 Aliae
571 1868 833 1910 Lectiones

394 1936 477 1976 pro
497 1923 765 1975 Virginibus.

215 1993 292 2028 Pro
307 1993 468 2037 Virgine
489 1998 527 2029 et
542 1993 721 2037 Martyre,
745 2003 790 2027 ac
806 2002 877 2036 pro
895 1992 992 2026 Mar-

163 2045 247 2084 tyre
266 2044 424 2084 tantum,
440 2042 542 2077 Lect.
560 2041 588 2076 Ι.
602 2041 793 2076 Nocturni
813 2041 994 2083 leguntur

163 2088 280 2123 etiam
295 2092 338 2124 ut
353 2089 463 2125 infra.

304 2164 371 2206 De
398 2164 513 2206 libro
540 2164 852 2206 Ecclesiastici.

274 2236 429 2278 Lectio
450 2237 475 2278 i.
699 2237 802 2289 Cap.
821 2237 881 2277 51.

171 2309 193 2330 ι’
214 2298 501 2356 4725<onfitebor
532 2298 631 2348 tibi,
663 2299 853 2341 Domine
880 2299 989 2349 Rex,

189 2350 274 2374 ¹
303 2359 347 2396 et
375 2354 638 2396 collaudabo
666 2359 711 2396 te
734 2355 879 2397 Deum
900 2355 990 2396 Sal·

172 2412 197 2433 ¹⁷
300 2412 500 2452 vatorem
532 2423 689 2452 meum.
735 2410 990 2452 Confitebor

161 2466 327 2507 nomini
359 2471 452 2508 tuo:
492 2467 700 2519 quoniam
739 2467 913 2519 adjutor
946 2471 990 2509 et

161 2523 390 2573 protector
418 2522 559 2564 factus
592 2536 638 2564 es
665 2522 791 2573 mihi,
820 2527 864 2564 et
885 2523 990 2565 libe-

162 2576 271 2618 rasti
289 2590 451 2630 eorpus
469 2591 615 2620 meum
635 2591 661 2619 a
679 2578 941 2631 perditione,
965 2592 991 2620 a

162 2631 321 2684 lequeo
346 2633 507 2686 linguae
532 2635 712 2686 iniquae,
740 2639 784 2676 et
812 2647 838 2675 a
861 2634 989 2676 labiis

317 2769 382 2795 Pars
397 2772 490 2797 Venia.

1045 224 1324 277 operantium
1340 225 1629 275 mendacium,
1650 229 1693 267 et
1710 225 1755 265 in
1775 236 1875 266 con-

1045 281 1201 333 spectu
1235 281 1472 322 astantium
1512 281 1654 323 factus
1691 293 1737 322 es
1770 280 1876 321 mihi

1044 335 1230 388 adjutor.
1257 336 1315 377 Et
1332 336 1531 378 liberasti
1547 350 1619 379 me
1634 337 1876 379 secundum

1043 392 1372 434 multitudinem
1397 393 1715 435 misericordiae
1739 393 1876 434 nomi-

1043 449 1111 490 nis
1148 449 1213 490 tui
1245 461 1270 489 a
1304 449 1579 500 rugientibus
1612 449 1876 502 praeparatis

1044 504 1101 546 ad
1117 517 1274 554 escam,
1295 504 1350 546 de
1364 505 1567 547 manibus
1586 505 1877 557 quaerentium

1043 561 1234 602 animam
1250 574 1410 612 meam,
1441 566 1485 603 et
1505 561 1560 603 de
1580 562 1722 614 portis
1741 561 1876 603 tribu-

1043 617 1268 667 lationum,
1280 630 1379 669 quae
1395 618 1781 660 circumdederunt
1791 631 1876 659 me:

1043 687 1069 715 a
1100 677 1310 726 pressura
1338 674 1539 724 flammae,
1568 687 1668 726 quae
1695 675 1876 716 circum-

1045 729 1168 771 dedit
1192 743 1281 779 me,
1317 735 1360 772 et
1392 731 1437 770 in
1467 730 1615 772 medio
1647 731 1760 782 ignis
1788 743 1877 772 non

1044 799 1141 827 sum
1166 788 1366 828 aestuata:
1387 786 1442 828 de
1458 787 1691 828 altitudine
1710 788 1877 829 ventris

1044 842 1181 892 inferi,
1211 847 1255 884 et
1282 855 1308 883 a
1335 842 1484 894 lingua
1509 843 1805 895 coinquinata,
1834 849 1878 885 et

1044 911 1070 939 a
1097 898 1233 940 verbo
1261 898 1498 949 mendacii,
1530 912 1555 940 a
1582 912 1686 951 rege
1713 900 1877 952 iniquo,

1045 959 1088 996 et
1107 968 1133 996 a
1156 955 1305 1006 lingua
1323 956 1494 1008 injosta.

1098 1013 1149 1065 R.
1173 1011 1289 1052 Veni
1314 1024 1478 1064 sponsa
1506 1012 1690 1063 Christi,
1723 1012 1876 1065 eccipe

1043 1069 1264 1117 coronam,
1286 1080 1418 1119 quam
1434 1068 1517 1109 tibi
1531 1069 1749 1110 Dominus
1765 1082 1876 1121 prae-

1043 1124 1218 1176 paravit
1243 1124 1288 1164 in
1314 1125 1542 1165 aeternum:
1574 1137 1657 1177 pro
1687 1126 1809 1176 cujus
1835 1138 1875 1165 a·

1042 1182 1166 1221 more
1186 1180 1444 1231 sanguinem
1462 1185 1588 1221 tuum
1602 1180 1766 1231 fudisti,
1785 1178 1877 1222 *Et

1043 1249 1143 1277 cum
1171 1236 1355 1287 Angelis
1387 1237 1432 1276 in
1459 1236 1715 1289 paradisum
1742 1238 1875 1278 intro-

1042 1293 1127 1333 isti.
1159 1287 1210 1340 Χῖ.
1228 1292 1344 1334 Veni
1364 1292 1505 1334 electa
1523 1305 1631 1342 mea,
1654 1298 1697 1334 et
1712 1306 1877 1346 ponam

1042 1349 1088 1389 in
1106 1352 1151 1389 te
1170 1348 1379 1389 thronum
1397 1361 1560 1398 meum,
1588 1349 1691 1400 quia
1716 1362 1875 1391 concu-

1043 1404 1155 1456 pivit
1178 1405 1276 1446 Rex
1297 1405 1494 1457 speciem
1517 1409 1648 1446 tuam.
1687 1405 1745 1447 Et
1764 1419 1874 1447 cum.

1361 1459 1515 1500 Lectio
1535 1459 1575 1499 ii.

1114 1516 1296 1558 audabit
1321 1529 1462 1568 usque
1489 1517 1546 1558 ad
1571 1523 1762 1559 mortem
1786 1519 1874 1559 ani-

1132 1585 1205 1613 ma
1222 1585 1321 1614 mea
1335 1573 1585 1624 Dominum,
1606 1578 1650 1615 et
1668 1575 1759 1615 vita
1777 1587 1875 1616 mea

1043 1631 1408 1681 appropinquans
1432 1634 1526 1671 erat
1546 1630 1591 1670 in
1612 1630 1781 1672 inferno
1801 1631 1873 1672 de-

1044 1687 1204 1726 orsum.
1239 1685 1635 1727 Circumdederunt
1658 1700 1730 1728 me
1751 1687 1874 1728 undi-

1044 1753 1147 1792 que,
1190 1745 1234 1782 et
1273 1753 1362 1782 non
1401 1746 1496 1783 erat
1527 1742 1603 1794 qui
1636 1742 1874 1795 adjuvaret.

1043 1797 1305 1849 Respiciens
1347 1810 1467 1838 eram
1507 1798 1565 1840 ad
1606 1798 1874 1851 adjutorium

1042 1852 1285 1904 hominum,
1313 1857 1357 1894 et
1375 1866 1464 1894 non
1486 1859 1591 1896 erat.
1626 1855 1873 1897 Memorata

1043 1921 1140 1950 sum
1158 1909 1475 1951 misericordiae
1494 1915 1583 1952 tuae
1604 1911 1810 1961 Domine,
1831 1917 1875 1953 et

1043 1965 1314 2017 operationis
1350 1970 1456 2018 tuae,
1502 1979 1601 2018 quae
1645 1980 1671 2008 a
1709 1968 1872 2009 saeculo

1043 2025 1160 2062 sunt:
1180 2022 1390 2073 quoniam
1408 2023 1524 2064 eruis
1543 2023 1812 2064 sustinentes
1829 2028 1874 2065 te

1041 2077 1242 2129 Domine,
1262 2082 1306 2119 et
1324 2078 1486 2120 liberas
1507 2091 1584 2120 eos
1601 2079 1657 2120 de
1671 2079 1874 2121 manibus

1041 2133 1249 2184 gentium.

1098 2189 1150 2240 Re,
1183 2190 1357 2231 Diffusa
1389 2195 1456 2233 est
1490 2191 1633 2242 gretia
1665 2192 1710 2232 in
1741 2191 1872 2233 labiis

1041 2245 1146 2290 tuis:
1163 2246 1439 2299 *Propterea
1454 2246 1681 2289 benedixit
1695 2252 1740 2289 te
1751 2249 1873 2290 Deus

1042 2300 1086 2341 in
1105 2303 1329 2343 aeternum.
1370 2294 1422 2347 V.
1438 2303 1596 2355 Specie
1620 2308 1696 2345 tua
1716 2308 1760 2345 et
1778 2304 1872 2357 pul-

1043 2356 1293 2399 chritudine
1313 2363 1404 2409 tua,
1432 2358 1627 2409 intende,
1655 2362 1872 2413 prospere

1042 2413 1246 2465 procede,
1268 2418 1312 2456 et
1329 2427 1474 2465 regna.
1500 2415 1756 2468 Propterea.

1347 2466 1501 2507 Lectio
1522 2466 1577 2505 iii.

1126 2525 1305 2567 xaltasti
1341 2538 1474 2579 super
1506 2531 1670 2568 terram
1704 2527 1872 2571 habita-

1141 2582 1308 2623 tionem
1339 2595 1500 2632 meam,
1540 2587 1584 2625 et
1615 2597 1697 2636 pro
1729 2591 1872 2628 morte

1043 2636 1263 2679 defluente
1278 2638 1517 2690 deprecata
1532 2652 1640 2681 sum.
1661 2641 1872 2685 Invocevi
