2028 2892
696 171 899 207 Dominio-a
922 174 948 207 Ι.
974 173 1299 215 Οιιειάῖεῑμςοεὶῐηω.

197 264 400 317 Amplius
429 263 530 305 lava
559 277 630 309 me
659 265 715 306 ab
742 265 975 318 iniquitate

146 320 294 362 meaz*
305 324 349 362 et
363 333 390 361 a
403 322 589 372 peccato
603 333 702 362 meo
717 322 881 364 munda
893 336 975 364 me.

197 376 415 427 Quoniam
435 376 712 428 iniquitatem
730 391 873 419 meam
891 391 973 430 ego

145 434 383 485 cognosco:
419 433 443 458 *
481 437 525 474 et
560 436 793 485 peccatum
828 447 974 476 meum

144 493 300 531 contra
326 501 398 530 me
427 493 494 530 est
524 502 709 542 semper.

194 545 298 587 Tibi
325 544 410 586 soli
430 546 628 598 peccavi,
657 549 700 587 et
719 546 882 587 malum
901 559 972 588 co-

142 614 237 643 ram
255 606 300 643 te
319 601 420 642 feci:
437 602 461 627 *
480 606 530 643 ut
552 602 800 654 justificeris
821 603 866 643 in
886 615 971 644 ser-

142 658 347 699 monibus
374 657 479 708 tuis,
509 662 553 700 et
573 658 724 699 vincas
744 671 844 700 cum
865 659 971 710 judi-

143 714 267 755 caris.

193 770 310 812 Ecce
338 770 452 812 enim
479 770 524 811 in
547 770 851 822 iniquitatibus
871 783 970 812 con-

142 828 298 879 ceptus
326 840 438 868 sum:
459 826 548 868 *et
574 827 620 867 in
646 827 842 879 peccatis
870 839 970 868 con-

141 883 261 935 cepit
287 895 358 924 me
384 887 525 924 mater
551 895 660 924 mea.

191 939 309 981 Ecce
333 939 449 980 enim
468 939 700 980 veritatem
718 939 927 980 dilexisti:
946 939 970 964 *

139 994 309 1037 incerta
346 1000 390 1037 et
423 995 599 1037 occulta
626 995 855 1048 sapientiae
880 999 968 1036 tuae

139 1051 431 1093 manifestasti
456 1051 575 1092 mihi.

191 1108 417 1161 Asperges
444 1121 515 1149 me
540 1108 753 1160 hyssopo,
782 1112 826 1149 et
848 1121 967 1149 mun-

141 1164 297 1206 dabor:
324 1164 349 1190 *
375 1164 544 1206 lavabis
571 1177 659 1214 me,
688 1169 731 1206 et
755 1177 887 1216 super
906 1164 967 1204 ni-

137 1219 249 1262 vem'
266 1220 520 1262 dealbabor.

187 1276 373 1318 Auditui
399 1290 500 1319 meo
530 1276 657 1318 dabis
684 1275 894 1328 gaudium
924 1281 967 1317 et

135 1333 353 1375 laetitiam:
391 1333 415 1359 *
458 1338 502 1375 et
541 1332 824 1375 exsultabunt
865 1345 967 1373 ossa

134 1388 373 1431 humiliata.
904 1416 906 1418 -

187 1445 355 1487 Averte
382 1445 540 1487 faciem
567 1449 688 1486 tuam
716 1457 742 1486 a
768 1446 964 1496 peccatis

134 1502 262 1543 meis:
281 1502 305 1528 *
325 1506 369 1543 et
393 1514 546 1543 omnes
568 1501 825 1553 iniquitates
843 1514 965 1543 meas

135 1557 245 1600 dele.

187 1614 276 1655 Cor
301 1613 514 1656 mundum
541 1626 643 1655 crea
670 1614 716 1654 in
737 1626 808 1655 me
826 1614 964 1655 Deus:

134 1670 160 1696 *
197 1674 242 1712 et
277 1670 481 1723 spiritum
519 1675 691 1712 rectum
723 1672 885 1711 innova
920 1670 965 1710 in

135 1726 379 1768 visceribus
403 1726 524 1768 meis.

186 1782 256 1824 Ne
286 1783 494 1835 projicias
527 1795 598 1824 me
628 1795 654 1823 a
685 1781 797 1823 facie
823 1786 914 1823 tua:
939 1782 963 1807 *

137 1843 181 1880 et
207 1839 419 1892 Spiritum
446 1843 647 1880 sanctum
673 1842 797 1880 tuum
817 1850 873 1879 ne
892 1841 963 1879 au-

135 1894 252 1937 feras
280 1908 306 1936 a
330 1908 412 1936 me.

187 1950 346 1993 Redde
381 1950 489 1992 mihi
524 1950 724 1992 laetitiam
758 1949 964 1991 salutaris

136 2007 216 2048 tui:
241 2008 265 2034 *
291 2012 336 2049 et
363 2007 522 2060 spiritu
548 2006 782 2059 principali
810 2006 963 2047 confir-

135 2076 208 2104 ma
235 2076 316 2105 me.

187 2119 374 2161 Docebo
401 2119 575 2171 iniquos
604 2118 697 2159 vias
724 2122 842 2159 tuas:
869 2118 892 2144 *
922 2122 965 2159 et

136 2176 260 2228 impii
287 2175 345 2217 ad
371 2180 416 2217 te
443 2176 766 2217 convertentur.

188 2231 350 2273 Libera
368 2244 439 2273 me
459 2231 515 2273 de
533 2229 818 2282 sanguinibus
832 2230 964 2279 Deus,

137 2288 259 2329 Deus
288 2287 442 2329 salutis
464 2300 595 2328 meae:
614 2287 638 2312 *
659 2291 703 2328 et
727 2285 965 2327 exsultabit

136 2343 285 2396 lingua
302 2356 402 2385 mea
420 2343 630 2395 justitiam
647 2347 778 2384 tuam.

189 2400 389 2449 Domine,
412 2399 530 2441 labia
548 2411 647 2440 mea
670 2397 858 2450 aperies:
876 2396 901 2422 *
921 2401 965 2438 et

138 2468 188 2497 os
207 2469 354 2497 meum
373 2454 619 2496 anuntiabit
637 2453 813 2495 laudem
834 2457 964 2493 tuam.

189 2512 407 2562 Quoniam
417 2511 455 2552 si
464 2511 680 2552 voluisses
692 2508 964 2557 sacrificium,

138 2567 361 2609 dedissem
374 2567 544 2618 utique:
554 2567 577 2592 *
588 2564 860 2608 holocaustis
876 2576 966 2605 non

138 2623 442 2665 delectaberis.

189 2679 462 2721 Sacrificium
480 2678 577 2720 Deo
602 2676 781 2729 spiritus
806 2675 964 2716 contri-

1029 267 1222 309 bulatus:
1240 269 1264 294 ¹⁸¹
1285 281 1360 310 cor
1380 272 1632 319 contritum,
1652 275 1696 311 et
1717 270 1852 311 humi-

1028 323 1183 364 liatum
1202 325 1322 365 Deus
1342 338 1429 366 non
1451 325 1678 377 despicies.

1080 380 1276 431 Benigne
1296 381 1364 422 fac
1379 381 1566 422 Domine
1586 382 1629 422 in
1643 381 1762 423 bona
1780 395 1852 422 vo-

1028 436 1196 477 luntate
1222 441 1298 477 tua
1317 437 1437 478 Sion:
1460 437 1484 462 *
1504 443 1552 478 ut
1580 437 1851 479 aedificentur

1027 493 1142 532 muri
1160 493 1414 534 Jerusalem.

1079 548 1205 589 Tunc
1229 548 1482 601 acceptabis
1510 549 1771 590 sacrificium
1792 551 1849 601 ju-

1028 604 1173 653 stitiae‚
1192 604 1451 654 oblationes,
1472 609 1515 645 et
1534 604 1809 646 holocausta:
1826 606 1849 630 *

1026 664 1131 701 tunc
1159 661 1387 713 imponent
1414 673 1546 713 super
1571 660 1708 702 altare
1727 666 1850 702 tuum

1026 716 1200 757 vitulos.

1080 774 1176 813 Ant.
1213 775 1303 814 Cor
1333 772 1542 814 mundum
1574 785 1674 813 crea
1706 772 1750 812 in
1781 786 1850 814 me

1024 827 1162 877 Deus,
1204 834 1248 870 et
1275 829 1475 881 spiritum
1499 833 1667 870 rectum
1694 830 1851 869 innova

1023 883 1067 923 in
1094 884 1332 926 visceribus
1360 885 1479 926 meis.

1080 943 1173 982 Ant.
1194 944 1230 981 Ο
1260 941 1459 982 Domine.

1293 998 1486 1037 psalmus
1509 998 1581 1036 117.

1026 1048 1336 1154 confitemini
1351 1053 1539 1095 Domino
1557 1053 1760 1105 quoniam
1774 1052 1848 1094 bo-

1126 1122 1225 1150 nus:
1261 1111 1285 1136 *
1320 1110 1524 1161 quoniam
1561 1110 1604 1150 in
1643 1109 1849 1150 saeculum

1020 1164 1320 1207 misericordia
1339 1166 1438 1217 ejus.

1071 1220 1202 1262 Dicat
1229 1234 1343 1263 nunc
1370 1221 1506 1263 Israel
1540 1222 1743 1274 quoniam
1773 1222 1847 1263 bo-

1019 1290 1116 1318 nus:
1131 1278 1154 1302 *
1175 1278 1379 1329 quoniam
1397 1278 1440 1318 in
1460 1277 1668 1319 saeculum
1686 1278 1847 1319 miseri-

1020 1332 1171 1374 cordia
1192 1334 1292 1385 ejus.

1070 1389 1201 1431 Dicat
1218 1402 1333 1431 nunc
1349 1390 1506 1431 domus
1520 1390 1685 1432 Aaron:
1700 1390 1725 1416 *
1744 1392 1846 1442 quo-

1018 1445 1134 1486 niam
1147 1446 1191 1486 in
1205 1446 1414 1487 saeculum
1432 1446 1732 1488 misericordia
1747 1448 1846 1498 ejus.

1070 1501 1229 1543 Dicant
1267 1515 1382 1543 nunc
1412 1502 1485 1554 qui
1515 1502 1669 1543 timent
1698 1502 1845 1543 Domi-

1017 1571 1138 1599 num:
1162 1558 1186 1583 *
1212 1558 1417 1610 quoniam
1435 1558 1479 1598 in
1497 1558 1705 1599 saeculum
1721 1558 1845 1599 mise-

1017 1613 1207 1656 ricordia
1226 1615 1327 1666 ejus.

1069 1670 1137 1711 De
1164 1670 1444 1712 tribulatione
1472 1670 1673 1712 invocavi
1699 1670 1845 1711 Domi-

1017 1739 1137 1767 num:
1164 1727 1188 1753 *
1217 1731 1261 1768 et
1290 1726 1511 1768 exaudivit
1538 1739 1608 1768 me
1635 1726 1679 1767 in
1703 1725 1844 1767 latita-

1018 1781 1118 1823 dine
1137 1782 1362 1824 Dominus.

1068 1838 1282 1880 Dominus
1318 1839 1424 1879 mihi
1462 1838 1654 1890 adjutor:
1693 1840 1716 1865 *
1757 1853 1843 1881 non

1017 1894 1180 1936 timebo
1210 1894 1316 1946 quid
1341 1895 1471 1936 faciat
1498 1895 1603 1935 mihi
1629 1894 1773 1937 homo.

1069 1951 1284 1992 Dominus
1307 1950 1413 1991 mihi
1435 1950 1620 2002 adjutor:
1643 1951 1667 1977 *
1693 1955 1736 1992 et
1761 1964 1843 2001 ego

1018 2006 1258 2059 despiciam
1275 2007 1474 2048 inimicos
1492 2019 1626 2048 meos.

1069 2063 1242 2104 Bonum
1261 2067 1327 2104 est
1346 2061 1567 2104 confidere
1586 2062 1629 2102 in
1644 2061 1842 2111 Domino,

1016 2118 1040 2144 *
1061 2131 1192 2170 quam
1211 2118 1434 2160 confidere
1451 2118 1496 2158 in
1512 2117 1696 2158 homine.

1069 2174 1242 2215 Bonum
1260 2179 1328 2215 est
1345 2175 1524 2226 sperare
1541 2173 1585 2213 in
1603 2172 1802 2222 Domino,
1817 2172 1841 2198 *

1018 2242 1149 2282 quam
1170 2231 1348 2282 sperare
1367 2230 1409 2270 in
1429 2227 1709 2281 principibus.

1070 2286 1232 2327 Omnes
1252 2286 1417 2327 Gentes
1437 2283 1694 2325 circuierunt
1712 2295 1799 2324 me:
1818 2285 1842 2310 *

1017 2345 1062 2382 et
1094 2342 1139 2382 in
1174 2341 1348 2382 nomine
1379 2339 1553 2381 Domini
1590 2338 1691 2390 quia
1726 2338 1841 2380 ultus

1016 2409 1114 2438 sum
1139 2397 1184 2438 in
1211 2410 1299 2439 eos.

1070 2452 1399 2494 Circumdantes
1463 2448 1842 2491 circumdederunt

1016 2521 1106 2549 me:
1129 2510 1152 2535 *
1185 2513 1228 2549 et
1259 2508 1302 2548 in
1335 2505 1510 2546 nomine
1537 2504 1714 2545 Domini
1741 2505 1842 2556 quia

1016 2564 1132 2606 ultus
1160 2577 1255 2605 sum
1282 2563 1325 2603 in
1354 2574 1441 2603 eos.

1070 2617 1456 2661 Circumdederunt
1487 2629 1558 2657 me
1586 2616 1697 2657 sicut
1722 2629 1839 2668 apes,

1017 2680 1062 2717 et
1083 2676 1336 2717 exarserunt
1358 2672 1470 2713 sicut
1493 2672 1604 2723 ignis
1627 2672 1671 2712 in
1688 2672 1840 2724 spinis:
