2066 2956
739 214 915 248 Officium
942 213 981 246 B.
1007 212 1139 246 Mariae
1166 212 1203 246 in
1229 211 1410 246 Sabbato.

279 308 326 356 Υ.
356 308 596 351 Benedicta
627 313 677 350 tu
706 308 750 349 in
780 306 1044 355 mulieribus,

220 366 402 418 alleluja.
439 367 489 418 R„
511 366 567 406 Et
594 364 852 407 benedictus
879 363 1044 404 fructus

219 423 382 465 ventris
406 422 486 471 tui,
515 421 697 473 alleluia.

275 488 344 529 Ad
374 487 531 529 Bened.
566 488 665 528 Ant.
702 488 863 537 Regina
887 484 1002 533 coeli‚
1021 484 1044 509 *

220 544 386 593 laetere,
410 543 599 595 alleluja:
625 542 727 594 quia
752 555 881 595 quem
906 553 1045 582 meru-

219 602 290 643 isti
305 603 494 654 portare„
511 599 698 652 alleluja:
713 597 951 641 resurrexit
965 597 1044 639 sic-

219 662 267 699 ut
303 657 428 707 dixit,
465 656 650 709 alleluja:
688 668 766 697 ora
801 667 884 708 pro
915 653 1044 695 nobis

218 714 377 765 Deum,
401 714 583 766 alleluja.
603 749 607 753 .

557 779 718 821 Oratio.

224 836 465 944 Concede
482 853 562 882 nos
587 838 772 881 famulos
795 843 906 887 tuOS,
930 839 1045 890 quae-

311 911 459 939 sumus
478 897 665 939 Domine
684 896 816 946 Deus
833 896 1047 948 perpetua

219 954 375 997 mentis
411 959 456 996 et
492 953 690 1007 eorporis
727 953 911 994 sanitate
945 963 1046 1003 gau-

220 1011 341 1053 dere:
386 1016 430 1052 et
473 1011 663 1063 gloriesa
708 1009 852 1052 beetae
894 1009 1045 1050 Mariae

220 1081 394 1122 semper
426 1067 618 1119 Virginis
654 1066 983 1116 intemessfflne,
1020 1078 1045 1106 a

218 1125 425 1178 praesenti
448 1123 625 1166 libereri
647 1123 832 1173 tristitia,
855 1128 899 1165 et
923 1123 1046 1163 aeter-

219 1194 274 1223 na
297 1180 463 1235 perfrui
487 1180 650 1223 laetitia.
696 1180 780 1221 Per
799 1179 1046 1221 Deminum.

274 1247 422 1282 Deinde
447 1249 486 1282 fit
512 1248 716 1283 Commem.
742 1249 788 1283 de
814 1249 945 1284 Cruee.
974 1250 1046 1286 124.

452 1329 531 1370 Ad
551 1329 813 1380 vesperas,

277 1399 360 1432 Ant.
381 1403 416 1432 et
433 1398 575 1433 Psalmi
599 1399 766 1435 feriales:
794 1401 917 1444 Capit.
936 1405 971 1435 et
992 1411 1047 1435 re-

222 1446 326 1489 liqua
352 1446 494 1484 omnia,
525 1447 556 1480 si
587 1458 662 1481 non
693 1454 868 1483 occurrat
892 1449 1047 1483 Festum

223 1493 385 1537 Duplex.
411 1495 456 1528 de
480 1494 693 1530 Dominiea.

277 1551 314 1584 [n
340 1552 412 1585 fine
437 1552 721 1588 Cornemoratio
747 1554 793 1588 de
817 1554 948 1588 Cruee.
973 1554 1045 1590 124.

274 1608 476 1643 Lectiones
517 1621 621 1653 sequ.
665 1611 844 1645 dicuntur
884 1612 1047 1655 singulis

222 1658 419 1691 mensibus
451 1658 486 1691 in
517 1658 653 1693 Officio
683 1659 724 1693 B.
749 1659 796 1693 M.
819 1659 863 1693 V.
893 1660 930 1693 in
956 1660 1048 1694 Sab-

224 1704 323 1739 bato.
349 1706 482 1739 ordine
509 1707 737 1750 subscripto.

434 1794 609 1834 Mense
640 1794 829 1846 Aprili.

223 1871 290 1911 De
305 1870 590 1923 Expositione
603 1870 643 1912 S.
654 1871 910 1923 Hier6nymi
922 1871 1046 1912 Pres-

238 1925 379 1979 byteri
396 1926 440 1967 in
458 1926 733 1968 Ezechielem
751 1927 1029 1980 Prophetam.

300 1996 452 2037 Lectio
472 1996 527 2036 iii.
600 2002 681 2036 Lib.
699 2003 746 2037 13.
765 2002 803 2037 in
821 2012 903 2046 cap.
917 2001 969 2037 44.

248 2065 295 2114 [ἢ
311 2060 408 2098 orta
439 2055 536 2099 haec
568 2055 715 2098 clausa
747 2057 847 2107 erit,
883 2062 928 2099 et
958 2070 1046 2099 non

248 2111 294 2146 Μ
336 2113 566 2166 aperietur.
630 2113 816 2155 Pulchre
870 2113 1047 2166 quidam

221 2174 396 2222 portam
422 2170 633 2220 clausam,
659 2182 740 2223 per
768 2182 898 2222 quam
926 2171 1046 2212 solus

221 2225 434 2267 Dominus
448 2226 568 2268 Deus
583 2225 719 2268 Israel
734 2226 983 2277 ingreditur,
1003 2232 1046 2269 et

222 2280 310 2323 dux
335 2283 404 2324 eui
428 2288 559 2336 porta
583 2281 731 2324 clausa
755 2288 837 2332 est,
865 2283 1046 2325 Mariam

1098 305 1323 357 Virginem
1347 306 1605 357 intelligunt:
1634 319 1734 359 quae
1758 311 1802 348 et
1825 312 1924 348 ante

1097 368 1286 415 partum,
1310 368 1354 404 et
1372 369 1475 416 post
1493 369 1667 416 partum
1686 363 1808 414 virgo
1827 376 1923 416 pen-

1097 419 1266 462 mensit.
1302 419 1474 462 Etenim
1492 422 1704 474 tempore,
1729 432 1817 472 quo
1837 420 1923 461 An-

1098 475 1220 526 gelus
1239 475 1518 528 loquebetur:
1541 476 1728 529 Spiritus
1749 481 1925 518 sanctus

1098 532 1244 574 veniet
1263 545 1395 584 super
1412 537 1467 583 te,
1491 537 1535 574 et
1555 533 1693 574 virtus
1713 532 1925 574 Altissimi

1100 587 1379 631 obumbrabit
1397 594 1456 630 te:
1476 588 1597 641 quod
1616 594 1762 631 autem
1778 591 1925 631 nasce-

1098 649 1168 686 tur
1183 658 1237 687 ex
1253 650 1298 687 te
1312 646 1528 696 Sanctum,
1546 645 1775 688 vocabitur
1790 645 1925 687 Filius

1097 701 1199 742 Dei:
1236 707 1279 744 et
1312 701 1488 754 quando
1521 708 1648 744 natus
1680 707 1766 752 est,
1801 702 1924 753 virgo

1098 758 1338 810 permensit
1366 760 1544 800 aeterna:
1577 758 1635 800 ad
1662 757 1925 800 confunden-

1099 813 1181 856 dos
1204 827 1292 866 eos,
1317 815 1392 867 qui
1415 815 1681 858 arbitrentur
1705 827 1802 857 eam
1823 819 1927 868 post

1098 871 1371 914 nativitatem
1388 872 1628 914 Salvatoris
1647 871 1852 914 habuisse
1871 870 1926 913 de

1098 927 1123 968 J
1126 928 1265 981 oseph
1280 928 1406 978 filios,
1426 942 1481 970 ex
1499 928 1729 970 occasione
1746 928 1928 970 fratrum

1100 984 1201 1036 ejus,
1222 985 1296 1036 qui
1314 987 1529 1027 vocentur
1546 986 1590 1026 in
1608 985 1858 1036 Evangelio.

1153 1045 1217 1087 Te
1236 1046 1381 1088 Deum
1398 1045 1639 1088 laudamus.
1659 1047 1717 1088 15.

1339 1134 1513 1174 Mense
1544 1133 1689 1185 majo.

1101 1202 1167 1242 Ex
1182 1201 1391 1245 Tractatu
1410 1203 1450 1244 S.
1465 1202 1698 1253 Augustini
1715 1202 1927 1256 Episcopi

1144 1257 1199 1300 de
1218 1259 1427 1311 Sym'bolo
1450 1258 1507 1301 ad
1526 1259 1885 1301 Catechi'imenos.

1198 1319 1280 1353 Lib.
1304 1319 1333 1353 3.
1359 1328 1441 1362 cap.
1465 1318 1495 1352 4.
1520 1317 1560 1351 in
1584 1316 1657 1350 fine
1681 1314 1776 1349 tomi
1800 1315 1830 1348 9.

1401 1374 1553 1415 Lectio
1573 1373 1627 1413 iii.

1110 1444 1162 1484 ‘D
1183 1449 1230 1479 er
1250 1437 1452 1479 feminam
1471 1449 1603 1487 mors,
1625 1449 1706 1490 per
1725 1437 1929 1478 feminam

1124 1488 1173 1534 [3⁴ss
1200 1493 1303 1536 vita:
1328 1507 1409 1547 per
1424 1494 1596 1535 Hevam
1616 1493 1825 1544 interitus,
1848 1506 1928 1546 per

1099 1550 1282 1591 Mariam
1300 1550 1429 1592 salus.
1457 1550 1536 1592 Illa
1555 1553 1762 1603 corrupta
1776 1553 1928 1592 secuta

1100 1612 1166 1649 est
1186 1606 1478 1649 seductorem:
1495 1606 1592 1649 haec
1609 1609 1779 1658 integra
1795 1608 1926 1660 pepe-

1098 1664 1154 1706 rit
1168 1663 1451 1706 Salvatorem.
1478 1663 1559 1705 Illa
1573 1663 1780 1716 poculum
1796 1676 1822 1706 a
1841 1676 1926 1705 ser-

1099 1722 1230 1772 pente
1250 1720 1531 1773 propinetum
1547 1719 1732 1762 libenter
1747 1719 1927 1773 accepit,

1100 1782 1143 1818 et
1166 1777 1260 1818 viro
1283 1775 1474 1827 tradidit,
1501 1789 1555 1818 ex
1579 1789 1666 1829 quo
1691 1776 1818 1818 simul
1841 1789 1927 1817 me-

1099 1834 1297 1874 rerentur
1312 1831 1469 1875 occidi:
1484 1832 1590 1883 haec,
1604 1833 1745 1884 gratia
1759 1831 1928 1875 coelesti

1100 1888 1290 1942 desuper
1307 1889 1459 1939 infusa,
1480 1889 1614 1931 vitam
1633 1888 1827 1942 pretulit,
1847 1901 1927 1941 per

1101 1958 1231 1997 quam
1258 1958 1359 1987 caro
1384 1947 1557 1987 mortua
1580 1945 1721 1998 possit
1744 1945 1925 1986 resusci-

1098 2002 1215 2043 tari·
1247 2002 1352 2052 Quis
1381 2007 1464 2051 est,
1494 2002 1568 2055 qui
1594 2001 1691 2043 haec
1718 2003 1926 2055 operatus

1100 2064 1177 2108 est,
1191 2058 1273 2100 nisi
1286 2058 1480 2110 Virginis
1494 2057 1639 2108 Filius,
1655 2063 1699 2100 et
1712 2058 1927 2110 virginum

1100 2128 1308 2168 sponsus,
1337 2115 1411 2167 qui
1439 2115 1583 2157 attulit
1609 2115 1736 2156 matri
1763 2114 1925 2156 foecun-

1100 2170 1298 2258 ditetem,
1327 2171 1406 2213 sed
1433 2184 1520 2213 non
1548 2171 1727 2213 abstulit
1753 2171 1924 2222 integri-

1098 2229 1254 2269 tatem.

1156 2285 1218 2326 Te
1236 2285 1380 2326 Deum
1398 2283 1639 2326 laudemus.
1660 2285 1719 2326 15.
