2066 2956
631 228 687 262 ss.
713 227 874 261 Lancea:
901 232 935 260 et
961 226 1168 260 Clarorum
1196 225 1236 258 Ι).
1265 225 1306 257 N.
1333 225 1363 256 vl.
1392 225 1429 256 (ἶ.

229 325 279 375 V.
314 329 418 381 Ipse
444 326 698 369 vulneratus
730 330 797 367 est
823 330 1006 378 propter

176 385 430 438 iniquitates
447 387 632 425 nostras.
660 384 709 435 R.
730 381 918 423 Attritus
939 386 1005 423 est

176 447 361 495 propter
379 439 547 482 scelera
565 444 726 480 nostra.

237 515 389 556 Sermo
408 511 651 555 Innocentii
668 512 803 565 Papae
822 511 944 553 sexti.

178 579 218 613 ln
250 579 411 613 Dccrcto
444 579 489 613 dc
522 579 634 613 Festo
662 578 823 611 Lancea·
854 582 889 610 ct
919 577 1001 609 Clu-

427 638 561 661 vorum
590 627 752 661 Domini.

476 688 626 729 Lectio
650 687 700 726 iv.

189 771 224 811 32⁴³
343 751 656 805 Redemptoris
674 751 814 792 nostri
827 750 1006 792 Domini

187 811 225 862 §5³¹
253 812 286 864 Q:
316 810 341 851 J
343 823 421 852 esu
432 808 594 851 Christi
605 808 900 850 sacratissima
910 821 1005 860 pas—

190 879 204 887 ‘'
317 867 439 909 sione
466 866 529 908 sic
561 878 641 907 nos
669 865 848 916 gloriari
878 866 1006 918 opor-

178 928 256 974 tet,
281 928 329 964 ut
347 922 486 976 ipsius
504 922 722 975 passionis
743 926 899 962 cuncta
917 934 1006 973 my-

179 980 312 1021 steria
331 979 656 1021 dinumerantes
677 983 720 1020 et
739 978 904 1027 merita,
924 979 1006 1018 sin-

178 1035 290 1088 gulis
311 1036 441 1078 etiam
461 1036 551 1087 ejus
572 1034 836 1077 salutaribus
853 1034 1006 1075 instru-

178 1093 336 1134 mentis
355 1092 602 1144 gloriemur.
634 1093 753 1134 Inter
779 1104 877 1143 quae
900 1090 1008 1132 illud.

179 1148 411 1191 celebriter
429 1148 764 1190 memorandum
784 1153 867 1198 est,
887 1146 1009 1213 quod

177 1205 273 1259 ipse
292 1205 504 1256 Salvator,
530 1207 690 1247 emisso
711 1205 755 1246 in
775 1217 904 1246 cruce
924 1205 1008 1256 jam

180 1263 354 1315 spiritu,
382 1262 586 1304 sustinuit
614 1262 830 1315 perforari
855 1261 1009 1302 lancea

180 1319 296 1360 latus
325 1332 470 1369 suum,
508 1324 556 1360 ut
583 1319 685 1360 inde
714 1317 936 1369 sanguinis
965 1322 1009 1358 et

179 1388 307 1428 aquae
334 1375 653 1428 profluentibus
678 1373 824 1424 undis,
852 1374 1009 1415 forma-

179 1434 300 1474 retur
318 1432 463 1481 unica,
483 1436 526 1473 et
543 1431 837 1481 immaculata,
858 1443 910 1472 ac
927 1430 1008 1471 vir-

178 1501 236 1540 go
265 1494 417 1530 sancta
441 1493 580 1530 mater
603 1487 817 1537 Ecclesia,
846 1498 1010 1540 sponsa

180 1557 269 1586 sua.
306 1544 344 1586 O
370 1544 624 1586 beatissima
647 1545 787 1598 ipsius
812 1543 927 1585 sacri
951 1542 1010 1583 la-

178 1601 286 1653 teris
313 1604 539 1654 apertura,
571 1601 687 1643 unde
715 1600 843 1642 nobis
871 1604 939 1641 tot
967 1603 1011 1640 et

180 1662 303 1700 tanta
334 1657 493 1699 divinae
525 1658 704 1711 pietatis
734 1656 850 1699 dona
877 1657 1009 1697 fluxe-

181 1714 296 1756 runt!
326 1714 363 1756 Ο
382 1714 487 1756 felix
503 1714 671 1765 lancea,
692 1726 791 1766 quae
810 1718 877 1755 tot
894 1712 1012 1754 bona

180 1770 311 1813 nobis
331 1770 515 1821 efficere,
535 1776 579 1813 et
597 1770 655 1813 ad
672 1771 782 1813 tanti
800 1768 1011 1822 triumphi

182 1827 369 1879 gloriam
386 1828 546 1870 meruit
564 1826 818 1881 superaddi!

234 1890 282 1930 R·
312 1888 399 1929 Hic
422 1893 490 1930 est
514 1887 592 1941 qui
606 1888 725 1930 venit
747 1900 827 1940 per
851 1898 1010 1939 aquam

183 1949 227 1986 et
266 1944 538 1996 sanguinem,
578 1945 602 1986 J
605 1957 705 1986 esus
743 1943 956 1986 Christus:
983 1946 1005 1967 *

182 2000 286 2042 Non
303 2001 347 2042 in
367 2013 482 2052 aqua
500 2000 653 2051 solum,
674 1999 754 2042 sed
771 2001 815 2041 in
835 2011 950 2052 aqua
970 2003 1014 2040 et

183 2057 404 2108 sanguine.
444 2054 492 2104 V.
522 2057 634 2098 Tres
663 2062 764 2098 sunt
793 2057 867 2109 qui
893 2055 1012 2097 testi-

183 2113 377 2154 monium
414 2112 519 2155 dant
554 2113 599 2153 in
632 2118 769 2162 terra,
815 2112 1012 2165 spiritus,

184 2182 299 2222 aqua
327 2174 370 2211 et
397 2169 587 2220 sanguis:
619 2174 663 2212 et
690 2169 734 2210 hi
761 2174 852 2211 tres
879 2181 1012 2210 unum

184 2230 295 2267 sunt.
322 2226 423 2267 Non
442 2226 487 2266 in
505 2238 630 2278 aqua.

489 2295 639 2337 Lectio
660 2309 696 2335 V.

280 2373 345 2402 aec
363 2359 478 2401 latus
498 2359 643 2413 ipsum
667 2360 922 2413 aperiendo,
949 2373 1012 2401 sa-

292 2416 558 2458 cratissimas
578 2416 726 2468 januas
745 2416 872 2458 nobis
891 2416 1013 2467 regni

186 2472 377 2515 coelestis
398 2473 578 2525 aperuit.
611 2474 722 2515 Haec
740 2472 1012 2514 vulnerando

185 2530 270 2581 iarn
293 2531 532 2579 mertuum,
564 2530 744 2571 vulnera
769 2534 920 2570 nostra
948 2541 1012 2569 sa-

186 2585 323 2635 navit,
350 2586 572 2637 vitamque
597 2586 723 2628 nobis
748 2584 943 2627 reddidit
970 2590 1013 2626 et

187 2640 383 2682 salutem.
437 2643 548 2683 Haec
583 2642 808 2684 innoxium
843 2640 1012 2683 transfi-

187 2695 349 2748 gendo,
378 2697 494 2739 illius
522 2699 731 2749 sanguine
759 2698 911 2750 culpas
938 2710 1012 2738 no-

187 2759 301 2795 stras
320 2752 540 2796 abstersit:
562 2761 606 2796 et
625 2753 801 2797 demum
819 2753 1014 2806 ejusdem

1058 323 1364 366 sacratissimis
1388 321 1517 363 undis
1541 321 1735 371 irrigata,
1765 318 1886 360 caeci-

1057 381 1162 423 tatis
1190 385 1355 422 nostrae
1383 378 1588 420 tenebras
1617 376 1809 426 sustulit,
1845 379 1888 416 et

1057 451 1139 480 nos
1172 437 1313 490 ipsius
1347 435 1506 478 divinae
1536 433 1713 487 pietatis
1742 432 1887 474 fluviis

1056 493 1297 536 mundavit.
1335 492 1405 534 Illi
1432 492 1563 533 etiam
1589 489 1741 532 dulces
1766 489 1887 538 clavi,

1059 550 1217 604 quibus
1245 550 1341 602 ipse
1369 549 1572 590 Salvator
1601 546 1743 589 eidem
1770 545 1889 587 cruci

1058 608 1138 648 fuit
1158 606 1330 656 affixus,
1357 605 1520 672 quique
1542 617 1630 645 non
1650 603 1823 645 solum
1811 616 1887 643 1m-

1057 664 1277 706 maculato
1293 662 1489 715 respergi
1504 661 1724 711 sanguine,
1740 665 1783 701 et
1796 672 1887 701 mo-

1058 721 1144 762 lem
1159 721 1273 762 ferre
1288 720 1398 761 tanti
1408 718 1616 771 ponderis
1626 718 1888 765 meruerunt,

1059 777 1138 819 sed
1158 782 1201 819 et
1219 789 1299 818 nos
1320 777 1449 817 etiam
1469 788 1548 828 per
1565 775 1762 826 ipsorum
1777 773 1888 814 salu-

1059 834 1208 875 tiferas
1236 833 1390 886 plagas
1419 831 1696 873 dulcedinem
1723 835 1890 871 tantam

1059 891 1196 943 ipsius
1223 890 1381 931 divinae
1409 888 1604 932 caritatis
1630 886 1889 939 accepimus,

1059 952 1107 988 ut
1130 959 1285 988 manus
1308 951 1470 988 nostrae
1495 958 1520 986 a
1539 944 1712 997 peccati
1732 943 1889 984 solutae

1060 1003 1261 1052 nexibus,
1287 1002 1513 1056 pedesque
1533 1001 1673 1043 nostri
1693 1013 1718 1041 a
1737 999 1890 1040 mortis

1059 1059 1230 1112 laqueis
1249 1060 1407 1101 fuerint
1426 1058 1617 1109 liberati,
1638 1062 1739 1098 sunt
1759 1056 1889 1098 devo-

1059 1117 1227 1158 tissime
1247 1114 1479 1158 recolendi.

1060 1202 1063 1205 ·
1113 1190 1161 1239 Rg.
1186 1186 1403 1236 Quoniam
1423 1183 1803 1226 circumdederunt
1821 1195 1891 1224 me

1062 1255 1192 1284 canes
1220 1242 1360 1292 multi,
1396 1241 1629 1283 concilium
1657 1239 1894 1290 malignan—

1061 1300 1171 1341 tium
1200 1298 1375 1341 obsedit
1400 1311 1481 1340 me.
1501 1301 1521 1321 *
1551 1296 1777 1339 Foderunt
1804 1309 1891 1337 ma-

1061 1369 1143 1397 nus
1162 1368 1282 1396 meas
1303 1360 1347 1397 et
1364 1354 1502 1408 pedes
1521 1367 1656 1395 meos.
1688 1348 1737 1398 l.
1766 1352 1891 1393 Dice-

1062 1418 1132 1454 tur
1165 1413 1219 1454 ei:
1257 1412 1373 1462 Quid
1409 1416 1511 1452 sunt
1546 1410 1689 1463 plagae
1720 1410 1818 1450 istae
1849 1409 1893 1449 in

1062 1468 1209 1510 medio
1224 1470 1433 1509 manuum
1445 1465 1640 1509 tuarum?
1655 1464 1892 1507 Foderunt.

1356 1549 1505 1589 Lectio
1528 1548 1577 1586 vi.

1063 1601 1222 1726 Quid
1246 1625 1361 1666 enim
1380 1624 1559 1666 vulnere
1586 1628 1629 1665 et
1653 1622 1793 1676 plagis
1817 1621 1891 1663 hu-

1159 1680 1348 1733 jusmodi
1367 1679 1581 1722 sanctius?
1611 1678 1725 1729 Quid
1746 1679 1808 1720 eis
1829 1692 1892 1720 sa-

1064 1738 1250 1788 lubrius,
1296 1751 1350 1780 ex
1393 1737 1549 1790 quibus
1590 1736 1707 1777 salus
1744 1740 1894 1777 nostra

1065 1795 1297 1848 processit,
1326 1800 1370 1836 et
1394 1795 1437 1835 in
1464 1793 1621 1846 quibus
1646 1791 1821 1834 assidue
1847 1805 1894 1833 se

1065 1857 1252 1904 possunt
1267 1853 1421 1893 curare
1436 1850 1591 1891 animae
1608 1847 1893 1891 devotorum?

1065 1908 1189 1950 Licet
1212 1909 1342 1959 igitur
1367 1907 1519 1949 lancea
1543 1912 1586 1948 et
1605 1906 1718 1948 clavi
1737 1905 1893 1958 praedi-

1066 1965 1136 2015 cti,
1155 1964 1356 2017 aliaque
1345 1966 1482 2017 1psius
1502 1963 1719 2017 passionis
1737 1962 1893 2003 saluta-

1065 2021 1130 2062 ria
1147 2021 1435 2063 instrumenta
1453 2020 1539 2061 sint
1559 2033 1584 2060 a
1603 2019 1771 2061 cunctis
1790 2018 1894 2059 fide-

1064 2077 1179 2119 libus
1216 2077 1375 2119 Christi
1413 2076 1598 2118 ubilibet
1634 2074 1893 2125 veneranda,

1066 2139 1110 2175 et
1130 2133 1185 2175 de
1203 2134 1300 2187 ipsa
1316 2134 1447 2175 etiam
1461 2132 1667 2186 passione
1681 2131 1724 2171 in
1740 2130 1895 2172 eadem

1065 2190 1264 2232 Ecclesia
1304 2190 1516 2232 solemnia
1556 2188 1678 2230 annis
1716 2187 1894 2238 singulis

1066 2246 1223 2289 Officia
1237 2247 1511 2289 celebrentur
1526 2250 1570 2287 et
1579 2245 1698 2295 fiant3
1714 2243 1893 2294 dignum

1064 2308 1211 2345 tamen
1247 2309 1291 2346 et
1328 2303 1591 2346 conveniens
1627 2302 1892 2353 reputamus,

1066 2360 1103 2400 si
1131 2360 1186 2402 de
1213 2361 1351 2413 ipsius
1378 2358 1595 2412 passionis
1628 2356 1892 2410 specialibus

1064 2415 1377 2464 instrumentis,
1403 2420 1446 2456 et
1468 2414 1715 2467 praesertim
1732 2413 1777 2454 in
1795 2414 1892 2466 par—

1065 2471 1200 2522 tibus,
1234 2473 1277 2512 in
1306 2471 1463 2524 quibus
1488 2471 1775 2511 instrumenta
1798 2469 1895 2521 ipsa

1067 2527 1271 2569 dicuntur
1297 2527 1466 2576 haberi,
1494 2526 1690 2567 solemne
1720 2538 1770 2566 ac
1798 2538 1894 2578 spe-

1066 2584 1176 2625 ciale
1195 2584 1355 2626 festum
1373 2582 1617 2625 celebretur
1631 2587 1675 2623 et
1689 2582 1776 2630 fiat,
1795 2594 1893 2623 nos-

1069 2653 1153 2692 que
1171 2641 1271 2681 illos
1291 2639 1444 2681 fideles
1463 2638 1634 2689 Christi,
1656 2638 1731 2690 qui
1750 2637 1895 2689 aliqua

1067 2708 1122 2737 ex
1151 2696 1451 2737 instrumentis
1484 2695 1622 2748 ipsius
1656 2694 1819 2736 habere
1848 2706 1895 2734 se

1066 2751 1273 2802 gaudent,
1296 2752 1341 2792 in
1361 2753 1513 2793 eorum
1533 2750 1771 2792 devotione
1789 2749 1894 2791 divi-
