2028 2892
166 189 235 224 188

166 298 297 338 quam
324 285 366 326 in
394 284 523 325 hoste
550 283 795 324 manifesto.
831 282 997 324 Beatus

165 342 249 383 Job
282 339 598 382 alternantibus
630 339 759 380 bonis
791 351 842 379 ac
870 338 996 379 malis

166 397 315 439 mundi
343 397 469 448 hujus
498 395 711 446 eruditus,
738 395 810 447 pie
834 394 996 435 veraci-

165 456 319 506 terque
338 452 528 494 dicebat:
547 452 706 493 Nonne
725 451 911 493 tentatio
931 455 998 491 est

165 510 253 551 vita
281 509 471 550 hominis
498 521 632 560 super
658 505 844 549 terram?
882 507 996 556 Quo-

165 566 281 606 niam
303 578 392 606 non
418 564 522 606 solis
549 563 778 605 doleribus
797 563 997 615 cerporis

166 627 299 673 atque
326 620 554 673 suppliciis
584 620 727 661 anima
754 619 896 660 fidelis
922 619 996 659 im-

164 678 340 730 petitur,
359 690 512 719 verum
532 676 673 725 etiam,
695 675 816 716 salva
834 675 996 716 ineolu-

165 734 318 775 mitate
346 732 660 781 membrorum,
689 732 812 782 gravi
839 731 996 772 morbo

165 791 360 840 urgetur,
387 790 423 830 si
448 789 589 830 carnis
609 787 839 840 voluptute
859 787 997 829 molli-

166 851 247 887 tur.
279 844 366 887 Sed
391 858 489 886 cum
510 857 614 886 caro
634 844 907 896 concupiscit
925 843 996 884 ad-

165 904 319 943 versus
334 901 547 954 spiritum,
567 900 746 953 spiritus
762 907 910 941 autem
925 899 997 941 ad-

166 959 320 999 versus
363 969 556 1006 carnem;
601 955 810 1009 praesidio
857 956 999 997 crucis

169 1013 329 1055 Christi
355 1026 479 1054 mens
508 1012 733 1054 rationalis
757 1012 999 1063 instruitur,

167 1083 248 1111 nec
295 1069 610 1122 cupiditatibus
660 1068 804 1109 noxiis
853 1068 1000 1110 illecta

168 1126 403 1176 consentit,
457 1126 665 1178 quoniam
719 1125 999 1167 continentiae

167 1182 320 1231 clavis,
367 1187 410 1223 et
454 1182 539 1223 Dei
583 1182 740 1223 timore
784 1181 999 1232 transfigi-

166 1243 249 1280 tur.

217 1306 267 1357 Rg.
289 1304 340 1344 In
359 1304 562 1356 proximo
578 1308 645 1345 est
659 1303 887 1346 tribulatio
903 1315 1002 1343 mea

167 1360 368 1410 Domine,
388 1365 431 1402 et
451 1372 539 1401 non
560 1365 627 1401 est
648 1361 722 1413 qui
741 1360 932 1412 adjuvet,
954 1364 1002 1400 ut

170 1416 339 1458 fodiant
354 1429 508 1457 manus
522 1429 643 1458 meas
659 1422 703 1459 et
713 1416 852 1470 pedes
862 1429 1002 1457 meos:

168 1472 308 1514 libera
325 1486 395 1515 me
416 1472 471 1515 de
493 1485 569 1514 ore
587 1472 774 1523 le6nis,*
801 1474 861 1515 Ut
881 1474 1002 1514 enar-

170 1542 262 1570 rem
295 1542 456 1571 nomen
488 1534 612 1571 tuum
642 1529 850 1571 fratribus
882 1529 1003 1570 meis.

167 1580 216 1632 Y.
252 1585 371 1627 Erue
404 1599 429 1626 a
461 1586 626 1627 framea
657 1586 779 1627 Deus
813 1586 1003 1627 animam

171 1653 329 1690 meam,
365 1646 409 1683 et
439 1641 494 1683 de
519 1654 651 1682 manu
681 1642 801 1683 canis
831 1642 1003 1683 unicam

172 1710 326 1738 meam.
353 1697 423 1738 Ut.
447 1698 500 1737 In
519 1698 733 1749 proximo.

381 1797 429 1834 In
457 1796 527 1835 ΙΙΙ.
556 1796 780 1835 Noeturno.

173 1862 326 1903 Lectio
352 1861 489 1903 sancti
509 1861 734 1912 Evangelii
764 1862 1003 1903 secundum

477 1918 702 1959 Jounnem.

278 1988 427 2029 Lectio
449 1990 515 2028 vii.
700 1992 802 2041 Cap.
819 1991 855 2028 8.
874 1990 895 2029 f.

223 2066 250 2092 n
284 2052 360 2094 illo
397 2055 611 2106 tempore:
657 2054 845 2095 Dicebat
877 2053 1006 2095 Jcsus

242 2108 381 2151 turbis
410 2110 682 2151 Judaeorum:
712 2111 820 2160 Quis
850 2123 905 2151 ex
932 2123 1005 2151 vo-

174 2164 242 2205 bis
264 2167 417 2215 arguet
435 2180 505 2208 me
526 2166 581 2208 de
600 2166 809 2219 peccato?
834 2166 878 2207 Si
898 2167 1006 2207 veri-

175 2222 309 2262 tatem
330 2221 429 2263 dico
450 2223 587 2272 vobis,
608 2236 744 2276 quare
763 2236 851 2264 non
871 2222 1006 2264 credi-

175 2276 231 2316 tis
251 2277 378 2318 mihi?
406 2279 464 2321 Et
482 2279 662 2332 reliqua.

233 2354 417 2396 Homilia
437 2357 575 2397 sancti
596 2356 798 2407 Gregorii
819 2357 964 2408 Papae.

314 2419 476 2451 llomilin
507 2421 555 2452 l-N'.
585 2420 618 2452 in
648 2420 867 2461 Evangelia.

189 2499 191 2503 ν
216 2488 256 2531 ‘55¹'
276 2478 454 2528 ensate,
474 2476 630 2519 fratres
646 2477 871 2526 carissimi,
890 2490 1007 2517 man-

188 2548 194 2581 'j
215 2556 288 2596 „w
311 2532 587 2574 suetudinem
632 2534 726 2575 Dei.
789 2533 1008 2574 Relaxare

191 2594 288 2608 ”⁴
311 2590 492 2639 peecata
520 2592 717 2639 venerat,
746 2594 790 2631 et
818 2589 1008 2631 dicebat:

799 187 999 220 Dominicn
1030 186 1239 219 Passionis.

1050 279 1285 322 ostendere
1304 292 1352 320 se
1370 280 1653 331 peccatorem
1667 291 1756 320 non
1773 291 1883 328 esse,

1052 337 1126 388 qui
1158 349 1213 377 ex
1244 336 1406 377 virtute
1434 334 1675 377 divinitatis
1706 336 1883 387 poterat

1049 394 1310 445 peccatores
1347 390 1593 443 justificare.
1637 390 1726 432 Sed
1760 393 1883 432 terri-

1050 448 1138 490 bile
1158 453 1225 490 est
1243 447 1389 497 valde,
1414 446 1536 499 quod
1554 447 1774 489 subditur:
1799 447 1884 497 Qui

1052 518 1106 547 ex
1124 505 1223 547 Deo
1244 509 1327 554 est,
1354 503 1491 545 verba
1508 503 1594 544 Dei
1617 503 1756 545 audit:
1782 515 1884 556 pro—

1050 563 1204 614 pterea
1234 573 1314 602 vos
1346 572 1435 601 non
1468 559 1646 610 auditis,
1689 560 1794 612 quia
1829 572 1885 601 ex

1050 618 1147 659 Deo
1167 630 1256 658 non
1276 617 1392 658 estis.
1428 617 1474 658 Si
1500 616 1618 657 enim
1634 616 1731 668 ipse
1747 615 1884 658 verba

1050 674 1135 715 Dei
1163 673 1287 715 audit
1316 673 1391 726 qui
1419 685 1473 714 ex
1497 672 1596 714 Deo
1624 677 1707 722 est,
1740 677 1785 714 et
1813 685 1885 714 au-

1051 729 1145 772 dire
1176 729 1314 771 verba
1345 731 1437 781 ejus
1468 741 1558 770 non
1589 733 1742 782 potest
1769 728 1883 781 quis-

1053 787 1149 838 quis
1169 799 1225 828 ex
1248 786 1324 827 illo
1347 798 1436 827 non
1463 790 1545 827 est:
1568 785 1812 836 interroget
1835 797 1884 826 se

1050 845 1369 895 unusquisque,
1394 842 1431 883 si
1450 841 1587 883 verba
1603 841 1689 884 Dei
1711 842 1756 882 in
1779 853 1884 883 aure

1052 898 1199 941 cordis
1223 899 1426 951 percipit3
1455 903 1499 940 et
1526 897 1740 949 intelliget
1767 896 1885 940 unde

1052 955 1118 996 sit.
1155 955 1394 997 Coelestem
1417 955 1607 1007 patriam
1632 953 1885 996 desiderare

1051 1011 1229 1053 Veritas
1244 1011 1376 1063 jubet,
1391 1011 1536 1052 carnis
1551 1010 1771 1052 desideria
1785 1012 1886 1052 con-

1051 1068 1150 1118 teri,
1204 1067 1358 1109 mundi
1409 1067 1597 1118 gloriam
1647 1066 1886 1116 declinare,

1053 1124 1195 1166 aliena
1218 1137 1307 1165 non
1334 1125 1564 1176 appetere,
1596 1123 1779 1176 prepria
1805 1122 1886 1165 lar-

1053 1193 1146 1231 g1r1.

1102 1254 1153 1293 1’‚‚
1184 1250 1301 1291 Tota
1332 1249 1404 1291 die
1433 1249 1721 1291 contristatus
1748 1249 1888 1300 ingre-

1055 1272 1208 1348 diebar
1246 1306 1451 1348 Domine:
1495 1306 1703 1358 quoniam
1744 1305 1889 1346 anima

1054 1375 1153 1404 mea
1186 1362 1407 1416 completa
1439 1367 1507 1404 est
1537 1361 1833 1403 illusi6nibus:
1860 1364 1883 1389 *

1054 1419 1112 1460 Et
1136 1419 1226 1460 vim
1255 1418 1493 1468 faciebant,
1527 1419 1601 1470 qui
1631 1417 1890 1470 quaerebant

1057 1475 1247 1517 animam
1274 1488 1428 1517 meam.
1463 1471 1514 1523 V.
1552 1475 1697 1516 Amici
1728 1475 1815 1516 mei
1847 1479 1891 1516 et

1056 1532 1247 1584 proximi
1269 1531 1356 1573 mei
1379 1531 1615 1572 adversum
1636 1543 1708 1572 me
1731 1543 1890 1584 appro-

1057 1589 1387 1640 pinquaverunt
1412 1593 1456 1629 et
1481 1589 1714 1638 steterunt3
1747 1592 1792 1629 et
1815 1587 1891 1640 qui

1057 1645 1177 1696 juxta
1195 1658 1267 1686 me
1287 1649 1423 1693 erant,
1442 1644 1498 1686 de
1516 1644 1648 1695 longe
1664 1646 1891 1686 steterunt.

1058 1701 1115 1742 Et
1134 1701 1234 1742 vim.

1340 1782 1493 1823 Lectio
1514 1781 1597 1822 viii.

1056 1854 1267 1959 Penset
1296 1870 1402 1908 ergo
1435 1856 1555 1910 apud
1588 1869 1636 1898 se
1663 1858 1892 1909 unusquis-

1156 1927 1242 1966 que
1266 1918 1481 1963 vestrum,
1514 1913 1552 1954 si
1575 1913 1672 1955 haec
1696 1925 1783 1954 vox
1808 1913 1894 1954 Dei

1058 1971 1103 2011 in
1131 1970 1280 2012 cordis
1309 1971 1401 2022 ejus
1433 1982 1539 2012 aure
1571 1969 1811 2018 convaluit,
1849 1974 1893 2012 et

1061 2027 1163 2080 quia
1182 2028 1266 2079 jam
1282 2040 1337 2069 ex
1347 2027 1445 2069 Deo
1461 2027 1528 2076 sit,
1547 2027 1759 2077 agnoscit.
1777 2027 1893 2068 Nam

1060 2089 1161 2126 sunt
1193 2083 1409 2133 nonnulli,
1443 2084 1518 2136 qui
1550 2085 1778 2136 praeeepta
1808 2083 1893 2125 Dei

1061 2153 1141 2182 nec
1178 2140 1522 2192 aure·corporis
1563 2143 1794 2192 percipere
1831 2139 1892 2181 di-

1059 2199 1259 2247 gnentur.
1279 2197 1338 2238 Et
1357 2201 1458 2237 sunt
1474 2196 1683 2250 nonnulli,
1704 2196 1778 2248 qui
1797 2195 1894 2238 haec

1061 2252 1240 2305 quidem
1269 2253 1469 2304 corporis
1498 2265 1604 2294 aure
1632 2252 1892 2304 percipiunt,

1061 2309 1140 2351 sed
1159 2308 1280 2350 nullo
1297 2321 1348 2350 ea
1364 2309 1524 2350 mentis
1540 2308 1760 2350 desiderio
1777 2321 1893 2350 com-

1061 2365 1325 2418 plectuntur.
1362 2365 1419 2406 Et
1447 2370 1549 2407 sunt
1575 2364 1790 2414 nonnulli,
1820 2365 1893 2417 qui

1030 2451 1032 2456 -
1061 2422 1247 2463 libenter
1272 2421 1407 2462 verba
1434 2422 1518 2463 Dei
1543 2421 1806 2473 suscipiunt,
1832 2421 1892 2462 ita

1060 2483 1109 2519 ut
1128 2477 1260 2520 etiam
1280 2477 1322 2517 in
1339 2477 1516 2519 fletibus
1531 2478 1894 2530 compungantur,

1062 2534 1141 2575 sed
1173 2539 1276 2586 post
1312 2533 1594 2575 lacrimarum
1628 2539 1804 2585 tempus
1837 2533 1893 2574 ad

1061 2590 1338 2642 iniquitatem
1366 2590 1564 2632 redeunt.
1603 2589 1663 2630 Hi
1689 2588 1893 2641 profecto

181 2644 288 2693 Quis
314 2656 367 2685 ex
393 2643 519 2685 vobis
549 2648 703 2696 arguet
731 2659 801 2687 me
828 2645 882 2687 de
910 2658 1008 2697 pec·
1063 2646 1201 2688 verba
1227 2646 1313 2687 Dei
1340 2659 1429 2687 non
1458 2646 1677 2694 audiunt„
1696 2645 1771 2697 qui
1797 2644 1894 2686 haec

181 2698 304 2742 cato?
341 2699 443 2741 Non
472 2700 734 2752 dedignatur
760 2715 814 2743 ex
841 2702 1010 2743 ratione
1063 2704 1269 2744 exercere
1288 2702 1331 2742 in
1352 2704 1487 2754 opere
1503 2703 1799 2744 contemnunt.
1820 2701 1893 2744 Vi-
