2028 2892
567 164 639 198 Die
662 164 714 198 25.
739 165 897 208 Aprilis.
944 166 980 201 S.
1004 165 1122 202 Marci
1148 168 1419 211 Evangelistae.

192 267 242 318 R
286 264 481 307 Tristitia
515 270 676 315 vestra,
722 265 907 318 alleluja,
940 271 963 296 *

140 323 431 365 Convertetur
457 321 501 361 in
528 320 752 372 gaudium,
786 322 966 374 alleluja,

140 379 322 432 alleluia.
354 373 403 426 V
431 376 620 419 Mundus
643 383 790 420 autem
808 378 966 429 gaude-

138 436 219 486 bit,
246 447 326 478 vos
345 446 452 475 vero
482 434 859 485 contristabimini,
889 434 968 477 sed

138 491 313 534 tristitia
331 495 494 533 vestra.
518 491 818 534 Convertetur.

437 556 588 598 Lectio
608 557 662 596 iii.

208 617 425 661 imilitudo
454 623 601 660 autem
627 618 774 660 vultus
800 620 967 660 eorum:

215 674 348 717 facies
371 674 575 725 hominis,
604 680 647 716 et
671 674 804 716 facies
829 675 967 717 leonis

138 744 163 773 a
188 730 353 773 dextris
377 731 574 784 ipsorum
598 733 802 783 quatuor:
835 731 967 773 facies

138 793 283 830 autem
314 787 458 838 bovis,
495 802 521 830 a
553 788 738 830 sinistris
770 788 967 841 ipsorum

139 846 341 897 quatuor,
374 849 418 886 et
439 845 573 887 facies
598 845 757 897 aquilae
777 844 968 898 desuper

137 901 334 954 ipsorum
349 903 547 954 quatuor.
571 902 726 943 Facies
742 904 904 952 eorum,
924 908 967 944 et

138 970 295 1010 pennae
336 960 496 1001 eorum,
528 960 716 1001 extentae
763 958 967 1012 desuper:

138 1013 238 1055 duae
261 1027 417 1067 pennae
442 1014 711 1066 singulorum
734 1014 966 1068 iungeban-

136 1074 217 1121 tur,
249 1074 292 1112 et
318 1070 418 1112 duae
445 1071 652 1122 tegebant
680 1074 869 1124 corpora
897 1074 966 1113 eo-

137 1139 249 1168 rum:
277 1132 320 1169 et
348 1127 693 1180 unumquodque
722 1130 874 1169 eorum
897 1141 967 1169 co-

137 1195 230 1224 ram
248 1183 360 1225 facie
386 1197 464 1225 sua
488 1184 755 1226 ambulabat:
780 1184 855 1226 ubi
875 1190 968 1226 erat

136 1241 326 1293 impetus
355 1241 553 1294 spiritus,
580 1241 684 1283 illuc
711 1240 966 1292 gradieban-

85 1335 90 1342 ,
136 1301 223 1346 tur,
248 1309 330 1339 nec
347 1298 681 1340 revertebantur
701 1311 800 1340 cum
820 1297 966 1340 ambu-

137 1351 466 1466 larlgn‘tbrefidsa
484 1415 528 1456 in
548 1417 799 1468 conspectu,
819 1415 899 1468 [22]

366 1493 415 1532 In
442 1494 492 1533 II.
521 1493 743 1534 Nocturno.

138 1555 206 1595 Ex
224 1554 336 1596 libro
356 1554 496 1596 sancti
513 1554 770 1608 Hieronymi
783 1555 967 1608 Presby-

138 1611 221 1653 teri
246 1611 301 1654 de
324 1611 621 1664 Scriptoribus
647 1612 968 1654 ecclesiasticis.

439 1673 591 1714 Lectio
613 1673 665 1713 iv.

147 1740 157 1783 ζ
192 1749 255 1789 ⁴1:335,
297 1747 423 1776 arcus
442 1733 681 1787 discipulus
697 1740 740 1776 et
753 1734 968 1787 interpres

147 1787 187 1849 5³41
209 1784 256 1845 {731¹
312 1791 447 1841 Petri,
482 1792 602 1843 juxta
638 1791 759 1843 quod
789 1792 969 1833 Petrum

190 1848 197 1852 ‘⁴
285 1847 288 1853 '
313 1848 574 1890 referentem
601 1847 818 1898 audierat,
844 1850 967 1899 roga-

139 1910 212 1947 tus
231 1905 387 1947 Romae
411 1917 437 1945 a
459 1904 680 1955 fratribus,
708 1904 842 1946 breve
866 1905 967 1946 scri-

141 1962 231 2014 psit
261 1960 557 2012 Evangelium.
597 1959 727 2011 Quod
761 1974 859 2002 cum
889 1961 967 2002 Pe-

139 2023 232 2059 trus
258 2017 469 2067 audisset,
502 2022 546 2060 et
567 2016 788 2070 probavit,
822 2022 864 2059 et
887 2017 967 2059 Ec-

139 2073 286 2116 clesiae
320 2072 555 2125 legendum
591 2086 670 2115 sua
706 2073 967 2115 auctoritate

140 2129 273 2172 dedit.
317 2131 559 2183 Assumpto
592 2132 741 2182 itaque
773 2130 967 2180 Evange-

138 2185 198 2228 lio
223 2187 343 2239 quod
365 2188 462 2240 ipse
485 2186 748 2235 confecerat,
774 2186 968 2238 perrexit

138 2243 182 2284 in
214 2244 474 2297 AEgyptum,
507 2248 551 2284 et
581 2242 748 2295 primus
780 2242 966 2283 Alexan-

139 2298 247 2341 driae
267 2300 486 2342 Christum
509 2299 783 2348 annuntians,
807 2301 966 2340 consti-

139 2356 222 2398 tuit
254 2357 499 2399 Ecclesiam
532 2360 654 2398 tanta
690 2354 889 2397 doctrina
924 2360 968 2396 et

139 2413 241 2455 vitae
266 2413 546 2463 continentia,
578 2416 627 2454 ut
651 2424 804 2452 omnes
830 2416 965 2452 secta-

140 2470 259 2511 tores
305 2469 464 2511 Christi
508 2467 566 2510 ad
611 2467 859 2520 exemplum
901 2467 967 2508 sui

141 2526 328 2576 cogeret.

191 2585 242 2637 Rt·
268 2587 365 2628 Lux
387 2588 602 2640 perpetua
623 2583 787 2626 lucebit
805 2583 966 2624 sanctis

140 2642 226 2684 tuis
253 2643 458 2693 Domine,
478 2642 502 2667 *
527 2643 583 2684 Et
611 2641 831 2682 aeternitas
858 2641 964 2680 tem-

138 2707 312 2751 porum,
338 2699 525 2751 alleluja,
547 2697 729 2748 allehija.
767 2689 818 2741 V
838 2695 964 2737 Laeti-

1019 267 1081 308 tia
1118 268 1383 320 sempiterna
1420 270 1501 311 erit
1538 282 1670 322 super
1702 269 1848 322 capita

1020 326 1186 365 eorum:
1213 325 1420 375 gaudium
1445 332 1487 368 et
1512 326 1848 368 exsultationem

1020 379 1289 423 obtinebunt.
1317 382 1384 424 Et.

1330 447 1345 485 Ι
1349 447 1479 487 Aeetia
1500 461 1534 484 V.

1109 516 1265 568 enique
1284 516 1426 567 Philo,
1450 517 1760 561 disertissimus
1778 520 1802 561 J
1804 534 1847 562 u-

1125 573 1342 624 daeorum‚
1378 573 1531 615 videns
1568 574 1849 618 Alexandriae

1019 629 1205 682 primam
1224 630 1454 672 ecclesiam
1474 629 1616 672 adhuc
1634 631 1848 683 judaizan-

1019 690 1124 736 tem,
1157 687 1281 739 quasi
1315 687 1358 727 in
1385 687 1561 729 laudem
1588 688 1728 738 gentis
1758 702 1849 730 suae

1019 742 1179 784 librum
1195 756 1329 795 super
1347 745 1498 785 eorum
1519 746 1849 787 conversatione

1021 799 1205 852 scripsit.
1232 800 1289 842 Et
1305 800 1530 852 quomodo
1545 801 1688 843 Lucas
1703 808 1850 844 narrat

1020 856 1307 909 Jerosolymae
1341 857 1571 899 credentes
1605 859 1750 900 omnia
1776 858 1848 900 ha-

1020 912 1167 954 buisse
1188 914 1450 964 communia:
1475 915 1538 956 sic
1559 919 1601 956 et
1620 915 1708 965 ille,
1729 915 1850 967 quod

1020 969 1301 1011 Alexandriae
1338 970 1419 1012 sub
1451 971 1602 1012 Marco
1641 972 1737 1013 fieri
1775 972 1849 1014 do-

1021 1028 1143 1067 ctore
1163 1026 1387 1078 cernebat,
1412 1028 1637 1070 memoriae
1659 1028 1850 1071 tradidit.

1020 1082 1222 1124 Mortuus
1250 1088 1317 1125 est
1350 1090 1495 1126 autem
1524 1087 1683 1126 octavo
1712 1086 1848 1127 Nero-

1020 1138 1086 1179 nis
1106 1151 1237 1189 anno,
1267 1144 1311 1181 et
1336 1141 1535 1194 sepultus
1558 1141 1849 1192 Alexandriae,

1021 1194 1284 1237 succedente
1304 1197 1388 1239 sibi
1407 1198 1591 1240 Aniano.

1072 1257 1122 1307 R.
1175 1257 1350 1299 Virtute
1399 1272 1557 1310 magna
1606 1258 1850 1301 reddebant

1020 1298 1244 1366 Apostoli:
1270 1314 1291 1336 *
1315 1315 1632 1357 Testimonium
1660 1329 1848 1358 resurre-

949 1402 955 1411 ,
1020 1370 1176 1411 ctionis
1195 1371 1219 1411 J
1222 1383 1300 1411 esu
1320 1371 1480 1413 Christi
1501 1373 1678 1413 Domini
1701 1373 1848 1424 nostri,

1020 1425 1208 1479 alleluja,
1241 1427 1423 1480 alleluia.
1475 1423 1523 1472 X
1552 1429 1730 1482 Repleti
1759 1429 1848 1481 qui-

1021 1481 1122 1523 dem
1152 1483 1318 1536 Spiritu
1350 1490 1518 1535 sancto,
1555 1485 1849 1537 loquebantur

1021 1552 1120 1580 cum
1151 1539 1312 1581 fiducia
1345 1540 1528 1583 verbum
1559 1542 1653 1583 Dei.
1709 1542 1849 1584 Testi-

1019 1596 1223 1637 monium.

1022 1672 1087 1712 De
1133 1671 1408 1723 expositione
1460 1674 1599 1715 sancti
1646 1674 1849 1725 Gregorii

1137 1728 1270 1780 Papae
1299 1741 1432 1781 super
1459 1729 1735 1772 Ezechielem

1298 1785 1575 1838 Prophetam.

1090 1845 1240 1886 Lectio
1261 1846 1313 1884 vi.
1480 1844 1777 1885 Hom.3.lib.1.

1021 1900 1219 2008 Sancta
1260 1915 1450 1964 quatuor
1482 1913 1701 1963 animalia,
1750 1927 1847 1966 quae

1109 1968 1357 2021 prophetiae
1387 1969 1542 2022 spiritu
1566 1970 1711 2011 futura
1737 1984 1846 2023 prae-

1020 2023 1233 2075 videntur,
1254 2025 1404 2067 subtili
1422 2026 1670 2068 narratione
1690 2026 1846 2068 descri-

1019 2080 1197 2132 buntur,
1229 2094 1327 2123 cum
1356 2081 1530 2124 dicitur:
1563 2083 1760 2132 Quatuor
1788 2083 1846 2124 fa—

1020 2137 1109 2178 cies
1141 2138 1230 2187 uni,
1269 2143 1312 2180 et
1350 2140 1539 2191 quatuor
1572 2152 1729 2191 pennae
1762 2139 1846 2180 uni.

1020 2193 1136 2243 Quid
1163 2207 1245 2247 per
1272 2195 1446 2245 faciem,
1481 2195 1564 2236 nisi
1598 2195 1766 2237 notitia:
1803 2201 1846 2238 et

1020 2249 1126 2301 quid
1149 2264 1230 2303 per
1254 2264 1437 2304 pennas,
1470 2251 1551 2292 nisi
1577 2251 1750 2293 volatus
1776 2265 1845 2294 ex-

1019 2306 1242 2358 primitur?
1262 2308 1346 2349 Per
1364 2308 1519 2349 faciem
1539 2308 1702 2361 quippe
1716 2321 1844 2350 unus-

1021 2365 1206 2416 quisque
1238 2365 1533 2415 cognescitur:
1565 2377 1646 2418 per
1677 2378 1844 2418 pennas

1018 2432 1124 2461 vero
1148 2421 1192 2461 in
1215 2421 1350 2462 altum
1374 2421 1518 2462 avium
1537 2423 1725 2474 corpora
1744 2422 1843 2464 sub-

1017 2475 1228 2518 levantur.
1271 2477 1424 2518 Facies
1451 2478 1599 2529 itaque
1627 2477 1685 2520 ad
1710 2478 1845 2521 fidem

1017 2532 1222 2584 pertinet,
1259 2545 1402 2585 penna
1428 2532 1485 2574 ad
1512 2534 1843 2588 contemplatio-

1017 2601 1127 2630 nem.
1159 2590 1244 2631 Per
1268 2588 1401 2630 fidem
1424 2601 1614 2642 namque
1634 2591 1688 2633 ab
1709 2591 1842 2634 omni-

1017 2645 1185 2708 potenti
1224 2645 1321 2686 Deo
1367 2646 1685 2699 cognoscimur,
1730 2649 1843 2690 sicut

1016 2701 1112 2753 ipse
1132 2701 1188 2743 de
1205 2701 1294 2742 suis
1313 2701 1469 2743 ovibus
1489 2701 1607 2745 dicit:
1630 2704 1727 2756 Ego
1746 2718 1843 2747 sum
