2066 2904
469 165 677 200 Commune
702 165 980 208 Apostolorum
1006 171 1112 200 extra
1138 170 1288 208 tempus
1316 165 1512 199 paschale.

1770 128 1839 204 [17]

135 264 291 304 nerunt
319 275 373 304 ex
399 273 556 312 magna
585 259 883 310 tribulatione,
917 265 960 302 et

135 319 335 361 laverunt
368 318 503 360 stolas
537 330 638 359 suas
672 317 716 358 in
749 317 959 367 sanguine

135 375 261 427 Agni.
311 374 446 417 Modo
479 376 755 416 coronantur.
808 373 959 414 Gloria

135 433 265 474 Patri.
309 431 444 474 Modo
474 433 748 473 coronantur.

348 518 396 557 In
424 518 494 557 ΙΙΙ.
523 518 744 557 Nocturno.

138 597 289 639 Lectio
314 597 453 638 saneti
471 595 696 648 Evangelii
719 595 959 637 secundum

411 652 680 695 Matthaeum.

628 719 729 770 Cap.
748 720 802 757 19.
818 717 855 757 d.

182 815 211 842 n
233 801 308 842 ino
332 802 546 853 tempore:
579 799 701 841 Dixit
723 799 879 841 Petrus
904 798 960 840 ad

207 858 232 898 J
235 870 371 899 esum:
398 857 514 899 Ecce
537 870 618 898 nos
642 856 895 909 reliquimus
916 857 959 896 o-

135 914 261 965 mnia,
277 918 321 955 et
338 913 477 955 secuti
491 926 640 955 sumus
654 918 713 955 te:
734 912 838 965 quid
853 924 958 963 ergo

136 970 217 1011 erit
235 968 385 1012 nobis?
412 970 469 1011 Et
487 970 666 1022 reliqua.

241 718 390 758 Lectio
413 719 479 757 vii.

236 1068 427 1111 Homih'a
444 1067 704 1111 venerabilis
723 1067 859 1110 Bedae

413 1124 677 1178 Presbyteri.

222 1193 392 1228 Homilia
410 1194 448 1227 in
465 1193 594 1227 Natali
611 1192 645 1227 S.
662 1192 872 1227 Benedicti.

467 1259 538 1302 ille
572 1264 657 1310 est,
702 1259 776 1312 qui
808 1258 958 1300 abiens

176 1350 194 1374 2.
269 1316 420 1359 vendit
443 1316 588 1358 omnia
612 1329 710 1369 quae
734 1315 882 1365 habet,
916 1320 959 1357 et

274 1373 349 1415 dat
375 1372 657 1426 pauperibus,
694 1385 746 1414 ac
769 1372 958 1422 veniens,

134 1430 330 1482 sequitur
362 1429 596 1471 Christum:
631 1428 811 1471 habebit
844 1429 959 1470 enim

133 1485 386 1528 thesaurum
406 1498 494 1527 non
513 1485 787 1528 deficientem
810 1485 854 1525 in
874 1497 958 1526 coe-

133 1542 198 1584 lis.
228 1542 357 1585 Unde
375 1542 487 1584 bene
505 1542 801 1594 interrogante
814 1541 958 1591 Petro,

134 1598 244 1641 dixit
261 1598 422 1641 talibus
436 1599 461 1640 J
464 1611 578 1640 esus:
603 1599 746 1640 Amen
766 1597 865 1640 dico
884 1610 958 1639 vo-

133 1655 216 1706 bis,
247 1655 366 1708 quod
388 1668 468 1697 vos
493 1655 569 1708 qui
591 1655 731 1696 secuti
750 1655 854 1696 estis
877 1667 957 1704 me,

132 1712 177 1753 in
200 1712 545 1764 regeneratione,
581 1724 680 1753 cum
705 1711 868 1753 sederit
891 1711 957 1751 Fi-

133 1768 218 1810 lius
231 1768 419 1810 hominis
433 1768 478 1809 in
487 1767 593 1810 sede
606 1768 844 1820 majestatis
856 1781 958 1817 suae,

135 1824 344 1867 sedebitis
369 1829 413 1867 et
435 1837 516 1867 vos
542 1837 674 1878 super
698 1823 827 1866 sedes
853 1823 958 1866 duo-

135 1881 288 1932 decim,
307 1881 547 1934 judicantes
567 1880 802 1923 duodecim
819 1880 959 1923 tribus

134 1937 282 1980 Israel.
313 1939 365 1979 In
383 1937 467 1979 hac
484 1938 647 1991 quippe
661 1938 753 1979 vita
770 1950 852 1990 pro
869 1938 959 1989 ejus

134 1994 310 2036 nomine
327 1993 595 2045 laboranteS,
622 1995 666 2035 in
686 1993 771 2035 alia
788 1994 959 2046 praemi-

135 2063 210 2091 um
228 2052 408 2103 sperare
428 2050 591 2092 docuit:
615 2050 660 2092 id
680 2054 757 2106 est,
777 2050 822 2091 in
840 2062 958 2102 rege-

135 2107 375 2158 neratione;
405 2119 505 2148 cum
528 2106 733 2149 videlicet
757 2107 801 2147 in
824 2107 960 2148 vitam

135 2162 426 2205 immortalem
453 2163 661 2205 fuerimus
690 2162 959 2214 resurgendo

135 2220 395 2271 regenerati,
425 2219 499 2272 qui
522 2219 566 2260 in
589 2220 724 2261 vitam
748 2219 960 2261 caducam

135 2276 379 2318 mortaliter
398 2278 570 2317 eramus
589 2276 732 2328 geniti.

189 2350 240 2402 R.
250 2351 330 2392 Isti
345 2355 445 2392 sunt
461 2350 535 2403 qui
549 2350 746 2392 viventes
761 2350 804 2391 in
819 2362 960 2400 carne,

135 2406 442 2459 plantaverunt
472 2406 714 2448 Ecclesiam
752 2406 960 2458 sanguine

137 2476 232 2505 suo:
249 2463 271 2486 *
286 2463 478 2505 Calicem
491 2464 670 2504 Domini
684 2463 897 2513 biberunt,
918 2467 962 2504 et

136 2519 264 2561 amici
282 2520 366 2561 Dei
383 2520 487 2561 facti
506 2525 616 2562 sunt.
645 2515 696 2565 V.
716 2520 768 2560 In
787 2532 961 2561 omnem

137 2579 298 2617 terram
323 2576 457 2618 exivit
485 2589 619 2618 sonus
645 2579 813 2626 eorum,
847 2579 892 2617 et
915 2575 960 2616 in

137 2631 247 2673 fines
291 2632 410 2674 orbis
450 2637 581 2675 terrae
621 2632 756 2675 verba
796 2633 959 2674 eorum.

139 2687 338 2730 Calicem.

290 2829 354 2854 Pars
369 2829 462 2854 Verna.

1299 260 1450 300 Lectio
1472 259 1553 299 viii.

1014 312 1118 418 Et
1131 316 1244 368 justa
1257 327 1440 368 prorsus
1455 313 1697 363 retributio,
1707 317 1755 354 ut
1767 311 1841 364 qui

1115 371 1185 413 hic
1212 384 1294 424 pro
1321 371 1494 413 Christo
1522 370 1724 411 humanae
1750 368 1839 419 glo-

1012 429 1120 470 riam
1139 427 1408 470 celsitudinis
1431 427 1727 478 neglexerunt,
1754 424 1842 466 illic

1013 498 1038 526 a
1058 485 1231 527 Christo
1254 484 1418 537 judices
1442 483 1675 535 glorificati
1699 482 1840 533 singu-

1011 541 1161 583 lariter
1181 554 1281 583 cum
1300 553 1353 583 eo
1373 540 1609 590 assideant,
1640 539 1714 592 qui
1733 551 1758 580 a
1777 551 1840 580 se-

1014 598 1197 651 quendis
1216 599 1307 650 ejus
1322 597 1517 648 vestigiis
1535 596 1654 638 nulla
1672 595 1841 637 ratione

1011 657 1217 707 poterant
1230 654 1368 696 avelli.
1383 654 1526 695 Nemo
1543 658 1690 695 autem
1704 655 1840 705 putet,

1013 710 1247 753 duodecim
1265 716 1435 753 tantum
1455 709 1710 763 Apostolos,
1741 708 1842 761 quia

1010 781 1093 821 pro
1105 768 1130 809 J
1131 767 1219 810 uda
1229 768 1546 821 praevaricante
1557 766 1744 808 Mathias
1759 764 1840 807 ele-

1012 829 1108 866 ctus
1120 829 1198 875 est,
1208 830 1312 866 tunc
1323 837 1419 866 esse
1435 823 1717 876 judicaturos:
1730 822 1842 863 sicut

1011 895 1092 923 nec
1112 881 1346 923 duodecim
1370 880 1477 922 solae
1502 885 1603 922 sunt
1620 879 1761 921 tribus
1780 879 1840 920 Is·

1011 938 1103 979 rael
1145 937 1408 990 judicandae:
1462 937 1655 990 alioquin
1701 935 1841 978 tribus

1010 995 1128 1045 Levi,
1149 1008 1247 1047 quae
1267 994 1568 1037 tertiadecima
1587 998 1663 1043 est,
1691 992 1841 1045 injudi-

1012 1053 1110 1093 cata
1128 1051 1315 1093 recedet.

1069 1111 1120 1162 Β.
1135 1113 1215 1154 Isti
1234 1117 1335 1154 sunt
1353 1112 1435 1153 viri
1454 1111 1604 1162 sancti,
1626 1123 1736 1164 quos
1756 1110 1838 1152 ele-

1009 1169 1073 1220 git
1094 1169 1310 1210 Dominus
1337 1169 1382 1210 in
1409 1169 1591 1211 caritate
1614 1181 1703 1209 non
1725 1167 1840 1217 ficta,

1011 1231 1054 1268 et
1073 1225 1195 1268 dedit
1213 1226 1298 1267 illis
1312 1226 1498 1277 gloriam
1513 1225 1840 1278 sempiternam:

1016 1282 1039 1306 *
1050 1283 1247 1333 Quorum
1262 1282 1463 1325 doctrina
1477 1282 1615 1333 fulget
1630 1281 1840 1330 Ecclesia,

1010 1344 1058 1380 ut
1082 1339 1175 1381 sole
1199 1339 1312 1381 luna.
1355 1334 1402 1384 V.
1425 1339 1572 1380 Sancti
1600 1351 1680 1391 per
1706 1337 1840 1379 fidem

1010 1396 1208 1437 vicerunt
1230 1409 1379 1447 regna:
1408 1395 1578 1448 operati
1602 1399 1702 1436 sunt
1725 1395 1839 1446 justi-

1009 1452 1125 1493 tiam.
1154 1453 1360 1503 Quorum.
1392 1451 1553 1494 Gloria.
1582 1452 1788 1502 Quorum.

1318 1516 1468 1557 Lectio
1490 1516 1543 1555 ix.

1098 1578 1295 1627 tPaulus,
1316 1578 1390 1630 qui
1404 1575 1756 1618 tertiusdecimus
1772 1581 1839 1618 est

1104 1634 1358 1687 Apostolus,
1378 1632 1597 1686 iudicandi
1615 1637 1735 1674 sorte
1754 1633 1838 1685 pri-

1008 1691 1199 1741 vabitur,
1232 1703 1331 1732 cum
1358 1690 1453 1743 ipse
1479 1689 1610 1740 dicat:
1645 1689 1838 1731 Nescitis

1010 1748 1217 1800 quoniam
1288 1746 1466 1799 angelos
1540 1745 1838 1798 judicabimus,

1010 1808 1174 1857 quanto
1188 1804 1326 1855 magis
1343 1801 1591 1845 saecularia?
1603 1802 1838 1844 Sciendum

1008 1873 1197 1913 namque
1217 1866 1297 1910 est,
1326 1873 1493 1910 omnes,
1522 1859 1597 1912 qui
1621 1859 1677 1901 ad
1696 1861 1837 1901 exem-

1008 1917 1130 1970 plum
1141 1916 1460 1970 Apostolorum
1476 1929 1555 1958 sua
1570 1915 1838 1969 reliquerunt

1011 1974 1165 2024 omnia,
1185 1978 1229 2015 et
1250 1973 1390 2015 secuti
1409 1977 1510 2014 sunt
1530 1972 1760 2022 Christum,
1779 1973 1836 2024 ju-

1010 2029 1130 2072 diees
1150 2043 1249 2072 cum
1268 2043 1321 2072 eo
1338 2033 1557 2079 venturos,
1580 2029 1692 2070 sicut
1708 2029 1838 2070 etiam

1010 2099 1139 2128 omne
1163 2086 1413 2128 mortalium
1441 2098 1578 2138 genus
1607 2098 1704 2127 esse
1732 2084 1837 2137 iudi-

1010 2142 1208 2185 candum.
1263 2143 1374 2194 Quia
1410 2142 1526 2185 enim
1566 2141 1838 2184 duodenario

1011 2212 1130 2253 saepe
1161 2203 1344 2241 numero
1376 2199 1489 2241 solet
1522 2199 1565 2239 in
1601 2198 1838 2250 Scripturis

1010 2256 1268 2298 universitas
1297 2255 1530 2307 designari,
1567 2267 1647 2307 per
1675 2253 1838 2296 duode-

1011 2312 1095 2354 cim
1123 2312 1251 2355 sedes
1278 2312 1611 2366 Apostolorum,
1645 2311 1838 2353 omnium

1010 2370 1300 2412 numerositas
1337 2368 1640 2422 judicantium,
1677 2372 1720 2410 et
1756 2381 1837 2421 per

1011 2424 1245 2468 duodecim
1258 2426 1398 2468 tribus
1412 2424 1558 2474 Israel,
1578 2424 1837 2467 universitas

1011 2484 1178 2533 eorum,
1207 2483 1280 2535 qui
1303 2480 1522 2534 judicandi
1547 2486 1662 2532 sunt,
1697 2483 1837 2524 osten-

1013 2537 1139 2580 ditur.

1068 2593 1127 2637 Te
1146 2595 1290 2637 Deum
1307 2594 1545 2636 laudamus.
1563 2595 1622 2636 15.

1269 2676 1579 2703 *ow-0—

1582 2821 1609 2853 B
