2060 2886
428 446 478 485 In
500 445 530 484 1.
553 443 773 483 Nocturno.

380 511 419 543 1⁴11
447 520 515 552 pro
543 507 584 541 11.
609 513 643 540 ct
667 506 708 539 V.
736 504 853 538 Fcria.

499 559 736 600 Absolutio.

208 616 419 720 Exaudi
430 614 614 657 Domine
627 614 651 654 J
654 625 731 654 esu
746 610 914 652 Christe
927 622 1022 662 pre-

299 686 371 716 ces
390 673 612 714 servorum
630 670 818 717 tuorum,
838 672 881 708 et
898 666 1022 707 mise-

208 734 304 774 rere
328 728 469 776 nobis,
501 726 573 778 qui
598 738 693 767 cum
717 724 846 765 Patre
870 727 913 764 et
931 723 1022 774 Spi-

209 789 294 830 ritu
319 790 469 826 sancto
496 782 604 823 vivis
630 787 673 823 et
698 792 852 831 regnas
877 779 921 819 in
947 780 1023 819 sae-

211 844 307 886 cula
326 840 594 883 saeculorum.
632 841 675 890 leg.
691 837 841 878 Amen.

453 899 790 940 Bene-dictiones.

240 964 266 1002 l.
312 955 617 999 Benedictione
654 954 865 1007 perpetua
898 951 1025 993 bene-

309 1013 425 1056 dicat
443 1024 523 1053 nos
541 1012 670 1053 Pater
687 1012 886 1052 aeternus.

368 1071 416 1121 R!-
438 1069 587 1109 Amen.

239 1128 274 1166 2.
319 1125 568 1175 Unigenitus
591 1123 673 1165 Dei
695 1122 828 1164 Filius
851 1135 932 1164 nos
954 1122 1027 1164 be-

315 1181 516 1223 ned1'cere
535 1185 578 1222 et
595 1179 798 1232 adjuvare
818 1178 1027 1231 dignetur.

370 1239 416 1288 Ru
446 1237 595 1277 Amen.

243 1296 277 1332 3.
318 1292 499 1346 Spiritus
534 1291 672 1333 sancti
707 1292 847 1343 gratia
876 1290 1028 1332 illumi-

315 1354 389 1391 net
407 1361 560 1390 sensus
579 1353 623 1390 et
643 1346 775 1390 corda
792 1352 952 1389 nostra.

370 1408 417 1459 R·.
446 1405 597 1446 Amen.

434 1474 484 1514 In
509 1474 560 1514 Π.
586 1473 807 1514 Nocturno.

368 1537 409 1570 Et
434 1546 502 1579 pro
529 1535 589 1568 ΙΙΙ.
615 1541 649 1568 ct
675 1533 735 1566 VI.
761 1533 879 1566 Furia.

506 1585 745 1626 Absolutio.

217 1639 382 1744 Ipsius
407 1643 546 1693 pietas
571 1646 614 1682 et
636 1639 933 1682 misericordia
950 1653 1031 1682 nos

281 1696 469 1748 Adiuvet,
501 1697 575 1749 qui
599 1709 696 1738 cum
720 1697 849 1738 Patre
872 1702 915 1739 et
939 1696 1030 1749 Spi-

218 1753 304 1795 ritu
331 1758 480 1795 sancto
508 1752 613 1795 vivit
639 1758 682 1795 et
708 1758 859 1803 regnat
884 1753 927 1794 in
955 1755 1031 1795 sa'e-

219 1808 314 1851 cula
333 1809 601 1851 saeculorum.
635 1811 683 1860 Ra
704 1810 854 1850 Amen.

462 1870 801 1912 Benedictiones.

247 1930 283 1967 4.
329 1927 443 1967 Deus
487 1925 615 1967 Pater
660 1927 935 1978 omnipotens
980 1926 1035 1968 sit

321 1979 447 2023 nobis
464 1981 679 2035 propitius
698 1987 741 2023 et
760 1982 959 2023 clemens.

378 2039 426 2089 Ru
453 2038 605 2079 Amen.

248 2095 284 2133 ἴ).
329 2092 523 2135 Christus
553 2095 776 2146 perpetuae
808 2094 882 2137 det
909 2095 1037 2138 nobis

323 2147 481 2199 gaudia
498 2149 611 2191 vitae.
656 2150 705 2200 R».
733 2150 884 2192 Amen.

250 2211 285 2246 (ὅ.
330 2208 474 2256 ignem
517 2205 583 2247 sui
628 2206 786 2247 amoris
830 2207 1038 2250 accendat

326 2260 446 2302 Deus
463 2261 506 2302 in
526 2260 730 2303 cordibus
749 2263 920 2304 nostris.

383 2315 428 2366 R·-
454 2317 604 2359 Amen.

438 2381 488 2421 In
510 2382 580 2422 111.
607 2382 829 2423 Nocturno.

328 2439 366 2471 131
394 2449 460 2481 pro
489 2438 592 2471 Furia
621 2437 678 2470 lxi
706 2444 739 2470 ct
765 2438 943 2470 Sabbata

517 2488 755 2528 Absolutio.

231 2541 484 2646 Avinculis
501 2551 779 2601 peccatorum
794 2551 1043 2591 nostrerum

334 2603 533 2646 absolvat
567 2617 647 2646 nos
689 2607 963 2658 omnipotens
998 2611 1042 2648 et

227 2660 473 2702 misericors
491 2660 712 2702 Dominus.
749 2665 795 2714 lx'g.
815 2663 965 2703 Amen.

316 226 1317 386 m(lNffSRPEss3Pff533xssilfflmo
1345 295 1519 331 Nox'EM
1546 294 1609 328 ET
1633 293 1793 328 TRIUM

895 354 999 389 LEC'
1078 352 1107 385 ,’
1137 351 1160 383 ’Δ
1189 378 1194 383 .

1100 613 1135 648 8.

1101 724 1137 761 9.

1079 944 1126 975 Sa

1080 1000 1124 1023 ne

1314 430 1659 473 Bcnedictiones.

1177 491 1437 543 Evangelica
1458 489 1588 531 lectio
1610 488 1667 530 sit
1684 486 1813 530 nobis
1833 499 1897 528 sa-

1175 549 1242 591 lus
1262 553 1306 590 et
1322 546 1552 601 protectio.
1590 547 1640 597 R».
1661 545 1815 586 Amen.

1180 605 1381 647 Divinum
1396 602 1602 645 auxilium
1614 603 1788 643 maneat
1798 613 1899 642 sem-

1177 667 1257 715 per
1275 660 1514 702 nobiscum.
1539 661 1589 711 R.
1611 658 1764 699 Amen.

1182 718 1251 760 Ad
1281 717 1537 760 societatem
1566 714 1726 757 civium
1751 725 1899 766 super-

1178 777 1332 816 norum
1354 772 1569 826 perducat
1592 783 1674 812 nos
1697 771 1795 812 Rex
1814 770 1899 810 An-

1177 831 1384 883 gelorum.
1422 832 1472 882 R.
1489 830 1642 870 Amen.
1685 835 1688 838 '

1130 894 1166 926 si
1205 893 1379 927 Officium
1418 893 1455 926 fit
1492 893 1538 926 dc
1576 892 1716 925 Sancto
1756 889 1816 923 vel
1855 887 1901 921 de

1132 947 1215 975 ncta
1242 952 1379 975 novem
1405 941 1645 981 Lectionum,
1671 943 1808 973 octava
1834 936 1902 970 Be-

1129 989 1246 1023 dictio
1272 990 1356 1024 crit:

1132 1040 1262 1091 Cujus
1291 1038 1449 1080 festum
1472 1037 1671 1086 colimus,
1698 1035 1794 1089 ipse
1819 1033 1904 1085 (vel

1078 1097 1194 1161 ipea)
1212 1094 1453 1137 intercedat
1476 1107 1558 1147 pro
1584 1093 1711 1136 nobis
1737 1092 1794 1134 ad
1816 1092 1904 1134 Do-

1080 1166 1252 1194 mmum.

1134 1211 1295 1252 Quando
1321 1215 1407 1244 sunt
1431 1210 1572 1253 plures,
1597 1209 1751 1243 dicitur:

1134 1265 1327 1313 Quorum
1342 1262 1422 1306 (vel
1439 1263 1648 1311 Quarum)
1661 1258 1821 1300 festum
1835 1259 1906 1299 06-

1081 1319 1223 1368 limus,
1255 1317 1339 1371 ipsi
1365 1317 1445 1363 (vel
1481 1317 1610 1370 ipsae)
1631 1313 1906 1358 intercedant

1080 1388 1133 1429 pr

1083 1487 1134 1520 Bc

1136 1388 1162 1417 o
1181 1374 1308 1417 nobis
1327 1373 1383 1416 ad
1401 1373 1648 1415 Dominum.

1134 1438 1173 1472 Si
1199 1437 1375 1471 Officium
1408 1437 1447 1470 fit
1473 1435 1520 1470 de
1544 1435 1579 1469 S.
1603 1433 1740 1473 Maria,
1769 1437 1908 1468 octava

1140 1485 1306 1519 nedictio
1332 1485 1415 1518 crit:

1135 1535 1264 1588 Cujus
1279 1534 1436 1576 festum
1450 1533 1646 1582 colimus,
1663 1532 1759 1585 ipsa
1768 1531 1908 1582 Virgo

1082 1591 1297 1643 virginum
1320 1589 1563 1632 intercedat
1589 1601 1672 1642 pro
1699 1587 1827 1630 nobis
1852 1585 1910 1629 ad

1083 1648 1331 1689 Dominum.

1087 1757 1136 1791 xli

1137 1708 1176 1743 Si
1203 1707 1239 1741 in
1265 1706 1397 1740 ultima
1423 1705 1603 1740 lectione
1628 1704 1832 1746 legendum
1862 1704 1911 1738 sit

1141 1755 1190 1790 ud
1217 1755 1271 1788 Lx
1276 1754 1468 1797 un..‹.11um
1494 1764 1578 1788 cum
1598 1752 1784 1793 Homilia,
1808 1762 1910 1786 nona

1088 1803 1311 1839 Benedictio
1336 1803 1420 1836 crit:

1143 1856 1219 1897 Per
1244 1854 1507 1907 Evangelica
1530 1852 1649 1896 dicta
1683 1853 1911 1896 deleamur

1085 1917 1236 1955 nostra
1254 1911 1425 1954 delicta.

1140 1980 1182 2014 In
1200 1979 1336 2014 Officio
1356 1979 1470 2012 trium
1487 1977 1710 2011 Lectionum
1735 1975 1915 2009 dicuntur

1090 2028 1366 2062 Absolutiones
1391 2030 1426 2060 ct
1451 2024 1748 2059 Benedictiones
1773 2021 1913 2066 praedi-

1089 2082 1139 2110 cta

1140 2087 1175 2110 υ.
1201 2075 1333 2109 ordine
1353 2074 1530 2117 superius
1549 2073 1586 2106 in
1604 2071 1783 2106 Rubricis
1800 2080 1912 2114 gene—

1091 2124 1234 2157 ralibus
1253 2123 1461 2165 descripto:
1480 2126 1515 2155 ct
1533 2121 1570 2155 in
1589 2130 1645 2161 eo,
1663 2119 1819 2164 quando
1836 2129 1913 2153 non

1091 2171 1228 2213 legitur
1255 2171 1421 2205 Ilomilia
1452 2180 1535 2203 cum
1560 2169 1704 2211 Evang.
1735 2171 1771 2201 et
1795 2167 1913 2201 Bene-

1092 2219 1280 2252 dictioncs
1314 2217 1510 2252 sumenda·
1543 2221 1630 2250 sunt
1664 2226 1710 2250 ex
1743 2215 1806 2249 III.
1837 2214 1914 2248 No-

1093 2273 1236 2307 cturno,
1260 2266 1381 2309 prima
1406 2264 1627 2299 Benedictio
1651 2263 1804 2298 dicitur:

1123 2329 1148 2366 1.

1197 2326 1273 2368 Ille
1308 2339 1389 2367 nos
1423 2325 1671 2377 benedicat,
1709 2326 1784 2378 qui
1821 2325 1916 2367 sine

1195 2381 1282 2423 fine
1301 2382 1406 2424 vivit
1430 2387 1473 2423 et
1491 2387 1654 2433 regnat.
1687 2382 1735 2433 Rv.
1762 2382 1916 2423 Amen.

1120 2443 1153 2479 2.
1197 2438 1399 2479 Divinum
1414 2438 1620 2480 auxilium
1630 2440 1804 2480 maueat
1815 2450 1917 2479 sem-

1196 2507 1275 2548 per
1294 2493 1532 2536 nobiscum.
1563 2497 1610 2547 Ru
1630 2496 1781 2536 Amen.

1120 2557 1155 2592 3.
1199 2550 1264 2592 Ad
1293 2551 1549 2593 societatem
1582 2552 1742 2592 civium
1769 2563 1917 2603 super-

1195 2609 1350 2649 n6rum
1372 2607 1586 2659 perducat
1608 2620 1689 2649 nos
1713 2608 1811 2649 Rex
1831 2608 1916 2648 An-

1197 2662 1403 2714 ge16rum.
1444 2666 1489 2715 Ιζι.
1511 2663 1661 2705 Amen.
1857 2677 1860 2682 ·
