2066 2956
603 190 779 223 Officium
807 191 978 223 votivum
1004 190 1050 224 cic
1076 191 1226 224 §anelis
1252 190 1422 231 Angelis.

212 292 283 332 Ad
303 292 473 342 Magnis.
508 292 607 331 Ant.
642 288 807 329 Omnes
836 290 936 327 sunt
960 286 984 312 *

156 343 514 387 administratorii
533 342 711 396 spiritus
733 342 777 382 in
795 342 984 383 ministe-

155 401 268 442 rium
285 400 407 442 missi
425 405 610 453 propter
633 412 726 449 eos,
754 398 828 450 qui
850 398 984 439 haere-

157 456 339 499 ditatem
361 456 538 509 capiunt
559 455 722 497 salutis.

496 518 659 557 Oratio.

248 586 340 623 euS,
373 573 449 625 qui
474 573 587 614 miro
616 570 770 613 Ordine
796 570 984 622 Angelo-

268 643 365 671 rum
391 630 644 679 ministeria,
671 628 985 680 hominumque

158 687 404 740 dispensas:
423 685 618 728 concede
639 684 874 738 propitius;
892 689 941 725 ut
960 697 982 725 a

158 743 316 796 quibus
339 742 420 784 tibi
442 741 788 784 ministrantibus
806 741 851 782 in
869 740 983 782 coelo

157 812 330 852 semper
356 799 591 849 assistitur,
619 799 674 840 ab
701 798 769 840 his
797 798 841 839 in
867 802 984 839 terra

158 857 249 898 vita
265 861 418 898 nostra
436 856 665 898 muniatur.
691 855 776 897 Per
794 855 922 895 Dfim.

317 936 404 977 Ad
436 936 822 978 matutinum.

214 999 338 1039 Invit.
369 998 532 1045 Regem
550 994 819 1044 Angelorum
838 993 985 1035 Demi-

156 1065 271 1101 num,
296 1055 318 1079 *
331 1052 491 1094 Venite
511 1049 754 1092 adoremus.

215 1109 281 1149 Ps.
309 1109 470 1157 Venite,
490 1106 767 1148 exsultemus.
785 1107 822 1147 2.

214 1169 423 1221 Hymnus.
459 1168 517 1207 'le
542 1162 760 1216 splendor.
788 1163 891 1216 [216]
925 1182 928 1186 ·

396 1246 445 1284 In
472 1246 501 1284 Ι.
530 1245 751 1283 Nocturno.

218 1307 314 1348 Ant.
351 1304 480 1347 Multa
497 1302 723 1355 magnalia.

454 1365 649 1403 l'salmus
679 1366 713 1401 8.

174 1464 176 1477 Ι
203 1472 205 1476 ἡ
246 1470 249 1474 y
292 1418 435 1459 emine
479 1417 695 1458 Deminus
748 1422 917 1467 noster,
966 1418 988 1443 *

173 1483 176 1524 ἱ
310 1487 441 1526 quam
462 1473 718 1516 admirabile
742 1479 809 1515 est
829 1487 988 1516 nomen

174 1535 242 1558 *ἓν*
307 1535 430 1572 tuum
448 1530 492 1572 in
510 1530 713 1572 universa
732 1530 864 1572 terra!

214 1587 432 1638 Queniam
447 1587 616 1629 elevata
632 1591 699 1628 est
712 1587 989 1638 magnificen-

162 1644 224 1685 tia
241 1648 327 1693 tua,
345 1643 369 1669 *
389 1657 522 1697 super
541 1643 690 1685 coelos.

214 1700 283 1741 Ex
310 1713 387 1742 ore
414 1699 643 1742 infantium
669 1705 712 1742 et
735 1700 989 1742 lactentium

163 1757 387 1809 perfecisti
400 1756 576 1798 laudem
593 1761 776 1810 propter
790 1757 990 1798 inimicos

163 1818 275 1864 tuOS,
293 1814 317 1840 *
337 1818 385 1856 ut
404 1813 606 1855 destruas
623 1813 847 1855 inimicum
868 1819 912 1856 et
930 1814 990 1855 ul-

163 1872 317 1912 terem.

218 1927 434 1977 Queniam
451 1925 613 1968 videbo
639 1925 778 1967 coelos
802 1930 918 1976 tuOS,
947 1928 991 1967 ό-

165 1995 273 2035 pera
301 1982 537 2034 digiterum
563 1983 756 2024 tuarum:
788 1982 812 2008 *
843 1982 991 2024 lunam

167 2043 211 2080 et
229 2038 387 2089 stellas,
408 2051 506 2092 quae
524 2043 573 2080 tu
591 2038 794 2080 fundasti.

219 2094 334 2146 Quid
354 2099 420 2137 est
437 2094 587 2144 homo,
613 2094 732 2147 quod
755 2107 924 2136 memor
945 2107 992 2136 es

168 2149 281 2203 ejus?
299 2152 323 2177 *
343 2156 419 2193 aut
435 2151 549 2192 filius
567 2151 766 2200 heminis,
786 2151 991 2203 queniam

167 2208 316 2250 visitas
337 2206 462 2250 eum?

217 2265 411 2306 Minuisti
448 2277 547 2306 eum
587 2264 720 2318 paulo
757 2264 899 2305 minus
935 2263 991 2304 ab

167 2321 363 2373 Angelis,
387 2321 526 2372 gleria
551 2326 595 2363 et
617 2321 785 2362 honere
810 2321 990 2362 corona-

166 2378 222 2419 sti
238 2391 352 2420 eum:
367 2378 390 2404 *
410 2382 454 2419 et
468 2378 732 2419 constituisti
747 2390 846 2419 eum
861 2389 992 2429 super

168 2435 304 2487 Opera
323 2436 531 2475 manuum
550 2436 734 2476 tuarum.

220 2491 377 2532 Omnia
421 2490 642 2542 subjecisti
688 2489 768 2531 sub
804 2488 992 2542 pedibus

174 1446 175 1454 κ
194 1427 265 1466 »⁷5

165 2548 266 2598 ejus,
285 2547 308 2573 *
328 2560 433 2589 oves
453 2552 496 2589 et
515 2546 655 2589 boves
674 2547 913 2587 universas:
932 2547 992 2585 in-

166 2607 299 2656 super
317 2608 361 2645 et
378 2605 542 2656 pecora
561 2603 716 2656 campi.

218 2659 435 2701 volucres
454 2660 566 2709 coeli,
585 2664 629 2701 et
646 2660 791 2712 pisces
810 2658 953 2706 maris,
967 2659 991 2683 *

166 2716 238 2767 qui
262 2716 568 2768 perambulant
588 2716 764 2757 semitas
784 2714 926 2755 maris.

1776 183 1867 228 [217]
1913 138 1921 394 Ι

1088 283 1279 325 Demine
1290 282 1506 323 Deminus
1521 285 1682 330 noster,
1692 281 1716 307 *
1733 294 1863 333 quam

1038 339 1294 382 admirabile
1315 343 1382 380 est
1400 351 1560 379 nomen
1575 342 1699 379 tuum
1716 337 1761 378 in
1776 338 1866 379 uni—

1038 398 1166 438 versa
1185 395 1317 438 terra!

1098 463 1194 502 Ant.
1225 456 1358 499 Multa
1382 455 1599 506 magnalia
1625 454 1680 497 de
1705 455 1866 496 Micha-

1039 514 1105 555 ele
1124 512 1422 563 Archangelo,
1449 512 1523 564 qui
1546 512 1671 554 fortis
1695 512 1738 553 in
1757 514 1867 564 prae-

1038 570 1097 611 lio
1118 569 1220 611 fecit
1239 569 1479 611 victeriam.

1094 639 1129 676 A
1138 643 1191 676 nt.
1222 630 1399 673 Gabriel
1418 629 1730 679 Archangelus.

1316 707 1510 746 l'sulnius
1544 710 1569 745 l(
1584 715 1603 745 t.

1042 763 1115 869 In
1133 768 1327 809 Demino
1347 765 1540 808 confido:
1565 765 1788 818 quemodo
1810 765 1869 806 di-

1110 825 1208 867 citis
1228 825 1384 866 animae
1399 836 1526 864 meae:
1546 822 1570 847 *
1586 822 1869 872 Transmigra

1040 884 1085 924 in
1103 886 1300 923 montem
1317 881 1430 922 sicut
1449 877 1626 932 passer?

1093 939 1311 990 Queniam
1331 950 1434 979 ecce
1452 938 1713 989 peccateres
1734 936 1868 977 inten-

1040 996 1199 1038 derunt
1217 1007 1382 1043 arcum,
1403 994 1669 1046 paraverunt
1688 994 1869 1042 sagittas

1041 1065 1142 1094 suas
1166 1052 1211 1092 in
1234 1051 1457 1104 pharetra,
1476 1050 1499 1075 *
1519 1054 1567 1091 ut
1594 1051 1801 1100 sagittent
1826 1048 1870 1088 in

1042 1109 1233 1151 obscuro
1253 1112 1400 1149 rectos
1421 1105 1566 1148 corde.

1094 1165 1313 1216 Queniam
1334 1177 1432 1216 quae
1452 1162 1684 1216 perfecisti,
1704 1161 1870 1203 destru-

1042 1224 1214 1263 xerunt:
1233 1221 1257 1247 *
1280 1221 1418 1273 justus
1443 1224 1590 1261 autem
1616 1218 1721 1271 quid
1745 1216 1870 1259 fecit?

1093 1278 1311 1319 Deminus
1332 1277 1374 1317 in
1393 1275 1560 1329 templo
1576 1280 1729 1316 sancto
1746 1275 1870 1323 suo,*

1042 1336 1257 1376 Deminus
1275 1335 1319 1375 in
1339 1333 1454 1375 coelo
1477 1332 1605 1374 sedes
1627 1333 1732 1384 ejus:

1096 1391 1223 1433 Oculi
1248 1391 1338 1442 ejus
1363 1390 1406 1430 in
1429 1393 1671 1442 pauperem
1695 1388 1871 1440 respici—

1043 1454 1135 1490 unt:
1162 1449 1185 1473 *
1213 1446 1441 1500 palpebrae
1476 1446 1565 1498 ejus
1599 1446 1871 1495 interrogant

1043 1505 1158 1546 filios
1180 1504 1416 1545 heminum.

1094 1561 1309 1602 Deminus
1351 1560 1594 1609 interrogat
1630 1559 1790 1610 justum
1828 1562 1871 1598 et

1042 1618 1240 1670 impium:
1255 1617 1279 1642 *
1300 1616 1374 1668 qui
1393 1620 1539 1656 autem
1560 1614 1700 1664 diligit
1719 1614 1871 1666 iniqui-

1042 1677 1190 1724 tatem,
1210 1673 1304 1714 odit
1324 1673 1513 1713 animam
1532 1684 1664 1712 suam.

1094 1731 1222 1772 Pluet
1241 1742 1374 1782 super
1397 1730 1655 1781 peccateres
1675 1727 1871 1779 laqueos:

1043 1790 1067 1815 *
1086 1787 1209 1838 ignis,
1230 1791 1274 1828 et
1293 1785 1486 1838 sulphur,
1511 1789 1555 1826 et
1575 1784 1753 1837 spiritus
1773 1795 1871 1836 pro-

1045 1844 1255 1886 cellarum
1273 1855 1377 1895 pars
1397 1841 1544 1883 calicis
1563 1843 1726 1882 eerum.

1098 1899 1315 1950 Queniam
1334 1899 1472 1951 justus
1490 1897 1724 1945 Deminus,
1753 1901 1797 1937 et
1815 1896 1872 1947 ju-

1046 1957 1186 1998 stitias
1225 1955 1390 1997 dilexit:
1418 1955 1440 1980 *
1474 1954 1728 2006 aequitatem
1766 1951 1874 1993 vidit

1044 2013 1190 2054 vultus
1210 2013 1312 2065 ejus.

1100 2076 1197 2114 Ant.
1227 2071 1404 2114 Gabriel
1429 2069 1731 2119 Archangelus
1755 2068 1872 2109 10ού-

1046 2135 1117 2172 tus
1142 2134 1209 2171 est
1227 2129 1378 2170 Mariae
1404 2126 1569 2168 dicens:
1592 2126 1708 2166 Ecce
1732 2126 1873 2166 conci-

1047 2186 1142 2238 pies
1169 2186 1214 2226 in
1240 2188 1367 2227 utero
1396 2189 1440 2225 et
1469 2183 1614 2236 paries
1642 2181 1799 2222 Filium
1831 2185 1874 2222 et

1046 2242 1228 2284 vocabis
1247 2253 1406 2282 nomen
1426 2240 1516 2292 ejus
1535 2239 1559 2279 J
1563 2252 1695 2280 esum.

1101 2305 1201 2343 Ant.
1225 2300 1476 2344 Benedicite
1494 2300 1637 2341 Deum
1657 2298 1769 2340 coeli.

1321 2371 1516 2410 l'salmus
1546 2371 1602 2408 14.

1047 2433 1278 2539 Demine
1307 2432 1404 2484 quis
1427 2429 1644 2471 habitabit
1667 2429 1711 2469 in
1731 2427 1873 2470 taber-

1146 2488 1304 2530 naculo
1333 2485 1435 2528 tuo?
1460 2488 1484 2512 *
1508 2491 1593 2534 aut,
1612 2487 1709 2538 quis
1732 2485 1874 2537 requi-

1047 2547 1167 2587 escet
1186 2545 1230 2585 in
1248 2548 1399 2585 monte
1419 2547 1572 2584 sancto
1591 2540 1691 2583 tuo?

1098 2601 1183 2652 Qui
1201 2599 1443 2651 ingreditur
1468 2599 1562 2640 sine
1581 2598 1768 2647 macula,
1787 2599 1810 2626 *
1831 2603 1874 2639 et

1045 2660 1255 2710 operatur
1274 2656 1497 2708 justitiam:

1097 2714 1180 2764 Qui
1203 2713 1398 2765 lequitur
1417 2712 1650 2753 veritatem
1672 2712 1716 2752 in
1736 2710 1870 2752 corde
