2066 2956
209 215 303 261 [186]

813 216 989 250 Officium
1015 215 1298 248 Defunctorum.

259 312 528 353 Annuntiavi
546 311 754 364 justitiam
770 316 891 353 tuam
909 311 953 352 in
968 323 1034 352 ec-

210 368 341 410 clesia
358 381 526 419 magna,
541 369 564 394 *
581 381 683 410 ecce
702 367 818 410 labia
834 380 933 409 mea
948 379 1034 408 non

209 424 470 478 prohibebo:
488 425 677 466 Demine
696 430 745 466 tu
763 425 894 466 scisti.

260 481 479 523 Justitiam
502 486 624 523 tuam
647 493 736 522 non
762 479 974 523 abscendi
991 480 1035 521 in

210 537 345 579 corde
376 551 492 580 meo:
522 540 546 564 *
578 537 810 580 veritatem
840 543 960 579 tuam
993 541 1036 578 et

210 593 400 636 salutare
419 599 542 636 tuum
562 593 662 636 dixi.

260 650 361 692 Non
381 650 594 693 abscendi
610 650 958 693 misericordiam
971 655 1036 692 tu-

210 720 295 756 am,
315 712 359 749 et
377 708 607 749 veritatem
625 713 745 750 tuam
763 708 787 734 *
807 720 832 748 a
851 707 1036 750 concilio

209 764 360 805 multo.

262 821 331 861 Tu
355 825 500 862 autem
525 821 713 863 Demine
743 834 799 863 ne
824 821 954 873 longe
977 822 1036 863 fa-

211 878 301 919 cias
325 877 628 919 miserationes
650 883 748 920 tuas
773 891 797 919 a
815 891 899 920 me:
918 881 941 904 *
960 879 1036 919 miâ€”

211 933 451 976 sericordia
476 939 552 975 tua
577 939 621 976 et
644 935 805 976 veritas
829 940 905 977 tua
927 948 1036 977 sem-

209 1004 289 1043 per
308 992 596 1043 susceperunt
614 1004 695 1033 me.

264 1047 481 1097 Queniam
532 1048 915 1091 circumdederunt
967 1061 1037 1090 me

211 1103 343 1153 mala,
370 1117 556 1156 quorum
578 1117 666 1146 non
690 1110 756 1147 est
774 1109 996 1147 numerus:
1014 1106 1037 1131 *

212 1160 640 1213 comprehenderunt
679 1175 750 1204 me
786 1163 1038 1214 iniquitates

211 1230 333 1267 meae,
353 1222 396 1259 et
414 1230 502 1259 non
520 1218 647 1270 potui
665 1224 714 1263 ut
732 1218 935 1261 viderem.

263 1273 565 1327 Multiplicatae
584 1280 685 1316 sunt
704 1288 837 1328 super
854 1275 1038 1328 capillos

213 1331 371 1383 eapitis
389 1331 491 1372 mei:
510 1332 533 1357 *
553 1336 597 1373 et
620 1344 697 1373 cor
720 1345 866 1374 meum
886 1332 1038 1374 dereli-

214 1388 307 1440 quit
324 1400 406 1429 me.

266 1444 550 1496 Complaceat
564 1444 643 1486 tibi
653 1445 842 1487 Demine
854 1450 902 1487 ut
913 1448 1040 1487 eruas

212 1514 297 1543 me:
316 1502 339 1527 *
358 1501 546 1542 Demine
570 1501 627 1543 ad
652 1500 947 1553 adjuvandum
970 1515 1040 1544 me

212 1558 394 1611 respice.

266 1614 598 1656 Confundantur
618 1620 661 1657 et
683 1618 968 1658 revereantur
987 1617 1040 1658 si-

212 1671 318 1720 mul,
347 1673 422 1723 qui
450 1677 651 1723 quaerunt
676 1673 864 1714 animam
887 1686 1041 1724 meam,

214 1728 237 1754 *
256 1732 304 1769 ut
323 1728 522 1770 auferant
541 1741 648 1770 eam.

268 1784 591 1826 Convertantur
619 1787 878 1836 retrorsum,
908 1792 951 1828 et
978 1800 1041 1829 re-

215 1843 448 1883 vereantur
467 1843 490 1868 *
511 1842 585 1894 qui
612 1842 764 1884 volunt
788 1843 893 1884 mihi
917 1844 1042 1884 mala.

267 1898 428 1939 Ferant
473 1898 702 1940 confestim
743 1900 1042 1942 confusionem

216 1967 357 2004 suam,
390 1956 414 1981 *
447 1955 521 2007 qui
560 1955 709 1997 dicunt
746 1956 867 1997 mihi:
902 1957 1042 2008 Euge,

216 2023 337 2062 euge.

268 2067 518 2118 Exsffltent,
547 2073 591 2110 et
615 2068 819 2110 laetentur
845 2082 976 2122 super
1000 2075 1043 2112 te

217 2137 369 2166 omnes
402 2127 649 2177 quaerentes
682 2130 743 2167 te:
770 2126 794 2151 *
822 2130 866 2167 et
898 2125 1045 2168 dicant

218 2193 406 2233 semper:
460 2181 765 2233 Magnificetur
815 2182 1044 2224 Dominus.

219 2238 293 2290 qui
312 2237 498 2289 diligunt
516 2238 707 2280 salutare
725 2243 858 2279 tuum.

270 2294 366 2345 Ego
408 2299 554 2336 autem
596 2294 824 2337 mendicus
865 2309 961 2336 sum
1002 2300 1045 2337 et

219 2363 400 2416 pauper:
433 2353 456 2379 *
485 2351 701 2393 Deminus
735 2351 947 2393 sollicitus
980 2357 1046 2394 est

220 2420 315 2448 mei.

272 2463 459 2516 Adiutor
472 2477 606 2515 meus,
622 2470 666 2506 et
681 2467 909 2518 protector
923 2479 1045 2507 meus

221 2523 269 2560 tu
288 2532 347 2560 es:
366 2522 389 2546 *
408 2521 529 2562 Deus
548 2535 670 2563 meus
690 2534 744 2563 ne
762 2521 1015 2564 tardaveris.

274 2575 487 2628 Requiem
508 2580 727 2619 aeternam.

276 2631 372 2670 Ant.
416 2634 700 2686 Complaceat
731 2635 811 2676 tibi
848 2635 1046 2685 Domine,

222 2692 271 2729 ut
290 2690 447 2741 eripias
465 2703 549 2732 me:
569 2692 755 2733 Demine
771 2690 829 2733 ad
842 2691 1046 2744 adjuvan-

224 2744 327 2786 dum
346 2758 415 2787 me
435 2747 615 2799 respice.

1141 315 1240 354 Ant.
1286 312 1401 353 Sana
1438 312 1625 354 Demine
1660 313 1685 338 *
1726 312 1913 354 animam

1085 380 1239 419 meam,
1259 369 1361 421 quia
1378 369 1562 422 peccavi
1579 369 1670 411 tibi.

1362 428 1557 469 Psalmus
1578 430 1647 469 40.

1091 479 1298 584 Beatus
1325 483 1399 535 qui
1432 481 1633 532 intelligit
1658 494 1790 534 super
1818 483 1913 533 ege-

1181 552 1301 589 num,
1340 543 1383 581 et
1418 541 1674 591 pauperem:
1706 538 1730 564 *
1764 538 1808 579 in
1844 537 1914 580 die

1087 595 1202 636 mala
1219 594 1423 637 liberabit
1443 607 1543 636 eum
1561 594 1787 636 Dominus.

1139 652 1354 693 Dominus
1373 653 1605 693 conservet
1624 663 1733 701 eum,
1753 655 1797 693 et
1810 651 1913 692 vivi-

1088 708 1190 750 ficet
1209 721 1319 758 eum,
1343 713 1387 750 et
1405 707 1584 750 beatum
1602 707 1734 749 faciat
1752 720 1853 750 eum
1870 707 1914 748 in

1088 770 1220 807 terra:
1239 765 1263 791 *
1283 770 1327 807 et
1352 777 1441 806 non
1465 762 1612 806 tradat
1637 776 1736 805 eum
1760 763 1805 805 in
1828 763 1914 805 ani-

1089 835 1206 863 mam
1224 821 1497 863 inimicorum
1516 821 1617 873 ejus.

1140 878 1355 919 Dominus
1388 890 1520 930 opem
1552 877 1664 919 ferat
1694 876 1757 917 illi
1785 888 1916 929 super

1088 934 1250 976 lectum
1282 933 1449 976 doloris
1482 934 1587 985 ejus:
1614 935 1638 961 *
1666 933 1915 975 universum

1091 995 1276 1033 stratum
1297 992 1387 1043 ejus
1405 990 1592 1032 versasti
1606 990 1650 1031 in
1664 989 1916 1031 infirmitate

1091 1060 1192 1100 ejus.

1142 1104 1237 1155 Ego
1258 1103 1362 1146 dixi:
1381 1103 1569 1146 Damine
1588 1103 1796 1145 miserere
1814 1102 1916 1144 mei:

1090 1164 1113 1189 *
1142 1174 1247 1203 sana
1276 1161 1465 1202 animam
1492 1172 1650 1209 meam,
1684 1160 1786 1211 quia
1816 1171 1915 1212 pec-

1091 1218 1188 1260 cavi
1207 1217 1297 1259 tibi.

1141 1275 1311 1316 Inimici
1334 1273 1422 1315 mei
1444 1273 1647 1315 dixerunt
1664 1272 1778 1314 mala
1796 1271 1917 1312 mihi:

1091 1332 1115 1358 *
1136 1330 1311 1384 quando
1336 1330 1563 1380 morietur,
1592 1335 1636 1371 et
1657 1328 1819 1409 peribit
1841 1340 1917 1369 no-

1091 1400 1191 1430 men
1212 1387 1323 1440 ejus?

1143 1445 1201 1486 Et
1233 1444 1270 1485 si
1301 1443 1629 1495 ingrediebatur
1659 1446 1708 1484 ut
1738 1440 1918 1490 videret,

1092 1514 1205 1543 vana
1232 1499 1514 1553 loquebatur,
1542 1500 1566 1526 *
1593 1512 1670 1541 cor
1701 1499 1792 1551 ejus
1818 1510 1919 1539 con-

1093 1557 1291 1610 gregavit
1309 1557 1582 1609 iniquitatem
1604 1555 1696 1598 sibi.

1144 1613 1465 1665 Egrediebatur
1491 1613 1627 1663 foras,
1650 1614 1674 1640 *
1700 1617 1744 1654 et
1770 1611 1919 1664 loque-

1093 1671 1222 1713 batur
1239 1671 1283 1712 in
1301 1669 1503 1723 idipsum.

1146 1725 1396 1769 Adversum
1436 1739 1506 1768 me
1549 1725 1836 1767 susurrabant
1875 1737 1920 1767 oÎ‡

1094 1797 1218 1826 mnes
1243 1783 1405 1824 inimici
1426 1783 1527 1825 mei:
1545 1783 1569 1809 *
1593 1782 1828 1824 adversum
1850 1794 1920 1823 me

1096 1840 1352 1892 cogitabant
1369 1839 1485 1881 mala
1503 1839 1619 1880 mihi.

1147 1897 1344 1940 Verbum
1374 1897 1571 1949 iniquum
1602 1895 1922 1937 constituerunt

1096 1954 1328 1997 adversum
1347 1966 1431 1995 me:
1446 1956 1469 1980 Â¹â¸Â¹
1483 1951 1710 2004 Numquid
1729 1952 1805 2004 qui
1824 1951 1920 1993 dor-

1095 2012 1175 2054 mit
1194 2023 1281 2052 non
1301 2009 1474 2062 adjiciet
1493 2015 1541 2052 ut
1559 2006 1784 2060 resurgat?

1148 2068 1323 2110 Etenim
1340 2067 1473 2109 homo
1493 2066 1614 2120 pacis
1632 2078 1754 2115 meae,
1772 2065 1816 2106 in
1835 2077 1922 2117 quo

1098 2125 1328 2178 speravi*
1349 2123 1423 2176 qui
1445 2122 1605 2166 edebat
1629 2134 1766 2175 panes
1787 2133 1923 2170 meOS,

1096 2181 1393 2234 magnificavit
1417 2192 1549 2232 super
1578 2192 1649 2220 me
1675 2177 1923 2231 supplanta-

1098 2240 1275 2281 tionem.

1149 2296 1219 2337 Tu
1238 2300 1384 2336 autem
1397 2294 1586 2335 Domine
1605 2292 1811 2333 miserere
1827 2291 1923 2342 mei,

1099 2357 1144 2394 et
1162 2351 1376 2393 resuscita
1394 2363 1479 2392 me:
1494 2351 1517 2376 *
1533 2354 1577 2391 et
1594 2348 1834 2390 retribuam
1852 2347 1924 2389 eis.

1151 2409 1202 2449 In
1233 2407 1317 2449 hoc
1351 2406 1538 2457 cognevi
1571 2405 1776 2457 quoniam
1803 2403 1923 2445 volu-

1099 2466 1172 2506 isti
1201 2477 1286 2506 me:
1309 2465 1333 2489 *
1361 2464 1567 2516 queniam
1598 2474 1687 2503 non
1717 2460 1925 2512 gaudebit

1100 2522 1298 2562 inimicus
1316 2533 1438 2562 meus
1457 2532 1589 2572 super
1607 2530 1688 2559 me.

1152 2578 1223 2619 Me
1248 2582 1393 2618 autem
1423 2580 1608 2628 propter
1632 2573 1926 2615 innocentiam

1101 2633 1349 2687 suscepisti:
1367 2635 1391 2659 *
1417 2637 1461 2673 et
1489 2630 1756 2673 confirmasti
1783 2643 1853 2671 me
1881 2630 1925 2670 in

1101 2692 1341 2743 conspeetu
1359 2694 1435 2730 tuo
1455 2689 1499 2729 in
1518 2689 1740 2730 aeternum.

1152 2746 1417 2789 Benedictus
1457 2744 1672 2786 Deminus
1708 2743 1829 2785 Deus
1865 2743 1925 2784 Is-
