2066 2956
472 187 646 221 Officium
672 187 844 221 votivum
871 187 916 221 de
942 186 997 221 Ss.
1018 187 1272 221 Eucharistiae
1297 187 1553 222 sacramento.

214 284 406 324 Fuerunt
431 281 538 322 mihi
563 280 754 322 lacrimae
779 293 889 321 meae
913 293 986 333 pa-

162 351 240 381 nes
272 338 342 380 die
373 351 425 380 ac
456 341 605 378 nocte:
639 338 662 363 *
696 335 799 378 dum
831 335 987 378 dicitur

162 395 267 436 mihi
287 393 498 447 quotidie:
526 392 612 435 Ubi
636 397 703 434 est
721 392 842 434 Deus
862 392 985 434 tuus?

214 452 324 492 Haec
349 449 607 492 recordatus
635 462 749 499 sum,
783 452 826 490 et
854 448 987 490 effudi

163 508 206 549 in
232 520 302 549 me
330 507 518 548 animam
544 518 703 548 meam:
730 506 754 532 *
783 505 988 557 quoniam

1251 280 1391 320 Mense
1418 279 1652 319 Februario.

1040 350 1193 390 Sermo
1221 349 1359 390 sancti
1382 348 1529 390 Joafiis
1554 347 1865 400 Chrysostomi.

1183 413 1351 447 Homilia
1375 413 1426 446 61.
1452 413 1499 446 ad
1526 423 1613 455 pop.
1643 413 1725 446 Ant.

1343 474 1493 515 Lectio
1516 474 1566 513 iv.

1063 538 1074 539 ”
1107 547 1141 567 4
1163 534 1435 608 ecessarium
1467 540 1534 576 est
1546 567 1553 584 ,
1587 534 1864 584 dilectissimi,

162 563 359 607 transibo
383 564 426 604 in
450 563 597 605 locum
620 561 891 604 tabernaculi
915 561 986 602 ad·
1044 558 1051 619 ᾗ
1076 591 1089 622 ἰ,
1099 558 1138 603 1.-
1158 580 1161 582 ·

161 619 380 670 mirabilis,
409 632 549 672 usque
577 618 634 660 ad
662 618 840 660 domum
867 617 962 659 Dei.

213 677 264 717 In
287 689 397 718 voce
422 675 734 724 exsultationis,
758 679 802 715 et
822 673 986 715 confes-

163 733 314 774 sionis:
341 733 365 758 *
393 744 526 773 sonus
554 730 781 784 epulantis.

214 790 358 840 Quare
390 788 526 830 tristis
559 800 606 829 es
638 787 781 828 anima
808 784 932 827 mea?
963 786 987 811 *

163 850 207 887 et
234 858 369 897 quare
396 843 633 887 conturbas
660 841 754 884 me?

182 942 193 952 ,
213 902 352 954 Spera
381 902 426 942 in
453 901 570 950 Deo,
607 900 814 952 quoniam
845 897 988 939 adhue

163 957 406 1000 confitebor
442 957 522 998 illi:
558 958 581 982 *
618 955 808 997 salutare
842 954 986 995 vultus

161 1014 259 1064 mei,
287 1019 331 1056 et
356 1014 478 1055 Deus
504 1025 638 1055 meus.

214 1069 286 1112 Ad
304 1072 520 1123 meipsum
539 1069 680 1110 anima
698 1080 796 1109 mea
815 1071 986 1108 contur-

162 1127 267 1169 bata
294 1132 378 1168 est:
405 1127 428 1152 *
455 1127 689 1179 propterea
716 1136 884 1166 memor
912 1135 987 1164 ero

162 1183 225 1225 tui
252 1182 307 1225 de
335 1188 452 1224 terra
479 1182 503 1223 J
506 1180 700 1231 ordanis,
733 1186 777 1222 et
804 1180 986 1221 Hermo-

162 1239 266 1280 niim
293 1252 319 1280 a
345 1243 494 1280 monte
521 1237 708 1279 modico.

214 1295 414 1348 Abyssus
443 1294 649 1347 abyssum
676 1296 867 1342 invocat,
894 1294 917 1319 *
944 1291 988 1332 in

162 1365 271 1394 voce
300 1353 619 1393 cataractarum
644 1352 828 1392 tuarum.

214 1408 371 1450 Omnia
389 1407 563 1449 excelsa
580 1411 666 1456 tua,
686 1411 730 1448 et
748 1406 905 1447 fluctus
924 1404 987 1445 tui

162 1467 187 1492 ¹⁸¹
214 1477 346 1517 super
372 1476 443 1505 me
469 1463 743 1505 transierunt.

213 1521 265 1562 In
289 1520 359 1563 die
382 1518 606 1562 mandavit
629 1519 723 1562 Dfis
745 1520 987 1561 misericor-

163 1577 280 1620 diam
289 1587 427 1618 suam:
437 1577 461 1603 *
469 1581 513 1618 et
522 1580 652 1618 nocte
661 1576 878 1618 canticum
888 1577 987 1628 ejus.

215 1632 349 1687 Apud
366 1646 437 1675 me
461 1632 604 1674 oratio
623 1632 720 1674 Deo
743 1632 845 1674 vitae
867 1645 987 1682 meae,

163 1692 187 1718 *
215 1690 358 1732 dicam
379 1689 493 1731 Deo:
520 1689 760 1742 Susceptor
783 1701 905 1730 meus
930 1702 988 1730 es.

215 1748 358 1798 Quare
379 1745 539 1788 oblitus
559 1758 606 1787 es
622 1743 730 1787 mei?
750 1747 774 1772 *
795 1750 839 1787 θῖ
854 1758 988 1797 quare

163 1803 445 1845 contristatus
481 1802 657 1853 incedo,
696 1801 800 1844 dum
836 1802 989 1853 affligit

163 1872 233 1901 me
260 1857 481 1900 inimicus?

214 1916 330 1956 Dum
354 1915 684 1966 confringuntur
709 1927 810 1956 ossa
833 1926 939 1963 mea,
965 1915 988 1940 *

165 1970 541 2024 exprobraverunt
559 1970 664 2011 mihi
684 1971 758 2023 qui
779 1969 988 2012 tribulant

164 2041 234 2069 me
259 2027 421 2070 inimici
447 2026 543 2068 mei.

215 2083 334 2124 Dum
364 2082 514 2124 dicunt
543 2081 650 2124 mihi
682 2094 762 2134 per
794 2081 987 2132 singulos

165 2140 275 2182 dies:
301 2138 388 2181 Ubi
415 2143 482 2180 est
505 2139 625 2180 Deus
653 2137 778 2180 tuus?
806 2138 830 2164 *
855 2150 988 2190 quare

164 2197 303 2238 tristis
323 2208 369 2238 es
389 2195 534 2236 anima
548 2207 656 2253 mea,
677 2198 720 2236 et
737 2206 869 2246 quare
889 2207 988 2235 con-

165 2252 316 2295 turbas
340 2250 433 2293 me?

216 2310 354 2361 Spera
385 2308 429 2348 in
458 2307 573 2358 Deo,
609 2307 814 2359 quoniam
845 2306 989 2348 adhuc

165 2364 408 2407 confitebor
443 2363 522 2404 illi:
558 2365 581 2390 *
618 2363 807 2406 salutare
844 2363 988 2405 vultus

164 2422 260 2472 mei,
287 2426 331 2463 et
358 2421 479 2462 Deus
506 2432 640 2461 meus.

217 2479 315 2520 Ant.
341 2480 390 2519 In
412 2489 522 2518 voce
546 2476 848 2517 exsultationis
872 2476 987 2516 reso-

165 2538 269 2576 nent
288 2533 515 2586 epulantes
533 2532 577 2573 in
595 2545 745 2574 mensa
763 2531 949 2573 Domini.

218 2587 270 2638 V.
309 2589 480 2632 Cibavit
514 2589 612 2631 illos
649 2602 702 2630 ex
740 2588 870 2640 adipe
905 2587 988 2628 fru-

165 2646 309 2687 menti.
346 2649 397 2701 R.
421 2646 477 2687 Et
496 2644 551 2687 de
569 2649 705 2697 petra,
728 2644 856 2685 melle
875 2648 987 2684 satu-

168 2702 281 2744 ravit
298 2714 386 2744 eos.

319 2844 382 2868 Pars
398 2845 491 2869 Verna.

1071 600 1105 652 ᾗ)
1137 609 1165 633 „1
1186 591 1494 643 mysteriorum
1535 590 1702 632 discere
1740 591 1865 631 mira-

1187 648 1342 697 culum,
1367 646 1588 699 quodnam
1610 647 1675 696 sit‚
1700 653 1742 688 et
1763 660 1863 699 qua-

1041 715 1088 744 re
1112 703 1167 744 sit
1187 703 1346 753 datum,
1372 709 1415 745 θῖ
1438 716 1536 755 quae
1561 704 1650 755 ejus
1674 703 1737 744 rei
1756 703 1864 744 utili-

1040 764 1118 800 tas.
1146 760 1290 802 Unum
1310 773 1470 812 corpus
1491 759 1714 800 efficimur:
1734 772 1864 800 mem-

1041 815 1138 866 bra,
1171 817 1328 869 inquit,
1361 829 1414 858 ex
1443 828 1572 858 carne
1601 817 1710 868 ejus,
1742 820 1785 857 et
1812 828 1866 857 ex

1042 873 1214 914 ossibus
1238 874 1343 925 ejus:
1370 875 1604 925 sequamur
1626 877 1770 914 autem
1789 872 1865 912 ini-

1041 929 1146 979 tiati,
1167 942 1264 981 quae
1284 929 1497 971 dicuntur.
1533 929 1592 970 Ut
1610 931 1757 980 itaque
1778 942 1866 970 non

1041 990 1208 1027 tantum
1233 999 1312 1039 per
1341 987 1568 1027 caritatem
1591 985 1675 1026 hoc
1699 985 1865 1034 fiamus,

1042 1054 1192 1083 verum
1219 1043 1349 1084 etiam
1372 1042 1468 1094 ipsa
1492 1054 1554 1091 re,
1582 1042 1625 1082 in
1651 1041 1768 1082 illam
1791 1042 1865 1082 mi—

1041 1100 1239 1139 sceamur
1263 1111 1450 1140 carnem:
1475 1098 1560 1139 hoc
1580 1110 1767 1149 namque
1787 1111 1866 1150 per

1042 1167 1186 1195 escam
1211 1154 1412 1204 efficitur,
1440 1167 1569 1206 quam
1594 1154 1774 1205 largitus
1801 1159 1866 1195 est

1040 1210 1187 1261 nobis,
1230 1211 1381 1252 volens
1423 1210 1656 1252 ostendere
1698 1209 1865 1252 deside-

1040 1267 1151 1308 rium
1180 1267 1300 1319 quod
1328 1280 1430 1318 erga
1457 1280 1537 1309 nos
1565 1266 1707 1309 habet.
1761 1267 1863 1308 Pro-

1040 1325 1193 1376 pterea
1217 1326 1501 1376 semetipsum
1521 1323 1648 1365 nobis
1669 1324 1865 1373 imiscuit,

1041 1384 1084 1421 et
1108 1392 1267 1432 corpus
1292 1393 1417 1421 suum
1443 1381 1487 1421 in
1510 1392 1590 1421 nos
1616 1385 1864 1432 contempe-

1040 1436 1170 1486 ravit,
1207 1442 1255 1478 ut
1287 1450 1419 1478 unum
1453 1435 1557 1489 quid
1593 1436 1726 1477 simus
1758 1442 1864 1478 tam-

1042 1505 1171 1544 quam
1215 1505 1375 1546 corpus
1419 1493 1551 1545 capiti
1594 1495 1865 1545 coaptatum:

1040 1548 1244 1591 ardenter
1263 1550 1376 1591 enim
1396 1549 1634 1591 amantium
1653 1549 1739 1591 hoc
1758 1556 1833 1592 θεῖ.

1094 1616 1143 1667 R.
1169 1614 1451 1656 Coenantibus
1483 1613 1568 1654 illis
1601 1614 1770 1667 accepit
1797 1615 1863 1656 Je-

1041 1682 1115 1710 sus
1136 1682 1304 1722 panem,
1330 1675 1373 1712 et
1395 1669 1628 1719 benedixit,
1656 1683 1707 1711 ac
1727 1670 1864 1721 fregit,

1041 1724 1250 1778 deditque
1279 1726 1502 1779 discipulis
1531 1725 1634 1776 suiS,
1669 1731 1711 1768 et
1739 1727 1814 1768 ait:
1840 1726 1861 1747 *¹

1039 1781 1250 1834 Accipite,
1270 1787 1313 1824 et
1326 1781 1563 1824 comedite:
1582 1781 1667 1823 hoc
1685 1787 1751 1823 est
1771 1795 1863 1824 cor-

1040 1851 1122 1890 pus
1141 1851 1298 1880 meum.
1321 1830 1372 1883 V.
1387 1838 1602 1879 Dixerunt
1621 1838 1701 1879 viri
1722 1838 1861 1880 taber-

1039 1894 1183 1935 naculi
1210 1895 1309 1936 mei:
1342 1895 1447 1945 Quis
1476 1894 1550 1936 det
1579 1894 1633 1936 de
1661 1894 1863 1936 carnibus

1041 1950 1141 2001 ejus,
1168 1955 1216 1992 ut
1243 1948 1508 1992 saturemur?
1563 1950 1773 2003 Accipite.

1348 2019 1498 2060 Lectio
1519 2032 1556 2059 v.
1656 2042 1659 2045 -

1041 2076 1326 2183 Tamquam
1365 2080 1516 2122 leones
1553 2079 1683 2130 igitur
1721 2079 1864 2129 ignem

1143 2137 1360 2189 spirantes
1387 2135 1442 2178 ab
1470 2136 1543 2177 illa
1570 2147 1720 2176 mensa
1747 2147 1862 2176 rece·

1041 2192 1210 2243 damus,
1234 2193 1337 2235 facti
1361 2192 1538 2234 diabolo
1562 2190 1793 2241 terribiles,
1821 2197 1863 2233 et

1040 2255 1172 2302 caput
1194 2255 1392 2291 nostrum
1412 2253 1557 2290 mente
1577 2246 1862 2296 revolventes,

1041 2311 1084 2347 et
1104 2306 1330 2348 caritatem
1350 2318 1480 2356 quam
1498 2317 1602 2355 erga
1620 2316 1701 2345 nos
1721 2306 1861 2345 osten-

1041 2362 1114 2403 dit.
1166 2362 1280 2403 Nam
1316 2363 1520 2414 parentes
1558 2359 1733 2412 quidem
1768 2360 1861 2402 aliis

1041 2431 1159 2471 saepe
1191 2418 1304 2459 filios
1335 2417 1512 2459 tradunt
1544 2416 1742 2458 alendos:
1778 2429 1860 2467 ego

1040 2481 1200 2524 autem,
1227 2474 1382 2526 inquit,
1410 2486 1497 2514 non
1521 2473 1597 2522 ita,-
1623 2471 1702 2514 sed
1725 2473 1860 2514 carni-

1038 2531 1121 2573 bus
1152 2531 1259 2572 meis
1291 2530 1380 2579 alo,
1416 2534 1460 2572 et
1489 2531 1704 2581 meipsum
1735 2529 1860 2570 vobis

1040 2589 1228 2640 appono,
1247 2599 1327 2627 vos
1346 2598 1496 2627 omnes
1513 2587 1750 2636 generosos
1765 2598 1861 2626 esse

1039 2644 1203 2692 volens,
1228 2648 1271 2683 et
1295 2654 1418 2694 spem
1442 2641 1602 2683 bonam
1627 2641 1681 2683 de
1705 2641 1859 2682 futuris

1007 2722 1010 2727 -
1040 2699 1167 2741 vobis
1195 2698 1415 2751 praebens:
1444 2698 1606 2750 quippe
1634 2697 1708 2749 qui
1736 2697 1860 2739 vobis
