2066 2904
225 184 294 228 [56]

506 278 700 318 l'salmus
723 280 778 317 14.

260 355 499 397 [ssssffiormne
533 343 629 394 quis
662 341 876 383 habitabit
911 341 953 381 in
989 346 1051 381 ta-

264 420 299 445 <ff
381 399 618 441 bernaculo
655 397 754 441 tuo?
787 399 823 424 *'
843 403 918 439 aut
954 397 1050 449 quis

262 451 345 481 ’χέ’-’ἓ
381 456 626 508 requiescet
651 456 694 496 in
721 459 870 496 monte
897 459 1049 495 sancto

222 511 324 554 tuo?

276 569 358 619 Qui
382 568 621 620 ingreditur
645 569 737 609 sine
755 566 936 616 macula,
955 567 979 592 *
1008 571 1051 608 et

224 628 431 678 operatur
450 625 671 677 justitiam:

276 682 360 732 Qui
382 681 575 733 loquitur
598 682 827 723 veritatem
853 681 895 721 in
916 679 1050 721 corde

223 751 314 787 suo,
329 739 352 763 *
369 738 442 790 qui
461 750 548 778 non
567 738 655 789 egit
675 737 822 779 dolum
842 737 885 777 in
904 736 1050 787 lingua

224 807 322 836 sua:

274 851 369 892 Nec
392 851 496 893 fecit
514 850 715 904 proximo
735 862 815 891 suo
835 849 1007 898 malum,
1026 849 1050 874 *

225 912 267 948 et
288 907 574 960 oppr6brium
596 919 682 947 non
706 906 875 958 accepit
899 905 1050 947 adver-

223 977 296 1004 sus
316 964 540 1016 proximos
560 976 674 1004 suos.

274 1019 346 1061 Ad
365 1019 545 1061 nihilum
564 1018 779 1061 deductus
800 1024 866 1060 est
888 1018 932 1058 in
952 1031 1051 1059 con-

223 1078 377 1128 spectu
406 1077 496 1128 ejus
523 1075 751 1126 malignus:
788 1076 811 1100 *
848 1075 1050 1116 timentes

226 1138 371 1174 autem
389 1132 627 1173 Dominum
646 1131 877 1182 glorificat:

276 1189 359 1239 Qui
387 1190 498 1240 jurat
526 1189 728 1241 proximo
759 1200 853 1238 suo,
892 1193 935 1229 et
962 1200 1050 1229 non

225 1245 402 1297 decipit,
427 1245 450 1270 *
480 1245 553 1298 qui
572 1245 803 1298 pecliniam
823 1257 946 1286 suam
963 1257 1051 1285 non

225 1301 346 1343 dedit
365 1301 421 1343 ad
441 1305 628 1351 usuram,
657 1306 700 1343 et
718 1304 900 1343 munera
920 1313 1052 1353 super

224 1358 500 1400 innocentem
520 1371 607 1399 non
627 1357 813 1410 accepit:

200 1426 201 1429 ’
277 1414 360 1464 Qui
386 1414 489 1455 facit
510 1414 622 1464 haec,
645 1415 668 1440 *
696 1427 783 1456 non
806 1413 1052 1456 movebitur

225 1470 268 1511 in
296 1472 518 1513 aeternum.

284 1540 379 1577 Ant.
412 1535 537 1577 Dabo
570 1536 732 1577 sanctis
765 1536 873 1577 meis
906 1535 1053 1577 locum

225 1591 493 1633 nominatum
530 1592 574 1632 in
606 1605 742 1644 regno
775 1592 919 1634 Patris
955 1593 1052 1642 mei,

226 1646 331 1688 dicit
358 1647 582 1689 Deminus.

287 1714 382 1751 Ant.
412 1713 598 1763 Sancti&
634 1714 709 1765 qui
735 1714 779 1754 in
808 1719 926 1755 terra
955 1719 1054 1756 sunt

228 1768 333 1818 ejus,
353 1769 375 1793 *
403 1769 651 1811 mirificavit
678 1783 830 1812 omnes
858 1771 1054 1813 volunta-

203 1828 293 1865 ‘tes
321 1837 440 1866 meas
468 1826 580 1867 inter
607 1826 716 1868 illos.

512 1910 703 1949 psalmus
727 1912 781 1949 15.

234 1968 493 2075 Conserva
513 1982 582 2011 me
610 1970 813 2020 Domine,
851 1972 1056 2023 quoniam

321 2025 494 2077 speravi
522 2025 565 2066 in
593 2031 647 2067 te.
672 2026 696 2052 *
720 2027 822 2067 Dixi
850 2028 1056 2069 Domino:

228 2080 349 2122 Deus
373 2094 497 2123 meus
522 2095 568 2124 es
591 2087 654 2132 tu,
689 2084 895 2135 quoniam
920 2083 1055 2126 bono-

229 2149 325 2178 rurn
343 2140 541 2179 meorum
560 2151 648 2180 non
668 2151 780 2190 eges.

280 2194 465 2244 Sanctis,
492 2195 565 2248 qui
585 2200 685 2236 sunt
707 2196 750 2236 in
768 2201 885 2237 terra
905 2197 1009 2248 ejus,
1034 2198 1056 2222 *

230 2250 476 2293 mirificavit
499 2264 652 2293 omnes
671 2252 918 2295 voluntates
937 2267 1057 2295 meas

231 2306 274 2346 in
294 2307 367 2348 eis.

283 2362 581 2416 Multiplicatae
632 2370 732 2407 sunt
785 2365 1058 2408 infirmitates

234 2420 398 2460 eorum:
417 2421 440 2446 *
459 2423 615 2473 postea
634 2422 997 2464 acceleraverunt.

284 2475 384 2516 Non
430 2477 708 2528 congregabo
757 2479 1059 2520 conventicula

235 2533 385 2572 eorum
410 2532 464 2574 de
493 2534 790 2585 sanguinibus,
814 2535 837 2561 *
863 2548 943 2576 nec
973 2549 1058 2577 me-

235 2599 331 2684 gior
363 2600 438 2629 ero
466 2591 688 2632 nominum
713 2594 865 2633 eorum
894 2604 973 2644 per
1001 2592 1059 2632 la-

267 2656 307 2684 ia
326 2657 433 2685 mea.

288 2700 501 2742 Dominus
524 2715 626 2754 pars
649 2703 919 2746 haereditatis
938 2717 1060 2754 meae,

454 185 661 215 (Iomnium-
691 182 938 224 plurimorum
968 180 1173 222 Martyrum
1200 185 1306 211 extra
1332 184 1482 220 tempus
1510 177 1706 210 Pas-chalc.

1104 280 1148 317 et
1167 275 1316 318 calicis
1334 277 1434 318 mei:
1453 277 1477 302 *
1495 281 1543 318 tu
1564 289 1622 325 es,
1642 276 1715 329 qui
1731 279 1936 319 restitues

1104 331 1408 374 haereditatem
1426 345 1570 374 meam
1588 332 1704 374 mihi.

1157 389 1302 430 Funes
1317 389 1569 431 ceciderunt
1582 389 1687 430 mihi
1702 390 1745 430 in
1755 389 1936 443 praecla—

1105 446 1179 486 ris:
1203 446 1226 471 ¹⁸¹
1252 446 1412 487 etenim
1442 446 1678 488 haereditas
1703 459 1801 488 mea
1824 459 1935 500 prae-

1106 502 1223 544 clara
1242 508 1310 544 est
1327 503 1443 544 mihi.

1156 559 1424 601 Benedicam
1459 559 1717 610 Dominum,
1755 560 1829 613 qui
1864 562 1936 601 tri-

1104 615 1199 657 buit
1217 616 1322 657 mihi
1345 616 1629 658 intellectum:
1647 617 1671 642 *
1690 618 1869 670 insuper
1894 621 1937 658 et

1104 685 1245 725 usque
1264 672 1320 714 ad
1338 678 1515 714 noctem
1536 673 1849 726 increpuerunt
1865 686 1937 715 me

1105 742 1232 771 renes
1250 742 1347 771 mei.

1156 785 1451 827 Providebam
1482 785 1720 827 Deminum
1756 786 1800 827 in
1837 798 1936 828 con-

1105 844 1259 895 speetu
1286 854 1385 884 meo
1414 855 1603 895 semper:
1627 843 1650 868 *
1677 842 1884 895 quoniam
1911 855 1937 884 a

1105 898 1272 940 dextris
1291 904 1359 940 est
1377 898 1494 948 mihi,
1512 911 1567 940 ne
1587 901 1879 941 commovear.

1155 955 1346 1008 Propter
1386 955 1471 997 hoc
1511 955 1710 997 laetatum
1750 961 1818 998 est
1859 969 1937 998 cor

1104 1025 1265 1062 meum,
1305 1017 1349 1054 et
1381 1012 1616 1054 exsultavit
1646 1011 1794 1064 lingua
1823 1025 1937 1055 mea:

1104 1069 1128 1095 *
1156 1071 1334 1121 insuper
1362 1074 1406 1110 et
1434 1081 1538 1110 caro
1565 1081 1663 1110 mea
1690 1069 1938 1122 requiescet

1104 1139 1148 1166 m
1167 1139 1256 1178 spe.

1159 1182 1375 1233 Quoniam
1411 1195 1500 1223 non
1537 1181 1815 1235 derelinques
1851 1184 1938 1225 ani-

1106 1252 1223 1280 mam
1250 1252 1394 1281 meam
1422 1239 1466 1279 in
1493 1239 1678 1280 inferno:
1705 1240 1728 1265 ¹⁸¹
1755 1252 1837 1282 nec
1866 1239 1938 1282 da-

1106 1295 1174 1337 bis
1211 1301 1409 1337 sanctum
1446 1300 1570 1337 tuum
1606 1295 1756 1338 videre
1790 1309 1937 1338 corru-

1106 1353 1314 1405 pti6nem.

1157 1409 1299 1450 Notas
1322 1409 1428 1450 mihi
1450 1409 1593 1451 fecisti
1611 1410 1704 1451 vias
1722 1410 1841 1460 vitae,
1865 1409 1938 1452 ad-

1106 1465 1310 1519 implebis
1328 1479 1399 1507 me
1418 1466 1570 1508 laetitia
1590 1479 1689 1508 cum
1703 1466 1829 1508 vultu
1846 1471 1940 1509 tuo:

1106 1523 1130 1549 *
1155 1522 1472 1564 delectationes
1496 1523 1539 1564 in
1565 1522 1748 1565 dextera
1771 1528 1847 1565 tua
1871 1537 1939 1565 us-

1109 1592 1194 1632 que
1212 1579 1256 1620 in
1275 1579 1418 1621 finem.
1918 1589 1928 1592 ’

1167 1645 1265 1683 Ant.
1296 1641 1483 1689 Sanctis,
1521 1640 1596 1692 qui
1620 1640 1664 1681 in
1691 1645 1811 1682 terra
1839 1646 1941 1683 sunt

1108 1698 1216 1749 ejus,
1250 1697 1498 1738 mirificavit
1517 1709 1669 1738 omnes
1689 1697 1939 1740 voluntates

1107 1767 1228 1795 meas
1247 1754 1361 1796 inter
1379 1753 1490 1794 illos.

1169 1822 1265 1860 Ant.
1293 1818 1442 1860 Sancti
1471 1819 1546 1871 qui
1573 1823 1753 1871 sperant
1779 1818 1824 1860 in
1849 1819 1939 1860 Do-

1107 1875 1246 1925 mino,
1290 1875 1314 1901 *
1360 1874 1584 1917 habebunt
1626 1874 1941 1926 fortitudinem,

1108 1935 1333 1974 assument
1354 1944 1522 1985 pennas
1544 1936 1594 1973 ut
1617 1931 1794 1984 aquilae,
1822 1931 1940 1974 vola-

1107 1988 1228 2039 bunt,
1256 1993 1300 2031 et
1318 2001 1406 2030 non
1426 1987 1642 2030 deficient.

1388 2071 1587 2111 Psalmus
1607 2072 1670 2111 23.

1114 2137 1334 2242 Domini
1366 2147 1434 2184 est
1465 2146 1598 2191 terra,
1636 2146 1681 2184 et
1712 2141 1941 2195 plenitudo

1214 2199 1320 2250 ejus:
1342 2199 1366 2224 *
1390 2197 1510 2240 orbis
1529 2200 1763 2248 terrarum,
1789 2203 1834 2240 et
1851 2198 1941 2240 uni-

1111 2255 1226 2296 versi
1246 2255 1320 2308 qui
1338 2254 1539 2297 habitant
1557 2255 1600 2296 in
1621 2268 1685 2297 eo.

1163 2311 1274 2362 Quia
1300 2311 1396 2364 ipse
1425 2324 1558 2364 super
1581 2311 1719 2352 maria
1742 2310 1942 2354 fundavit

1111 2381 1226 2410 eum:
1244 2368 1268 2394 *
1289 2373 1333 2410 et
1361 2380 1493 2420 super
1518 2368 1697 2409 flumina
1720 2370 1942 2421 praepara-

1111 2425 1174 2466 vit
1193 2437 1302 2466 eum.

1164 2480 1271 2532 Quis
1305 2479 1513 2521 ascendet
1549 2479 1593 2520 in
1625 2483 1821 2520 montem
1853 2479 1941 2520 Do-

1111 2535 1237 2578 mini?
1256 2537 1280 2562 *
1300 2540 1375 2577 aut
1395 2535 1492 2588 quis
1512 2535 1646 2578 stabit
1663 2536 1706 2576 in
1725 2535 1825 2577 loco
1845 2548 1940 2577 san-

1113 2598 1185 2635 cto
1206 2590 1320 2645 ejus?

1164 2650 1381 2691 Innocens
1430 2647 1632 2690 manibus
1683 2653 1727 2690 et
1775 2647 1940 2690 mundo

1113 2705 1262 2756 corde,
1290 2706 1313 2731 *
1343 2705 1417 2758 qui
1443 2717 1531 2746 non
1556 2704 1727 2757 accepit
1754 2704 1797 2745 in
1826 2717 1940 2746 vano
