2066 2904
548 161 758 196 Commune
783 159 1061 202 Apostolorum
1087 163 1257 200 tempore
1282 156 1473 190 I'aschali.

263 255 520 308 Capitulum.
677 239 679 242 Α
727 255 824 306 Sap.
845 255 880 294 3.

1091 248 1141 300 V.
1162 253 1260 293 Lux
1278 254 1494 305 perpetua
1516 252 1679 294 lucebit
1704 252 1866 293 sanctis

157 314 382 424 Stabunt
406 319 506 372 iusti
531 319 574 359 in
599 329 757 368 magna
781 317 981 357 constan-
1033 310 1120 351 tuis
1143 309 1343 359 Domine,
1369 309 1552 361 alleluja.
1584 311 1634 361 Rr.
1661 310 1719 351 Et
1742 310 1866 350 aeter-

243 377 305 418 tia
330 375 542 418 adversus
567 387 644 416 eos
674 373 747 426 qui
776 385 823 413 se
852 385 981 422 angu-
1034 366 1147 407 nitas
1166 366 1427 418 temporum,
1447 365 1629 417 alleluia.

157 434 411 482 stiaverunt,
444 436 488 474 et
522 431 595 484 qui
622 429 896 472 abstulerunt
924 428 981 469 la-

156 490 289 536 bores
317 490 479 531 eorum.

470 553 679 604 Hymnus.

317 610 492 652 aschale
511 608 675 651 mundo
696 607 901 660 gaudium

339 667 415 709 Sol
434 667 605 708 nuntiat
623 665 868 714 formosior,

289 724 399 765 Cum
417 724 514 765 luce
534 723 774 774 fulgentem
792 734 908 762 nova

288 781 312 822 J
315 793 438 823 esum
457 779 607 822 vident
626 778 843 832 Apostoli.

236 848 287 888 In
306 859 435 888 carne
456 846 617 888 Christi
636 845 818 887 vulnera

288 905 453 946 Micare
471 908 696 955 tamquam
716 901 861 943 sidera

287 961 509 1010 Mirantur,
530 964 573 1001 et
593 958 806 1011 quidquid
825 958 974 1000 vident

287 1018 444 1071 Testes
463 1016 616 1058 fideles
635 1015 889 1068 praedicant.

241 1085 333 1125 Rex
352 1082 524 1123 Christe
544 1081 891 1130 clementissime,

288 1140 358 1180 Tu
378 1138 514 1180 corda
532 1142 685 1179 nostra
704 1137 901 1190 posside:

288 1196 347 1238 Ut
366 1196 513 1246 lingua
532 1199 676 1246 grates
698 1193 869 1235 debitas

289 1253 388 1294 Tuo
408 1250 622 1305 rependat
642 1252 817 1292 nomini.

238 1319 296 1360 Ut
315 1318 374 1359 sis
394 1318 586 1370 perenne
605 1315 825 1358 mentibus

288 1373 503 1416 Paschale
522 1374 546 1414 J
550 1386 627 1415 esu
645 1372 866 1424 gaudium3

290 1431 330 1472 A
348 1435 491 1473 morte
511 1430 606 1471 dira
626 1430 855 1471 criminum

289 1488 406 1530 Vitae
426 1488 602 1529 renatos
620 1485 769 1527 libera.

239 1553 333 1594 Deo
352 1552 473 1593 Patri
492 1552 547 1592 sit
565 1550 716 1602 gloria,

286 1610 343 1651 Et
361 1608 483 1659 Filio,
505 1608 579 1660 qui
598 1619 623 1648 a
641 1607 826 1648 mortuis

289 1665 495 1715 Surrexit,
516 1677 567 1706 ac
586 1663 817 1714 Paraclito,

290 1724 341 1764 In
361 1721 627 1774 sempiterna
642 1720 816 1762 saecula.
836 1720 989 1762 Amen.

214 1773 265 1825 V.
299 1780 498 1821 Pretiosa
537 1778 581 1819 in
624 1779 867 1831 conspectu
901 1777 990 1819 Do-

161 1837 276 1887 mini,
301 1836 486 1888 alleluia.
523 1836 572 1887 R·.
599 1834 718 1876 Mors
739 1837 991 1876 sanctorum

164 1893 481 1990 elii-{dallizlrilddi
529 1948 627 1988 Ant.
666 1948 786 1989 Fssiae
818 1948 842 1989 J
845 1951 989 1989 erusa-

163 2006 264 2056 lem,
292 2006 316 2032 *
342 2008 498 2055 venite,
527 2009 570 2047 et
598 2005 743 2047 Videte
771 2005 990 2057 Martyres

164 2076 263 2104 cum
282 2063 467 2112 coronis,
487 2062 645 2114 quibus
665 2062 892 2103 coronavit
913 2073 990 2102 eos

163 2120 379 2161 Dominus
416 2120 460 2160 in
503 2118 574 2160 die
616 2118 904 2160 solemnitatis
947 2123 991 2159 et

163 2177 340 2226 laetitiae,
360 2176 542 2228 alleluja,
563 2175 745 2227 alleluia.

430 2245 497 2281 Ad
521 2245 719 2281 Tertiam.

219 2296 316 2337 Ant.
347 2298 394 2337 In
415 2296 668 2345 coelestibus
688 2297 842 2348 regnis.

218 2352 353 2409 Capit.
382 2353 577 2395 Stabunt.
607 2358 654 2394 ut
675 2367 818 2405 supra.

219 2411 268 2462 Rt·
288 2409 350 2451 br.
377 2411 526 2452 Sancti
550 2415 594 2452 et
613 2410 714 2462 iusti
738 2410 781 2450 in
800 2410 990 2451 Domino

194 2467 362 2517 audete,
379 2468 402 2491 *
419 2466 615 2518 Alleluia,
632 2466 813 2518 alleluja.
833 2466 990 2507 Sancti.

210 2554 217 2562 .
234 2524 330 2566 Vos
345 2524 476 2575 elegit
490 2524 612 2565 Deus
628 2523 671 2564 in
685 2522 991 2564 haereditatem

167 2580 260 2622 sibi.
297 2580 494 2633 Alleluia,
519 2580 700 2631 alleluia.
738 2578 889 2620 Gloria
912 2579 990 2619 Pa-

167 2637 234 2677 tri.
261 2637 417 2678 Sancti.

1315 434 1380 470 Ad
1407 434 1594 471 Sextam.

1092 489 1190 528 Ant.
1223 489 1267 528 In
1287 487 1547 529 velamento.

1146 553 1405 605 Capitulum.
1608 557 1706 605 Sap.
1728 555 1764 593 5.

1037 608 1195 715 Ecce
1230 611 1455 665 quomodo
1491 613 1735 665 computati
1769 619 1869 655 sunt

1144 670 1258 711 inter
1284 668 1402 710 filios
1431 668 1532 718 Dei,
1561 673 1605 710 et
1633 669 1745 711 inter
1774 683 1868 711 san-

1039 731 1136 768 ctos
1156 739 1254 767 sors
1274 725 1449 767 illorum
1470 730 1547 767 est.

1095 787 1143 838 R·.
1165 786 1225 826 br.
1253 783 1351 823 Lux
1365 784 1581 835 perpetua
1596 782 1762 824 luce'bit
1777 796 1871 824 san-

1041 839 1122 880 ctis
1146 840 1233 880 tuis
1261 840 1460 889 Domine,
1494 838 1514 860 *
1543 839 1742 899 Alleluia,
1771 840 1871 881 alle-

1040 895 1136 947 luja.
1164 896 1262 937 Lux
1285 898 1510 949 perpetua.
1541 893 1591 939 ,Υ-
1619 896 1677 937 Et
1702 897 1871 938 aeterni-

1040 957 1109 994 tas
1141 955 1400 1006 temporum.
1446 952 1655 1005 Alleluia,
1689 953 1871 1005 alleluja.

1043 1009 1193 1050 Gloria
1212 1010 1343 1051 Patri.
1376 1010 1472 1050 Lux
1492 1012 1715 1062 perpetua.

1097 1065 1144 1117 Y.
1170 1071 1344 1112 Laetitia
1365 1070 1631 1122 sempiterna
1650 1083 1783 1123 super
1804 1072 1872 1111 ca-

1042 1127 1133 1179 pita
1162 1129 1329 1178 eorum,
1356 1127 1538 1179 alleluia.
1578 1126 1626 1176 R·.
1651 1126 1872 1168 Gaudium

1043 1189 1086 1225 et
1107 1185 1443 1227 exsultationem
1470 1184 1740 1234 obtinebunt,
1761 1184 1872 1225 allel.

1323 1256 1391 1292 Ad
1414 1256 1599 1292 Nonam.

1096 1310 1194 1348 Ant.
1231 1307 1474 1359 Fulgebunt
1493 1307 1604 1359 justi.

1121 1373 1383 1425 Capitulum.
1568 1373 1690 1411 Rom.
1709 1374 1744 1410 S.
1767 1388 1799 1411 c.

1046 1430 1252 1537 Scimus
1269 1434 1475 1485 quoniam
1491 1432 1772 1483 diligentibus
1787 1433 1871 1474 De-

1139 1504 1214 1531 um
1240 1491 1383 1531 omnia
1407 1491 1704 1542 cooperantur
1730 1490 1774 1530 in
1796 1489 1872 1531 bo-

1042 1560 1156 1596 num,
1177 1547 1229 1588 iis
1246 1547 1320 1599 qui
1336 1546 1578 1588 secundum
1593 1547 1873 1599 propositum

1043 1604 1189 1645 vocati
1209 1609 1309 1646 sunt
1329 1604 1479 1645 sancti.

1098 1663 1148 1714 R·.
1168 1661 1229 1701 br.
1256 1661 1431 1702 Laetitia
1451 1661 1719 1713 sempiterna
1739 1673 1874 1714 super

1044 1718 1191 1770 capita
1220 1720 1382 1767 eorum,
1414 1720 1435 1742 *
1464 1717 1662 1769 Alleluia,
1690 1717 1874 1769 alleluia.

1042 1774 1227 1816 Laetitia.
1255 1769 1303 1821 δ”.
1326 1773 1546 1815 Gaudium
1562 1780 1606 1815 et
1622 1773 1872 1816 exsultatio-

1043 1845 1143 1873 nem
1169 1831 1438 1874 obtinebunt.
1468 1831 1667 1883 Alleluia,
1687 1830 1872 1882 alleluja.

1045 1889 1196 1931 Gloria
1216 1890 1347 1930 Patri.
1375 1888 1560 1930 Laetitia.

1098 1941 1147 1992 Y.
1181 1946 1381 1988 Pretiosa
1417 1946 1461 1986 in
1497 1946 1741 1998 conspectu
1775 1944 1873 1993 Dfii,

1043 2003 1154 2045 allel.
1175 2005 1223 2055 R.
1239 2003 1360 2044 Mors
1377 2004 1632 2044 sanctorum
1648 2002 1749 2053 ejus,
1761 2000 1872 2043 allel.
1922 2013 1924 2016 ’

1241 2080 1302 2120 111
1328 2080 1390 2120 11.
1419 2077 1673 2129 vesperis.

1099 2144 1186 2176 Ant.
1209 2141 1255 2175 dc
1276 2141 1473 2175 Laudibus
1493 2141 1576 2184 [22];
1604 2139 1745 2172 Psalmi
1773 2144 1811 2172 ut
1836 2139 1872 2171 in
1923 2159 1926 2162 -

1044 2191 1089 2225 II.
1112 2191 1228 2233 Vesp.
1253 2190 1298 2224 dc
1322 2190 1466 2224 Comm.
1485 2188 1621 2230 Apost.
1647 2188 1715 2231 [13]

1099 2237 1281 2290 Capitul.
1333 2237 1518 2279 Stabunt
1559 2236 1670 2288 justi.
1719 2234 1874 2284 Hymn.

1045 2295 1214 2336 Tristes
1233 2299 1368 2336 erant.
1399 2296 1445 2331 ut
1466 2303 1608 2342 supra.
1626 2291 1700 2344 [21]

1098 2344 1148 2397 V.
1184 2352 1385 2393 Pretiosa
1425 2350 1468 2390 in
1506 2350 1748 2401 conspectu
1784 2349 1872 2391 Do—

1043 2409 1158 2459 mini,
1183 2408 1365 2459 alleluja.
1397 2406 1445 2456 R.
1470 2406 1592 2446 Mors
1618 2408 1872 2447 sanctorum

1045 2467 1146 2518 ejus,
1175 2465 1358 2517 alleluia.

1098 2519 1167 2559 Ad
1189 2518 1361 2568 Magnis.
1383 2518 1479 2558 Ant.
1499 2516 1647 2559 Sancti
1666 2523 1710 2560 et
1729 2519 1829 2570 justi
1848 2519 1872 2544 *

1043 2578 1087 2618 in
1106 2579 1205 2620 Dfio
1221 2577 1421 2629 gaudete,
1437 2575 1624 2627 alleluia:
1643 2587 1723 2616 vos
1741 2575 1872 2627 elegit

1046 2635 1168 2676 Deus
1190 2635 1235 2675 in
1253 2632 1558 2675 haereditatem
1577 2631 1670 2682 sibi,
1690 2631 1872 2684 alleluja.

762 2721 1137 2738 —dDb-&Qxss-OOE
