2028 2892
355 163 426 198 Die
454 164 504 198 18.
528 161 665 198 Martii.
712 162 746 197 S.
770 163 905 206 Cyrilli
929 164 1055 207 Episc.
1080 164 1272 199 Hierosol.
1300 166 1406 200 Conf.
1430 172 1465 201 et
1486 168 1593 202 Doct.

124 264 216 302 tum
242 261 424 302 Psalmis
449 260 774 314 percurrendis,
807 266 850 303 et
875 261 943 302 bis

125 318 287 359 centies
313 316 663 369 genuflectend03
691 317 874 359 alterum
900 318 943 358 in

124 373 301 426 reliquis
327 375 635 443 quinquaginta
656 374 854 424 Psalmis,
885 374 942 415 al-

122 429 234 480 gidis
269 430 392 482 aquis
427 430 670 480 immersus,
710 444 761 472 ac
793 430 941 479 corde,

123 486 260 527 oculis
281 486 567 538 manibusque
591 486 647 528 ad
671 487 830 528 coelum
852 489 940 528 ere-

123 547 234 593 etus,
260 542 539 590 absolvendis
566 543 824 594 insumebat3
858 545 940 585 ter-

121 598 228 640 tium
259 612 363 641 vero
398 612 530 653 super
560 598 724 641 nudum
750 599 941 653 lapidem

121 660 282 697 stratus
301 657 419 698 tenui
439 656 571 698 dabat
590 657 734 709 quieti.
761 657 940 697 Humili-

119 711 221 753 tatis
268 713 448 754 eximius
494 712 650 763 cultor,
696 713 940 766 apostolico

120 780 242 809 more
281 782 307 810 a
341 772 546 811 manuum
580 771 755 810 suarum
790 769 941 812 labore

119 837 206 866 non
251 825 467 868 abstinuit.
520 825 721 867 Assiduis
765 825 941 867 tandem

121 881 234 922 curis
277 894 359 935 pro
399 882 595 924 Ecclesia
639 885 940 935 consumptus,

119 937 254 978 verbo
275 942 318 979 et
341 940 476 991 opere
496 938 654 989 clarus,
679 939 723 979 in
748 941 940 980 extrema

119 997 343 1035 senectute
385 994 540 1036 divinis
580 995 796 1047 mysteriis
832 995 938 1036 refe-

119 1054 225 1099 ctus,
244 1049 509 1093 obdormivit
522 1051 565 1091 in
579 1051 779 1101 Demino,
798 1051 937 1103 sepul-
996 1062 1054 1110 ἢ

117 1108 275 1158 trisque
293 1112 359 1148 est
376 1106 494 1160 apud
507 1107 683 1149 Dunum
695 1108 739 1148 in
753 1107 938 1157 Ultonia,

117 1174 143 1202 a
167 1162 398 1204 christiana
423 1163 562 1206 sah'ite
587 1164 748 1206 saeculo
776 1164 938 1216 quinto.
999 1160 1027 1188 Ἀ·
1035 1153 1094 1191 1ss³³>

175 1219 225 1272 R.
244 1219 333 1260 Iste
353 1224 419 1261 est
439 1220 522 1273 qui.
542 1220 616 1272 [71]

174 1282 217 1317 In
232 1282 297 1318 m.
314 1283 422 1318 Noct.
436 1283 577 1318 Homil.
595 1284 633 1318 in
650 1284 795 1327 Evang.
813 1284 937 1320 Homo

118 1331 288 1378 peregre.
313 1331 360 1366 de
383 1332 518 1367 eodem
535 1332 678 1367 Comm.
700 1333 728 1367 1.
750 1334 847 1367 loco.
868 1332 936 1376 [73]

174 1383 306 1419 Lectio
335 1385 385 1419 ix.
415 1385 462 1419 de
485 1385 655 1420 Homilia
685 1389 722 1420 et
748 1395 942 1420 commem.

122 1431 246 1466 Feriae
270 1432 310 1466 in
332 1433 451 1467 Laud.

174 1484 290 1529 Vesp.
312 1496 334 1520 a
356 1485 448 1529 Cap.
473 1485 520 1520 de
544 1496 650 1530 sequ.
674 1496 807 1520 comm.
830 1495 943 1529 praec.

123 1535 160 1567 et
182 1531 316 1568 Feriae.

360 1614 444 1655 Die
462 1614 520 1654 18.
538 1613 693 1655 Martii.

118 1681 161 1723 S.
181 1680 358 1732 cyrilli
386 1679 529 1732 Episc.
548 1680 943 1733 Hierosolymitani,

283 1734 401 1776 Conf.
422 1742 464 1777 et
484 1737 645 1778 Eccles.
665 1737 790 1778 Doct.

450 1796 614 1840 Duplex.

175 1846 311 1882 Omnia
341 1848 388 1883 de
420 1849 564 1885 Comm.
593 1850 701 1885 Conf.
730 1850 838 1885 Pont.
868 1850 936 1894 [66]

122 1899 262 1936 praeter
284 1905 389 1940 sequ.

172 1946 215 1981 In
237 1948 410 1992 utrisque
434 1949 550 1994 Vesp.
579 1949 629 1984 ad
652 1950 806 1993 Magnis.

171 1999 271 2041 Ant.
294 1999 332 2040 O
344 2001 513 2044 Doctor
532 2001 708 2055 optime,
727 2001 936 2044 Ecclesiae

120 2062 281 2099 sanctae
298 2057 458 2108 lumen,
482 2058 610 2100 beate
631 2057 805 2110 Cyrille,
833 2057 936 2099 divi-

119 2126 186 2155 nae
218 2113 325 2164 legis
360 2117 544 2164 amator,
583 2113 819 2166 deprecare
855 2127 936 2167 pro

119 2169 245 2212 nobis
264 2169 420 2211 Filium
439 2171 532 2212 Dei.

452 2229 617 2270 Oratio.

207 2300 232 2327 a
246 2286 382 2336 nobis,
402 2288 649 2339 quaesumus
665 2290 937 2340 omnipotens

219 2343 354 2393 Deus,
380 2343 511 2385 beato
540 2343 701 2396 Cyrsslo
727 2343 937 2385 Pontifice

120 2399 427 2441 intercedente:
450 2405 493 2441 te
519 2400 661 2441 solum
682 2412 832 2441 verum
854 2399 937 2440 De-

120 2467 211 2504 um,
239 2460 282 2497 et
309 2467 437 2507 quem
463 2456 617 2497 misisti
645 2456 669 2496 J
672 2469 793 2497 esum
821 2455 937 2496 Chri-

122 2515 236 2552 stum
253 2511 313 2552 ita
332 2514 611 2562 cognoscere3
630 2517 678 2553 ut
694 2512 805 2553 inter
822 2524 937 2560 oves,

123 2577 221 2616 quae
238 2580 392 2608 vocem
411 2569 500 2619 ejus
516 2567 704 2617 audiunt,
723 2569 937 2620 perpetuo

123 2624 420 2664 connumerari
437 2626 689 2665 mereamur.
722 2624 805 2663 Per
823 2625 937 2663 eum-

124 2675 223 2717 dem
240 2678 483 2720 Dominum.

1048 266 1096 299 Et
1120 266 1160 299 fit
1184 275 1378 299 commem.
1403 266 1565 308 prceced.

1050 315 1149 355 Ant.
1185 315 1356 357 Amavit
1387 328 1486 357 eum
1511 316 1740 366 Dominus,
1773 322 1817 359 et

996 371 1166 412 ornavit
1185 384 1299 412 eum:
1324 372 1482 413 stolam
1503 372 1655 423 gloriae
1677 373 1817 415 induit

996 440 1103 478 eum,
1125 433 1168 469 et
1186 427 1243 470 ad
1261 433 1412 480 portas
1433 429 1624 482 paradisi
1638 433 1814 471 corona-

994 484 1056 526 vit
1074 497 1183 528 eum.

1048 536 1099 587 V.
1115 541 1139 581 J
1141 546 1287 583 ustum
1307 540 1488 584 deduxit
1506 543 1718 584 Dominus
1736 557 1815 597 per

993 597 1084 638 vias
1106 603 1260 640 rectas.
1301 598 1352 649 Ην.
1371 599 1429 640 Et
1453 599 1645 641 ostendit
1667 600 1727 641 illi
1752 614 1814 642 re—

993 667 1124 705 gnum
1144 655 1237 696 Dei.

1048 718 1196 753 Deinde
1221 720 1261 753 fit
1286 730 1480 754 commem.
1507 720 1637 753 Feriae.

1048 775 1089 808 In
1114 776 1140 810 Ι.
1166 776 1274 810 Noct.
1303 777 1403 811 Lect.
1432 777 1575 814 Fidelis
1600 789 1737 814 sermo.
1772 776 1818 809 de

998 823 1132 857 eodem
1158 824 1360 858 Communi
1387 825 1414 858 1.
1438 826 1534 859 loco.
1555 827 1626 871 [68]

1050 875 1168 910 Extra
1195 877 1385 920 Quadrag.
1411 877 1457 911 de
1482 878 1618 920 Script.
1643 887 1785 911 occurr.

1225 939 1273 977 In
1298 939 1348 977 ΙΙ.
1373 939 1595 978 Nocturno.

1296 1000 1446 1041 Lectio
1468 1001 1519 1040 iv.

1303 1055 1742 1108 Hierosolymitanus,
1788 1070 1813 1098 a

1029 1105 1102 1164 5325st
1124 1112 1283 1153 teneris
1311 1112 1432 1152 annis
1452 1111 1694 1154 divinarum
1713 1114 1813 1154 scri-

1123 1170 1348 1221 pturarum
1372 1168 1518 1210 studio
1539 1172 1814 1222 summopere

991 1224 1180 1275 deditus,
1225 1223 1336 1266 adeo
1372 1225 1415 1265 in
1451 1228 1599 1266 earum
1637 1226 1815 1268 scientia

990 1281 1191 1334 profecit,
1218 1286 1267 1322 ut
1290 1280 1550 1323 orthodoxae
1580 1281 1684 1323 fidei
1710 1285 1815 1324 stre-

990 1350 1100 1378 nuus
1119 1338 1311 1378 assertor
1332 1338 1528 1379 evaserit.
1559 1338 1815 1379 Monasticis

989 1393 1196 1435 institutis
1222 1392 1429 1443 imbutus,
1461 1395 1689 1446 perpetuae
1715 1407 1813 1435 con-

989 1450 1198 1500 tinentiae,
1218 1452 1422 1502 omnique
1442 1450 1650 1491 severiori
1668 1450 1811 1491 viven-

992 1505 1037 1547 di
1050 1506 1207 1548 rationi
1225 1519 1271 1547 se
1287 1505 1509 1548 addictum
1522 1506 1670 1548 voluit.
1689 1507 1812 1548 Post-

993 1574 1123 1614 quam
1157 1575 1182 1603 a
1210 1567 1360 1604 sancto
1388 1563 1578 1604 Maximo
1605 1562 1812 1604 Hieroso-

990 1618 1118 1671 lymae
1146 1621 1357 1672 episcopo
1385 1618 1616 1671 presbyter
1643 1618 1811 1660 ordina-

988 1679 1059 1716 tus
1083 1675 1177 1724 fuit,
1205 1688 1360 1716 munus
1379 1675 1500 1717 verbi
1524 1674 1658 1716 divini
1677 1675 1812 1716 fideli-

988 1730 1070 1772 bus
1101 1730 1371 1784 praedicandi
1402 1736 1445 1773 et
1475 1731 1813 1773 catechumenos

989 1786 1204 1829 edocendi
1243 1800 1410 1828 summa
1447 1800 1545 1829 cum
1576 1786 1705 1829 laude
1737 1787 1812 1828 im·
1863 1790 1865 1793 “

988 1843 1140 1896 plevit,
1176 1848 1307 1896 atque
1338 1843 1434 1885 illas
1464 1856 1566 1885 vere
1591 1842 1812 1885 mirandas

990 1900 1250 1953 conscripsit
1272 1899 1538 1951 catecheses,
1568 1899 1725 1952 quibus
1747 1904 1810 1940 to-

988 1961 1079 1998 tam
1112 1956 1451 1998 ecclesiasticam
1480 1955 1723 1998 doctrinam
1750 1954 1810 1996 di-

988 2011 1133 2054 lucide
1157 2017 1201 2054 et
1224 2012 1404 2066 copiose
1429 2012 1700 2065 complexus,
1727 2013 1809 2052 sin-

989 2068 1090 2120 gula
1115 2068 1336 2120 religionis
1360 2068 1567 2120 degmata
1590 2072 1741 2109 contra
1763 2067 1809 2107 fi-

990 2124 1061 2166 dei
1078 2124 1228 2166 hostes
1248 2124 1387 2166 solide
1406 2123 1708 2177 propugnavit.
1743 2123 1810 2164 Ita

990 2193 1094 2222 vero
1121 2181 1165 2221 in
1194 2180 1262 2222 his
1291 2180 1514 2222 enucleate
1541 2185 1583 2221 et
1609 2178 1810 2220 distincte

991 2236 1210 2286 disseruit,
1238 2242 1286 2278 ut
1310 2250 1397 2278 non
1421 2236 1562 2277 solum
1586 2236 1670 2286 jam
1688 2236 1808 2276 exor-

989 2298 1057 2334 tas
1093 2292 1301 2342 haereses,
1347 2291 1425 2334 sed
1470 2292 1635 2332 futuras
1681 2290 1811 2332 etiam

991 2349 1114 2400 quasi
1133 2349 1397 2400 praesagiens
1417 2346 1637 2396 everterit,
1664 2359 1809 2398 quem-

991 2403 1227 2446 admodum
1242 2403 1445 2457 preestitit
1459 2401 1694 2443 asserendo
1708 2403 1809 2444 Cor-

990 2460 1109 2512 poris
1138 2465 1182 2502 et
1208 2459 1434 2510 Sanguinis
1462 2458 1623 2499 Christi
1649 2458 1810 2500 realem

990 2516 1266 2568 praesentiam
1301 2515 1343 2555 in
1385 2514 1570 2555 mirabili
1605 2514 1808 2555 Euchari-

991 2572 1086 2613 stiae
1097 2572 1377 2613 sacramento.
1392 2570 1495 2624 Vita
1508 2574 1652 2611 autem
1661 2570 1808 2611 functo

991 2629 1141 2665 sancto
1170 2622 1376 2670 Maximo,
1405 2620 1430 2661 a
1458 2622 1695 2673 provinciae
1722 2625 1808 2674 epi-

991 2679 1138 2731 scopis
1156 2678 1199 2718 in
1217 2677 1330 2718 illius
1347 2676 1492 2718 locum
1511 2676 1717 2719 suffectus
1733 2682 1809 2719 est.
