2028 2892
225 287 382 337 Statuit
401 304 450 333 ea
469 292 510 331 in
531 291 753 331 aeternum,
777 292 821 328 et
843 286 885 326 in
910 285 986 324 sae—

175 351 318 393 culum
337 347 496 390 saeculi:
510 348 533 371 *
549 347 817 398 praeceptum
832 340 987 394 posuit,

177 413 219 449 et
239 419 323 447 non
342 402 591 457 praeteribit.

227 461 420 504 Laudate
451 458 684 500 Dominum
715 455 769 497 de
801 460 936 501 terra,
966 453 988 496 ἦ*

178 520 398 565 draconeS,
417 522 460 558 et
479 527 628 556 omnes
645 511 799 564 abyssi.

231 574 359 624 Ignis,
375 571 557 622 grando,
575 570 662 617 niX,
680 567 851 617 glacies,
870 564 989 617 spiri-

178 638 246 673 tus
266 628 567 683 procellerum:
577 628 599 651 *
612 638 709 677 quae
726 623 886 665 faciunt
901 634 990 662 ver-

179 688 280 729 bum
303 687 408 737 ejus:

231 743 415 790 Montes,
441 746 484 782 et
500 751 650 780 omnes
671 736 818 778 colles:
836 736 859 760 *
879 734 993 784 ligna

181 799 408 847 fructifera,
431 802 474 839 et
493 807 642 838 omnes
661 792 790 835 cedri.

233 855 411 903 Bestiae,
456 858 500 895 et
533 851 733 893 universa
763 850 940 901 pecora:
971 847 994 872 *

182 913 415 964 serpentes,
435 914 478 951 et
496 908 694 949 volucres
713 906 927 958 pennatae:

235 969 376 1017 Reges
393 972 538 1014 terrae,
559 969 602 1006 et
621 975 770 1005 omnes
790 960 954 1014 populi:
973 961 995 985 *

183 1024 416 1078 principes,
441 1027 484 1063 et
506 1033 654 1062 omnes
677 1018 839 1070 judices
858 1023 996 1059 terrae.

235 1081 258 1121 J
261 1083 436 1127 uvenes‚
465 1083 507 1119 et
529 1076 730 1127 virgines:
754 1087 879 1115 senes
899 1086 997 1115 cum

186 1135 418 1189 junioribus
437 1133 614 1175 laudent
632 1144 790 1173 nomen
809 1129 998 1171 Domini:

186 1195 208 1219 *
238 1193 335 1245 quia
369 1191 602 1233 exaltatum
634 1194 700 1230 est
725 1200 881 1228 nomen
911 1187 999 1237 ejus

187 1249 329 1290 solius.

239 1304 462 1347 Confessio
487 1303 575 1354 ejus
599 1314 729 1354 super
756 1299 930 1347 coelum,
959 1303 1001 1339 et

187 1367 364 1403 terram:
395 1361 418 1385 *
448 1364 491 1401 et
527 1358 732 1400 exaltavit
761 1369 896 1398 cornu
926 1356 1000 1408 po—

189 1417 277 1470 puli
296 1417 372 1458 sui.

241 1474 437 1525 Hymnus
457 1470 654 1512 omnibus
675 1469 835 1511 sanctis
855 1469 960 1519 ejus:
979 1469 1002 1494 *

190 1529 287 1626 {iilkiiis
298 1527 442 1578 Israel,
458 1527 622 1580 populo
638 1525 1002 1579 appropinquanti

246 1651 314 1684 llic
340 1659 414 1683 non
438 1647 575 1682 dicitur
602 1647 735 1682 Gloria
757 1646 871 1682 Patri.

457 1733 648 1773 I‘salmus
668 1733 749 1771 149.

198 1804 417 1911 Cantate
446 1806 633 1847 Domino
680 1805 895 1847 canticum
936 1817 1007 1845 no-

290 1877 407 1904 vum:
437 1864 460 1888 *
496 1862 589 1903 laus
625 1862 714 1912 ejus
749 1862 791 1902 in
827 1861 1009 1903 ecclesia

197 1922 455 1962 sanctorum.

247 1976 438 2018 Laetetur
464 1974 600 2015 Israel
627 1974 670 2014 in
696 1986 768 2022 eo,
808 1973 881 2025 qui
910 1973 1011 2015 fecit

199 2045 311 2074 eum:
341 2033 364 2057 *
397 2036 439 2073 01
473 2030 548 2071 filii
578 2030 680 2071 Sion
716 2029 932 2071 exsultent
969 2030 1011 2070 in

200 2101 301 2139 rege
318 2100 409 2129 suo.

250 2143 447 2186 Laudent
478 2155 635 2184 nomen
666 2143 755 2193 ejus
786 2142 827 2183 in
860 2141 1013 2183 choro:

201 2201 223 2297 ἶ
255 2201 295 2241 in
328 2202 553 2252 tympano,
588 2204 631 2240 et
663 2198 867 2251 psalterio
904 2198 1013 2251 psal-

219 2261 292 2297 ant
310 2256 358 2297 ei.

255 2312 364 2362 Quia
391 2310 708 2363 beneplacitum
736 2316 802 2352 est
829 2311 1016 2352 Domino

205 2368 246 2408 in
271 2367 433 2420 populo
453 2379 547 2408 suo:
566 2368 588 2392 *
609 2372 651 2408 01
675 2366 882 2408 exaltabit
902 2380 1016 2407 man-

206 2425 354 2464 suetos
371 2423 413 2463 in
434 2423 627 2464 salutem.

258 2478 546 2520 Exsultabunt
577 2479 714 2520 sancti
745 2478 787 2519 in
815 2478 965 2529 gloria:
996 2481 1018 2504 *

208 2534 467 2576 laetabuntur
485 2535 526 2575 in
547 2534 760 2576 cubilibus
779 2534 876 2575 suis.

260 2590 553 2632 Exaltationes
577 2592 655 2632 Dei
680 2592 723 2632 in
751 2594 924 2640 gutture
952 2593 1020 2632 eo-

210 2660 319 2687 rum:
339 2648 361 2672 *
384 2652 427 2688 et
446 2646 574 2695 gladii
596 2648 805 2700 ancipites
831 2647 872 2687 in
891 2648 1021 2688 mani-

211 2703 291 2744 bus
311 2705 474 2744 eorum:

174 201 218 235 18
789 196 983 231 Dominicu
1011 193 1058 226 ad
1084 190 1242 225 Laudes.

1090 279 1160 321 Ad
1188 277 1429 319 faciendam
1453 275 1690 317 vind1'ctam
1718 272 1763 313 in
1788 283 1861 312 na-

1038 335 1242 378 tionibus:
1252 335 1275 359 *
1285 333 1604 386 increpationes
1619 331 1663 371 in
1675 327 1863 382 populis,

1091 391 1161 433 Ad
1194 390 1436 441 alligandos
1472 401 1597 438 reges
1632 388 1785 428 eorum
1818 385 1862 425 in

1040 447 1339 501 compedibus:
1357 448 1381 473 *
1401 451 1445 488 et
1462 444 1631 487 nobiles
1650 444 1802 485 eorum
1820 441 1862 482 in

1040 505 1220 547 manicis
1238 504 1398 546 ferreis.

1092 562 1150 603 Ut
1177 561 1337 602 faciant
1363 561 1405 601 in
1438 559 1500 601 eis
1532 556 1737 610 judicium
1765 566 1864 596 con-

1043 621 1266 671 scriptum:
1281 619 1303 643 *
1318 617 1456 668 gloria
1470 615 1565 656 haec
1581 619 1648 656 est
1663 611 1866 654 omnibus

1044 675 1204 717 sanctis
1224 675 1324 726 ejus.

1100 741 1170 774 Hic
1194 749 1267 772 non
1294 736 1433 770 dicitur
1458 733 1592 769 Gloria
1614 730 1731 766 Patri.

1306 802 1500 843 Psalmus
1519 801 1609 839 150.

1116 866 1275 908 audate
1325 865 1562 906 Dominum
1612 862 1656 902 in
1705 859 1869 902 sanctis

1049 871 1122 975 L
1149 925 1253 976 ejus:
1280 923 1303 948 *
1331 921 1507 963 laudate
1536 931 1637 961 eum
1662 917 1708 959 in
1728 917 1869 958 firma-

1047 984 1195 1024 mento
1215 979 1387 1021 virtutis
1407 979 1508 1030 ejus.

1098 1036 1295 1079 Laudate
1321 1048 1419 1077 eum
1443 1035 1487 1075 in
1512 1031 1746 1075 virtutibus
1767 1031 1872 1082 ejusz

1048 1097 1071 1121 *
1095 1093 1269 1136 laudate
1294 1105 1392 1134 eum
1416 1089 1657 1133 secundum
1680 1086 1872 1129 multitu-

1050 1152 1195 1194 dinem
1213 1147 1520 1200 magnitudinis
1541 1147 1643 1199 ejus.

1101 1206 1298 1249 Laudate
1330 1219 1428 1247 eum
1464 1205 1506 1245 in
1543 1215 1653 1245 sono
1685 1201 1820 1244 tubae:
1850 1200 1875 1226 *

1051 1264 1225 1307 laudate
1242 1276 1340 1305 eum
1355 1263 1397 1303 in
1408 1260 1628 1315 psalterio,
1644 1263 1688 1301 et
1698 1257 1876 1300 cithara.

1103 1319 1300 1362 Laudate
1337 1332 1435 1360 eum
1474 1318 1519 1359 in
1558 1319 1786 1370 tympanO,
1832 1317 1877 1355 et

1055 1378 1203 1420 choro:
1226 1377 1249 1402 *
1274 1375 1449 1418 laudate
1482 1387 1582 1416 eum
1612 1373 1657 1414 in
1689 1369 1877 1420 chordis,

1055 1440 1098 1477 et
1122 1436 1297 1485 organo.

1104 1489 1302 1531 Laudate
1330 1501 1428 1530 eum
1450 1488 1493 1529 in
1518 1485 1728 1540 cymbalis
1748 1484 1876 1526 bene-

1055 1545 1323 1588 sonantibus:
1354 1544 1529 1586 laudate
1559 1557 1660 1586 eum
1689 1542 1734 1583 in
1764 1542 1879 1594 cym-

1055 1603 1164 1646 balis
1189 1602 1465 1655 jubilationis:
1487 1602 1511 1627 *
1535 1599 1676 1642 omnis
1701 1597 1880 1651 spiritus

1056 1659 1204 1701 laudet
1221 1659 1468 1700 Dominum.

1110 1715 1261 1758 Gloria
1280 1715 1410 1756 Patri.

1112 1789 1264 1839 Tcmp.
1302 1785 1508 1827 paschali.
1546 1786 1645 1825 Ant.
1685 1781 1883 1832 Alleluia,

1060 1842 1240 1894 alleluja,
1268 1841 1450 1893 alleluia.

1118 1913 1335 1956 Capitulum
1363 1911 1559 1955 proprium
1587 1910 1623 1943 in
1647 1908 1884 1951 Quadrages.

1226 2058 1292 2099 sol
1321 2058 1486 2108 salutis,
1514 2057 1675 2098 intimis

1119 2056 1193 2164 Ο
1251 2115 1274 2155 J
1278 2127 1354 2156 esu
1382 2114 1548 2164 refulge
1571 2112 1801 2161 mentibus

1168 2172 1281 2212 Dum
1309 2176 1436 2212 nocte
1465 2170 1591 2223 pulsa
1619 2170 1784 2221 gretior

1169 2227 1276 2269 Orbi
1304 2227 1397 2269 dies
1425 2227 1676 2269 renascitur.

1125 2300 1238 2338 Dans
1264 2302 1438 2350 tempus
1466 2296 1748 2350 acceptabile,

1170 2354 1238 2395 Da
1266 2353 1540 2395 lacrimarum
1568 2353 1718 2394 rivulis

1170 2411 1339 2451 Lavare
1367 2409 1512 2451 cordis
1540 2410 1772 2459 victimam,

1172 2468 1313 2517 Quam
1340 2466 1442 2507 laeta
1467 2466 1624 2508 adurat
1652 2466 1823 2507 caritas.

1126 2540 1219 2585 Quo
1244 2535 1362 2576 fonte
1387 2536 1579 2577 manavit
1604 2535 1737 2584 nefas,

1174 2591 1328 2633 Fluent
1356 2593 1568 2643 perennes
1595 2591 1798 2639 lacrimae,

1175 2648 1219 2689 Si
1248 2648 1367 2698 virga
1396 2648 1663 2700 poenitentiae

1178 2704 1332 2745 Cordis
1360 2705 1548 2754 rigorem
1576 2706 1783 2745 conterat.

1373 1985 1580 2036 Hymnus.
