2066 2956
472 236 621 270 Domin.
648 237 673 270 Ι.
701 237 801 278 Maii.
850 238 889 271 B.
916 238 961 271 M.
987 238 1030 271 V.
1058 238 1181 272 divini
1206 240 1377 274 Pastoris
1404 241 1545 274 Matris.

151 332 246 369 erat
266 328 341 380 qui
360 329 620 380 requireret:
639 334 662 357 *
682 329 797 369 Ecce
816 342 897 379 ego
917 342 981 370 re-

152 386 321 435 quiram
341 395 446 425 oves
464 396 601 432 meaS,
626 389 669 425 et
688 384 876 425 visitabo
897 397 982 434 eaS,

152 439 334 490 alleluja.
376 437 423 487 Y.
449 438 698 481 Custodivit
716 439 812 480 illas
832 440 886 481 ab
907 440 982 480 ini-

150 495 293 545 micis,
321 499 365 536 et
384 507 408 535 a
429 494 736 538 seductoribus
756 496 917 537 tutavit
935 495 981 535 il-

151 551 227 591 las.
253 551 370 592 Ecce
389 564 484 601 ego.

466 632 617 671 Lectio
641 646 675 671 v.

191 700 327 743 Ejusd.·
341 701 380 734 in
396 701 595 743 Assumpt.
613 701 654 734 B.
673 701 719 734 M.
737 701 781 734 V.
801 701 838 734 in
857 701 939 734 fine.

153 757 291 864 Jam
313 761 358 798 te
381 756 522 798 Mater
545 756 878 806 misericordiae,
904 770 984 809 per

238 812 383 865 ipsum
401 812 708 853 sincerissimae
722 818 811 854 tuae
826 814 983 854 mentis

152 868 366 918 affectum,
385 868 471 910 tuis
491 869 635 919 jacens
654 868 892 920 provoluta
910 871 982 921 pe-

153 922 281 966 dibus
299 923 416 973 luna,
435 923 482 965 id
502 929 568 965 est
586 924 799 974 Ecclesia,
822 924 983 965 media-

151 982 306 1021 tricem
351 980 434 1021 sibi
475 979 595 1033 apud
633 980 773 1021 solem
808 981 984 1032 justitiae

153 1036 453 1085 constitutam,
493 1036 667 1078 devotis
702 1036 982 1089 supplicatio-

151 1091 279 1133 nibus
297 1091 567 1144 interpellat,
595 1097 643 1133 ut
661 1092 706 1132 in
725 1092 887 1133 lumine
906 1097 983 1133 tuo

152 1146 301 1189 videat
319 1147 482 1198 lumen,
507 1152 551 1189 et
575 1147 681 1189 solis
700 1148 888 1198 gratiam
906 1153 983 1189 tuo

151 1205 372 1245 mereatur
388 1203 582 1252 obtentu,
603 1216 735 1255 quam
749 1216 852 1244 vere
869 1206 983 1244 ama-

152 1259 215 1300 vit
229 1272 323 1312 prae
339 1258 552 1309 omnibus,
568 1263 611 1300 et
630 1259 811 1308 ornavit,
827 1259 985 1300 stolam

153 1314 305 1366 gloriae
338 1314 539 1365 induenS,
573 1320 617 1356 et
649 1317 860 1356 coronam
891 1314 983 1366 pul-

154 1371 413 1413 chritudinis
449 1383 620 1423 ponens
648 1371 693 1410 in
721 1370 866 1423 capite
896 1375 985 1411 tuo.

152 1427 296 1468 Plena·
307 1439 354 1468 es
369 1427 618 1478 gratiarum,
636 1426 767 1478 plena
783 1438 884 1467 rore
901 1439 985 1467 coe-

153 1483 269 1533 lesti,
298 1483 445 1523 innixa
471 1495 603 1535 super
629 1481 853 1532 dilectum,
882 1481 985 1522 deli-

155 1539 234 1581 ciis
255 1539 452 1580 affluens.
489 1538 597 1580 Ciba
614 1537 748 1579 hedie
767 1541 986 1590 pauperes

154 1600 255 1637 tuos
283 1595 490 1644 Domina,
521 1594 607 1647 ipsi
636 1606 814 1646 quoque
843 1593 987 1635 catelli

155 1651 211 1693 de
229 1651 354 1692 micis
373 1650 514 1700 edant,
534 1662 617 1691 nec
634 1653 774 1702 puero
794 1649 986 1690 Abrahae

155 1712 342 1758 tantum,
372 1706 451 1748 sed
475 1711 519 1748 et
543 1706 721 1748 camelis
741 1710 897 1758 potum
913 1707 986 1746 tri-

155 1763 266 1806 buas
286 1763 341 1804 de
361 1762 650 1815 superfluenti
669 1761 825 1814 hydria
842 1767 928 1803 tua.

210 1834 261 1884 lx'g.
292 1826 541 1869 Custodivit
571 1840 652 1869 nos
680 1827 725 1868 in
755 1827 874 1868 omni
902 1827 988 1876 via,

156 1897 237 1937 per
270 1897 402 1937 quam
435 1882 770 1925 ambulavimus:
798 1888 820 1911 *
856 1882 914 1924 Et
945 1883 989 1922 in

158 1940 326 1982 cunctis
350 1939 529 1993 populis
553 1952 633 1993 per
657 1951 769 1990 quos
787 1938 987 1980 transivi-

157 2009 264 2044 mus,
284 1995 466 2047 alleluja.
495 1994 543 2045 ys.
562 1996 810 2036 Posuerunt
828 2007 899 2036 me
918 2006 988 2035 cu-

159 2050 332 2094 stodem
350 2052 393 2092 in
413 2051 561 2093 vineis.
589 2051 656 2093 Et.

159 2140 313 2180 Sermo
342 2138 482 2179 sancti
509 2137 743 2188 Augustini
768 2136 990 2189 Episcopi.

462 2211 614 2252 Lectio
636 2210 688 2250 vi.

278 2281 395 2316 Serm.
414 2281 467 2315 18.
484 2281 531 2315 de
548 2280 700 2314 Sanctis
719 2279 757 2313 in
775 2278 871 2313 med.

263 2341 395 2383 beata
418 2339 557 2380 Maria
585 2338 735 2390 accipe
762 2340 989 2388 quascum-

275 2410 360 2449 que
379 2395 527 2444 exsses,
547 2397 847 2446 quascumque
866 2392 989 2432 meri-

161 2453 218 2494 tis
248 2453 336 2494 tuis
368 2452 560 2504 impares
592 2450 829 2500 gratiarum
857 2448 990 2489 actio-

162 2521 255 2559 nes,
283 2513 326 2550 et
354 2521 453 2549 cum
482 2506 730 2558 susceperis
758 2510 876 2553 vota,
905 2503 990 2544 cul-

161 2577 243 2616 pas
277 2569 452 2605 nostras
484 2561 652 2604 orando
686 2563 857 2602 excusa.
903 2558 992 2600 Ad-

162 2622 288 2661 mitte
320 2623 495 2660 nostras
526 2630 682 2670 preces
710 2617 822 2657 intra
850 2617 990 2656 sacra-

163 2676 275 2716 rium
290 2674 594 2723 exauditionis,
614 2678 658 2714 et
672 2674 850 2724 reporta
865 2670 992 2712 nobis

165 2730 412 2773 antidotum
430 2727 806 2772 reconciliationis.
833 2726 896 2768 Sit
913 2738 993 2778 per

1034 335 1078 371 te
1098 330 1365 380 excusabile,
1396 331 1516 382 quod
1539 344 1620 384 per
1642 337 1686 373 te
1710 331 1863 381 ingeri-

1034 398 1131 426 mus
1167 385 1244 426 fiat
1280 386 1574 438 impetrabile,
1619 386 1739 438 quod
1775 385 1863 427 fida

1034 446 1180 482 mente
1199 442 1432 493 poscimus.
1466 443 1634 495 Accipe
1659 441 1778 494 quod
1804 443 1863 483 of-

1035 497 1223 546 ferimus,
1242 497 1408 538 redona
1424 498 1544 549 quod
1559 500 1775 549 rogamus,
1793 511 1863 539 ex-

1036 555 1141 594 cusa
1175 553 1295 604 quod
1331 554 1550 594 timemus:
1597 554 1698 605 quia
1733 559 1781 595 tu
1818 567 1864 595 es

1035 621 1138 660 spes
1175 609 1303 649 unica
1339 612 1634 660 peccatorum.
1694 611 1778 651 Per
1820 615 1864 650 te

1036 667 1264 716 speramus
1300 665 1472 706 veniam
1506 664 1781 714 delictorum,
1822 670 1865 707 et

1035 720 1078 759 in
1096 724 1140 760 te
1160 719 1413 761 beatissima
1432 723 1684 762 nostrorum
1707 726 1774 762 est
1794 733 1864 762 ex-

1036 776 1251 827 spectatio
1280 777 1572 828 praemiorum.
1613 778 1780 829 Accipe
1806 779 1864 816 in-

1036 844 1168 884 super
1195 832 1453 884 obsequium
1483 833 1744 874 famulorum
1771 836 1864 874 tuo-

1036 900 1142 936 rum,
1161 888 1206 927 in
1220 887 1302 928 hac
1318 888 1495 938 regione
1513 888 1774 939 degentium,
1793 889 1866 940 qui

1037 943 1080 983 in
1098 943 1257 993 multis,
1276 946 1534 995 magnisque
1554 944 1759 996 periculis
1779 957 1804 984 a
1822 950 1866 985 te

1038 999 1187 1050 adjuti,
1206 1000 1249 1040 in
1268 1000 1380 1051 grati
1400 1001 1531 1040 animi
1551 1002 1866 1051 argumentum,

1038 1055 1147 1096 et‘in
1170 1055 1427 1096 memoriam
1454 1055 1768 1096 beneficiorum
1794 1055 1865 1096 de-

1038 1111 1257 1160 fensionis,
1278 1116 1321 1152 et
1340 1112 1638 1163 protectionis,
1659 1125 1684 1152 a
1702 1111 1781 1152 Pio
1802 1113 1864 1151 se-

1037 1167 1176 1218 ptimo
1195 1167 1408 1208 Pontifice
1430 1167 1623 1208 Maximo
1648 1167 1692 1206 in
1710 1167 1773 1208 tui
1790 1166 1865 1207 ho-

1038 1225 1191 1263 norem
1210 1223 1492 1264 festivitatem
1513 1223 1625 1263 hanc
1643 1222 1724 1263 sub
1738 1222 1867 1263 titulo

1039 1277 1174 1319 divini
1210 1278 1405 1319 Pastoris
1447 1279 1600 1319 Matris
1641 1278 1866 1319 consecuti

1039 1339 1150 1383 sunt,
1169 1339 1216 1376 ut
1233 1333 1387 1375 fideles
1409 1347 1559 1375 omnes
1579 1339 1623 1375 te
1639 1333 1868 1375 custodem

1039 1390 1301 1440 vigilantem,
1321 1403 1371 1430 ac
1388 1390 1585 1431 coelestia
1599 1390 1762 1442 pabula
1777 1402 1870 1441 sup-

1039 1446 1311 1498 peditantem
1338 1449 1625 1497 cognoscant,
1651 1447 1868 1493 invocent,

1041 1507 1083 1543 et
1101 1504 1396 1543 revereantur.

1092 1578 1142 1628 R.
1169 1574 1258 1616 Sub
1278 1574 1433 1615 umbra
1451 1575 1580 1625 illius,
1608 1587 1739 1625 quem
1758 1573 1867 1614 desi-

1040 1630 1298 1672 deraveram
1323 1630 1432 1671 sedi:
1455 1635 1477 1658 *
1504 1631 1561 1671 Et
1586 1631 1751 1671 fructus
1779 1630 1868 1680 ejus

1041 1687 1181 1728 dulcis
1191 1687 1357 1737 glitturi
1367 1699 1477 1737 meo,
1494 1687 1675 1737 alleluja.
1692 1680 1741 1731 V.
1754 1685 1869 1735 Quid

1041 1742 1212 1784 videbis
1245 1743 1289 1783 in
1321 1743 1560 1791 Sunamite,
1593 1743 1674 1782 nisi
1709 1741 1869 1782 choros

1042 1797 1309 1840 castrerum?
1337 1799 1394 1840 Et
1413 1799 1590 1840 fructus.
1620 1798 1771 1839 Gloria
1790 1798 1867 1837 Pa-

1041 1855 1108 1896 tri.
1135 1855 1192 1895 Et
1210 1854 1387 1896 fructus.

1257 1935 1306 1973 In
1332 1934 1403 1972 III.
1431 1934 1653 1973 Nocturno.

1095 2002 1193 2041 Ant.
1235 2002 1375 2041 Favus
1401 1999 1616 2042 distillans
1640 1999 1756 2040 labia
1781 2003 1870 2046 tua3
1924 2026 1927 2027 ν

1042 2057 1144 2153 piel,
1183 2062 1227 2098 et
1258 2056 1326 2097 lac
1358 2056 1440 2098 sub
1472 2056 1618 2107 lingua
1649 2060 1739 2103 tua,
1772 2053 1869 2094 alle-

1059 2125 1145 2223 111111..
1169 2177 1314 2227 Elegit
1338 2190 1434 2219 eam
1453 2177 1592 2223 Deus,
1622 2178 1665 2215 et
1689 2173 1868 2226 praeele-

1042 2232 1105 2282 git
1121 2244 1227 2282 eam,
1248 2233 1430 2284 alleluja.
1456 2233 1505 2282 lt'z.
1524 2231 1575 2271 In
1589 2229 1871 2271 tabernaculo

1043 2300 1124 2329 suo
1143 2287 1342 2329 habitare
1362 2287 1465 2328 facit
1485 2299 1592 2334 eam,
1612 2284 1794 2335 alleluja.

1042 2366 1197 2407 Lectio
1222 2366 1361 2407 sancti
1382 2363 1608 2415 Evangelii
1631 2362 1872 2403 secundum

1347 2422 1368 2462 J
1373 2423 1570 2462 oannem.

1146 2489 1296 2529 Lectio
1318 2489 1384 2529 vii.
1540 2490 1642 2539 Cap.
1660 2489 1766 2527 1120.

1044 2553 1120 2658 In
1138 2557 1214 2598 illo
1232 2557 1446 2606 tempore:
1468 2552 1621 2594 Stabat
1641 2553 1758 2602 juxta
1779 2563 1872 2591 cru-

1110 2625 1206 2653 cem
1233 2612 1337 2652 Jesu
1363 2614 1504 2650 mater
1532 2609 1643 2658 ejus,
1676 2612 1719 2648 et
1747 2618 1872 2647 soror

1045 2668 1196 2709 matris
1216 2667 1306 2717 ejus
1325 2665 1462 2705 Maria
1481 2663 1701 2715 Cleophae,
1723 2666 1767 2703 et
1786 2661 1872 2701 Ma-

1045 2727 1109 2764 ria
1127 2721 1396 2773 Magdalene.
1423 2721 1480 2762 Et
1498 2719 1676 2771 reliqua.
