2028 2892
180 193 224 227 96
764 191 940 223 «sabbato
968 188 1014 221 ad
1040 186 1274 221 Matutinum.

233 285 358 327 Oculi
377 285 461 325 mei
482 284 538 325 ad
558 283 711 325 fideles
730 289 859 324 terrae
875 287 923 323 ut
938 283 1000 323 se-

181 341 312 382 deant
340 352 526 381 mecum:
554 342 577 366 *
605 339 831 380 ambulans
860 339 902 379 in
932 338 1001 378 via

179 396 473 446 immaculata,
500 395 570 436 hic
589 395 696 436 mihi
715 394 1001 435 ministrabat.

230 452 331 493 Non
359 451 575 493 habitabit
603 452 646 491 in
674 450 820 492 medio
844 450 1000 491 domus

179 520 287 550 meae
307 508 381 559 qui
401 507 503 548 facit
523 506 787 559 superbiam:
806 509 829 533 ¹⁸¹
851 507 925 557 qui
940 505 1000 546 lo—

180 564 326 615 quitur
346 563 511 614 iniqua,
539 576 626 604 non
653 562 812 604 direxit
838 563 881 602 in
901 574 1000 603 con-

179 622 332 672 spectu
352 619 579 660 oculorum
599 621 807 660 meorum.

230 676 280 715 In
292 678 506 716 matutino
522 674 837 716 interficiebam
849 686 1000 715 omnes

178 733 436 783 peccatores
473 736 618 772 terrae:
646 733 669 757 *
698 738 744 771 ut
778 729 1000 782 disperde-

178 800 270 828 rem
286 787 340 828 de
355 787 531 828 civitate
540 787 718 827 Domini
733 798 883 827 omnes
899 798 999 838 ope-

180 845 326 884 rentes
347 843 632 894 iniquitatem.

236 914 331 951 Ant.
370 907 556 949 Jubilate
582 907 677 948 Deo
704 907 846 947 omnis
872 911 1000 948 terra.

238 976 314 1015 Vel
349 976 444 1014 Ant.
496 975 661 1013 Bonum
700 976 766 1012 est
802 971 1000 1012 confiteri

177 1029 378 1070 Domino.

239 1098 332 1136 Ant.
356 1093 534 1135 Clamor
552 1104 686 1132 meus.

447 1173 641 1212 psalmus
666 1174 746 1211 101.

186 1232 417 1337 Domine
450 1233 608 1275 exaudi
644 1232 887 1273 orationem
914 1246 1000 1274 me-

291 1303 376 1331 am:
402 1292 426 1316 *
454 1295 497 1331 et
525 1289 691 1330 clamor
719 1301 842 1329 meus
871 1288 927 1330 ad
957 1294 1002 1330 te

179 1347 334 1387 veniat.

230 1402 328 1443 Non
357 1402 530 1442 avertas
557 1400 714 1441 faciem
733 1406 853 1441 tuam
873 1413 897 1441 a
916 1414 1002 1442 me:

179 1460 202 1485 *
230 1458 273 1498 in
302 1460 576 1509 quacumque
605 1456 675 1498 die
703 1456 906 1505 tribulor,
941 1457 1001 1497 in-

179 1514 293 1555 clina
312 1513 368 1554 ad
387 1525 458 1554 me
475 1525 624 1554 aurem
643 1518 773 1553 tuam.

230 1571 279 1610 In
318 1572 591 1621 quacumque
629 1568 699 1610 die
737 1569 1000 1610 invocavero

179 1631 234 1674 te,
253 1627 277 1652 *
295 1625 505 1666 velociter
525 1624 684 1665 exaudi
703 1638 783 1666 me.

232 1681 344 1730 Quia
360 1680 613 1721 defecerunt
624 1681 737 1721 sieut
748 1680 890 1721 fumus
908 1680 1002 1722 dies

180 1737 281 1778 mei:
298 1739 320 1763 *
341 1741 385 1777 et
413 1747 514 1776 ossa
541 1748 638 1777 mea
660 1736 772 1777 sicut
793 1737 1003 1777 cremium

182 1794 399 1833 aruerunt.

234 1848 472 1888 Percussus
514 1860 609 1887 sum
651 1853 700 1888 ut
740 1847 919 1898 foenum,
961 1854 1004 1890 et

183 1903 296 1945 aruit
333 1915 409 1944 cor
443 1916 603 1944 meum:
639 1905 663 1930 *
697 1904 798 1955 quia
840 1904 1003 1946 oblitus

183 1973 279 2000 sum
298 1958 528 2000 comedere
547 1972 704 2011 panem
723 1973 878 2001 meum.

236 2015 276 2055 A
304 2027 413 2056 voce
439 2015 624 2066 gemitus
652 2016 738 2057 mei
766 2018 789 2043 *
817 2016 1004 2059 adhaesit

184 2083 235 2112 os
252 2083 398 2111 meum
416 2070 535 2111 carni
554 2084 674 2112 meae.

235 2126 395 2167 Similis
422 2126 561 2167 factus
587 2140 681 2168 sum
700 2127 917 2180 pellicano
937 2142 1004 2170 so-

185 2182 397 2223 litudinis:
425 2184 448 2209 *
476 2182 615 2223 factus
650 2197 746 2225 sum
781 2185 895 2226 sicut
932 2199 1005 2237 ny-

186 2240 379 2278 cticorax
397 2238 441 2278 in
461 2238 695 2280 domicilio.

236 2293 443 2344 vigilavi,
471 2296 494 2321 *
523 2300 566 2335 et
600 2295 740 2337 factus
769 2310 864 2337 sum
894 2297 1007 2339 sicut

188 2360 338 2400 passer
359 2349 580 2391 soliterius
597 2351 640 2391 in
659 2356 792 2393 tecto.

238 2403 351 2444 Tota
376 2404 446 2446 die
471 2406 799 2458 exprobrabant
821 2407 927 2447 mihi
947 2407 1006 2448 in-

188 2459 303 2499 imici
328 2460 428 2500 mei:
447 2462 470 2486 *
489 2466 532 2502 et
561 2463 634 2513 qui
662 2462 900 2504 laudabant
928 2477 1008 2512 me,

189 2513 418 2555 adversum
437 2529 505 2557 me
525 2517 732 2567 jurabant.

242 2570 351 2618 Quia
381 2573 567 2612 cinerem
595 2578 817 2625 tamquam
850 2587 1007 2627 panem

190 2625 521 2671 manducabam,
550 2630 571 2654 *
600 2635 643 2670 et
676 2636 831 2681 potum
864 2643 1009 2671 meum

191 2693 289 2721 cum
309 2681 414 2722 fletu
431 2682 677 2724 miscebam.

1105 280 1145 321 A
1164 280 1275 321 facie
1294 279 1372 320 irae
1388 283 1433 320 et
1447 276 1763 328 indignationis
1777 280 1883 316 tuae:

1053 339 1075 363 *
1094 337 1197 387 quia
1215 335 1391 377 elevans
1412 333 1585 375 allisisti
1603 344 1685 373 me.

1105 393 1212 433 Dies
1244 391 1331 432 mei
1367 391 1480 431 sicut
1508 388 1664 430 umbra
1692 387 1883 429 declina-

1053 450 1226 489 verunt:
1270 450 1294 474 *
1337 452 1380 488 et
1427 458 1509 497 ego
1556 445 1670 486 sicut
1715 444 1883 485 foenum

1052 505 1156 545 arui.

1104 561 1172 601 Tu
1201 565 1347 601 autem
1375 558 1566 600 Domine
1596 557 1640 597 in
1669 558 1883 598 aeternum

1052 619 1299 669 permanes:
1316 617 1340 642 *
1359 620 1403 656 et
1421 613 1677 655 memoriale
1695 618 1820 654 tuum
1838 613 1883 653 in

1052 673 1382 724 generationem
1404 676 1448 712 et
1467 670 1808 722 generationem.

1103 729 1172 769 Tu
1197 731 1436 779 exsurgens
1460 725 1742 767 misereberis
1761 724 1883 766 Sion:

1052 787 1075 812 *
1092 785 1194 837 quia
1213 789 1388 836 tempus
1403 781 1642 824 miserendi
1657 783 1760 833 ejus,
1781 781 1884 833 quia

1053 841 1171 882 venit
1188 846 1374 892 tempus.

1104 897 1321 947 Quoniam
1348 896 1609 949 placuerunt
1637 893 1777 935 servis
1795 893 1883 935 tuis

1052 953 1223 1005 lapides
1245 954 1351 1005 ejus:
1371 954 1394 979 *
1415 957 1458 994 et
1483 956 1617 992 terrae
1644 951 1735 1003 ejus
1755 950 1882 991 mise-

1052 1009 1274 1051 rebuntur.

1104 1066 1161 1107 Et
1188 1065 1407 1106 timebunt
1431 1064 1599 1106 Gentes
1627 1075 1790 1105 nomen
1816 1067 1882 1104 tu-

1052 1135 1126 1163 um
1148 1121 1348 1169 Domine,
1368 1122 1391 1147 *
1412 1125 1455 1162 et
1475 1133 1629 1162 omnes
1649 1131 1777 1172 reges
1797 1123 1882 1160 ter-

1052 1191 1113 1219 rae
1132 1178 1317 1229 gloriam
1337 1182 1467 1218 tuam.

1105 1235 1217 1284 Quia
1249 1233 1486 1275 aedificavit
1514 1233 1732 1274 Dominus
1759 1232 1884 1274 Sion:

1053 1291 1076 1317 *
1097 1295 1141 1331 et
1158 1289 1379 1331 videbitur
1399 1290 1443 1329 in
1462 1289 1605 1340 gloria
1621 1301 1711 1330 sua.

1102 1346 1317 1398 Respexit
1327 1345 1372 1385 in
1383 1346 1631 1386 orationem
1637 1343 1885 1386 humilium:

1054 1404 1076 1428 *
1097 1406 1141 1443 et
1158 1414 1248 1442 non
1269 1401 1437 1454 sprevit
1455 1413 1635 1453 precem
1654 1402 1819 1443 eorum.

1105 1457 1363 1499 Scribuntur
1397 1457 1493 1498 haec
1525 1457 1571 1498 in
1598 1456 1884 1509 generatione

1055 1514 1209 1555 altera:
1227 1515 1251 1541 *
1271 1518 1315 1555 et
1333 1513 1538 1566 populus,
1558 1514 1635 1566 qui
1649 1512 1884 1562 creabitur,

1053 1570 1252 1611 laudabit
1270 1570 1525 1611 Dominum:

1107 1626 1219 1676 Quia
1234 1626 1464 1678 prospexit
1476 1626 1532 1668 de
1542 1625 1720 1667 excelso
1731 1628 1885 1666 sancto

1055 1694 1151 1723 suo:
1171 1684 1194 1709 *
1209 1682 1425 1723 Dominus
1446 1681 1502 1724 de
1522 1681 1638 1724 coelo
1657 1681 1703 1722 in
1721 1685 1886 1722 terram

1055 1738 1245 1790 aspexit:

1107 1794 1166 1835 Ut
1194 1794 1367 1836 audiret
1394 1794 1584 1846 gemitus
1613 1792 1885 1846 compedito-

1055 1863 1168 1891 rum:
1194 1852 1216 1877 *
1240 1856 1288 1892 ut
1316 1850 1509 1892 solveret
1538 1849 1654 1891 filios
1682 1850 1884 1891 interem-

1055 1908 1248 1959 ptorum:

1108 1963 1167 2004 Ut
1204 1963 1463 2004 annuntient
1497 1963 1542 2003 in
1578 1963 1685 2004 Sion
1725 1974 1887 2003 nomen

1056 2019 1250 2059 Domini:
1272 2020 1295 2046 *
1315 2025 1359 2060 et
1383 2019 1559 2061 laudem
1584 2020 1675 2071 ejus
1698 2019 1744 2060 in
1766 2018 1886 2060 Jeru-

1058 2075 1205 2116 salem.

1110 2131 1159 2171 In
1171 2130 1473 2172 conveniendo
1484 2131 1677 2184 populos
1687 2131 1732 2172 in
1741 2143 1887 2180 unum,

1058 2188 1080 2213 *
1103 2192 1146 2228 et
1166 2199 1292 2238 reges
1312 2192 1361 2228 ut
1379 2187 1572 2229 serviant
1592 2187 1797 2229 Domino.

1111 2243 1360 2295 Respondit
1381 2243 1420 2284 ei
1440 2243 1483 2284 in
1499 2244 1570 2285 via
1585 2243 1761 2286 virtutis
1779 2255 1888 2284 suae:

1059 2301 1082 2325 *
1096 2299 1370 2340 Paucitatem
1386 2299 1556 2341 dierum
1571 2303 1771 2342 meorum
1782 2302 1887 2340 nun-

1058 2355 1119 2395 tia
1138 2355 1254 2395 mihi.

1110 2411 1178 2451 Ne
1206 2412 1387 2452 revoces
1413 2424 1484 2452 me
1512 2412 1555 2452 in
1586 2412 1770 2454 dimidio
1799 2411 1886 2454 die-

1060 2479 1155 2507 rum
1172 2468 1384 2507 meorum:
1399 2469 1423 2493 *
1438 2467 1481 2507 in
1499 2469 1830 2518 generationem
1845 2472 1888 2509 et

1059 2522 1389 2572 generationem
1408 2524 1510 2564 anni
1528 2524 1603 2564 tui.

1111 2578 1242 2618 Initio
1271 2583 1319 2619 tu
1339 2578 1527 2620 Domine
1554 2585 1719 2621 terram
1739 2580 1888 2622 funda-

1061 2634 1131 2674 sti:
1164 2635 1187 2660 *
1220 2639 1263 2674 et
1300 2636 1435 2685 opera
1475 2637 1682 2677 manuum
1714 2639 1890 2678 tuarum

1061 2694 1160 2730 sunt
1180 2689 1292 2730 coeli.
