2066 2904
802 139 1011 172 Commune
1041 138 1261 171 Doctorum.

172 236 314 279 brem:
339 242 473 288 atque
493 236 587 287 hoc,
612 236 735 288 quod
750 236 885 289 paulo
903 241 1006 278 ante

172 293 456 346 protulimus:
509 292 811 343 Quamobrem
859 293 1004 345 prohi-

173 348 279 390 bitae
307 353 411 391 sunt
437 348 578 391 stellae
606 349 867 402 pluviarum.

308 422 393 461 Pro
422 421 617 461 Doctore
644 420 868 460 Pontifice.

223 487 274 539 lit·
309 482 445 524 Posui
473 483 740 536 adjuterium
768 496 901 537 super
929 496 1004 537 po-

173 540 360 588 tentem,
406 544 450 581 et
490 540 680 582 exaltavi
720 540 909 582 electum
949 540 1004 582 de

172 594 304 648 plebe
339 608 457 637 mea:
493 601 514 623 *
553 597 710 638 Manus
750 597 866 638 enim
906 610 1004 639 mea

174 651 457 693 auxiliabitur
489 653 540 694 ei.
590 649 636 700 Y.
671 654 826 695 Inveni
857 653 1005 695 David

174 720 350 749 servum
381 721 545 759 meum,
583 709 682 752 oleo
716 714 870 751 saneto
903 722 1003 751 meo

173 764 279 805 unxi
308 777 419 806 eum.
458 765 626 807 Manus.

239 836 326 876 Pro
355 836 551 877 Doctore
580 848 666 875 non
697 836 922 876 Pontificc.

216 900 274 952 R.
322 897 503 940 Amavit
545 912 646 941 eum
682 900 918 950 Deminus,
960 905 1003 942 et
1063 934 1106 951 φ

172 955 345 996 ornavit
365 967 479 997 eum:
507 955 668 997 stolam
686 956 840 1008 gleriae
859 956 1003 998 induit

172 1023 287 1062 eum,
310 1018 331 1040 *
359 1011 417 1053 Et
444 1011 502 1053 ad
526 1017 681 1065 portas
709 1012 904 1065 paradisi
933 1025 1002 1054 00-

170 1067 347 1109 ronavit
374 1079 485 1109 eum.
524 1065 572 1117 Y.
601 1068 752 1111 Induit
780 1081 880 1110 eum
907 1069 1002 1110 Dfis

171 1123 355 1165 loricam
374 1123 499 1175 fidei,
527 1129 572 1167 et
596 1126 770 1167 ornavit
795 1138 906 1167 eum.
934 1126 1002 1167 Et.

469 1195 623 1237 Lectio
650 1196 702 1237 vi.

170 1256 334 1363 Dum
362 1275 468 1314 ergo
494 1262 678 1315 Hyades
707 1276 808 1304 cum
838 1263 1001 1316 phiviis

273 1319 466 1369 veniunt,
487 1319 545 1361 ad
560 1319 663 1361 coeli
679 1320 824 1372 spatia
843 1320 1001 1362 altiora

170 1374 239 1416 sol
273 1374 463 1416 ducitur:
502 1376 604 1428 quia
637 1378 880 1429 apparente
912 1377 1000 1418 Do-

170 1433 344 1473 ctomm
363 1432 558 1482 scientia,
578 1432 684 1474 dum
706 1445 829 1474 mens
849 1438 1001 1475 nostra

168 1487 311 1529 imbre
361 1487 694 1541 praedicationis
745 1489 1001 1539 infunditur,

168 1543 274 1586 fidei
315 1545 436 1586 calor
477 1547 672 1596 augetur.
724 1545 783 1587 Et
822 1546 1000 1598 perfusa

168 1605 288 1642 terra
327 1600 385 1642 ad
425 1601 618 1643 fructum
656 1602 855 1654 preficit,
901 1615 1000 1644 cum

167 1656 316 1698 lumen
343 1656 522 1699 aetheris
545 1657 746 1709 ignescit:
775 1659 878 1711 quia
897 1658 1000 1700 ube-

168 1713 259 1754 rius
282 1713 453 1765 frugem
478 1713 584 1756 boni
604 1715 751 1767 operis
775 1714 1000 1756 reddimus

169 1768 274 1811 dum
303 1782 385 1823 per
415 1782 554 1811 sacrae
587 1770 848 1813 eruditi6nis
880 1772 1000 1812 flam-

167 1838 286 1866 mam
321 1826 366 1867 in
403 1825 539 1868 corde
581 1826 742 1868 clarius
783 1827 999 1870 ardemus.

166 1881 373 1934 Dumque
405 1895 487 1935 per
519 1895 595 1924 eos
628 1883 785 1925 diebus
815 1884 998 1936 singulis

167 1938 308 1988 magis
336 1941 564 1991 magisque
592 1940 775 1981 scientia
802 1940 998 1982 coelestis

170 1993 432 2044 ostenditur,
462 1995 587 2048 quasi
604 1996 764 2037 interni
782 1996 912 2038 nobis
936 1997 999 2038 111-

167 2050 298 2092 minis
341 2063 526 2093 vernum
565 2056 742 2105 tempus
784 2055 999 2105 aperitur:

167 2110 217 2148 ut
260 2118 402 2148 novus
449 2107 518 2149 sol
562 2108 726 2150 nostris
778 2109 999 2151 mentibus

167 2162 331 2213 rutilet,
349 2167 393 2205 et
412 2165 566 2205 eerum
582 2165 730 2206 verbis
750 2165 878 2207 nobis
898 2168 998 2218 cog-

166 2219 284 2261 nitus
305 2222 453 2272 seipso
470 2220 667 2273 quotidie
683 2221 842 2263 clarior
855 2222 998 2264 micet.

166 2275 362 2327 Urgente
394 2277 557 2318 etenim
593 2277 746 2319 mundi
782 2277 888 2329 fine,
930 2292 997 2320 su·

165 2332 305 2383 perna
331 2333 515 2374 scientia
541 2334 734 2386 proficit,
763 2339 807 2376 et
835 2334 997 2386 largius

167 2400 267 2428 cum
294 2390 497 2442 tempore
526 2391 750 2432 excrescit.

299 2461 382 2501 Pro
412 2461 605 2502 Doctore
635 2461 858 2503 Pontificc.

221 2520 271 2572 R.
294 2522 388 2565 Iste
406 2527 483 2566 est.
511 2523 585 2577 [71]

243 2594 329 2635 Pro
358 2595 553 2636 Doctorc
584 2608 668 2635 non
699 2596 923 2636 Pontificc.

222 2654 271 2706 R‘·
294 2657 386 2699 Iste
403 2657 550 2700 homo.
578 2659 662 2712 [89]

321 2799 385 2824 Pars
401 2799 494 2825 Verna.

1819 143 1893 187 [81]

1274 248 1321 285 In
1351 248 1419 285 III.
1451 248 1673 286 Nocturno.

1236 316 1378 357 sancti
1395 316 1624 368 Evangelii
1649 316 1892 359 secundum

1340 373 1610 414 Matthaeum,

1164 443 1313 482 Lectio
1336 443 1401 481 vii.
1576 444 1677 493 (lap.
1694 443 1730 480 5.
1749 442 1785 479 b.

1055 496 1134 603 In
1152 501 1228 543 illo
1243 503 1460 555 tempore:
1479 503 1604 546 Dixit
1617 505 1643 546 J
1646 518 1746 547 esus
1763 505 1890 548 disci—

1131 558 1247 611 pulis
1272 559 1378 600 suis:
1405 559 1501 601 Vos
1526 562 1631 603 estis
1660 561 1725 603 sal
1749 567 1892 604 terrae.

1057 614 1189 664 Quod
1215 615 1253 656 si
1278 615 1343 656 sal
1370 618 1614 668 evanuerit,
1644 619 1688 659 in
1713 631 1800 671 quo
1827 632 1890 660 sa-

1056 669 1210 712 lietur?
1238 671 1296 713 Et
1314 672 1493 724 reliqua.

1057 756 1249 798 Homilia
1265 759 1405 800 sancti
1417 759 1653 810 Augustini
1667 761 1891 814 Episcopi.

1109 827 1190 860 Lib.
1217 827 1308 860 1.le
1328 828 1443 860 Serrn.
1467 827 1621 860 Domini
1644 827 1678 859 in
1700 833 1837 859 monte.

1310 877 1451 918 (2211).st
1477 875 1583 908 Tom.
1602 876 1630 907 4,

1063 944 1131 992 (χΙ-(ιθ
1143 931 1336 992 stendit
1354 932 1587 983 Dominus,
1622 933 1768 976 fatuos
1794 947 1891 977 esse

1059 963 1166 1034 {affl}
1188 987 1458 1039 judicandos,
1487 990 1560 1042 qui
1579 991 1891 1043 temporalium

1188 1043 1407 1086 bonorum
1427 1045 1498 1086 vel
1523 1046 1699 1098 copiam
1721 1051 1890 1090 sectan-

1054 1105 1138 1151 tes,
1166 1100 1236 1142 vel
1255 1101 1451 1154 inopiam
1473 1105 1738 1154 metuentes,
1768 1107 1890 1146 amit-

1054 1162 1152 1199 tunt
1172 1159 1347 1207 aeterna,
1370 1171 1470 1210 quae
1486 1171 1568 1200 nec
1586 1159 1681 1201 dari
1701 1167 1890 1213 possunt

1054 1213 1110 1255 ab
1130 1213 1393 1263 hominibus,
1421 1227 1503 1256 nec
1523 1216 1695 1258 auferri.
1731 1218 1889 1270 Itaque

1054 1270 1091 1311 si
1128 1270 1193 1311 sal
1226 1270 1487 1312 infatuatum
1522 1272 1674 1324 fuerit,
1716 1274 1760 1314 in
1800 1288 1888 1327 quo

1054 1325 1259 1368 salietur?
1305 1327 1358 1368 Id
1379 1333 1461 1378 est,
1490 1328 1526 1368 si
1551 1342 1648 1379 vos,
1676 1343 1757 1383 per
1778 1344 1889 1384 quos

1054 1383 1291 1425 condiendi
1318 1389 1420 1425 sunt
1450 1385 1781 1436 quodammodo
1811 1390 1888 1441 po-
1938 1411 1941 1414 >

1053 1440 1157 1493 puli,
1185 1445 1307 1482 metu
1334 1442 1694 1493 persecutionum
1718 1449 1888 1498 tempo-

1053 1497 1209 1538 ralium
1236 1497 1471 1538 amiseritis
1499 1511 1635 1550 regna
1657 1500 1887 1553 coelOrum3

1055 1554 1130 1604 qui
1167 1558 1296 1594 erunt
1331 1553 1551 1604 hemines,
1595 1569 1675 1608 per
1713 1571 1825 1610 quos
1863 1571 1888 1599 a

1053 1609 1182 1651 vobis
1220 1622 1343 1651 error
1381 1611 1624 1662 auferatur,
1668 1626 1768 1655 cum
1806 1627 1886 1656 vos

1054 1666 1236 1718 elegerit
1263 1667 1402 1717 Deus,
1439 1681 1520 1720 per
1546 1681 1659 1721 quos
1689 1673 1886 1714 errorem

1053 1724 1223 1765 auferat
1251 1723 1525 1766 ceterorum?

1188 1797 1271 1836 I’ro
1303 1797 1498 1837 Doctore
1530 1796 1753 1837 I’ontificc.

1108 1858 1158 1909 Rs.
1196 1858 1376 1901 Amavit
1419 1872 1519 1901 eum
1561 1861 1798 1912 Deminus,
1843 1868 1887 1905 et

1053 1914 1226 1957 ornavit
1245 1928 1363 1957 eum:
1391 1917 1551 1958 stolam
1569 1917 1723 1969 gloriae
1746 1919 1887 1961 induit

1054 1983 1164 2021 eum,
1178 1973 1200 1997 *
1224 1971 1281 2014 Et
1300 1972 1358 2014 ad
1375 1979 1529 2026 portas
1549 1974 1744 2027 paradisi
1763 1988 1885 2018 coro-

1051 2028 1173 2069 navit
1192 2040 1302 2070 eum.
1326 2027 1375 2075 V.
1388 2029 1538 2072 Induit
1557 2044 1656 2072 eum
1669 2031 1886 2074 Dominus

1051 2082 1234 2126 loricam
1253 2085 1368 2136 fidei,
1398 2091 1442 2128 et
1461 2088 1633 2129 ornavit
1653 2100 1764 2129 eum.
1792 2089 1859 2131 Et.

1128 2154 1214 2194 Pro
1244 2154 1439 2195 Doctore
1471 2165 1556 2193 non
1586 2151 1811 2192 Pontificc.

1105 2215 1155 2267 R.
1181 2214 1273 2256 Iste
1302 2220 1369 2258 est
1400 2216 1474 2269 qui
1503 2220 1604 2258 ante
1624 2217 1768 2259 Deum
1796 2231 1884 2261 ma-

1050 2281 1158 2320 gnas
1186 2270 1373 2314 virtutes
1401 2275 1612 2325 operatus
1641 2278 1724 2324 est,
1761 2280 1804 2317 et
1829 2275 1884 2318 de

1052 2326 1171 2367 omni
1210 2327 1346 2370 corde
1387 2341 1468 2370 suo
1505 2329 1702 2372 laudavit
1735 2331 1883 2373 Domi-

1050 2395 1174 2423 num:
1206 2386 1227 2407 *
1259 2384 1362 2436 Ipse
1394 2384 1639 2428 intercedat
1666 2400 1748 2439 pro
1783 2401 1883 2441 pec-

1052 2439 1160 2480 catis
1182 2441 1375 2482 omnium
1394 2441 1672 2494 populorum.
1704 2436 1749 2486 Υ
1765 2445 1882 2488 Εο00

1050 2494 1184 2537 1101110
1206 2496 1300 2538 sine
1320 2497 1509 2549 querela,
1538 2511 1670 2541 verus
1689 2500 1774 2543 Dei
1795 2502 1882 2544 cul-

1050 2555 1135 2601 tor,
1173 2551 1399 2594 abstinens
1433 2567 1481 2595 se
1509 2554 1565 2596 ab
1594 2557 1713 2598 omni
1746 2559 1882 2611 opere

1049 2607 1183 2658 malo,
1212 2613 1255 2650 et
1280 2611 1544 2662 permanens
1568 2611 1611 2653 in
1631 2612 1882 2658 innocentia

1050 2676 1139 2704 sua.
1174 2665 1288 2717 Ipse.

1061 315 1211 356 Lectio

1645 2802 1673 2834 F
