2066 2904
785 144 996 178 Commune
1023 155 1099 178 non
1127 144 1338 187 Virginum.

494 234 646 275 Lectio
667 235 749 275 viii.

209 276 348 400 Qua
368 295 411 335 in
430 307 478 336 re
496 294 583 336 hoc
603 307 780 347 quoque
794 295 1037 336 notandum

310 356 391 400 est,
426 350 546 403 quod
575 351 778 392 inventus
806 351 1037 392 thesaurus

206 406 502 456 absconditur,
522 413 570 448 ut
589 409 803 449 servetur:
828 407 930 459 quia
950 410 1037 448 stu-

206 463 326 505 dium
351 462 545 505 coelestis
569 462 775 505 desiderii
794 476 819 504 a
837 463 1037 513 malignis

206 518 431 572 spiritibus
469 519 693 561 custodire
734 532 823 560 non
860 519 1037 568 sufficit,

206 575 278 627 qui
304 575 389 616 hoc
414 575 469 617 ab
493 575 694 616 humanis
722 575 926 617 laudibus
950 587 1038 616 non

205 631 449 673 abscondit.
472 633 524 672 In
537 632 746 684 praesenti
762 631 922 673 etenim
936 631 1037 681 vita,

207 688 332 740 quasi
350 688 394 728 in
408 688 479 729 via
494 701 656 737 sumus,
677 701 763 740 qua
777 687 835 729 ad
848 687 1039 740 patriam

205 744 440 796 pergimus.
477 744 656 795 Maligni
683 749 831 785 autem
859 743 1039 795 spiritus

205 800 288 841 iter
312 805 511 841 nostrum
535 800 660 852 quasi
679 799 858 851 quidam
876 799 1038 840 latrun-

206 855 293 896 culi
311 855 527 897 obsident.
556 855 820 908 Depraedari
841 868 946 906 ergo
967 855 1038 897 de-

205 911 380 961 siderat,
397 912 471 964 qui
485 912 741 953 thesaurum
757 911 932 964 publice
947 925 1040 964 por-

205 972 270 1009 tat
288 968 331 1008 in
351 968 432 1009 via.
462 968 563 1009 Hoc
583 973 729 1009 autem
749 967 864 1017 dico,
883 981 972 1009 non
991 973 1040 1010 ut

205 1024 395 1076 proximi
415 1026 552 1076 opera
570 1029 722 1065 nostra
740 1024 858 1066 bona
875 1037 964 1065 non
979 1027 1038 1065 vi-

206 1079 354 1129 deant,
387 1093 486 1121 cum
512 1081 724 1133 scriptum
749 1081 818 1122 sit:
845 1080 1039 1122 Videant

206 1138 344 1188 opera
371 1142 519 1178 vestra
548 1136 683 1186 bona,
720 1142 765 1178 et
791 1136 1039 1187 glorificent

207 1192 383 1233 Patrem
402 1198 614 1242 vestrum,
641 1193 715 1245 qui
739 1193 783 1233 in
807 1192 932 1233 coelis
957 1198 1038 1234 est:

206 1247 286 1289 sed
306 1253 353 1290 ut
371 1261 451 1300 per
469 1248 571 1298 hoc,
597 1247 717 1301 quod
737 1248 921 1300 agimus,
949 1248 1037 1290 lau—

207 1303 284 1345 des
319 1304 511 1346 exterius
543 1317 632 1346 non
666 1307 927 1356 quaeramus.
967 1305 1038 1346 Sic

205 1364 352 1401 autem
378 1360 434 1401 sit
458 1373 571 1412 opus
596 1361 640 1401 in
659 1359 858 1413 publico,
889 1363 1038 1413 quate-

204 1428 286 1456 nus
304 1416 487 1458 intentio
508 1418 684 1458 maneat
707 1417 751 1457 in
775 1416 965 1458 occulto:
989 1422 1039 1459 ut

205 1476 250 1513 et
283 1471 338 1513 de
370 1471 489 1514 bono
523 1475 658 1525 opere
685 1473 899 1525 proximis
926 1486 1038 1526 prae-

204 1527 387 1569 beamus
415 1528 682 1581 exemplum,
713 1533 756 1570 et
782 1534 931 1571 tamen
958 1542 1038 1582 per

204 1583 505 1635 intentionem,
530 1598 616 1637 qua
634 1585 732 1627 Deo
756 1585 839 1626 soli
863 1585 1038 1638 placere

206 1641 457 1691 quaerimus,
501 1653 676 1694 semper
722 1643 927 1694 optemus
973 1655 1038 1684 se-

204 1698 384 1738 cretum.

256 1762 307 1813 R.
343 1762 546 1813 Regnum
577 1761 746 1812 mundi,
785 1766 830 1803 et
863 1775 1038 1804 omnem

206 1820 408 1859 ornatum
445 1818 596 1859 saeculi
635 1818 897 1870 contempsi,
937 1832 1036 1871 pro-

204 1879 304 1926 pter
345 1876 541 1915 amorem
581 1874 761 1915 Domini
805 1874 891 1915 mei
932 1875 1038 1917 Jesu

206 1929 381 1972 Christi:
397 1926 421 1950 *
443 1931 583 1980 Quem
603 1929 703 1980 vidi,
732 1943 862 1982 quem
882 1931 1037 1981 amavi,

204 1986 247 2026 in
299 1999 430 2038 quem
475 1986 660 2035 credidi,
716 1999 846 2038 quem
893 1986 1036 2028 dilexi.

205 2035 256 2086 V.
290 2042 521 2084 Eructavit
557 2055 635 2083 cor
670 2054 816 2083 meum
853 2042 1036 2084 verbum

205 2097 384 2140 bonum:
413 2098 514 2140 dico
539 2111 621 2149 ego
649 2100 785 2150 opera
810 2112 908 2140 mea
934 2101 1036 2150 regi.

207 2155 358 2203 Quem.
394 2155 543 2196 Gloria
565 2155 696 2196 Patri.
730 2155 881 2204 Quem.

258 2218 418 2260 Bened.
449 2219 518 2261 Ad
544 2220 814 2261 societatem.

507 2297 660 2338 Lectio
681 2298 736 2337 ix.

283 2366 496 2408 hesaurus
516 2372 662 2409 autem
682 2367 863 2409 coeleste
883 2373 951 2409 est
965 2368 1036 2410 de-

289 2422 511 2464 siderium:
530 2437 635 2474 ager
649 2436 767 2473 vero,
782 2424 826 2464 in
842 2436 930 2476 quo
945 2424 1036 2466 the-

208 2480 363 2518 saurus
383 2479 678 2529 absconditur,
699 2479 930 2532 disciplina
949 2484 1036 2521 stu-

209 2531 269 2573 dii
285 2534 487 2576 coelestis.
511 2537 651 2585 Quem
666 2536 866 2588 profecto
885 2548 1038 2586 agrum

209 2588 396 2630 venditis
433 2591 634 2633 omnibus
678 2594 921 2644 comparat,
965 2594 1038 2644 qui

209 2644 508 2697 voluptatibus
519 2649 661 2689 carnis
671 2648 937 2699 renuntians,
947 2661 1040 2690 cun·

1092 242 1163 278 cta
1182 251 1262 280 sua
1277 243 1451 282 terrena
1467 242 1685 284 desideria
1699 255 1782 295 per
1796 242 1921 284 disei-

1091 293 1223 345 plinae
1257 296 1451 339 coelestis
1486 298 1733 340 custodiam
1765 298 1922 340 calcat:

1091 354 1139 390 ut
1158 350 1263 392 nihil
1286 353 1387 403 jam,
1417 354 1536 406 quod
1561 367 1664 396 caro
1688 354 1922 405 blanditur,

1092 405 1240 456 libeat;
1267 408 1373 449 nihil
1399 410 1519 462 quod
1543 411 1764 452 carnalem
1787 411 1922 453 vitam

1091 463 1295 513 trucidat,
1314 466 1494 517 spiritus
1514 467 1836 519 perhorrescat.

1149 521 1208 561 Te
1228 520 1370 561 Deum
1390 521 1631 564 laudamus.
1650 524 1709 564 15.

1276 616 1278 618 ·
1355 601 1435 641 Ad
1460 601 1659 643 Laudes

1299 661 1349 690 et
1390 667 1487 700 per
1528 657 1721 692 Horas.

1144 716 1243 757 Ant.
1268 718 1297 756 1.
1337 717 1451 756 Dum
1475 720 1593 756 esset
1616 715 1715 756 Rex
1738 715 1762 741 *
1785 716 1830 756 in
1855 728 1924 757 ac-

1093 769 1245 811 cubitu
1264 783 1356 820 suo,
1376 770 1540 813 nardus
1559 784 1659 813 mea
1677 771 1799 813 dedit
1818 771 1923 814 odo-

1092 839 1186 868 rem
1206 827 1446 869 suavitatis.

1151 885 1308 925 Psalm.
1338 884 1553 925 Dominus
1581 883 1790 935 regnavit.
1821 900 1921 929 cum

1093 941 1281 992 reliquis.
1299 940 1359 981 16.

1143 999 1179 1037 2.
1223 997 1272 1036 In
1316 995 1501 1038 odorem
1539 996 1563 1022 *
1601 998 1927 1047 unguentorum

1092 1054 1269 1094 tuorum
1310 1053 1542 1102 currimus;
1583 1052 1923 1095 adolescentulae

1093 1108 1339 1150 dilexerunt
1361 1113 1405 1150 te
1428 1109 1567 1150 nimis.

1145 1169 1181 1208 3.
1214 1168 1309 1208 Jam
1342 1165 1482 1206 hiems
1514 1165 1702 1215 transiit,
1731 1165 1755 1191 *
1782 1165 1923 1207 imber

1092 1220 1210 1270 abiit,
1230 1226 1274 1262 et
1292 1222 1488 1263 recessit:
1508 1234 1638 1272 surge
1655 1223 1797 1263 amica
1813 1235 1922 1271 mea,

1092 1281 1135 1318 et
1152 1277 1261 1318 veni.

1142 1334 1179 1373 4.
1217 1333 1324 1375 Veni
1351 1333 1491 1375 electa
1517 1346 1631 1383 mea,
1650 1334 1675 1360 *
1694 1338 1738 1375 et
1759 1346 1923 1387 ponam

1090 1389 1134 1429 in
1151 1394 1196 1431 te
1215 1389 1424 1430 thronum
1442 1403 1600 1440 meum,
1619 1389 1801 1442 alleluja.

1141 1447 1179 1486 5,
1208 1446 1299 1486 Ista
1323 1450 1391 1497 est
1414 1446 1618 1498 speciosa
1635 1447 1659 1473 *
1678 1446 1791 1488 inter
1810 1446 1922 1488 filias

1091 1501 1346 1543 Jerusalem.

1253 1576 1339 1615 Pro
1364 1575 1557 1627 Mar-tyre
1584 1579 1765 1616 tantum.

1195 1644 1454 1695 Capitulum.
1607 1644 1739 1685 Eecli.
1757 1645 1817 1686 51.

1091 1697 1385 1806 Confitebor
1412 1704 1493 1746 tibi
1517 1705 1707 1747 Domine
1732 1706 1846 1756 Rex,
1879 1711 1924 1748 et

1184 1760 1445 1803 collaudabo
1478 1766 1523 1803 te
1554 1762 1699 1803 Deum
1726 1761 1922 1804 Salvato-

1091 1829 1184 1857 rem
1201 1830 1357 1858 meum.
1377 1817 1635 1859 Confitebor
1651 1818 1817 1859 nomini
1830 1823 1923 1860 tuo:

1091 1873 1299 1925 queniam
1333 1873 1507 1925 adjutor
1536 1879 1580 1916 et
1606 1876 1836 1927 protector
1862 1875 1921 1917 fa-

1090 1934 1187 1970 ctus
1216 1942 1264 1971 es
1296 1929 1419 1980 mihi,
1454 1935 1498 1972 et
1528 1930 1725 1972 liberasti
1758 1943 1922 1984 corpus

1090 1998 1237 2027 meum
1256 1998 1281 2026 a
1299 1985 1558 2038 perditione.

1131 2054 1218 2094 Pro
1247 2067 1327 2094 nec
1355 2054 1535 2104 Virgine
1566 2067 1645 2095 nec
1673 2054 1877 2107 Martyre.

1194 2118 1454 2170 Capitulum.
1555 2120 1683 2160 Prov,
1702 2121 1761 2160 31.
1776 2119 1815 2161 b.

1090 2173 1375 2278 Mulierem
1402 2178 1562 2220 fortem
1586 2179 1683 2231 quis
1707 2179 1920 2221 inveniet?

1210 2234 1384 2287 procul,
1411 2240 1455 2276 et
1483 2234 1539 2276 de
1568 2235 1732 2277 ultimis
1759 2235 1921 2277 finibus

1089 2290 1279 2342 pretium
1311 2291 1414 2342 eius.
1459 2290 1653 2333 Confidit
1683 2292 1727 2332 in
1759 2304 1812 2333 ea
1844 2304 1921 2333 cor

1090 2346 1170 2387 viri
1188 2346 1270 2396 sui,
1290 2350 1335 2388 et
1353 2347 1506 2399 spoliis
1524 2360 1612 2389 non
1631 2346 1852 2398 indigebit.

1399 2418 1611 2469 Hymnus.

1221 2485 1362 2522 ortem
1381 2480 1493 2521 virili
1513 2482 1696 2533 pectore

1238 2536 1488 2578 Laudemus
1507 2549 1660 2578 omnes
1680 2537 1896 2587 feminam,

1195 2594 1304 2643 Quae
1324 2593 1568 2634 sanctitatis
1587 2593 1728 2643 gloria

1195 2649 1368 2701 Ubique
1388 2649 1525 2700 fulget
1543 2648 1718 2701 inclyta.
