2028 2892
690 158 801 194 Fcria
826 166 961 203 quarta
987 162 1036 197 ad
1060 162 1295 199 Matutinum.

420 252 617 294 Psalmus
637 254 703 294 65.

146 304 387 412 Jubilate
411 310 509 351 Deo
535 311 676 352 omnis
705 316 835 362 terra,
862 314 974 365 psal-

244 379 363 407 mum
383 365 515 408 dicite
529 368 693 408 nemini
708 369 813 420 ejus:
831 370 854 395 *
875 370 975 412 date

149 422 331 474 gloriam
350 422 469 465 laudi
488 424 589 475 ejus.

200 479 344 521 Dicite
363 480 477 530 Deo,
500 493 630 532 quam
649 480 857 522 terribilia
876 487 976 523 sunt

150 538 285 589 opera
299 541 374 578 tua
387 536 591 578 Domine!
605 537 686 578 *in
700 537 975 580 multitadine

148 593 321 635 virtatis
358 597 446 635 tuae
486 594 749 635 mentientur
786 594 864 636 tibi
900 595 975 635 ini-

148 649 249 691 mici
266 649 339 691 tui.

203 705 355 747 Omnis
374 711 490 748 terra
509 706 663 748 adoret
682 711 736 756 te,
756 712 799 748 et
816 707 975 759 psallat

149 762 242 804 tibi:
261 763 285 788 *
303 762 521 815 psalmum
540 762 657 805 dicat
675 764 838 804 nomini
856 768 944 805 tuo.

200 819 379 869 Venite,
417 824 461 861 et
487 819 633 861 videte
666 821 801 872 opera
826 820 924 862 Dei:
951 820 974 846 *

148 874 353 917 terribilis
388 876 432 917 in
469 876 660 918 consiliis
696 889 828 929 super
860 876 975 919 filios

147 931 383 974 heminum.

200 989 284 1040 Qui
303 989 519 1031 convertit
536 1001 656 1031 mare
674 989 718 1030 in
736 989 913 1040 aridam,
932 991 974 1031 in

149 1045 326 1087 flumine
354 1045 681 1099 pertransibunt
708 1045 836 1098 pede:
865 1047 888 1072 *
915 1047 975 1089 ibi

147 1101 394 1144 laetabimur
412 1103 455 1143 in
473 1103 582 1155 ipso.

200 1159 284 1210 Qui
308 1159 557 1201 dominatur
580 1159 624 1200 in
647 1160 807 1201 virtute
830 1172 910 1200 sua
932 1160 975 1200 in

148 1217 374 1266 aetemum,
403 1216 518 1257 oculi
546 1216 637 1267 ejus
659 1229 791 1269 super
810 1216 975 1258 Gentes

148 1273 400 1325 respiciunt:
431 1273 455 1298 *
489 1273 563 1325 qui
594 1275 857 1325 exasperant
888 1286 975 1314 non

148 1328 392 1371 exaltentur
410 1329 454 1370 in
473 1329 731 1382 semetipsis.
779 1350 781 1355 ν
879 1367 882 1370 .

199 1385 454 1427 Benedicite
499 1385 665 1427 Gentes
709 1386 854 1427 Deum
901 1399 974 1428 no-

147 1445 300 1482 strum:
323 1442 347 1467 *
372 1447 416 1483 et
443 1441 636 1483 auditam
663 1442 792 1484 facite
819 1455 975 1485 vocem

146 1496 288 1539 laudis
308 1498 409 1550 ejus.

200 1554 283 1604 Qui
301 1554 450 1607 pesuit
468 1555 655 1596 animam
679 1568 821 1597 meam
840 1556 897 1598 ad
917 1557 974 1598 vi-

146 1614 250 1651 tam:
273 1611 296 1636 *
325 1615 369 1652 et
396 1623 484 1653 non
510 1611 631 1654 dedit
653 1612 697 1653 in
721 1613 974 1655 commotio-

146 1679 247 1708 nem
265 1666 403 1720 pedes
425 1681 559 1710 meos.

198 1723 413 1774 Quoniam
444 1725 644 1777 probasti
671 1739 752 1768 nos
784 1726 920 1768 Deus:
950 1728 972 1754 *

145 1779 244 1830 igne
268 1793 349 1821 nos
374 1782 647 1833 examinasti,
677 1783 789 1824 sicut
816 1784 972 1824 exami-

145 1838 273 1877 natur
292 1838 530 1889 argentum.

197 1892 412 1935 Induxisti
432 1907 513 1935 nos
532 1895 576 1935 in
598 1895 819 1948 laqueum,
843 1909 971 1948 posu-

144 1949 217 1990 isti
235 1948 537 1992 tribulationes
556 1951 599 1992 in
619 1951 752 1993 dorso
771 1953 971 1994 nostroz*

144 2005 391 2058 imposuisti
426 2006 625 2049 homines
662 2021 794 2061 super
828 2009 971 2061 capita

145 2066 305 2103 nostra.

191 2118 491 2161 Transivimus
501 2133 581 2173 per
590 2121 734 2172 ignem
745 2126 789 2163 et
799 2134 970 2173 aquam:

144 2174 168 2200 *
187 2179 232 2216 et
251 2175 441 2217 eduxisti
459 2189 540 2218 nos
559 2177 603 2217 in
622 2177 901 2228 refrigerium.

197 2231 394 2274 Introibo
419 2233 463 2273 in
493 2233 672 2275 domum
694 2239 814 2276 tuam
833 2234 875 2274 in
894 2234 969 2275 ho-

144 2286 368 2330 locanstis:
387 2289 411 2315 *
430 2288 612 2330 reddam
635 2290 714 2332 tibi
737 2295 840 2331 vota
862 2303 969 2340 mea,

146 2356 244 2395 quae
264 2344 554 2387 distinxerunt
571 2346 687 2388 labia
707 2359 815 2388 mea.

196 2400 254 2442 Et
280 2401 476 2442 locatum
505 2406 572 2443 est
605 2415 655 2443 os
688 2415 848 2452 meum,
875 2403 899 2428 *
926 2402 969 2443 in

144 2455 424 2499 tribulatione
443 2470 550 2500 mea.

195 2513 470 2555 Holocansta
513 2513 751 2556 medullata
789 2514 968 2555 offeram

143 2567 222 2610 tibi
250 2582 349 2610 eum
379 2570 557 2611 incenso
590 2572 787 2612 arietum:
814 2570 837 2596 *
867 2569 967 2611 offe-

144 2637 237 2665 ram
255 2625 335 2667 tibi
353 2625 491 2668 boves
511 2639 610 2668 cum
628 2626 768 2668 hircis.

195 2681 366 2732 Venite,
381 2682 538 2732 audite,
549 2687 593 2724 et
602 2682 800 2731 narrabo,
815 2694 966 2724 omnes

1029 258 1102 310 qui
1129 259 1290 300 timetis
1316 260 1474 312 Deum,
1501 263 1524 288 *
1554 268 1715 315 quanta
1747 264 1847 307 fecit

1028 327 1182 356 ammae
1201 329 1321 357 meae.

1079 375 1152 417 Ad
1170 376 1313 428 ipsum
1332 390 1407 419 ore
1425 391 1523 420 meo
1545 380 1742 430 clamavi,
1762 382 1785 407 *
1804 386 1847 423 et

1028 432 1215 473 exaltavi
1235 433 1315 474 sub
1334 434 1479 484 lingua
1497 448 1603 477 mea.

1079 493 1357 545 Iniquitatem
1391 496 1427 536 si
1458 498 1607 550 aspexi
1638 498 1680 538 in
1715 498 1846 540 corde

1026 561 1136 600 meo,
1155 550 1178 575 *
1198 562 1285 591 non
1305 552 1507 595 exandiet
1525 554 1747 595 Dominus.

1078 611 1317 663 Propterea
1345 613 1564 655 exaudivit
1590 615 1724 664 Deus,
1751 616 1774 641 *
1803 620 1846 656 et

1028 666 1212 708 attendit
1230 668 1328 709 voci
1349 669 1666 722 deprecationis
1684 683 1803 712 meae.

1079 727 1342 770 Benedictus
1357 730 1488 780 Deus,
1503 732 1526 757 *
1543 731 1615 783 qui
1630 744 1715 772 non
1731 734 1844 772 arno-

1027 784 1088 825 vit
1108 785 1349 826 orati6nem
1367 799 1525 836 meam,
1545 793 1588 829 et
1607 788 1844 829 misericor-

1028 839 1144 881 diam
1163 853 1285 881 suam
1306 855 1330 883 a
1348 855 1428 884 me.

1301 922 1493 963 l'sahnus
1513 924 1574 963 67.

1023 985 1289 1092 Exstirgat
1324 995 1460 1045 Deus,
1506 1001 1549 1038 et
1585 996 1846 1049 dissipentur

1129 1051 1289 1092 inimici
1317 1052 1423 1103 ejus,
1451 1053 1475 1078 *
1502 1058 1546 1094 et
1576 1053 1740 1104 fugiant
1774 1055 1846 1106 qui

1028 1108 1214 1149 oderunt
1232 1121 1342 1158 eum,
1361 1121 1386 1149 a
1404 1109 1513 1150 facie
1533 1110 1632 1161 ejus.

1079 1165 1197 1206 Sicut
1225 1164 1372 1206 deficit
1398 1165 1559 1215 fumus,
1588 1165 1803 1207 deficiant:
1823 1167 1845 1191 *

1027 1221 1139 1262 sicut
1171 1221 1265 1262 fluit
1296 1234 1396 1262 cera
1427 1234 1452 1262 a
1483 1221 1592 1263 facie
1623 1222 1750 1273 ignis,
1785 1223 1846 1263 sic

1027 1279 1209 1329 pereant
1228 1280 1482 1330 peccatores
1502 1291 1527 1319 a
1545 1278 1653 1319 facie
1672 1279 1765 1320 Dei.

1079 1334 1135 1376 Et
1161 1334 1260 1385 justi
1289 1334 1531 1386 epulentur,
1560 1340 1603 1376 et
1631 1335 1846 1376 exsultent

1026 1390 1069 1431 in
1094 1392 1332 1443 conspectu
1354 1391 1451 1432 Dei:
1469 1391 1492 1416 *
1513 1396 1556 1432 et
1579 1390 1846 1432 delectentur

1027 1447 1069 1487 in
1088 1447 1248 1489 laetitia.

1081 1503 1262 1544 Cantate
1301 1503 1418 1552 Deo,
1462 1503 1675 1555 psalmum
1716 1503 1844 1544 dicite

1026 1560 1189 1600 nemini
1221 1560 1328 1611 ejus:
1356 1560 1379 1585 *
1406 1559 1488 1601 iter
1520 1559 1647 1601 facite
1680 1559 1734 1608 ei,
1773 1559 1843 1611 qui

1026 1615 1221 1658 ascendit
1244 1628 1375 1668 super
1394 1618 1610 1657 occasum:
1633 1615 1844 1656 Dominus

1026 1685 1185 1714 nomen
1203 1672 1274 1713 illi.

1079 1729 1305 1770 Exsultate
1342 1729 1385 1769 in
1422 1730 1658 1781 conspectu
1691 1728 1794 1779 ejus:
1821 1728 1844 1752 *

1025 1785 1316 1827 turbabuntur
1351 1798 1376 1826 a
1412 1785 1522 1826 facie
1563 1785 1668 1836 ejus,
1709 1783 1843 1836 patris

1026 1841 1330 1894 orphanerum,
1350 1846 1393 1882 et
1412 1840 1564 1892 judicis
1582 1839 1817 1881 viduarum.

1076 1898 1197 1939 Deus
1215 1897 1259 1938 in
1281 1897 1379 1938 loco
1400 1902 1550 1938 sancto
1570 1909 1663 1937 suo:
1682 1897 1705 1921 *
1723 1896 1842 1937 Deus

1026 1955 1099 2006 qui
1134 1953 1375 1995 inhabitare
1411 1953 1512 1994 facit
1547 1954 1671 1994 unius
1711 1951 1841 1992 moris

1024 2011 1067 2051 in
1087 2010 1232 2052 domo:

1077 2067 1160 2117 Qui
1180 2065 1326 2108 educit
1339 2065 1507 2107 vinctos
1520 2065 1563 2105 in
1578 2062 1841 2105 fortitadine:

1023 2123 1046 2149 *
1067 2122 1262 2164 similiter
1282 2134 1358 2163 eos
1379 2122 1452 2173 qui
1472 2122 1743 2172 exasperant,
1768 2118 1841 2170 qui

1022 2178 1220 2220 habitant
1238 2179 1282 2219 in
1301 2177 1551 2230 sepfilchris.

1074 2235 1214 2284 Deus,
1247 2247 1345 2276 cum
1375 2231 1641 2284 egredereris
1670 2230 1712 2271 in
1740 2243 1837 2271 con-

1024 2293 1178 2344 spectu
1195 2290 1348 2343 populi
1371 2289 1448 2338 tui,
1467 2290 1490 2315 *
1510 2291 1839 2339 cumpertrans-

1022 2349 1108 2388 ires
1135 2347 1178 2387 in
1206 2346 1397 2388 deserto:

1074 2403 1212 2445 Terra
1234 2406 1353 2443 mota
1378 2405 1457 2448 est,
1485 2398 1643 2439 etenim
1662 2398 1761 2440 coeli
1780 2397 1838 2439 di-

1022 2459 1292 2500 stillaverunt
1320 2469 1344 2498 a
1371 2455 1480 2496 facie
1508 2454 1591 2496 Dei
1618 2454 1748 2503 Sinai,
1767 2454 1790 2480 *
1813 2467 1838 2495 a

1022 2515 1132 2556 facie
1150 2515 1234 2555 Dei
1252 2511 1395 2554 Israel.

1073 2570 1268 2612 Plaviam
1286 2566 1572 2609 voluntariam
1588 2565 1837 2617 segregabis

1021 2627 1141 2668 Deus
1159 2623 1402 2667 haereditati
1420 2623 1555 2664 tuaez*
1567 2628 1610 2664 et
1623 2622 1835 2663 infirmata

1022 2687 1097 2731 est,
1116 2687 1163 2723 tu
1182 2692 1285 2722 vero
1305 2678 1525 2731 perfecisti
1544 2691 1650 2720 eam.
