2028 2892
175 207 243 241 244

227 302 310 351 Qui
335 301 548 342 ascendes
572 314 706 354 super
730 313 869 353 equos
888 304 1004 340 tuos:

174 359 197 383 *
218 363 261 398 et
282 357 506 409 quadrigae
525 362 614 398 tuae
633 357 831 398 salvatio.

226 413 452 454 suscitans
485 413 722 455 suscitabis
759 425 908 454 arcum
940 416 1003 451 tu-

174 483 263 510 um:
282 470 305 494 *¹
329 471 570 520 juramenta
593 469 795 511 tribubus
820 481 918 520 quae
942 467 1003 508 lo-

174 528 301 566 cutus
325 538 382 566 es.

226 580 406 622 Fluvios
433 581 606 622 scindes
630 586 775 623 terrae:
801 580 1004 621 viderunt

173 642 232 686 te,
259 641 303 678 et
330 636 566 678 doluerunt
589 643 777 678 montes:
796 637 819 661 *
843 648 1003 687 gurges

174 695 387 744 aquarum
406 693 588 734 transiit.

228 747 362 789 Dedit
401 749 587 801 abyssus
620 762 776 791 vocem
809 761 948 789 suam:
980 748 1003 773 *

174 804 362 846 altitudo
382 818 536 846 manus
557 819 658 846 suas
678 805 849 846 levavit.

225 860 317 910 Sol,
345 866 388 902 et
410 862 512 902 luna
535 863 752 903 steterunt
775 861 818 901 in
838 859 1002 901 habita-

174 916 273 957 culo
294 929 384 967 suo,
405 918 428 942 *
447 918 491 958 in
512 917 608 959 luce
630 918 890 968 sagittarum
910 918 1002 957 tua-

172 985 285 1021 rum,
310 972 435 1014 ibunt
459 974 503 1014 in
528 973 764 1026 splendore
783 973 1002 1024 fulguran-

171 1028 227 1069 tis
249 1028 389 1070 hastae
406 1034 505 1070 tuae.

224 1085 275 1124 In
309 1085 485 1126 fremitu
518 1085 797 1127 conculcabis
825 1090 1003 1127 terram:

171 1141 194 1165 *
206 1145 249 1181 et
265 1140 309 1180 in
324 1141 471 1182 furore
486 1141 812 1193 obstupefacies
824 1141 1003 1183 Gentes.

224 1197 440 1247 Egressus
474 1210 521 1238 es
554 1198 598 1237 in
630 1198 817 1239 salutem
848 1197 1003 1250 populi

172 1252 251 1292 tui:
270 1253 292 1277 *
313 1252 356 1292 in
382 1253 567 1294 salutem
593 1266 692 1294 cum
712 1253 887 1295 Christo
907 1259 1003 1294 tuo:

223 1308 486 1349 Percussisti
515 1315 648 1361 caput
679 1309 734 1351 de
763 1309 896 1351 domo
926 1311 1001 1349 im-

172 1363 247 1415 pii:
266 1365 289 1389 *
309 1363 542 1406 denudasti
560 1364 892 1407 fundamentum
911 1366 1001 1417 ejus

172 1432 311 1471 usque
331 1420 388 1461 ad
408 1420 581 1461 collum.

223 1475 490 1518 Maledixisti
514 1478 701 1529 sceptris
731 1478 838 1529 ejus,
867 1477 1002 1530 capiti

171 1531 434 1573 bellatorum
461 1534 569 1584 ejus,
594 1534 618 1559 *
645 1533 920 1575 venientibus
954 1538 1003 1574 ut

171 1587 301 1629 turbo
322 1587 379 1629 ad
399 1588 742 1641 dispergendum
760 1602 841 1630 me.

225 1644 474 1686 Exsultatio
506 1648 659 1686 eorum
691 1646 715 1671 *
748 1645 861 1686 sicut
894 1646 1002 1696 ejus,

173 1699 247 1750 qui
274 1699 458 1741 devorat
486 1704 729 1753 pauperem
752 1701 795 1741 in
819 1700 1001 1742 abscon-

173 1754 277 1796 dito.

224 1811 354 1851 Viam
380 1812 522 1853 fecisti
547 1812 591 1853 in
617 1812 727 1853 mari
753 1813 879 1864 equis
903 1813 1002 1863 tuis,

173 1866 196 1891 *
213 1866 258 1906 in
277 1866 370 1908 luto
393 1870 606 1919 aquarum
624 1868 870 1909 multarum.

225 1922 406 1972 Audivi,
433 1929 477 1965 et
501 1924 789 1966 conturbatus
815 1930 882 1966 est
905 1937 1001 1966 ven-

171 1982 239 2019 ter
263 1991 404 2020 meus:
423 1980 446 2005 *
466 1992 491 2020 a
510 1993 620 2021 voce
646 1982 1003 2022 contremuerunt

171 2033 288 2076 labia
305 2046 414 2076 mea.

224 2090 502 2141 Ingrediatur
533 2091 722 2144 putredo
755 2093 799 2133 in
827 2093 1001 2135 ossibus

171 2146 291 2196 meis,
311 2147 334 2171 *
355 2152 398 2188 et
417 2147 568 2189 subter
586 2160 656 2188 me
676 2150 855 2189 scateat.

225 2201 283 2243 Ut
306 2203 582 2254 requiescam
606 2205 649 2244 in
669 2202 740 2245 die
760 2204 1001 2246 tribulatio-

171 2256 253 2296 nis:
285 2257 308 2283 *
340 2264 388 2299 ut
424 2258 659 2301 ascendam
695 2259 752 2301 ad
787 2260 1002 2312 populum

172 2315 415 2355 accinctum
434 2321 643 2357 nostrum.

224 2368 352 2410 Ficus
372 2371 486 2412 enim
506 2384 595 2413 non
611 2371 800 2413 florebit:
815 2372 838 2397 *
854 2377 899 2413 et
913 2385 1000 2413 non

172 2423 254 2463 erit
272 2436 449 2473 germen
468 2428 511 2467 in
530 2428 678 2469 vineis.

224 2478 456 2522 Mentietur
482 2495 594 2535 opus
620 2483 764 2524 olivae:
784 2483 807 2508 *
828 2488 871 2524 et
896 2496 1001 2525 arva

172 2545 260 2573 non
280 2535 462 2578 afferent
481 2539 638 2580 cibum.

767 2673 1002 2692 -b—<>

774 208 891 246 ‘Feria
916 214 965 246 vi.
992 213 1029 246 in
1055 212 1281 247 l’arasccve.

1109 298 1407 340 Abscindetur
1430 299 1486 341 de
1510 299 1613 341 ovili
1631 311 1782 352 pecus:
1799 299 1824 325 *
1844 304 1888 340 et

1056 367 1144 395 non
1169 355 1251 396 erit
1274 357 1519 397 armentum
1536 356 1580 396 in
1599 354 1888 408 praesepibus.

1108 410 1204 461 Ego
1224 417 1372 452 autem
1394 412 1438 452 in
1457 411 1649 453 Domino
1669 409 1888 462 gaudebo:

1057 466 1080 491 *
1101 471 1144 507 et
1164 466 1394 508 exsultabo
1413 467 1457 508 in
1476 468 1574 509 Deo
1593 468 1617 508 J
1620 480 1697 509 esu
1716 479 1828 508 meo.

1109 522 1230 563 Deus
1261 523 1355 563 Dfis
1387 523 1601 565 fortitudo
1637 536 1752 565 mea:
1789 523 1813 548 *
1845 526 1890 564 et

1056 583 1194 629 ponet
1206 578 1345 631 pedes
1359 592 1484 620 meos
1505 580 1632 631 quasi
1647 581 1889 621 cervorum.

1108 634 1165 676 Et
1198 647 1330 687 super
1363 635 1537 676 excelsa
1567 647 1666 677 mea
1698 634 1890 677 deducet

1057 703 1127 731 me
1148 691 1290 732 vietor
1310 692 1334 718 *
1351 691 1396 732 in
1414 691 1597 744 psalmis
1616 692 1855 733 canentem.

1109 754 1209 795 Ant,
1238 753 1348 793 Cum
1373 747 1635 789 conturbata
1653 747 1784 788 fuerit
1802 746 1889 787 ani-

1056 814 1128 842 ma
1142 815 1240 844 mea
1253 803 1453 853 Domine,
1471 803 1786 845 misericordiae
1801 814 1889 843 me-

1056 871 1154 899 mor
1176 859 1271 900 eris.

1109 922 1209 963 Ant.
1235 922 1272 961 5.
1315 917 1536 961 Memento
1569 916 1657 957 mei
1687 914 1888 964 Domine,

1058 969 1163 1011 dum
1182 972 1353 1013 veneris
1373 972 1417 1012 in
1435 985 1619 1024 regnum
1636 977 1772 1013 tuum.

1107 1033 1177 1074 Ps.
1206 1035 1294 1074 148.
1334 1027 1534 1073 Laudate
1559 1028 1800 1069 Dominum
1833 1026 1888 1068 de

1057 1083 1193 1124 coelis.
1211 1083 1304 1124 227.

1108 1140 1158 1191 V,
1199 1139 1443 1182 Collocavit
1482 1153 1553 1181 me
1594 1140 1639 1181 in
1676 1139 1888 1182 obscuris.

1055 1203 1107 1253 R,
1125 1195 1247 1236 Sicut
1264 1198 1465 1237 mortuos
1485 1195 1648 1237 saeculi.

1106 1257 1178 1298 Ad
1206 1258 1369 1299 Bened.
1405 1259 1506 1298 Ant.
1544 1253 1793 1296 Posuerunt
1821 1263 1888 1292 su-

1055 1319 1136 1359 per
1159 1312 1293 1360 caput
1318 1308 1408 1359 ejus
1428 1320 1607 1349 causam
1625 1308 1764 1360 ipsius
1785 1306 1889 1348 scri-

1055 1367 1193 1415 ptam:
1224 1364 1249 1404 J
1252 1376 1352 1405 esus
1384 1363 1658 1414 Nazarenus,
1691 1364 1790 1405 Rex
1817 1363 1888 1403 Ju-

1057 1418 1266 1460 daeorum.

1109 1475 1159 1526 V,
1187 1475 1387 1517 Christus
1407 1475 1549 1517 factus
1571 1480 1639 1517 est
1657 1487 1740 1528 pro
1759 1473 1888 1516 nobis

1057 1529 1269 1572 obediens
1293 1544 1434 1584 usque
1459 1530 1518 1572 ad
1544 1537 1748 1582 mortem,
1775 1541 1888 1571 mor-

1055 1591 1145 1627 tem
1164 1592 1311 1629 autem
1330 1588 1484 1629 crucis.

1107 1648 1239 1687 Pater
1257 1649 1418 1685 noster.
1438 1652 1622 1689 secreto.

1104 1704 1173 1743 Ps.
1194 1703 1267 1743 50.
1294 1700 1519 1743 Miserere.
1537 1700 1630 1741 224.

1391 1759 1557 1800 Oratio.

1135 1811 1299 1863 espice‚
1319 1813 1572 1863 quaesumus
1589 1811 1795 1862 Domine,
1818 1824 1887 1854 su-

1159 1879 1240 1920 per
1262 1866 1376 1908 hanc
1401 1867 1610 1908 familiam
1637 1872 1774 1918 tuam,
1803 1880 1886 1921 pro

1057 1935 1144 1974 qua
1171 1923 1388 1964 Dominus
1421 1929 1574 1965 noster
1605 1923 1630 1964 J
1632 1936 1732 1965 esus
1765 1923 1886 1966 Chri-

1057 1982 1150 2019 stus
1178 1991 1266 2020 non
1294 1977 1513 2020 dubitavit
1541 1979 1742 2021 manibus
1769 1979 1886 2021 tradi

1055 2035 1325 2084 nocentium,
1368 2040 1412 2076 et
1445 2035 1587 2076 crucis
1619 2035 1767 2077 subire
1798 2040 1885 2077 tor-

1054 2091 1266 2132 mentum:
1291 2090 1375 2141 Qui
1393 2095 1539 2132 tecum
1559 2091 1678 2133 vivit.

1284 2169 1364 2210 Ad
1391 2169 1657 2221 Vesperas.

1106 2236 1194 2270 Ant.
1220 2239 1257 2270 et
1272 2235 1419 2270 Psalmi
1439 2236 1627 2279 praeteriti
1650 2235 1729 2271 diei
1750 2236 1881 2271 dieun-

1051 2287 1114 2317 tur
1137 2284 1220 2317 sine
1246 2288 1369 2318 cantu.

1104 2333 1177 2376 Ad
1197 2335 1267 2375 Ma
1301 2335 1370 2375 nif.
1390 2335 1490 2376 Ant.
1514 2336 1626 2377 Cum
1641 2335 1886 2386 accepisset

1055 2387 1237 2434 acetum,
1288 2385 1381 2427 ixit:
1401 2388 1715 2430 Consuffiatum
1736 2394 1817 2431 est:
1840 2393 1885 2430 et

1054 2441 1261 2482 inclinato
1288 2443 1432 2495 capite
1455 2445 1598 2486 emisit
1621 2446 1832 2497 spiritum.

1106 2501 1151 2546 y,
1198 2499 1376 2537 Christus
1407 2504 1532 2539 factus
1564 2508 1631 2540 est.
1662 2512 1699 2543 et
1731 2507 1808 2543 alia
1839 2510 1882 2541 ut

1050 2563 1168 2596 supra
1193 2552 1241 2587 ad
1267 2552 1430 2588 Laudes.

980 2652 1083 2694 Εξῳόἓὰῑῶ

980 2687 1083 2713 ὄᾶῶιίφῖ
