2028 2892
739 172 849 206 Furia
872 184 906 207 v.
932 174 970 206 in
996 173 1117 207 Coena
1143 173 1305 207 Domini.

218 260 454 302 Deduxisti
490 260 602 302 sicut
639 275 745 303 oves
782 264 997 315 populum

167 320 307 366 tuum,
324 316 348 343 *
366 317 411 358 in
437 329 570 358 manu
596 317 739 370 Moysi
769 323 812 359 et
835 319 996 360 Aaron.

221 378 321 419 Ant.
364 378 415 417 In
452 376 523 418 die
557 377 851 419 tribulationis
884 392 996 421 meae

167 432 312 474 Deum
330 432 546 484 exquisivi
567 433 768 475 manibus
787 435 907 476 meis.

219 490 270 542 V.
305 492 506 543 Exsurge
534 493 734 535 Domine.
777 495 824 545 R.
857 495 914 536 Et
938 496 996 547 ju—

167 547 266 590 dica
285 560 463 589 causam
480 561 636 591 meam.

220 610 348 650 Pater
366 613 530 651 noster.
558 615 737 651 secreto.

220 680 287 720 De
306 678 506 731 Epistola
523 679 667 731 prima
683 678 803 720 beati
820 679 945 721 Pauli

300 734 508 787 Apostoli
526 734 583 776 ad
602 734 863 776 Corinthios.

245 798 396 840 Lectio
417 799 485 839 vii.
696 800 798 850 Cap.
816 798 864 838 11.
881 796 918 835 d.

301 863 355 892 00
379 855 525 893 autem
543 851 773 903 praecipio:
797 863 886 892 non
908 851 996 892 lau-

219 950 221 952 ,
246 930 256 938 .
318 906 428 948 dans
467 907 586 959 quod
625 919 714 948 non
749 907 794 948 in
829 907 996 956 melius,

218 960 226 967 ”
317 962 398 1004 sed
432 963 476 1003 in
514 963 706 1004 deterius
744 963 996 1004 convenitis.

165 1016 360 1059 Primum
411 1018 590 1070 quidem
636 1018 996 1060 convenientibus

166 1072 294 1115 vobis
320 1074 365 1115 in
391 1074 651 1126 Ecclesiam,
680 1074 811 1116 audio
840 1075 996 1115 scissu-

166 1141 238 1170 ras
257 1143 355 1172 esse
374 1131 487 1172 inter
505 1143 603 1180 vos,
624 1136 667 1172 et
688 1144 742 1172 ex
760 1135 886 1183 parte
907 1143 996 1172 cre-

168 1184 237 1227 do.
270 1186 386 1228 Nam
410 1189 589 1240 oportet
613 1192 658 1229 et
675 1187 868 1229 haereses
888 1199 996 1237 esse,

166 1246 215 1283 ut
244 1246 288 1284 et
315 1243 391 1295 qui
417 1242 595 1296 probati
623 1248 740 1293 sunt,
777 1243 997 1284 manifesti

165 1297 273 1339 fiant
294 1298 340 1339 in
363 1298 501 1341 vobis.
536 1298 907 1341 Convenientibus
932 1312 995 1340 er-

165 1365 223 1404 go
241 1354 369 1396 vobis
388 1355 433 1395 in
452 1367 597 1404 unum,
616 1356 702 1406 jam
719 1368 807 1396 non
826 1359 893 1396 est
907 1354 996 1395 Do-

164 1410 369 1451 minieam
380 1423 554 1452 coenam
563 1410 841 1452 manducare.
855 1410 994 1452 Unus-

167 1467 352 1519 quisque
372 1466 487 1508 enim
506 1478 631 1507 suam
645 1478 817 1507 coenam
831 1469 995 1518 praesu-

163 1521 244 1563 mit
278 1521 335 1563 ad
370 1521 737 1564 manducandum.
790 1522 848 1564 Et
884 1521 995 1562 alius

165 1577 343 1630 quidem
363 1578 514 1629 esurit,
543 1578 653 1620 alius
678 1582 825 1619 autem
849 1577 994 1619 ebrius

164 1638 242 1675 est.
276 1633 506 1686 Numquid
529 1633 686 1675 domos
711 1647 800 1675 non
824 1633 995 1675 habetis

163 1688 222 1730 ad
256 1688 612 1732 manducandum
654 1694 697 1731 et
732 1687 993 1731 bibendum?

163 1749 239 1787 aut
256 1745 502 1787 Ecclesiam
522 1746 608 1787 Dei
632 1745 925 1795 contemnitis,
951 1749 995 1786 et

164 1800 430 1843 confunditis
459 1814 552 1851 eos,
587 1801 661 1853 qui
692 1813 781 1842 non
808 1800 994 1842 habent?

165 1856 281 1907 Quid
305 1856 448 1899 dicam
465 1856 615 1899 vobis?
643 1856 800 1899 Laudo
819 1855 921 1898 vos?
949 1856 993 1897 in

163 1911 250 1954 hoc
267 1925 357 1954 non
374 1912 519 1954 laudo.

220 1978 271 2029 R.
293 1973 428 2014 Eram
458 1973 584 2024 quasi
609 1985 746 2025 agnus
769 1975 994 2021 innocens;

164 2027 322 2070 ductus
338 2041 435 2070 sum
449 2028 507 2070 ad
521 2027 844 2078 immolandum,
865 2032 909 2069 et
922 2040 993 2069 ne-

163 2084 372 2126 sciebam:
395 2085 624 2126 consilium
644 2084 840 2126 fecerunt
857 2083 993 2124 inimi-

164 2140 205 2181 ci
230 2140 318 2181 mei
345 2139 579 2182 adversum
608 2153 694 2190 me,
731 2139 941 2181 dicentes:
973 2144 995 2167 *

163 2196 334 2245 Venite,
353 2196 578 2238 mittamus
596 2196 761 2248 lignum
776 2195 820 2235 in
833 2207 994 2247 panem

165 2253 271 2303 erS‚
292 2256 336 2293 et
355 2251 588 2293 eradamus
607 2264 709 2293 eum
726 2251 781 2292 de
800 2255 917 2292 terra
934 2250 993 2290 vi-

163 2308 368 2349 ventium.
397 2305 445 2356 V.
462 2307 626 2348 Omnes
645 2306 808 2348 inimici
826 2305 913 2346 mei
928 2304 994 2346 ad-

164 2365 340 2404 versum
363 2375 434 2404 me
459 2362 713 2413 cogitabant
738 2361 852 2402 mala
874 2360 993 2401 mihi:

163 2418 348 2461 verbum
368 2419 566 2471 iniquum
585 2417 902 2460 mandaverunt
920 2415 993 2457 ad-

163 2476 338 2516 versum
356 2487 437 2524 me,
461 2474 667 2516 dicentes,
700 2474 870 2515 Venite.

455 2549 606 2589 Lectio
628 2548 712 2588 viii.

167 2602 307 2706 Ego
319 2607 434 2649 enim
453 2608 606 2659 accepi
624 2619 649 2648 a
662 2605 852 2647 Domino
873 2602 1001 2655 quod-

255 2667 301 2704 et
324 2663 487 2705 tradidi
510 2662 656 2712 vobis,
681 2660 886 2713 quoniam
903 2659 991 2699 Do-

1807 168 1873 204 223

1047 262 1191 303 minus
1210 262 1235 302 J
1237 275 1336 303 esus
1354 262 1397 303 in
1421 276 1505 315 qua
1524 267 1654 304 nocte
1673 262 1872 304 tradeba-

1047 322 1130 367 tur,
1149 318 1320 370 accepit
1329 331 1497 370 panem,
1513 323 1556 360 et
1566 319 1728 369 gratias
1739 331 1873 369 agens

1048 373 1188 424 fregit,
1209 379 1252 415 et
1267 373 1390 416 dixit:
1409 375 1620 426 Accipite,
1638 379 1681 415 et
1695 374 1873 415 mandu-

1050 431 1162 471 cate:
1187 430 1274 471 hoc
1295 435 1362 472 est
1385 443 1546 482 corpus
1567 443 1727 480 meum,
1753 430 1874 481 quod

1047 498 1131 538 pro
1158 485 1285 527 vobis
1312 486 1525 527 tradetur:
1556 486 1642 526 hoc
1669 486 1798 527 facite
1829 486 1874 527 in

1047 554 1191 582 meam
1216 541 1687 583 commemorationem.
1721 542 1872 582 Simili-

1048 601 1117 638 ter
1137 602 1181 639 et
1200 597 1396 647 calicem,
1419 602 1655 650 postquam
1675 598 1873 647 coenavit,

1050 652 1215 694 dicens:
1234 653 1319 694 Hic
1338 653 1451 694 calix
1468 665 1630 693 novum
1644 655 1873 694 testamen-

1048 713 1142 750 tum
1170 713 1237 750 est
1263 709 1307 749 in
1332 721 1431 750 meo
1455 709 1679 758 sanguine:
1706 708 1790 750 hoc
1814 710 1873 750 fa-

1049 764 1134 806 cite
1182 764 1546 817 quotiescumque
1596 763 1771 813 bibetis,
1831 765 1874 805 in

1048 833 1191 861 meam
1236 820 1708 861 commemorationem.
1762 821 1874 870 Quo-

1048 876 1320 927 tiescumque
1341 876 1454 917 enim
1468 875 1786 917 manducabitis
1802 889 1873 928 pa-

1049 944 1150 973 nem
1167 932 1294 981 hunc,
1314 936 1357 973 et
1373 931 1554 972 calicem
1569 931 1744 972 bibetis:
1761 944 1872 972 mor-

1049 991 1139 1028 tem
1174 988 1352 1028 Domini
1387 986 1696 1028 annuntiabitis
1733 987 1873 1029 donec

1049 1044 1204 1085 veniat.

1102 1105 1152 1155 Rg.
1178 1099 1275 1141 Una
1300 1099 1410 1140 hora
1431 1111 1520 1139 non
1542 1098 1752 1150 potuistis
1770 1099 1873 1150 vigi-

1048 1154 1140 1196 lare
1175 1167 1364 1201 mecum,
1411 1155 1485 1205 qui
1528 1153 1874 1195 exhortabamini

1048 1211 1161 1252 mori
1178 1223 1261 1263 pro
1280 1210 1372 1251 me?
1393 1216 1415 1240 *
1428 1210 1513 1251 Vel
1532 1210 1556 1250 J
1559 1209 1690 1251 udam
1708 1222 1796 1250 non
1815 1210 1873 1250 vi-

1049 1266 1172 1316 detis,
1193 1266 1416 1318 quomodo
1430 1279 1518 1306 non
1534 1265 1705 1314 dormit,
1725 1265 1803 1307 sed
1817 1266 1874 1307 fe-

1049 1325 1181 1364 stinat
1199 1322 1376 1363 tradere
1395 1334 1464 1363 me
1483 1322 1508 1362 J
1510 1320 1671 1362 udaeis?
1697 1323 1746 1372 Y.
1760 1322 1874 1371 Quid

1049 1376 1271 1419 dormitis?
1300 1378 1480 1427 sargite,
1511 1382 1554 1418 et
1579 1379 1717 1425 orate,
1742 1390 1796 1418 ne
1815 1377 1873 1417 in-

1047 1434 1171 1476 tretis
1197 1434 1241 1474 in
1265 1433 1563 1475 tentationem.
1599 1432 1684 1473 Vel
1706 1432 1872 1474 Judam.

1350 1492 1502 1532 Lectio
1524 1492 1576 1531 ix.

1095 1550 1228 1598 taque
1258 1546 1520 1598 quicumque
1544 1543 1873 1586 manducaverit

1103 1614 1265 1654 panem
1278 1601 1403 1651 hunc,
1423 1601 1494 1642 vel
1511 1600 1673 1642 biberit
1693 1600 1872 1641 calicem

1046 1658 1225 1699 Domini
1242 1657 1432 1708 indigne:
1452 1669 1553 1698 reus
1573 1657 1654 1698 erit
1673 1656 1872 1708 corporis

1049 1717 1092 1754 et
1124 1713 1345 1764 sanguinis
1376 1712 1562 1753 Domini.
1603 1711 1768 1753 Probet
1801 1725 1871 1752 au-

1047 1774 1137 1810 tem
1157 1771 1351 1820 seipsum
1369 1768 1518 1809 homo:
1543 1771 1587 1809 et
1606 1768 1667 1808 sic
1686 1766 1741 1808 de
1759 1780 1872 1819 pane

1046 1824 1121 1865 illo
1148 1824 1266 1873 edat,
1299 1829 1342 1865 et
1369 1823 1425 1865 de
1453 1823 1587 1864 calice
1614 1822 1748 1864 bibat.
1789 1822 1871 1872 Qui

1048 1880 1163 1922 enim
1193 1879 1430 1921 manducat
1466 1883 1509 1920 et
1543 1878 1655 1920 bibit
1685 1878 1871 1929 indigne,

1046 1935 1252 1988 judicium
1289 1935 1370 1976 sibi
1406 1933 1643 1975 manducat
1675 1938 1718 1975 et
1748 1933 1871 1975 bibit:

1047 2005 1137 2033 non
1187 1990 1427 2042 dijudicans
1479 2002 1640 2041 corpus
1684 1988 1870 2030 Domini.

1046 2047 1155 2089 Ideo
1179 2047 1292 2088 inter
1310 2059 1391 2087 vos
1413 2045 1539 2087 multi
1556 2044 1716 2085 infirmi
1735 2049 1778 2085 et
1795 2044 1869 2083 im-

1048 2103 1240 2153 becilles,
1265 2107 1308 2144 et
1332 2101 1554 2143 dormiunt
1572 2100 1707 2141 multi.
1741 2098 1870 2148 Quod

1047 2159 1084 2199 si
1102 2160 1399 2210 nosmetipsos
1418 2155 1760 2208 dijudicaremus,
1780 2166 1869 2194 non

1045 2215 1197 2266 utique
1227 2213 1525 2266 judicaremur.
1565 2211 1680 2251 Dum
1711 2208 1870 2259 judica-

1046 2283 1143 2311 mur
1163 2275 1323 2319 autem,
1349 2281 1374 2309 a
1392 2267 1580 2308 Domino
1601 2264 1869 2316 corripimur,

1045 2331 1094 2367 ut
1107 2338 1195 2366 non
1210 2337 1310 2366 cum
1324 2324 1408 2365 hoc
1422 2321 1584 2363 mundo
1603 2320 1869 2361 damnemur.

1045 2382 1213 2433 Itaque,
1231 2381 1388 2421 fratres
1403 2377 1499 2426 mei,
1514 2389 1612 2418 cum
1628 2376 1868 2417 convenitis

1046 2436 1103 2478 ad
1121 2433 1487 2481 manducandum,
1511 2431 1698 2472 invicem
1716 2444 1868 2483 exspe-

1047 2494 1174 2533 ctate.
1201 2491 1246 2532 Si
1266 2490 1362 2542 quis
1382 2488 1529 2536 esurit,
1554 2486 1673 2527 domi
1690 2486 1868 2528 mandu-

1048 2552 1130 2589 cet:
1149 2551 1198 2588 ut
1210 2558 1297 2587 non
1311 2546 1355 2585 in
1369 2542 1573 2595 judicium
1588 2542 1868 2583 conveniatis.

1048 2603 1204 2643 Cetera
1223 2605 1382 2647 autem,
1401 2611 1501 2639 cum
1520 2599 1698 2646 venero,
1722 2597 1867 2649 dispo-

1045 2671 1156 2699 nam.
