2066 2956
216 214 317 260 [170]

717 215 892 248 Officium
918 225 1078 258 parvum
1106 215 1144 248 13.
1171 215 1302 249 Mariae
1327 216 1431 259 Virg.

522 317 672 357 Lectio
692 317 731 356 ii.

295 382 314 419 t
336 377 399 419 sic
422 377 466 418 in
485 377 591 418 Sion
609 376 781 417 firmata
803 388 910 424 sum,
934 380 978 416 et
999 375 1043 415 in

316 434 492 475 civitate
533 432 806 475 sanctificata
847 431 1044 472 similiter

214 491 419 544 requievi,
446 495 490 532 et
514 491 558 531 in
576 489 819 531 Jerusalem
842 490 1043 541 potestas

213 561 321 590 mea,
362 547 419 589 Et
442 546 637 588 radicavi
660 546 703 586 in
722 545 890 598 populo
909 544 1042 585 hono-

214 604 395 651 rificato,
420 607 463 644 et
484 603 528 644 in
551 607 677 656 parte
696 601 779 643 Dei
802 601 888 642 mei
906 600 1041 641 haere-

215 661 329 703 ditas
354 659 485 709 illius,
514 664 558 701 et
582 659 626 699 in
651 656 923 711 plenitudine
949 669 1042 698 san-

215 719 385 759 ctorum
405 715 600 757 detentio
619 727 727 770 mea:
761 715 825 755 Tu
844 718 1000 755 autem.

268 778 318 826 Rg.
348 777 487 819 Beata
514 789 561 817 es
588 775 728 826 Virgo
755 774 911 824 Maria,
943 786 1042 826 quae

214 834 452 875 Daminum
510 833 725 885 portasti,
789 831 1043 872 Creatdrem

213 889 383 932 mundi:
428 893 449 914 *
492 889 693 931 Genuisti
730 887 804 940 qui
842 892 886 928 te
925 887 1042 936 fecit,

215 952 258 988 et
295 947 339 988 in
378 949 590 988 aeternum
626 947 859 998 permanes
893 943 1043 995 Virgo.

215 1000 265 1051 V.
288 1004 385 1045 Ave
404 1003 553 1051 Maria,
571 1002 715 1053 gratia
732 1000 874 1054 plena,
893 999 1042 1041 Dami-

214 1073 294 1101 nus
313 1065 469 1102 tecum.
499 1058 710 1101 Genuisti.

268 1117 316 1169 V.
343 1121 368 1162 J
370 1120 455 1163 ube
475 1119 636 1162 domne
654 1118 928 1161 benedicere.

273 1184 427 1224 Bened.
483 1183 558 1223 l’er
594 1180 820 1232 Virginem
857 1180 1043 1222 Matrem

215 1238 430 1280 concedat
460 1238 587 1280 nobis
614 1237 828 1278 Dominus
857 1236 1040 1279 salutem

216 1301 259 1337 et
276 1308 442 1348 pacem.
488 1299 537 1349 R.
573 1294 727 1336 Amen.

519 1369 667 1409 Lectio
690 1370 742 1409 iii.

298 1431 393 1472 uasi
412 1430 569 1473 cedrus
589 1429 780 1472 exaltata
799 1443 895 1470 sum
914 1430 957 1470 in
975 1428 1043 1470 Li-

317 1487 452 1538 bano,
490 1492 533 1529 et
570 1487 694 1539 quasi
731 1488 965 1539 cypressus
999 1487 1043 1526 in

214 1549 363 1586 monte
386 1545 506 1586 Sion:
535 1543 660 1596 quasi
683 1543 829 1596 palma
853 1542 1044 1584 exaltata

215 1614 311 1642 sum
339 1601 382 1641 in
411 1600 571 1649 Gades,
603 1605 646 1641 et
675 1599 800 1652 quasi
827 1598 1043 1652 plantatio

215 1670 330 1699 rosae
354 1658 398 1698 in
421 1658 445 1698 J
449 1656 609 1698 ericho.
650 1654 785 1707 Quasi
810 1656 925 1697 oliva
949 1668 1044 1709 spe-

216 1715 336 1756 ci6sa
360 1714 404 1754 in
428 1713 606 1766 campis,
633 1718 676 1754 et
697 1713 820 1766 quasi
838 1712 1043 1766 platanus

216 1771 408 1813 exaltata
434 1783 530 1812 sum
555 1771 675 1822 juxta
702 1782 861 1822 aquam
886 1769 930 1810 in
955 1768 1043 1822 pla-

217 1828 311 1869 teis.
349 1827 470 1869 Sicut
490 1827 822 1876 cinnamomum,
843 1830 886 1867 et
902 1824 1044 1867 balsa-

217 1897 336 1925 mum
373 1885 664 1925 aromatizans
706 1881 890 1925 odorem
926 1880 1045 1923 dedi:

218 1941 343 1994 quasi
365 1939 541 1993 myrrha
560 1939 709 1989 electa,
734 1938 837 1981 dedi
861 1939 1045 1981 suavita-

217 2003 306 2039 tem
326 1996 487 2039 odoris.
519 1997 582 2037 Tu
602 2001 747 2038 autem
766 1996 966 2037 Domine.

271 2058 320 2109 Β.
338 2058 461 2100 Felix
478 2070 668 2109 namque
687 2070 745 2107 es,
766 2070 890 2098 sacra
903 2057 1044 2109 Virgo

217 2115 365 2166 Maria,
385 2119 429 2157 et
448 2114 566 2156 omni
584 2113 713 2155 laude
733 2112 1001 2164 dignissima:
1022 2119 1043 2140 *

219 2171 331 2221 Quia
358 2184 413 2213 ex
439 2176 484 2213 te
517 2175 640 2212 ortus
669 2174 736 2211 est
765 2170 831 2211 sol
859 2171 1045 2222 Justitiae,

221 2229 241 2248 ¹*
272 2226 470 2269 Christus
498 2228 618 2269 Deus
655 2232 817 2268 noster.
865 2222 914 2272 Y.
957 2227 1045 2269 Ora

218 2297 299 2337 pro
332 2285 520 2337 populo,
555 2283 768 2326 interveni
801 2296 883 2336 pro
917 2284 1045 2336 clero,

219 2341 440 2382 intercede
451 2354 533 2394 pro
547 2341 711 2382 dev6to
723 2340 911 2382 femineo
925 2354 1046 2382 sexu:

220 2398 407 2439 sentiant
422 2410 574 2439 omnes
588 2403 711 2439 tuum
725 2397 936 2449 juvamen,
955 2398 1045 2450 qui-

221 2457 408 2506 cumque
441 2454 664 2496 ce'lebrant
697 2459 817 2495 tuam
851 2460 1045 2495 sanctam

222 2511 692 2552 commemorationem.
733 2510 855 2560 Quia.
897 2510 1045 2552 GlOria

220 2565 349 2606 Patri.
385 2566 592 2609 Christus.

485 2643 563 2684 Ad
583 2643 780 2686 Laudes

428 2702 477 2730 ct
517 2709 613 2741 per
647 2700 840 2735 Horas.

276 2741 323 2792 V.
349 2744 469 2787 Deus
488 2747 531 2787 in
550 2747 821 2800 adjutorium.

1151 317 1249 357 Ant.
1274 319 1302 358 1.
1331 319 1570 370 Assumpta
1594 322 1661 359 est
1682 318 1707 344 *
1725 316 1862 359 Maria
1879 318 1923 359 in

1096 372 1271 414 coelum:
1294 373 1486 425 gaudent
1505 373 1672 425 Angeli,
1693 372 1922 416 laudantes

1095 428 1360 472 benedicunt
1378 430 1625 472 Dominum.

1148 487 1215 526 Ps.
1244 487 1457 528 Dominus
1476 487 1684 538 regnavit.
1702 488 1762 529 16.

1148 544 1184 583 2.
1218 543 1354 584 Maria
1382 543 1520 594 Virgo
1550 545 1575 571 *
1602 547 1830 598 assumpta
1858 552 1924 588 est

1095 598 1152 641 ad
1187 599 1427 642 aethereum
1461 599 1720 651 thalamum,
1756 603 1799 643 in
1835 616 1922 655 quo

1097 656 1195 697 Rex
1213 669 1364 708 regum
1383 656 1558 698 stellato
1578 657 1703 699 sedet
1721 658 1845 707 solio.

1149 714 1186 753 3.
1233 714 1283 753 In
1319 713 1503 755 odorem
1543 715 1567 740 *
1603 717 1924 766 unguentorum

1095 771 1270 810 tuorum
1310 769 1543 811 currimus:
1585 769 1923 813 adolescentulae

1098 825 1342 867 dilexerunt
1360 831 1404 867 te
1423 826 1561 867 nimis.

1152 885 1187 923 4.
1208 881 1448 924 Benedicta
1466 882 1554 923 filia
1573 884 1597 910 *
1611 887 1660 924 tu
1678 895 1704 924 a
1716 883 1924 927 Damino:

1096 938 1198 990 quia
1213 951 1294 992 per
1307 944 1351 980 te
1366 938 1554 980 fructum
1568 940 1670 981 vitae
1688 940 1924 982 communi-

1097 1008 1301 1036 cammus.

1149 1055 1187 1094 5.
1218 1052 1402 1094 Pulchra
1426 1065 1488 1102 eS‚
1515 1054 1540 1080 *
1564 1057 1608 1095 et
1631 1052 1807 1104 decora,
1834 1054 1925 1095 filia

1095 1109 1353 1151 Jerusalem:
1379 1108 1586 1151 terribilis
1609 1115 1658 1152 ut
1680 1113 1924 1153 castrorum

1096 1166 1212 1208 acies
1231 1166 1444 1208 ordinata.
1913 1167 1915 1172 '

1179 1232 1436 1282 Capitulum.
1618 1230 1739 1271 Cant.
1760 1231 1795 1269 6.
1815 1243 1849 1270 c.

1095 1286 1362 1395 Viderunt
1384 1305 1481 1334 eam
1502 1292 1606 1334 filiae
1622 1292 1740 1343 Sion,
1763 1299 1807 1336 et
1825 1293 1924 1336 bea-

1212 1349 1426 1390 tissimam
1467 1349 1838 1403 praedicaverunt,
1881 1356 1925 1393 et

1096 1407 1258 1456 reginae
1277 1405 1565 1448 laudaverunt
1583 1419 1691 1447 eam.

1152 1465 1203 1516 R.
1224 1461 1322 1504 Deo
1341 1462 1515 1513 gratias.

1412 1528 1620 1578 Hymnus.
1697 1546 1700 1549 >

1252 1588 1444 1639 gloriosa
1463 1590 1688 1641 virginum,

1268 1645 1474 1688 Sublimis
1493 1646 1607 1688 inter
1625 1646 1780 1697 sidera,

1201 1702 1285 1753 Qui
1304 1707 1348 1743 te
1369 1704 1543 1752 creavit,
1562 1703 1794 1756 parvulum

1200 1759 1410 1800 Lactente
1428 1759 1568 1801 nutris
1587 1759 1734 1802 ubere.

1153 1823 1282 1874 Quod
1300 1824 1428 1865 Heva
1446 1824 1583 1866 tristis
1603 1825 1795 1874 abstulit,

1201 1880 1271 1921 Tu
1289 1879 1439 1922 reddis
1459 1880 1574 1922 almo
1594 1882 1801 1933 germine:

1200 1937 1369 1979 Intrent
1387 1942 1436 1978 ut
1455 1942 1574 1978 astra
1593 1937 1772 1988 flebiles,
1839 1958 1841 1963 ·

1203 1993 1314 2035 Coeli
1334 1993 1525 2035 recludis
1545 1993 1758 2036 cardines.

1157 2059 1220 2100 Tu
1238 2059 1353 2110 regis
1373 2059 1449 2101 alti
1467 2059 1605 2111 janua,

1202 2116 1260 2157 Et
1278 2115 1376 2157 aula
1395 2116 1503 2157 lucis
1522 2115 1701 2167 fulgida:

1202 2173 1351 2214 Vitam
1371 2172 1518 2214 datam
1537 2186 1617 2225 per
1635 2173 1861 2225 Virginem
1902 2195 1905 2198 ·

1204 2229 1369 2271 Gentes
1387 2229 1629 2282 redemptae
1648 2228 1855 2282 plaudite.

1152 2295 1266 2344 Jesu,
1284 2294 1365 2336 tibi
1385 2294 1441 2335 sit
1459 2294 1610 2345 gloria,

1201 2351 1286 2401 Qui
1305 2355 1434 2392 natus
1455 2363 1500 2391 es
1521 2350 1576 2392 de
1594 2350 1787 2402 Virgine,

1204 2408 1312 2449 Cum
1331 2407 1473 2457 Patre,
1494 2412 1538 2448 et
1556 2407 1673 2448 almo
1692 2407 1855 2459 Spiritu

1200 2465 1251 2505 In
1271 2463 1537 2516 sempiterna
1556 2463 1728 2504 saecula.

1407 2519 1562 2560 Amen.

1154 2574 1201 2625 V.
1233 2575 1473 2617 Benedicta
1505 2581 1554 2617 tu
1584 2575 1628 2616 in
1659 2575 1924 2617 mulieribus.

1102 2636 1150 2688 Rg.
1163 2633 1219 2675 Et
1229 2632 1486 2675 benedictus
1497 2632 1664 2674 fructus
1676 2632 1839 2673 ventris
1850 2633 1924 2673 tui.

1160 2697 1228 2737 Ad
1245 2696 1404 2738 Bened.
1424 2696 1519 2736 Ant.
1537 2695 1674 2735 Beata
1692 2693 1775 2734 Dei
1797 2693 1923 2734 Geni*-

1098 2751 1183 2792 trix
1201 2750 1348 2800 Maria,
1371 2750 1394 2775 *
1414 2750 1551 2801 Virgo
1570 2751 1795 2802 perpetua,
1817 2755 1922 2791 tem-
