2028 2892
493 183 562 217 Die
583 183 613 216 4.
638 181 792 225 Aprilis.
832 181 865 214 S.
894 162 1030 214 Isidori
1058 180 1180 223 Epist:
1208 180 1314 213 (mnf.
1339 186 1371 214 et
1401 181 1504 214 om.

377 282 426 320 In
448 280 498 319 II.
522 279 744 318 Nocturno.

451 348 601 389 Lectio
622 348 675 387 iv.

162 428 165 429 ⁷
269 412 489 452 ranciscus
531 410 697 460 Paulae,
746 410 867 463 quod
912 416 978 453 est

193 503 229 522 ..·
245 482 257 502 x
286 466 500 509 Calabriae
524 466 753 520 oppidum,
777 467 877 509 loco
902 468 976 509 hu-

205 534 209 536 ’
283 523 375 564 mili
399 528 527 565 natus
554 528 635 574 est3
669 537 799 576 quem
823 526 977 577 paren-

148 583 228 629 teS,
248 592 347 621 cum
367 579 441 622 diu
459 580 584 633 prole
602 582 853 630 caruissent,
872 586 978 622 voto

151 635 279 687 facto,
298 635 418 679 beati
431 637 653 678 Francisci
668 636 874 690 precibus
889 650 978 678 sus-

152 694 372 745 ceperunt.
405 694 449 734 Is
469 693 726 735 adolescens
746 693 893 735 divino
915 706 978 734 ar—

152 748 260 790 dore
280 751 534 800 succensus,
558 749 602 791 in
628 750 819 791 eremum
839 751 977 791 seces-

152 805 221 855 sit,
245 805 320 848 ubi
345 806 467 847 annis
492 819 585 856 seX,
620 806 739 847 victu
765 808 978 859 asperam,

152 861 232 903 sed
245 861 603 904 meditationibus
620 862 873 904 coelestibus
891 864 980 903 sua·

153 930 251 959 vem
275 918 410 959 vitam
436 918 570 960 duxit.
610 918 698 960 Sed
723 931 822 960 cum
847 919 977 960 virtu-

151 978 244 1014 tum
284 974 375 1026 ejus
412 974 527 1016 fama
561 975 733 1026 longius
769 978 978 1025 manaret,

149 1029 362 1082 multique
395 1030 452 1072 ad
486 1043 586 1072 eum
617 1031 794 1084 pietatis
832 1031 978 1073 studio

151 1089 479 1137 concurrerent,
532 1087 735 1129 fraternae
785 1088 979 1130 caritatis

151 1154 284 1183 causa
303 1155 327 1184 e
346 1142 578 1185 solitudine
599 1145 813 1195 egressus,
843 1144 977 1185 eccle-

151 1197 260 1239 siam
278 1211 419 1251 prope
438 1199 619 1240 Paulam
637 1199 882 1250 aedificavit,
902 1199 977 1241 ibi-

153 1267 237 1307 que
259 1255 402 1308 prima
424 1256 492 1297 sui
512 1255 677 1297 Ordinis
697 1256 979 1298 fundamenta

150 1310 261 1362 jecit.

203 1381 251 1431 R.
282 1379 529 1420 Honestum
554 1378 658 1420 fecit
683 1379 806 1420 illum
830 1380 977 1420 Demi-

152 1446 244 1484 nus,
267 1439 311 1476 et
330 1434 569 1477 custodivit
589 1448 687 1476 eum
708 1435 762 1477 ab
782 1435 977 1485 inimicis,

153 1495 196 1532 et
223 1503 249 1531 a
274 1490 582 1532 seductoribus
608 1492 767 1533 tutavit
791 1491 928 1532 illum:
953 1494 973 1514 *

151 1547 209 1588 Et
236 1546 359 1589 dedit
391 1547 454 1588 illi
487 1547 731 1589 claritatem
760 1549 977 1589 aeternam.

152 1601 200 1652 V.
233 1603 405 1645 Justum
436 1603 618 1646 deduxit
650 1604 866 1646 Deminus
898 1618 978 1657 per

148 1659 245 1701 vias
263 1664 422 1710 rectaS,
442 1665 485 1702 et
504 1661 697 1703 ostendit
715 1661 778 1702 illi
795 1674 977 1713 regnum

152 1716 246 1757 Dei.
272 1716 329 1758 Et
346 1715 478 1758 dedit.

459 1796 608 1838 Lectio
630 1811 665 1835 v.

240 1861 295 1898 vat
314 1856 359 1897 in
379 1868 431 1897 eo
450 1855 636 1898 mirifica
652 1855 862 1909 loquendi
879 1860 974 1908 gra-

252 1912 327 1954 tia:
379 1914 638 1965 perpetuam
682 1913 976 1964 virginitatem

150 1969 354 2010 servavit:
394 1968 682 2010 humilitatem
723 1970 786 2011 sic
827 1969 975 2020 coluit,

150 2029 200 2065 ut
236 2037 283 2066 se
317 2025 509 2066 emnium
539 2025 765 2066 minimum
800 2025 976 2076 diceret,

151 2082 343 2132 suesque
371 2080 569 2123 alumnos
596 2081 800 2123 Minimos
829 2082 975 2135 appel-

149 2136 231 2178 lari
258 2136 455 2178 voluerit.
495 2137 614 2179 Rudi
641 2140 819 2188 amictu,
847 2138 976 2180 nudis

149 2192 338 2245 pedibus
365 2192 589 2244 incedens,
622 2193 742 2235 humi
775 2193 976 2236 cubabat.

152 2248 247 2291 Cibi
268 2249 549 2291 abstinentia
593 2249 674 2292 fuit
714 2250 977 2292 admirabili:

150 2305 285 2347 semel
316 2306 361 2346 in
395 2304 465 2347 die
498 2310 601 2358 post
633 2306 738 2348 solis
770 2309 976 2348 occasum

151 2361 439 2411 reficiebatur,
461 2367 505 2403 et
523 2361 579 2403 ad
598 2375 768 2415 panem,
788 2368 831 2405 et
849 2375 975 2414 aquae

123 2431 128 2435 ’
150 2422 314 2468 potum,
337 2418 410 2458 vix
429 2417 596 2470 aliquid
615 2418 828 2471 ejusmodi
848 2419 974 2460 obso-

150 2473 211 2514 nii
237 2472 488 2523 adhibebat,
522 2487 609 2526 quo
643 2475 762 2516 vesci
794 2475 837 2515 in
863 2476 974 2525 Qua-

152 2527 397 2580 dragesima
427 2529 544 2571 licet:
582 2544 713 2583 quam
745 2533 974 2572 consuetu-

152 2583 307 2635 dinem,
326 2591 374 2628 ut
392 2586 547 2628 fratres
564 2588 630 2628 sui
645 2592 741 2629 toto
757 2587 858 2628 anni
870 2588 975 2628 tem-

150 2652 260 2692 pore
286 2642 537 2693 retinerent,
574 2648 730 2695 quarto
766 2655 843 2685 eos
870 2647 975 2684 voto

151 2696 392 2740 adstrinxit.

1087 280 1131 331 1va.
1158 278 1335 320 Amavit
1356 291 1455 320 eum
1474 279 1707 329 Dominus,
1727 284 1771 322 et
1789 293 1855 322 or-

1028 335 1150 376 navit
1182 347 1297 376 eum:
1336 335 1496 376 stolam
1532 335 1683 387 gloriae
1716 336 1856 378 induit

1030 404 1138 441 eum,
1157 394 1177 414 *
1197 391 1254 433 Et
1274 391 1331 433 ad
1349 396 1501 444 portas
1520 392 1712 444 paradisi
1732 405 1855 434 coro-

1029 448 1150 489 navit
1187 461 1296 490 eum.
1352 444 1398 494 ,ΥΞ
1442 448 1588 490 Induit
1626 461 1724 490 eum
1761 450 1855 490 Dfis

1030 504 1212 546 loricam
1235 504 1355 555 fidei,
1382 509 1426 546 et
1450 505 1621 546 ornavit
1644 518 1752 546 eum.
1790 507 1856 548 Et.

1335 561 1482 601 Lectio
1506 563 1554 600 vi.

1029 612 1237 717 Multis
1268 616 1489 658 mireculis
1522 618 1636 658 servi
1669 618 1735 658 sui
1763 631 1856 659 san-

1161 673 1356 715 ctitatem
1381 674 1502 715 Deus
1528 674 1683 716 testari
1707 674 1856 724 voluit,

1033 742 1218 782 quorum
1255 729 1362 771 illud
1398 730 1442 770 in
1479 730 1631 782 primis
1669 730 1856 779 celebre,

1033 785 1152 838 quod
1172 799 1196 827 a
1215 786 1358 828 nautis
1377 786 1580 837 rejectus,
1599 786 1758 827 Siciliae
1778 786 1857 828 fre-

1030 848 1123 883 tum
1153 847 1291 884 strato
1325 855 1457 895 super
1489 842 1695 884 fluctibus
1723 843 1855 895 pallio

1031 912 1131 940 cum
1150 900 1271 941 socio
1290 900 1542 941 transmisit.
1569 899 1708 941 Multa
1728 900 1858 941 etiam

1030 956 1174 997 futura
1194 955 1454 1009 prophetico
1471 956 1626 1009 spiritu
1640 956 1858 1009 praedixit.

1033 1013 1072 1053 A
1091 1012 1317 1054 Ludovico
1336 1011 1568 1054 undecimo
1589 1014 1858 1054 Francorum

1031 1082 1134 1120 rege
1165 1072 1401 1122 expetitus,
1433 1071 1680 1122 magnoque
1714 1070 1757 1110 in
1782 1069 1856 1111 ho-

1030 1128 1138 1167 nere
1164 1131 1231 1167 est
1254 1125 1440 1167 habitus.
1476 1126 1678 1178 Denique
1697 1138 1857 1167 annum

1031 1182 1219 1234 primum
1260 1187 1304 1224 et
1345 1182 1673 1233 nonagesimum
1710 1195 1859 1233 agens,

1031 1239 1221 1280 Turonis
1266 1239 1469 1290 migravit
1514 1238 1571 1280 ad
1606 1239 1859 1289 Deminum,

1031 1308 1145 1337 anno
1171 1295 1324 1337 salutis
1348 1295 1580 1336 millesimo
1608 1295 1858 1347 quingente-

1032 1352 1142 1393 simo
1177 1353 1378 1404 septimo:
1420 1352 1540 1403 cujus
1573 1364 1732 1403 corpus
1765 1351 1858 1393 dies

1031 1408 1234 1449 undecim
1261 1407 1543 1460 insepultum,
1578 1408 1639 1448 ita
1667 1408 1858 1449 incorru—

1030 1470 1155 1517 ptum
1173 1464 1429 1517 permansit,
1455 1469 1504 1506 ut
1527 1466 1707 1505 suavem
1727 1465 1858 1506 etiam

1032 1521 1214 1562 oderem
1247 1521 1428 1562 efflaret.
1472 1521 1585 1562 Eum
1617 1520 1709 1562 Leo
1738 1522 1858 1574 Papa

1032 1577 1227 1619 decimus
1263 1577 1306 1618 in
1343 1578 1593 1618 sanctorum
1629 1580 1857 1619 numerum

1031 1634 1189 1676 retulit.
1242 1636 1291 1685 R.
1320 1635 1409 1675 Iste
1434 1633 1578 1674 homo.
1602 1633 1686 1686 [89]

1083 1700 1123 1733 Ιη
1148 1699 1210 1733 ΙΠ.
1233 1699 1430 1733 Nocturno
1456 1698 1624 1732 Homilia
1652 1699 1687 1732 in
1711 1699 1855 1740 Evung.

1031 1747 1156 1782 Nolite
1200 1746 1343 1782 timere.
1388 1747 1434 1780 dc
1479 1746 1614 1780 codem
1654 1746 1855 1780 Communi

1029 1796 1059 1828 2.
1085 1796 1181 1828 loco.
1208 1795 1279 1839 [96]

1084 1843 1125 1876 In
1151 1842 1341 1884 Qnacimg.
1373 1842 1503 1876 Lectio
1532 1843 1578 1876 ix.
1609 1842 1655 1876 de
1688 1842 1855 1875 Homilia

1032 1896 1067 1925 ct
1089 1901 1284 1925 commem.
1311 1890 1433 1924 Feriat·
1460 1891 1494 1924 in
1526 1891 1731 1924 Laudibus.

1273 1968 1357 2009 Die
1376 1969 1414 2008 4.
1434 1968 1610 2020 Aprilis.

1029 2035 1073 2078 S.
1086 2034 1272 2078 Isidori
1292 2037 1433 2088 Episc.
1455 2035 1514 2075 Cf.
1537 2041 1578 2075 et
1602 2034 1714 2074 Eccl.
1731 2034 1854 2073 Doct.

1361 2101 1523 2143 Duplex.

1083 2157 1218 2191 Omnia
1250 2158 1296 2191 de
1327 2157 1469 2191 Comm.
1504 2156 1611 2190 Cous.
1644 2155 1748 2187 l'out.
1785 2153 1853 2196 [66]

1030 2210 1171 2248 praeter
1195 2215 1299 2248 sequ.

1084 2253 1126 2287 In
1151 2254 1322 2296 utrisque
1351 2253 1463 2295 Vesp.
1489 2252 1537 2285 ad
1562 2250 1715 2293 Magnis.

1083 2306 1182 2345 Ant.
1208 2306 1244 2344 O
1260 2306 1430 2347 Doctor
1450 2305 1623 2357 Optime,
1643 2304 1854 2346 Ecclesiae

1029 2367 1193 2404 sanctae
1212 2362 1373 2412 lumen,
1393 2362 1521 2403 beate
1539 2360 1727 2411 Isidore,
1748 2360 1853 2403 divi-

1028 2431 1096 2460 nae
1128 2419 1236 2470 legis
1267 2420 1455 2467 amator,
1498 2417 1737 2469 deprecare
1770 2430 1851 2471 pro

1028 2475 1154 2517 nobis
1173 2475 1329 2516 Filium
1347 2474 1442 2515 Dei.

1360 2530 1521 2569 Oratio.

1030 2581 1209 2687 Deus,
1259 2586 1332 2638 qui
1366 2585 1534 2638 pepulo
1566 2590 1642 2627 tuo
1676 2587 1851 2628 aeternae

1129 2643 1281 2684 salutis
1300 2642 1476 2683 beatum
1495 2641 1714 2683 Isidomm
1732 2643 1852 2683 mini—

1028 2703 1166 2740 strum
1183 2697 1387 2740 tribuisti:
1404 2702 1568 2749 praesta
1588 2700 1854 2750 quaesumus;
