2066 2956
771 181 813 214 In
839 180 1093 214 Dedicatione
1118 178 1315 212 Ecclesiae.

240 280 456 320 Demmus
488 276 684 318 narrabit
713 275 758 316 in
791 274 1019 327 scripturis

1809 172 1901 215 [135]

1121 271 1349 323 Numquid
1370 271 1567 313 narrabit
1586 271 1745 323 aliquis
1768 271 1814 312 in
1838 283 1902 312 se-

188 335 467 388 populorum,
487 338 531 375 et
543 330 1018 385 principum:*horum,
1070 327 1257 381 pulchro
1284 327 1635 369 misericordiam
1654 332 1788 377 tuam,
1811 328 1835 354 *
1860 331 1903 368 et

190 392 265 443 qui
284 391 459 432 fuerunt
477 389 522 430 in
541 401 604 430 ea.

240 447 362 489 Sicut
378 445 623 487 laetantium
645 443 841 485 omnium
859 444 882 470 *
901 442 1020 483 habi-

189 503 299 545 tatio
319 507 387 544 est
404 502 449 543 in
467 507 523 543 te.

241 561 340 600 Ant.
374 557 496 599 Vidit
523 557 661 599 Jacob
695 555 870 604 scalam,
906 557 1018 594 sum-

189 615 320 656 mitas
346 615 436 666 ejus
462 614 601 655 coelos
623 611 847 664 tangebat,
876 614 920 651 et
949 609 1020 650 de-

190 670 450 712 scendentes
470 670 676 721 Angelos,
697 673 741 710 et
761 667 883 709 dixit:
902 666 1021 707 Vere

189 727 314 768 locus
333 727 416 767 iste
436 731 613 767 sanctus
633 730 710 767 est.

241 788 340 827 Ant.
368 783 523 825 Erexit
546 781 683 823 Jacob
708 782 732 807 *
758 779 949 832 lapidem
977 780 1021 820 in

191 839 376 888 titulum,
397 838 583 880 fundens
603 838 750 879 oleum
768 836 970 889 desuper.

457 899 659 939 Psalmus
689 899 751 938 87.

282 951 427 992 omine
454 951 576 992 Deus
605 950 759 992 salutis
783 962 909 990 meae:
931 950 956 976 *
977 949 1022 989 in

295 1006 367 1048 die
382 1006 579 1057 clamavi,
592 1011 636 1048 et
654 1011 786 1047 nocte
800 1017 950 1047 coram
965 1009 1021 1045 te.

242 1065 385 1105 Intret
420 1063 465 1104 in
493 1065 735 1115 conspectu
764 1067 842 1103 tuo
878 1061 1020 1102 oratio

191 1133 305 1162 mea:
323 1121 348 1147 *
365 1119 526 1160 inclina
543 1132 694 1160 aurem
711 1123 834 1159 tuam
853 1117 910 1159 ad
925 1129 1021 1169 pre-

192 1190 289 1218 cem
315 1188 473 1217 meam:

243 1232 355 1283 Quia
399 1231 569 1284 repleta
606 1235 672 1272 est
709 1229 836 1270 malis
879 1229 1023 1270 anima

192 1301 305 1330 mea:
330 1290 354 1316 ¹⁸¹
378 1293 422 1329 et
443 1288 536 1329 vita
557 1299 656 1328 mea
673 1287 843 1327 inferno
863 1297 1022 1337 appro—

192 1344 435 1397 pinquavit.

245 1400 509 1441 AEstimatus
529 1412 626 1439 sum
640 1412 740 1439 cum
758 1397 1023 1440 descenden-

193 1456 313 1498 tibus
340 1456 384 1497 in
411 1455 571 1496 lacum:
598 1456 622 1482 *
649 1455 792 1495 factus
820 1467 918 1494 sum
944 1453 1023 1494 sic-

193 1517 242 1554 ut
258 1512 391 1554 homo
411 1512 505 1553 sine
524 1511 756 1563 adjuterio,
777 1510 891 1551 inter
910 1511 1023 1550 mer-

194 1573 296 1610 tuos
323 1567 446 1610 liber.

245 1625 367 1666 Sicut
381 1623 599 1666 vulnerati
614 1623 884 1665 dormientes
900 1622 945 1663 in
960 1635 1023 1663 se-

193 1680 407 1732 pulchris,
441 1692 628 1732 quorum
660 1691 748 1720 non
782 1692 828 1721 es
855 1691 1024 1720 memor

194 1736 398 1789 emplius:
430 1737 454 1763 *
491 1740 535 1778 et
568 1735 654 1788 ipsi
691 1735 746 1777 de
782 1748 915 1776 manu
947 1739 1025 1775 tua

194 1792 360 1845 repulsi
386 1796 498 1833 sunt.

245 1848 493 1890 Posuerunt
517 1860 589 1889 me
617 1847 661 1888 in
686 1847 785 1889 lacu
813 1846 1024 1888 inferiori:

194 1905 218 1931 *
263 1904 308 1944 in
356 1902 625 1953 tenebrosis,
681 1907 725 1944 et
774 1903 820 1944 in
868 1901 1025 1944 umbra

194 1960 362 2001 mortis.

247 2015 388 2068 Super
406 2027 478 2056 me
503 2014 789 2056 confirmatus
812 2018 878 2055 est
902 2013 1024 2054 furor

196 2076 314 2112 tuus:
346 2072 370 2098 *
399 2075 443 2112 et
471 2083 623 2112 omnes
651 2071 811 2112 fluctus
835 2074 946 2111 tuos.
965 2069 1025 2109 in-

196 2126 361 2168 duxisti
388 2139 520 2179 super
546 2140 627 2168 me.

249 2182 402 2234 Longe
416 2183 559 2224 fecisti
573 2187 706 2224 notos
720 2194 843 2223 meos
859 2194 884 2222 a
902 2193 988 2222 me:
1002 2182 1027 2209 *

197 2240 440 2291 posuerunt
453 2251 524 2280 me
538 2238 912 2280 abominatiOnem
931 2236 1026 2277 sibi.

249 2294 459 2336 Traditus
487 2308 600 2344 sum,
635 2299 679 2336 et
710 2306 799 2335 non
832 2292 1026 2343 egredie-

197 2350 293 2391 bar:
321 2352 345 2378 *
373 2350 489 2392 oculi
521 2351 609 2391 mei
642 2350 904 2402 languerunt
931 2360 1025 2400 prae

198 2419 357 2459 1n0p1a.

198 2462 210 2487 ²⁴>
251 2462 445 2503 Clamavi
460 2462 518 2503 ad
530 2466 575 2503 te
589 2462 779 2503 Demine
793 2466 889 2502 tota
905 2460 992 2503 die:
1002 2463 1027 2490 *

201 2518 390 2570 expandi
418 2518 484 2559 ad
502 2522 547 2559 te
572 2531 728 2559 manus
755 2530 887 2558 meas.

251 2574 479 2626 Numquid
496 2574 682 2615 mortuis
701 2574 835 2614 facies
853 2572 1027 2613 mirabi-

200 2629 275 2670 lia:
307 2631 332 2657 *
363 2636 439 2671 aut
466 2629 627 2671 medici
655 2628 946 2678 suscitabunt,
984 2633 1028 2670 et

202 2685 527 2727 confitebuntur
553 2685 657 2727 tibi?

1072 384 1303 426 veritatem
1330 388 1452 425 tuam
1479 384 1524 424 in
1548 383 1825 436 perditiene?

1123 439 1350 492 Numquid
1375 442 1696 491 cognoscentur
1717 440 1762 480 in
1785 441 1903 481 tene-

1076 497 1164 538 bris
1182 495 1401 537 mirabilia
1419 500 1513 537 tua:
1534 498 1558 523 *
1582 501 1626 538 et
1645 496 1810 548 justitia
1828 500 1905 536 tua

1073 553 1118 593 in
1143 557 1263 594 terra
1290 551 1550 593 oblivionis?

1126 609 1184 649 Et
1204 620 1286 659 ego
1314 608 1371 649 ad
1388 613 1433 650 te
1451 608 1641 649 Domine
1662 607 1862 649 clamavi:
1882 608 1906 634 *

1078 670 1122 707 et
1139 677 1267 706 mane
1294 665 1436 706 oratio
1462 677 1561 705 mea
1585 664 1829 716 praeveniet
1850 668 1905 704 te.

1125 721 1186 762 Ut
1214 720 1322 772 quid
1347 721 1538 762 Demine
1565 720 1744 773 repellis
1776 719 1905 761 orati-

1076 779 1206 818 onem
1219 790 1379 818 meam:
1394 779 1418 804 *
1434 778 1597 819 avertis
1612 777 1770 818 faciem
1785 781 1907 818 tuam

1075 847 1101 875 a
1126 832 1224 874 me?

1125 890 1300 942 Pauper
1328 903 1425 930 sum
1453 902 1554 940 ego,
1591 894 1634 931 et
1669 890 1715 929 in
1747 888 1907 929 laberi-

1074 945 1157 987 bus
1187 959 1212 986 a
1240 947 1466 998 juventute
1493 959 1606 987 mea:
1634 947 1658 973 *
1687 945 1907 987 exaltatus

1075 1007 1233 1051 autem,
1257 1001 1511 1043 humiliatus
1537 1015 1633 1043 sum
1660 1007 1703 1043 et
1733 1005 1907 1043 contur-

1074 1057 1215 1099 batus.

1127 1114 1179 1154 In
1203 1127 1273 1155 me
1296 1114 1565 1155 transierunt
1588 1114 1666 1155 irae
1691 1119 1796 1155 tuae:
1822 1114 1846 1140 *
1866 1117 1910 1154 et

1076 1172 1270 1211 terrores
1298 1170 1363 1211 tui
1392 1170 1768 1211 conturbaverunt
1795 1182 1877 1210 me.

1130 1226 1525 1268 Circumdederunt
1551 1239 1623 1268 me
1651 1227 1765 1267 sicut
1794 1238 1909 1277 aqua

1075 1287 1170 1324 tota
1209 1282 1299 1324 die:
1343 1285 1367 1310 *
1409 1282 1793 1324 circumdederunt
1838 1294 1909 1323 me

1076 1339 1217 1379 simul.

1128 1395 1358 1446 Elongasti
1381 1408 1407 1436 a
1431 1408 1502 1437 me
1527 1398 1716 1436 amicum
1742 1399 1786 1435 et
1809 1395 1910 1446 pro-

1077 1451 1260 1491 ximum:
1278 1452 1302 1478 *
1322 1456 1366 1492 et
1380 1456 1513 1492 notos
1531 1464 1656 1492 meos
1675 1463 1700 1491 a
1721 1450 1910 1491 miseria.

1129 1513 1229 1553 Ant.
1253 1512 1407 1553 Erexit
1425 1511 1564 1553 Jacob
1583 1511 1778 1564 lapidem
1798 1511 1842 1551 in
1861 1512 1910 1551 ti-

1076 1567 1226 1616 tulum,
1245 1567 1432 1609 fundens
1452 1568 1598 1610 eleum
1619 1567 1819 1619 desuper.

1128 1620 1178 1671 V.
1205 1624 1377 1665 Domus
1403 1637 1512 1665 mea.
1545 1627 1595 1678 R.
1619 1624 1791 1665 Domus
1815 1635 1910 1664 ora-

1076 1679 1209 1720 tienis
1228 1680 1469 1721 vocabitur.

1132 1738 1262 1778 Pater
1282 1740 1443 1778 noster.

1131 1798 1378 1839 Absolutio.
1408 1799 1553 1849 Ipsius
1573 1798 1726 1848 pietas.

1130 1850 1181 1901 ΥΤ.
1209 1852 1323 1894 Jube
1348 1852 1523 1894 domne.

1131 1915 1293 1956 Bened.
1323 1917 1446 1956 Deus
1467 1914 1600 1955 Pater
1624 1915 1913 1966 omnipotens.

1063 1993 1232 2033 Sermo
1262 1991 1401 2032 sancti
1428 1991 1662 2042 Augustini
1690 1990 1912 2043 Episcopi.

1237 2060 1354 2096 Serm.
1378 2062 1452 2095 252.
1478 2062 1525 2095 de
1550 2062 1750 2104 Tempore.

1378 2122 1532 2161 Lectio
1552 2122 1603 2161 iv.

1083 2186 1186 2250 *ff
1205 2183 1547 2234 uotiescumque‚
1566 2182 1723 2223 fratres
1744 2181 1911 2222 carissi-

1088 2294 1091 2295 7
1215 2239 1292 2288 mi,
1317 2239 1468 2280 altaris
1485 2238 1556 2279 vel
1579 2237 1732 2289 templi
1751 2237 1911 2278 festivi-

1081 2290 1162 2318 Q>
1181 2289 1202 2310 '
1217 2297 1355 2336 tatem
1374 2294 1572 2343 colimus,
1597 2293 1634 2334 si
1652 2292 1839 2334 fideliter
1860 2306 1912 2334 ac

1081 2349 1312 2401 diligenter
1331 2349 1607 2398 attendimus,
1628 2353 1672 2390 et
1691 2354 1841 2390 sancte
1860 2361 1911 2390 ac

1079 2406 1191 2457 juste
1209 2407 1410 2455 vivimus,
1436 2404 1652 2457 quidquid
1669 2404 1713 2444 in
1735 2405 1911 2457 templis

1079 2462 1339 2503 manufactis
1365 2461 1521 2512 agitur,
1548 2465 1691 2501 totum
1714 2460 1759 2501 in
1782 2460 1911 2503 nobis

1081 2518 1267 2570 spiritali
1312 2516 1605 2558 aedificatione
1653 2516 1910 2569 completur.

1078 2573 1181 2615 Non
1201 2574 1315 2614 enim
1334 2575 1542 2613 mentitus
1563 2577 1629 2613 est
1648 2572 1735 2622 ille,
1757 2573 1831 2624 qui
1850 2572 1910 2614 di-

1079 2629 1156 2670 xit:
1194 2628 1429 2680 Templum
1457 2628 1572 2668 enim
1598 2628 1683 2669 Dei
1710 2633 1911 2669 sanetum

1081 2690 1158 2735 est,
1179 2683 1300 2736 quod
1319 2684 1425 2725 estis
1444 2696 1538 2734 vos;
1565 2688 1608 2725 et
1626 2686 1800 2726 iterum:
1824 2684 1909 2726 Ne-
