2028 2892
817 166 1015 199 Dominicu
1043 164 1295 198 pentecostes.

258 263 376 305 Sicut
402 261 660 311 audivimus,
689 261 750 303 sic
775 259 960 302 vidimus
984 260 1027 299 in

208 319 380 361 civitate
405 318 581 360 Demini
606 318 830 366 virtutum,
861 317 904 356 in
928 316 1026 357 civi-

207 377 296 417 tate
328 375 411 416 Dei
435 374 593 416 nostri:
625 375 649 400 ¹⁸¹
680 374 802 415 Deus
834 371 1028 414 fundavit

209 444 303 473 eam
322 431 364 471 in
384 433 603 473 aeternum.

258 487 536 539 Suscepimus
550 487 671 527 Deus
689 483 1029 526 misericerdiam

208 550 337 593 tuam,
356 545 379 570 *
398 543 441 584 in
459 541 603 584 medio
622 542 773 595 templi
790 542 864 583 tui.

261 598 508 642 Secundum
543 611 700 640 nomen
738 603 859 639 tuum
895 597 1029 646 Deus,

210 657 272 698 sie
295 662 339 698 et
361 656 456 698 laus
481 660 556 697 tua
578 656 621 695 in
640 655 748 696 fines
768 660 910 696 terrae:
929 655 951 680 *
972 654 1028 705 ju-

211 713 328 755 stitia
346 712 474 765 plena
494 717 560 753 est
579 710 758 753 dextera
775 716 860 752 tua.

260 769 454 810 Laetetur
472 781 597 809 mons
615 768 733 817 Sion,
753 772 796 808 et
815 765 1031 808 exsultent

210 825 311 867 filiae
339 825 482 875 Judae,
509 826 532 851 *
560 829 743 877 propter
775 822 931 875 judicia
958 827 1032 863 tua

210 882 407 923 Demine.

263 935 536 979 Circumdate
562 936 680 984 Sion,
713 941 755 977 et
784 934 1030 988 complecti-

211 994 313 1035 mini
328 1006 437 1035 eam:
452 995 475 1020 *
485 995 657 1034 narrate
671 993 714 1033 in
728 991 919 1033 turribus
932 992 1032 1043 ejus.

264 1051 418 1092 Penite
454 1049 589 1091 corda
619 1054 765 1090 vestra
801 1048 844 1088 in
875 1047 1032 1089 virtute

213 1108 318 1159 ejus:
344 1109 367 1132 *
396 1112 439 1148 et
467 1104 712 1148 distribuite
745 1103 901 1146 domos
928 1103 1032 1155 ejus,

212 1169 259 1205 ut
278 1163 486 1205 enarretis
504 1163 548 1202 in
566 1161 775 1214 progenie
794 1160 940 1202 altera.

264 1219 478 1270 Queniam
496 1218 566 1260 hic
585 1223 652 1259 θεῖ
670 1218 800 1267 Deus,
819 1217 940 1258 Deus
958 1229 1031 1257 no-

213 1281 301 1317 ster
314 1275 357 1316 in
372 1277 593 1324 aeternum,
613 1279 656 1315 et
674 1274 717 1314 in
734 1272 941 1315 saeculum
956 1274 1032 1313 sae-

212 1332 311 1373 culi:
329 1333 352 1359 *
372 1332 466 1384 ipse
485 1336 605 1382 reget
623 1343 704 1371 nos
723 1330 765 1370 in
786 1329 957 1371 saecula.

267 1390 362 1429 Ant.
385 1389 540 1429 Factus
561 1392 627 1428 est
646 1388 825 1439 repente
846 1384 900 1427 de
919 1385 1033 1427 coelo

212 1457 347 1486 sonus
388 1442 656 1485 advenientis
694 1442 871 1495 spiritus
907 1440 1032 1482 vehe-

211 1500 378 1549 mentis,
399 1499 578 1552 alleluja,
599 1498 778 1550 alleluja.

269 1561 301 1599 A
310 1566 364 1600 nt.
381 1556 604 1598 Confirma
622 1555 707 1596 hoc
721 1555 852 1603 Deus,
871 1556 894 1581 *
915 1553 1034 1606 quod

214 1615 422 1665 operatus
441 1625 488 1653 es
503 1612 546 1652 in
560 1611 701 1653 nobis:
721 1624 747 1652 a
759 1610 924 1663 templo
941 1623 1033 1651 san-

214 1675 285 1710 cto
305 1674 397 1717 tu0‚
418 1667 537 1719 quod
556 1673 622 1709 est
640 1667 682 1707 in
702 1666 956 1715 Jerusalem,
977 1665 1033 1707 al-

214 1725 351 1776 leluja,
371 1723 551 1776 alleluja.

493 1782 684 1822 Psalmus
705 1781 768 1820 67.
1028 1786 1035 1791 ’

219 1835 484 1941 Exsurgat
521 1839 659 1889 Deus,
695 1845 738 1881 et
774 1839 1036 1892 dissipentur

306 1896 466 1937 inimici
497 1896 603 1947 ejuS,
637 1897 660 1922 *
693 1901 736 1937 et
767 1896 931 1947 fugiant
964 1896 1036 1947 qui

217 1952 403 1996 oderunt
422 1964 530 2001 eum,
549 1964 575 1992 a
593 1951 702 1993 facie
722 1952 822 2003 ejus.

267 2009 387 2051 Sicut
414 2007 562 2049 deficit
588 2007 744 2057 fumus,
772 2007 989 2050 deficiant:
1013 2011 1036 2035 *

217 2066 329 2107 sicut
363 2064 456 2105 fluit
488 2076 586 2104 cera
618 2076 643 2104 a
674 2063 783 2104 facie
814 2064 943 2114 ignis,
976 2064 1038 2106 sic

218 2123 397 2174 pereant
415 2121 670 2172 peccateres
690 2132 715 2160 a
734 2119 842 2161 facie
861 2120 954 2161 Dei.

268 2177 325 2219 Et
352 2176 450 2229 justi
479 2175 720 2229 epulentur,
753 2182 796 2217 et
823 2176 1038 2219 exsultent

218 2234 260 2274 in
284 2234 522 2286 conspectu
545 2232 641 2272 Dei:
660 2234 682 2259 *
703 2237 746 2273 et
771 2231 1038 2275 delectentur

218 2290 261 2330 in
279 2290 439 2331 laetitia.

272 2346 453 2387 Cantate
468 2345 575 2393 Deo,
594 2344 809 2397 psalmum
828 2344 958 2386 dicite
974 2348 1039 2387 ηό-

220 2401 321 2442 mini
341 2402 444 2453 ejus:
460 2402 482 2427 *
498 2401 578 2443 iter
593 2401 720 2442 facite
736 2401 785 2451 ei,
806 2402 877 2453 qui
894 2403 1037 2442 ascen-

222 2455 284 2498 dit
312 2470 443 2510 super
471 2459 690 2499 occasum:
722 2457 934 2499 Deminus
966 2471 1038 2498 no-

221 2525 319 2553 men
338 2513 410 2553 illi.

274 2569 498 2611 Exsultate
537 2570 578 2610 in
611 2571 848 2622 conspectu
881 2570 985 2621 ejus,
1017 2572 1040 2596 *

222 2624 509 2666 turbabuntur
528 2640 553 2666 a
571 2627 679 2668 facie
699 2628 799 2678 ejus,
821 2626 955 2679 patris
975 2639 1040 2667 or-

223 2679 474 2732 phanerum,
494 2688 537 2723 θῖ
555 2682 706 2733 indicis
725 2682 961 2724 viduarum.

1128 259 1247 300 Deus
1271 260 1314 300 in
1331 259 1431 301 loco
1451 264 1600 300 sancto
1621 270 1715 299 suo:
1732 258 1756 284 *
1774 257 1895 298 Deus

1078 315 1152 412 gui
1173 315 1412 358 inhabitare
1436 315 1537 357 facit
1560 316 1684 356 unius
1703 313 1836 355 moris
1853 313 1896 354 in

1109 384 1225 413 omo:

1130 433 1212 483 Qui
1231 431 1376 474 educit
1395 431 1563 474 vinctos
1578 431 1621 472 in
1635 428 1897 479 fortitudine,

1078 491 1101 515 *
1122 489 1315 531 similiter
1334 501 1422 537 θοε,
1443 488 1516 540 qui
1535 490 1805 541 exasperant,
1825 486 1898 538 qui

1078 545 1274 587 habitant
1292 545 1335 585 in
1354 543 1606 597 sepulchris.

1130 602 1266 651 Deus,
1298 615 1395 643 cum
1427 599 1694 651 egredereris
1724 599 1767 640 in
1799 611 1898 640 con-

1081 660 1234 711 spectu
1252 657 1405 711 pepuli
1422 657 1500 706 tui,
1519 658 1542 683 *
1562 669 1660 698 cum
1684 660 1898 709 pertrans-

1080 717 1165 755 ires
1183 714 1225 754 in
1246 714 1438 756 deserto:

1131 770 1268 812 Terra
1290 775 1410 811 mota
1429 774 1509 818 est,
1538 768 1695 811 etenim
1718 766 1818 810 coeli
1840 765 1900 808 di-

1081 826 1350 868 stillaverunt
1378 839 1403 867 a
1430 825 1539 867 facie
1566 824 1650 866 Dei
1676 823 1806 872 Sinai,
1830 825 1853 850 ²⁸¹
1877 835 1902 864 a

1082 883 1190 924 facie
1209 882 1291 924 Dei
1310 881 1456 923 Israel.

1132 938 1329 980 Pluviam
1348 936 1635 979 voluntariam
1653 934 1903 988 segregabis

1083 995 1202 1036 Deus
1217 993 1462 1036 haereditati
1474 999 1578 1035 tuae:
1592 994 1615 1020 *
1633 997 1676 1034 et
1688 991 1904 1034 infirmata

1083 1057 1160 1101 est,
1179 1057 1227 1093 tu
1245 1064 1349 1092 vero
1369 1050 1589 1104 perfecisti
1608 1062 1713 1091 eam.

1135 1107 1350 1149 Animalia
1367 1113 1442 1149 tua
1459 1106 1716 1148 habitabunt
1733 1105 1777 1145 in
1795 1117 1860 1146 ea:
1878 1105 1902 1130 *

1083 1164 1245 1217 parasti
1277 1164 1320 1204 in
1352 1162 1580 1205 dulcedine
1612 1167 1686 1204 tua
1720 1159 1903 1215 pauperi

1083 1221 1213 1262 Deus.

1134 1276 1345 1318 Deminus
1371 1275 1491 1317 dabit
1515 1274 1695 1316 verbum
1721 1285 1901 1324 evange-

1083 1331 1322 1380 lizantibus,
1340 1334 1363 1358 *
1382 1331 1540 1373 virtute
1559 1330 1703 1372 multa.

1133 1389 1231 1430 Rex
1249 1388 1455 1430 virtutum
1474 1386 1619 1429 dilecti
1639 1385 1799 1428 dilecti:
1817 1386 1841 1412 *
1861 1389 1904 1426 et

1085 1444 1245 1498 speciei
1265 1443 1421 1486 domus
1440 1442 1634 1485 dividere
1653 1441 1803 1496 spelia.

1134 1501 1178 1543 Si
1198 1500 1422 1542 dormiatis
1439 1499 1551 1542 inter
1568 1498 1737 1541 medios
1751 1498 1903 1547 cleros,

1084 1570 1238 1611 pennae
1258 1556 1473 1598 columbae
1492 1555 1800 1607 deargentatae,
1818 1555 1842 1581 *
1861 1559 1905 1596 et

1085 1613 1330 1667 posteriera
1372 1612 1492 1655 dorsi
1531 1612 1621 1664 ejus
1661 1611 1704 1652 in
1739 1610 1905 1665 pallere

1085 1684 1188 1712 auri.

1136 1726 1252 1767 Dum
1271 1724 1476 1767 discernit
1490 1723 1680 1766 coelestis
1697 1735 1822 1774 reges
1837 1735 1904 1763 su-

1086 1795 1165 1836 per
1184 1795 1290 1831 eam,
1309 1781 1406 1822 nive
1426 1779 1741 1822 dealbabuntur
1758 1779 1801 1820 in
1818 1778 1905 1820 Sel-

1086 1851 1202 1880 mon:
1220 1840 1244 1864 *
1262 1850 1388 1879 mons
1406 1837 1500 1886 Dei,
1518 1849 1642 1878 mons
1661 1835 1842 1889 pinguis.

1138 1895 1265 1936 Mons
1285 1893 1554 1945 coagulatus,
1578 1904 1702 1933 mons
1721 1891 1906 1945 pinguis:

1087 1953 1110 1977 *
1136 1956 1182 1992 ut
1209 1949 1313 2003 quid
1341 1948 1618 2002 suspicamini
1642 1953 1812 1990 montes
1836 1960 1905 1989 co-

1088 2006 1308 2059 agulatos?

1137 2063 1282 2112 Mons,
1309 2062 1351 2103 in
1380 2074 1467 2114 quo
1494 2060 1814 2114 beneplacitum
1841 2065 1907 2101 est

1088 2119 1184 2160 Deo
1208 2118 1402 2160 habitare
1427 2118 1469 2158 in
1496 2130 1564 2159 eo:
1587 2119 1610 2143 *
1636 2116 1794 2158 etenim
1819 2116 1904 2158 De-

1088 2175 1227 2216 minus
1246 2173 1458 2216 habitabit
1475 2173 1516 2214 in
1537 2173 1676 2214 finem.

1141 2231 1302 2272 Currus
1321 2230 1402 2271 Dei
1427 2229 1578 2271 decem
1595 2228 1783 2271 millibus
1801 2227 1905 2270 mul-

1089 2287 1239 2341 tiplex,
1273 2286 1404 2327 millia
1431 2286 1683 2327 laetantium:
1710 2285 1734 2311 *
1761 2284 1906 2326 Demi-

1084 2357 1169 2391 ‚nus
1187 2343 1229 2384 in
1249 2343 1310 2384 eis
1328 2343 1370 2383 in
1389 2343 1489 2384 Sina
1507 2342 1549 2382 in
1569 2346 1730 2383 sancto.

1142 2398 1388 2441 Ascendisti
1415 2399 1457 2439 in
1483 2397 1633 2445 altum,
1660 2396 1814 2450 cepisti
1841 2409 1907 2438 ca-

1091 2456 1349 2509 ptivitatem:
1368 2458 1391 2481 ¹*
1411 2453 1617 2506 accepisti
1641 2451 1755 2494 dona
1773 2452 1815 2492 in
1834 2452 1908 2493 ho-

1091 2510 1292 2553 minibus:

1143 2567 1313 2609 Etenim
1337 2579 1423 2607 non
1447 2565 1688 2614 credentes,
1706 2566 1729 2591 *
1749 2563 1909 2606 inhabi-

1092 2626 1185 2665 tare
1206 2622 1438 2664 Deminum
1456 2622 1608 2662 Deum.

1145 2682 1408 2725 Benedictus
1435 2681 1646 2723 Deminus
1675 2679 1744 2722 die
1774 2682 1911 2733 quoti-
