2066 2956
672 208 742 241 Die
770 208 815 241 15.
840 207 939 246 Maii.
986 208 1019 239 S.
1048 206 1183 239 Isidori
1210 205 1401 247 Agricola:
1427 204 1534 238 Cous.

245 320 328 360 que
347 307 457 347 inter
475 305 574 346 illos
589 304 807 346 Isidorum
824 302 1064 355 conspexit.

245 364 340 413 Quo
361 361 572 403 miraculo
590 360 785 411 vulgato,
810 372 967 411 magno
993 358 1063 400 de-

243 422 392 471 inceps
436 417 591 459 hon6ri
631 422 720 459 tam
760 415 878 469 apud
912 415 1064 457 herum

244 488 373 527 quam
410 474 527 527 apud
560 475 729 516 ceteros
761 472 960 514 hemines
990 471 1061 512 ha-

243 532 338 574 beri
357 531 503 584 coepit.

302 593 346 642 Ν.
375 588 621 629 Honestum
645 586 747 628 fecit
772 585 893 628 illum
916 584 1062 626 Demi-

243 658 334 694 nus,
357 649 399 686 et
418 644 654 686 custodivit
674 656 773 685 eum
792 641 846 683 ab
867 641 1062 690 inimicis,

244 706 287 743 et
314 715 338 743 a
367 700 670 743 seductoribus
695 699 854 741 tutavit
879 697 1013 739 illum:
1041 701 1062 725 *

244 758 300 799 Et
331 757 451 799 dedit
487 756 548 797 illi
580 756 821 798 claritatem
847 756 1063 804 aeternam,

244 814 423 866 alleluJa.
455 812 503 862 Y.
525 813 550 854 J
551 818 697 855 ustum
715 810 897 854 deduxit
915 811 1061 852 Demi-

244 884 324 911 nus
342 883 421 923 per
440 870 532 911 vias
551 874 707 919 rectaS,
731 874 774 911 et
793 868 984 910 ostendit
1002 867 1063 908 illi

245 939 424 977 regnum
442 926 535 967 Dei.
562 926 619 967 Et
639 925 770 967 dedit.

555 983 703 1023 Lectio
724 997 758 1021 v.

250 1036 475 1142 Caritate
494 1039 538 1080 in
556 1042 771 1092 pauperes
787 1038 898 1080 adeo
914 1036 1065 1088 flagra-

335 1096 410 1146 vit,
430 1102 478 1138 ut
495 1095 741 1138 mercedem
761 1108 891 1147 quam
908 1093 1064 1135 laberi-

246 1153 327 1194 bus
358 1152 559 1205 parabat,
598 1151 822 1203 egentibus
855 1152 1066 1201 erogaret.

247 1209 358 1259 Quin
373 1209 503 1249 etiam
518 1221 615 1250 cum
630 1206 865 1260 aliquando
881 1206 937 1248 ad
952 1219 1065 1248 com-

246 1268 374 1306 mune
417 1277 514 1306 cum
555 1264 733 1316 reliquis
775 1262 1066 1305 confratribus

244 1320 474 1374 prandium
504 1321 715 1374 plurimos
746 1323 964 1373 pauperes
992 1319 1064 1360 ad-

245 1376 456 1427 duxisset,
490 1377 682 1430 nihilque
716 1376 847 1426 aliud,
878 1375 1065 1429 prandio

245 1434 411 1476 scilicet
430 1434 569 1484 finito,
590 1446 719 1486 quam
738 1433 950 1485 pulmenti
969 1445 1065 1486 par-

244 1495 333 1532 tem
357 1489 439 1531 sibi
459 1492 726 1532 reservatam
745 1491 994 1543 reperisset,
1019 1488 1065 1529 il-

244 1546 329 1587 lam
353 1547 419 1587 vir
441 1546 541 1596 Dei,
575 1546 661 1588 fide
689 1546 896 1597 singulari
920 1545 1066 1594 fretus,

244 1603 305 1644 ita
329 1603 562 1652 distribuit,
589 1608 637 1645 ut
661 1602 972 1644 admirabiliter
995 1615 1065 1643 au-

246 1664 316 1701 cta
347 1659 398 1700 iis
434 1659 633 1701 emnibus
673 1658 840 1700 alendis
873 1664 1064 1700 saturan-

248 1715 401 1768 disque
421 1716 649 1757 sufficeret.
677 1715 791 1757 Illud
811 1716 941 1758 etiam
955 1715 1066 1757 inter

248 1773 391 1813 cetera
415 1770 676 1822 mirandum,
706 1770 826 1825 quod
848 1785 928 1824 per
954 1774 1065 1812 aesti-

247 1840 327 1869 vos
355 1828 521 1869 calores
549 1828 605 1870 ad
639 1827 997 1879 exstinguendam
1023 1828 1066 1869 in

248 1896 352 1935 agro
379 1884 508 1934 sitim,
535 1897 661 1936 aquae
685 1890 840 1938 potum
862 1884 968 1926 hero
994 1884 1067 1925 fla-

247 1940 427 1991 gitante,
457 1953 555 1981 cum
582 1941 733 1983 nullibi
760 1942 965 1990 scateret,
992 1941 1067 1982 Isi-

248 1996 381 2038 derus
410 1996 584 2038 stimulo
614 2009 743 2050 quem
769 1997 964 2048 gerebat,
992 1997 1065 2039 hu-

248 2065 318 2093 mo
333 2056 551 2105 percussa,
570 2052 749 2095 uberem
768 2066 822 2096 ex
841 2065 892 2095 ea
911 2058 954 2095 et
971 2067 1066 2107 per-

248 2110 401 2150 ennem
419 2108 475 2151 ad
494 2109 588 2151 haec
608 2122 745 2163 usque
763 2111 963 2162 tempora
978 2111 1066 2152 fon·

247 2169 335 2206 tem
355 2165 510 2207 elicuit.

304 2222 353 2272 R.
375 2221 552 2264 Amavit
571 2235 670 2264 eum
690 2222 917 2271 DeminUS‚
937 2228 980 2265 et
1001 2235 1066 2264 or·
1122 2235 1165 2278 J

250 2277 367 2318 navit
401 2290 514 2318 eum:
556 2279 713 2320 stolam
745 2278 895 2330 gleriae
928 2278 1068 2321 induit

251 2345 358 2382 eum,
390 2333 411 2356 *
435 2334 490 2376 Et
517 2335 573 2377 ad
600 2340 751 2387 portas
779 2334 971 2388 paradisi
998 2348 1066 2379 co·

251 2389 420 2430 ronavit
454 2402 568 2440 eum,
603 2391 783 2443 alleluia.
842 2383 890 2434 Ys-
921 2391 1067 2433 Induit

251 2455 349 2484 eum
390 2444 602 2487 Deminus
642 2447 823 2488 loricam
862 2447 981 2497 fidei,
1023 2453 1067 2489 et

252 2500 421 2542 ornavit
445 2514 552 2543 eum.
585 2502 641 2544 Et
664 2502 719 2544 ad
743 2508 905 2556 portas·

558 2557 708 2598 Lectio
729 2558 780 2597 vi.

303 2612 417 2663 gitur
445 2614 670 2656 sanctitate
699 2615 856 2665 clarus,
885 2628 983 2657 cum
1011 2614 1067 2656 ad

325 2668 518 2709 ultimam
551 2674 818 2712 senectutem
849 2674 1066 2724 pervenis-

251 2729 333 2774 set,
361 2723 624 2766 obdormivit
651 2726 693 2766 in
718 2727 925 2778 Domino,
954 2733 997 2769 et
1024 2728 1066 2768 in

1117 300 1369 343 coemeterio
1402 300 1540 342 sancti
1573 298 1762 341 Andreae
1795 296 1938 351 sepul-

1115 363 1197 407 tus,
1222 356 1388 399 tamdiu
1407 356 1467 399 ibi
1486 356 1630 408 jacuit,
1656 354 1802 408 quoad
1821 354 1938 395 cives

1117 413 1173 455 de
1195 414 1332 467 ipsius
1358 415 1545 466 corpore
1566 412 1791 454 honestius
1808 411 1853 452 in
1872 422 1937 452 ec-

1117 470 1250 512 clesia
1269 468 1528 511 collocando
1548 468 1753 511 divinitus
1775 467 1939 518 1116ῃί11,

1116 526 1223 568 illud
1247 526 1290 567 in
1313 525 1459 568 1όο1110
1478 528 1695 576 integrum
1714 529 1846 576 atque
1867 522 1940 565 ad-

1117 596 1170 625 eo
1189 583 1490 635 incorruptum
1513 582 1786 631 invenerunt,
1813 585 1861 623 ut
1886 593 1940 622 ex

1117 652 1170 681 eo
1189 639 1469 681 suavissimus
1485 638 1607 688 odor,
1626 638 1699 691 qui
1711 637 1794 679 hac
1810 637 1940 679 etiam

1117 697 1379 749 tempestate
1398 694 1624 748 perdarat,
1652 694 1831 736 efflaret.
1867 693 1939 735 Sa-

1118 765 1239 794 crum
1263 765 1424 805 corpus
1446 752 1490 792 in
1512 750 1742 793 ecclesiam
1759 749 1940 792 transla-

1119 814 1222 859 tum,
1241 814 1284 851 et
1302 808 1346 849 in
1364 807 1548 851 editiere
1566 807 1667 850 loco
1687 806 1828 857 situm,
1853 807 1940 847 ma-

1118 865 1244 906 ximis
1280 866 1400 907 Deus
1439 864 1659 906 miraculis
1698 862 1942 905 illustravit.

1119 922 1313 972 Quorum
1338 921 1671 963 beneficentiam
1694 933 1782 962 non
1807 918 1943 961 semel

1117 983 1207 1020 tam
1216 978 1312 1031 ipsa
1321 977 1486 1020 Matriti
1496 978 1658 1027 civitas,
1670 988 1801 1029 quam
1811 976 1941 1018 etiam

1119 1036 1265 1077 cetera
1291 1034 1518 1087 Hispaniae
1545 1034 1660 1084 loca,
1693 1045 1779 1087 ope
1805 1032 1943 1086 ipsius

1118 1091 1366 1144 implorata,
1415 1093 1736 1144 persenserunt.
1803 1090 1944 1140 Quem

1117 1149 1341 1200 postremo
1361 1153 1464 1200 post
1481 1160 1618 1189 annos
1634 1147 1724 1188 fere
1741 1145 1941 1198 quadrin-

1118 1205 1274 1255 gentos
1294 1204 1409 1245 fama
1428 1203 1671 1246 sanctitatis
1691 1215 1743 1244 ac
1761 1202 1943 1243 miracu-

1118 1260 1171 1301 lis
1206 1260 1437 1311 illustrem,
1474 1260 1712 1312 Gregerius
1749 1259 1944 1301 decimus

1120 1316 1295 1368 quintus
1335 1317 1379 1358 in
1422 1319 1673 1359 sanctorum
1715 1318 1944 1357 numerum

1118 1373 1276 1415 retulit.

1174 1431 1224 1482 R.
1246 1430 1336 1472 Iste
1356 1429 1501 1471 homo.
1519 1429 1603 1483 [89]

1345 1504 1393 1543 In
1411 1503 1481 1543 ΙΙΙ.
1501 1502 1721 1543 Nocturno.

1122 1568 1272 1609 Lectio
1296 1569 1434 1611 sancti
1455 1567 1681 1620 Evangelii
1703 1567 1943 1610 secundum

1419 1626 1444 1667 J
1446 1628 1643 1667 oannem.

1227 1689 1375 1731 Lectio
1397 1689 1465 1730 vii.
1622 1688 1723 1740 Cap.
1734 1687 1791 1727 15.
1809 1699 1843 1728 c.

1118 1753 1194 1859 In
1212 1757 1287 1821 illo
1306 1758 1521 1821 tempore:
1539 1756 1661 1797 Dixit
1675 1755 1700 1797 J
1703 1768 1803 1820 esus
1819 1754 1944 1797 disci-

1183 1813 1298 1866 pulis
1325 1826 1428 1854 suls:
1455 1812 1551 1864 Ego
1578 1825 1675 1853 sum
1698 1816 1800 1853 vltis
1825 1824 1944 1853 vera:

1119 1870 1312 1979 ῧὲξὲῒει·
1335 1881 1458 1911 meus
1485 1868 1676 1921 agricola
1695 1872 1773 1910 est.
1805 1868 1862 1910 Et
1881 1869 1943 1909 re-

1227 1994 1415 2037 Homilia
1442 1994 1582 2037 sancti
1609 1994 1842 2045 Augustini

1423 2051 1644 2104 Episcopi.

1285 2113 1408 2148 Tract.
1433 2113 1495 2147 80.
1522 2112 1561 2146 in
1584 2112 1783 2146 Joannem.

1127 2170 1172 2213 {2³⁷
1192 2176 1227 2214 2121
1238 2169 1303 2206 ste
1322 2164 1444 2206 locus
1464 2162 1756 2214 evangelicus,
1775 2162 1944 2211 fratres,

1188 2215 1231 2277 {42
1253 2221 1327 2263 ubi
1355 2233 1403 2262 se
1429 2220 1535 2262 dicit
1558 2219 1775 2262 Dominus
1798 2218 1943 2267 vitem,

1189 2273 1226 2295 Μ
1255 2283 1298 2320 et
1325 2276 1566 2330 discipulos
1595 2288 1698 2317 suos
1725 2274 1942 2328 palmites,

1120 2333 1360 2376 secundum
1382 2333 1467 2375 hoc
1491 2333 1611 2384 dicit,
1641 2331 1760 2385 quod
1785 2336 1852 2373 est
1875 2342 1942 2372 ca-

1118 2395 1198 2443 put
1212 2390 1433 2439 Ecclesiae,
1448 2402 1618 2442 nosque
1631 2387 1827 2431 membra
1841 2387 1942 2438 eius,

1118 2445 1335 2489 mediator
1363 2446 1460 2496 Dei,
1489 2450 1532 2487 et
1558 2445 1783 2487 hominum
1809 2442 1942 2484 homo

1120 2503 1318 2544 Christus
1342 2502 1479 2544 JesuS.
1516 2501 1654 2543 Unius
1681 2500 1845 2553 quippe
1870 2511 1941 2539 na-

1118 2563 1228 2600 turae
1257 2563 1358 2600 sunt
1386 2558 1486 2600 vitis
1515 2562 1559 2599 et
1586 2556 1799 2610 palmites.
1839 2555 1942 2596 Pro-

1118 2620 1216 2668 pter
1247 2614 1366 2668 quod
1393 2627 1492 2656 cum
1519 2618 1636 2655 esset
1663 2612 1794 2661 DeuS,
1823 2611 1942 2663 cujus

1118 2674 1286 2713 naturae
1309 2684 1396 2713 non
1420 2682 1585 2718 sumus,
1613 2669 1752 2710 factus
1777 2672 1844 2709 est
1866 2666 1941 2708 ho-

1118 2740 1207 2777 mo,
1235 2733 1282 2769 ut
1309 2728 1352 2768 in
1380 2726 1454 2767 illo
1483 2731 1599 2767 esset
1623 2725 1724 2766 vitis
1752 2724 1943 2765 humana
