2066 2904
634 181 843 213 Commune
872 180 1078 222 Martyrum
1105 185 1275 221 tempore
1302 178 1491 211 l‘asehali.

259 276 374 327 Quid
395 281 462 318 est
479 276 628 325 homo,
658 275 777 328 quod
796 287 965 317 memor
986 287 1032 315 es

208 331 319 384 eius?
339 335 362 359 *
381 338 455 374 aut
474 333 590 374 filius
609 332 808 381 heminis,
828 331 1034 385 quoniam

207 389 357 431 visitas
377 387 500 431 eum?

258 446 453 487 Minuisti
490 459 589 487 eum
627 446 760 498 paulo
798 446 940 487 minus
979 446 1033 487 ab

207 502 400 554 Angelis,
417 502 556 553 gloria
572 507 616 543 et
631 502 798 544 honere
814 503 1035 544 coronasti

208 572 321 600 eum:
348 561 371 585 *
400 564 444 600 et
478 559 741 601 constituisti
774 571 871 600 eum
902 571 1035 611 super

208 617 342 668 (Spera
362 617 569 656 manuum
585 617 770 657 tuarum.

175 724 179 728 ι
261 672 418 713 Omnia
459 671 681 724 subiecisti
723 671 804 713 sub
846 671 1034 724 pedibus

208 729 318 780 ejus,
346 731 369 755 *
407 742 514 770 oves
547 735 590 770 et
622 728 760 770 boves
789 729 1035 770 universas:

207 787 385 838 insuper
405 791 448 827 et
467 787 629 838 pecora
649 786 803 839 campi.

260 842 476 883 Volucres
495 841 607 891 coeli,
628 846 671 883 et
689 843 834 894 pisces
854 842 997 891 maris⁷
1012 843 1035 867 *

210 898 283 950 qui
301 898 608 951 perambulant
627 899 804 940 semitas
823 899 967 939 maris.

260 955 447 996 Domine
463 955 677 996 Dominus
695 958 889 1005 noster‚*
905 968 1035 1007 quam

208 1010 463 1053 admirabile
482 1017 548 1053 est
562 1025 720 1054 nomen
738 1017 862 1054 tuum
882 1013 926 1053 in
945 1012 1034 1053 uni-

209 1069 334 1109 versa
352 1068 483 1109 terra!

318 1149 400 1187 l'w
433 1147 627 1199 pluribus
658 1147 931 1198 Murtyribus.

482 1218 676 1257 l'sdmus
709 1219 763 1257 14.

212 1272 484 1326 '‘rz>;;‚.*³÷0'1ni11e
519 1272 616 1324 quis
648 1272 866 1314 habitabit
899 1274 942 1314 in
974 1279 1035 1315 ta-

217 1327 307 1391 fffij‘*
357 1328 595 1370 bernaculo
629 1328 730 1371 tuo?
767 1330 790 1355 *
827 1335 903 1372 aut
938 1331 1036 1383 quis

218 1377 331 1411 ——2
353 1385 601 1437 requiescet
629 1387 673 1427 in
701 1391 851 1428 monte
881 1392 1034 1429 sancto

206 1440 309 1483 tuo?

259 1498 344 1548 Qui
362 1499 604 1550 ingreditur
630 1500 723 1542 sine
742 1501 973 1551 macula,*
993 1506 1037 1543 01

207 1557 416 1607 operatur
435 1556 659 1608 justitiam:

259 1612 342 1662 Qui
366 1612 561 1665 loquitur
580 1614 814 1655 veritatem
837 1614 881 1655 in
901 1615 1035 1656 corde

207 1681 305 1717 suo,
325 1669 348 1694 *
370 1669 443 1721 qui
474 1682 561 1710 non
591 1670 679 1722 egit
709 1670 859 1712 dolum
888 1672 930 1712 in
959 1671 1035 1712 lin-

206 1738 292 1775 gua
312 1738 404 1766 sua:

258 1781 353 1823 Nec
373 1782 476 1823 fecit
496 1783 698 1834 preximo
720 1797 800 1825 suo
821 1784 994 1834 malum,
1013 1786 1036 1812 *

209 1843 252 1880 et
273 1838 562 1892 opprobrium
581 1853 669 1881 non
693 1842 865 1894 accepit
885 1841 1035 1883 adver-

208 1908 282 1936 sus
301 1895 528 1948 preximos
548 1909 662 1938 suos.

260 1952 332 1993 Ad
352 1951 532 1993 nihilum
552 1953 769 1996 deductus
791 1960 857 1996 est
878 1955 921 1995 in
936 1969 1035 1997 0011-

209 2010 374 2061 spectu·
398 2009 488 2060 ejus
520 2010 754 2062 malignus:
781 2013 804 2038 *
832 2012 1036 2055 timentes

209 2070 355 2107 autem
374 2066 614 2107 Dominum
632 2067 865 2117 glorificat:

262 2122 346 2172 Qui
372 2123 485 2175 jurat
512 2123 716 2192 proximo
746 2137 844 2175 suo,
877 2131 921 2167 et
949 2139 1037 2168 non

211 2178 387 2231 decipit,
406 2180 430 2206 *
451 2180 525 2249 qui
548 2181 780 2251 pecuniam
805 2195 928 2223 suam
949 2196 1036 2225 non

211 2234 332 2277 dedit
352 2235 407 2278 ad
427 2239 616 2287 usuram,
639 2242 683 2279 et
702 2241 884 2280 munera
905 2253 1036 2292 super

211 2291 485 2334 innocentem
503 2306 591 2335 non
610 2295 795 2347 accepit:

263 2349 346 2398 Qui
371 2349 475 2391 facit
500 2349 613 2400 haec,
633 2352 656 2377 *
676 2364 763 2393 non
789 2353 1037 2395 movebitur

212 2403 254 2444 in
274 2407 496 2447 aeternum.

489 2477 684 2517 l'sulmus
706 2478 762 2516 15.

216 2530 469 2636 Conserva
494 2550 564 2579 me
592 2538 795 2588 Domine,
833 2541 1037 2591 quoniam

306 2593 476 2643 speravi
505 2594 547 2633 in
574 2599 629 2636 te.
655 2595 678 2620 *
702 2595 805 2636 Dixi
832 2596 1038 2637 Demino:

214 2646 334 2687 Deus
358 2661 480 2689 meus
505 2662 550 2690 es
573 2656 636 2700 tu,
671 2652 876 2704 quoniam
903 2652 1037 2694 bono-

213 2715 309 2743 rum
328 2706 524 2746 meorum
542 2719 629 2748 non
649 2720 762 2758 eges

1138 272 1324 322 Sanctis,
1350 272 1422 324 qui
1443 277 1543 314 sunt
1565 273 1608 313 in
1626 277 1743 314 terra
1762 273 1868 325 ejus,
1891 274 1915 298 *

1086 329 1334 370 mirificavit
1357 341 1510 371 omnes
1529 329 1777 371 voluntates
1795 342 1916 372 meas

1086 387 1129 427 in
1150 386 1222 427 eis.

1137 442 1438 495 Multiplicatae
1489 447 1589 485 sunt
1641 443 1916 485 infirmitates

1086 502 1254 542 cerum:
1273 501 1296 525 *
1315 501 1473 552 pestea
1491 499 1856 542 acceleraverunt.

1137 557 1239 598 Non
1285 555 1565 607 congregabo
1614 556 1917 599 conventicula

1087 616 1240 656 eorum
1265 613 1320 655 de
1350 612 1648 664 sanguinibus,
1671 614 1695 640 *
1719 627 1801 656 nec
1830 627 1916 656 me-

1086 683 1183 712 mor
1216 683 1292 712 ero
1321 670 1546 711 neminum
1571 672 1724 712 eerum
1751 683 1831 724 per
1858 670 1917 712 la-

1086 727 1159 769 bia
1177 740 1286 769 mea.

1139 784 1356 825 Dominus
1379 796 1482 836 pars
1506 783 1778 826 haereditatis
1795 797 1918 834 meae,

1087 846 1131 883 et
1151 840 1299 883 calicis
1317 841 1417 882 mei:
1436 841 1460 866 *
1478 844 1527 882 tu
1547 853 1605 890 es,
1626 840 1700 893 qui
1715 843 1919 883 restitues

1087 896 1394 940 haereditatem
1411 910 1555 938 meam
1574 896 1689 938 mihi.

1139 955 1285 996 Funes
1300 953 1552 996 ceciderunt
1566 953 1672 995 mihi
1685 954 1728 995 in
1738 953 1919 1007 praecla-

1087 1012 1161 1053 ris:
1186 1012 1209 1037 *
1235 1011 1396 1053 etenim
1425 1010 1662 1053 haereditas
1686 1023 1784 1052 mea
1807 1024 1918 1064 prae-

1088 1069 1206 1110 clara
1226 1073 1293 1110 est
1311 1068 1426 1109 mihi.

1139 1125 1407 1167 Benedicam
1442 1124 1700 1175 Dominum,
1738 1124 1812 1177 qui
1847 1126 1919 1166 tri-

1086 1182 1181 1225 buit
1199 1182 1305 1224 mihi
1328 1182 1612 1224 intellectum:
1631 1182 1654 1207 *
1673 1183 1852 1235 insuper
1877 1185 1920 1223 et

1087 1252 1227 1292 usque
1247 1238 1303 1281 ad
1321 1244 1498 1281 noctem
1519 1238 1831 1291 increpuerunt
1848 1251 1919 1279 me

1087 1309 1214 1338 renes
1233 1296 1330 1338 mei.

1138 1351 1433 1394 Providebam
1464 1351 1703 1393 Dominum
1739 1351 1783 1392 in
1819 1364 1918 1393 con-

1087 1411 1242 1463 spectu
1269 1421 1368 1451 meo
1397 1421 1586 1462 semper:
1610 1409 1633 1434 *
1659 1408 1867 1461 queniam
1894 1420 1920 1449 a

1088 1466 1255 1508 dextris
1274 1471 1342 1508 est
1361 1465 1477 1515 mihi,
1495 1478 1551 1507 ne
1570 1466 1862 1507 commevear.

1138 1524 1328 1576 Propter
1368 1522 1454 1564 hoc
1494 1521 1692 1564 laetatum
1733 1526 1801 1563 est
1842 1534 1920 1564 cor

1086 1594 1248 1630 meum,
1288 1585 1331 1622 et
1363 1579 1598 1621 exsultavit
1628 1578 1776 1629 lingua
1806 1591 1920 1620 mea:

1086 1638 1109 1663 *
1138 1639 1316 1689 insuper
1345 1642 1389 1678 et
1417 1648 1520 1678 caro
1548 1648 1646 1677 mea
1673 1635 1920 1688 requiescet

1086 1694 1129 1734 in
1149 1707 1238 1747 spe.

1139 1750 1355 1801 Quoniam
1391 1762 1480 1791 non
1517 1748 1794 1802 derelinques
1831 1749 1918 1790 ani-

1087 1821 1203 1849 mam
1231 1820 1375 1849 meam
1402 1807 1446 1848 in
1472 1806 1658 1848 inferno:
1685 1806 1708 1831 *
1734 1818 1816 1847 nec
1845 1805 1917 1848 da-

1087 1864 1154 1906 bis
1191 1869 1391 1906 sanctum
1427 1868 1550 1905 tuum
1586 1862 1736 1904 videre
1770 1875 1917 1904 corru-

1087 1922 1294 1974 ptienem.

1138 1979 1280 2020 Notas
1303 1977 1409 2019 mihi
1431 1977 1573 2019 fecisti
1591 1977 1684 2018 vias
1703 1976 1821 2027 vitae,
1845 1975 1918 2018 ad-

1087 2034 1291 2088 implebis
1308 2047 1380 2076 me
1399 2034 1551 2076 laetitia
1570 2046 1670 2075 cum
1683 2033 1808 2075 vultu
1826 2037 1919 2075 tuo:

1087 2093 1110 2118 *
1136 2092 1453 2134 delectationes
1476 2091 1519 2132 in
1545 2090 1727 2132 dextera
1751 2095 1827 2132 tua
1850 2103 1918 2131 us-

1089 2162 1174 2202 que
1193 2150 1236 2190 in
1256 2149 1399 2190 finem.

1364 2202 1562 2243 Psalmus
1590 2204 1654 2243 23.

1180 2258 1314 2299 omini
1347 2261 1414 2299 est
1440 2261 1576 2306 terra,
1613 2260 1657 2298 et
1690 2254 1918 2309 plenitudo

1193 2314 1299 2366 ejus:
1317 2314 1341 2340 *
1359 2313 1479 2355 orbis
1503 2315 1737 2361 terrarum,
1764 2317 1808 2354 et
1829 2311 1918 2353 uni-

1088 2371 1204 2414 versi
1226 2370 1299 2422 qui
1319 2369 1518 2412 habitant
1537 2370 1581 2410 in
1603 2381 1668 2411 eo.

1141 2428 1254 2478 Quia
1279 2427 1375 2479 ipse
1403 2439 1535 2479 super
1559 2425 1697 2466 maria
1720 2423 1919 2465 fundavit

1090 2498 1204 2526 eum:
1235 2484 1259 2510 *
1293 2489 1336 2524 01
1373 2495 1506 2535 super
1539 2481 1718 2523 flumina
1750 2492 1920 2533 praepa-

1089 2541 1202 2582 ravit
1222 2553 1331 2582 eum.

1142 2597 1250 2647 Quis
1285 2595 1494 2637 ascendet
1529 2595 1572 2635 in
1605 2599 1800 2635 montem
1831 2594 1919 2634 Do-

1089 2653 1216 2695 mini?
1249 2654 1273 2679 *
1306 2658 1381 2694 aut
1425 2652 1522 2704 quis
1563 2650 1697 2693 stabit
1732 2651 1775 2691 in
1818 2650 1919 2692 loco

1090 2715 1241 2752 sancto
1262 2707 1374 2762 ejus?
