2066 2956
199 187 295 232 [298]

199 296 307 332 eum,
330 287 350 309 ¹·
368 283 424 324 Et
443 282 497 324 ad
498 288 667 379 portas
686 282 878 336 paradisi
897 295 1018 324 coro-

198 339 316 380 navit
343 352 451 380 eum.
498 341 518 386 ,
574 338 719 380 Induit
746 351 845 380 eum
872 339 1018 380 Demi-

198 408 277 436 nus
296 395 475 436 loricam
500 372 618 444 fidei,
647 401 689 436 et
716 396 885 437 ornavit
910 408 1019 437 eum.

198 451 253 493 Et
271 450 327 493 ad
346 458 506 504 portas.

496 509 645 549 Lectio
668 509 717 548 vi.

199 560 347 667 Cum
379 568 525 605 autem
557 568 683 605 sexta
714 576 886 616 quaque
915 564 1019 605 feria

296 620 338 660 in
353 620 505 662 urbem
524 618 581 661 ad
597 620 827 671 imaginem
844 620 1019 661 Crucifi-

197 677 258 726 xi,
286 689 384 729 quae
410 689 577 717 summa
599 676 807 727 religione
830 676 1019 718 celebra-

197 739 267 775 tur
283 733 400 785 apud
414 732 608 782 Netinos,
629 731 898 774 adorandam
912 733 1020 774 mira

197 790 361 842 pietate
377 789 619 839 ventitaret,
638 789 826 842 improbi
844 789 1019 841 quidam

197 846 396 887 irriseres
415 858 494 898 per
514 858 608 887 eam
628 846 903 887 occasionem
924 846 1018 887 reli-

196 902 487 952 giosissimum
528 902 666 943 virum
707 902 833 943 ludos
875 902 1019 944 facere

198 958 436 999 voluerunt.
485 959 638 1010 Itaque
670 971 749 1011 per
783 958 1018 1000 simulatio-

196 1027 295 1056 nem
313 1014 369 1056 ad
387 1014 619 1067 prandium
638 1015 822 1067 piscium
836 1015 1018 1057 invitato

197 1083 371 1112 carnem
423 1070 593 1111 suillam
642 1073 885 1124 apponunt,
938 1085 1019 1113 nec

197 1127 313 1169 aliud
339 1127 422 1179 ipsi
444 1126 718 1169 manducant.
753 1127 862 1170 Inde
884 1127 1019 1169 homi-

196 1183 262 1224 nis
302 1183 629 1236 improbitatem
670 1184 904 1235 exagitare,
950 1185 1020 1227 vel

197 1240 518 1292 simplicitatem
544 1240 745 1282 cavillari.
779 1241 922 1292 Negat
947 1241 1019 1283 ille

198 1308 245 1337 se
275 1295 510 1348 quidquam
544 1299 743 1347 gustasse
769 1302 931 1350 praeter
958 1298 1019 1350 pi-

198 1365 308 1401 sces3
328 1355 562 1405 statimque
578 1353 735 1405 spinas,
756 1359 799 1395 et
814 1367 1019 1406 squamas

198 1410 342 1450 ameta
372 1408 596 1461 mappula,
632 1422 716 1462 qua
748 1410 1019 1461 tegebantur,

197 1464 402 1514 ostendit,
439 1469 482 1507 et
519 1467 670 1507 eorum
706 1466 1019 1519 impudentiam

198 1521 429 1572 redarguit.
465 1522 576 1563 Item
600 1522 655 1563 ab
680 1523 871 1565 antistite
895 1524 1019 1576 Syra-

199 1580 361 1619 cusano
388 1578 503 1619 fama
526 1579 767 1620 sanctitatis
792 1580 936 1622 excito
960 1581 1019 1623 vi-

199 1634 363 1684 sitatus,
383 1639 426 1676 et
445 1634 498 1676 ab
519 1634 685 1685 eodem,
705 1641 752 1677 ut
771 1648 919 1677 secum
934 1649 1018 1680 coe-

197 1692 335 1740 naret,
358 1690 579 1741 invitatus,
603 1692 802 1744 prutinus
822 1705 845 1734 e
865 1693 1018 1735 cellula

197 1746 419 1798 placentas
444 1749 631 1799 quatuor
656 1748 820 1789 calidas
840 1761 894 1790 ex
912 1751 1017 1791 tem-

197 1815 305 1855 pore
321 1802 526 1844 divinitus
540 1806 715 1856 paratas
730 1805 926 1857 pretulit:
946 1807 1019 1858 qui

197 1860 353 1911 pestea
379 1859 569 1900 vicissim
598 1859 654 1902 ad
681 1861 917 1903 antistitem
944 1863 1018 1914 Sy-

197 1918 375 1956 racusas
399 1916 637 1968 profectus,
665 1917 783 1968 juxta
807 1918 1018 1971 episc6pi-

197 1984 285 2020 um,
317 1971 515 2024 plurimis
543 1973 721 2014 aviculis
750 1974 1018 2016 circumvoli-

198 2027 406 2077 tantibus,
435 2033 479 2069 et
500 2028 637 2081 ipsius
659 2029 894 2072 adventum
915 2044 1019 2083 quo-

199 2083 434 2125 dammodo
457 2084 788 2135 gratulantibus,
818 2087 1018 2129 mirabili-

197 2144 265 2181 ter
284 2142 493 2193 exceptus
515 2146 592 2183 est.
614 2141 697 2182 His
716 2141 898 2194 aliisque
912 2143 1018 2184 mul-

199 2195 254 2236 tis
283 2199 493 2248 spectatae
517 2198 813 2239 sanctimoniae
840 2199 1019 2250 indiciis,
1133 2236 1139 2241 ,

200 2252 377 2304 ejusque
415 2252 619 2305 precibus
656 2254 824 2296 coelesti
860 2255 1019 2297 auxilio
1080 2247 1113 2315 {f
1143 2252 1189 2313 ³13

199 2307 506 2360 laborantibuS‚
526 2323 614 2352 non
635 2310 778 2352 solum
796 2310 1020 2362 indigenis,

200 2376 349 2405 verum
378 2366 508 2406 etiam
536 2366 804 2418 alienigenis,
831 2379 884 2409 eo
910 2381 1019 2420 prae-

202 2420 347 2461 sertim
377 2433 490 2463 anno
518 2435 605 2474 quo
633 2423 836 2474 migravit
863 2423 907 2464 in
935 2437 1020 2465 coe-

201 2475 304 2524 lum,
326 2477 554 2520 millesimo
573 2479 879 2521 trecentesimo
902 2481 1019 2532 quin-

205 2533 454 2582 quagesimo
486 2536 644 2587 primo,
677 2536 915 2589 saepissime
946 2537 1020 2577 im-

201 2590 389 2639 petrato,
439 2593 644 2633 commoti
688 2592 779 2634 Leo
827 2590 1021 2634 decimus

202 2644 402 2686 Pontifex
426 2646 640 2688 Maximus
663 2649 706 2689 in
728 2648 887 2690 Netina
914 2648 1021 2690 urbe

200 2700 403 2753 primum,
423 2701 578 2745 deinde
596 2704 757 2746 Paulus
776 2717 829 2747 eo
848 2705 1021 2747 nomine

523 190 590 223 Dic
616 191 665 223 2⁴¹».
693 190 799 223 l'cbr.
846 192 879 223 5
907 190 1010 232 Mam
1003 191 1122 223 'finite
1148 191 1398 225 Cortonensis
1424 191 1559 225 l‘oenit.

1071 282 1225 324 tertius
1258 282 1360 325 alibi
1393 281 1524 323 etiam
1556 281 1674 323 beati
1705 280 1896 323 Conradi

1072 338 1272 380 festivam
1291 338 1406 381 diem
1425 337 1654 380 undecimo
1673 337 1897 380 Kalendas

1072 395 1215 436 Martii
1243 394 1475 447 quotannis
1503 394 1715 436 celebrari
1742 394 1897 447 permi-

1073 453 1180 492 sere.
1207 451 1311 504 Ejus
1330 464 1491 504 corpus
1510 451 1554 492 in
1572 452 1778 502 argentea
1797 452 1896 492 cen-

1073 506 1212 549 ditum
1230 520 1332 550 area
1349 508 1393 549 in
1415 507 1599 549 ecclesia
1614 507 1754 548 sancti
1767 507 1896 548 Nico-

1072 563 1130 604 lai
1153 563 1272 617 apud
1290 564 1475 606 Netinos
1499 563 1629 606 variis
1655 562 1799 605 adhuc
1822 563 1897 604 mi-

1073 621 1231 662 raculis
1251 621 1461 663 enitescit.

1124 678 1175 729 R.
1201 678 1290 719 Iste
1308 677 1453 719 homo.
1471 677 1555 730 [89]

1124 742 1166 776 ln
1189 742 1251 776 ΙΠ.
1274 743 1471 777 Nocturno
1499 743 1665 778 [Iomilia
1691 744 1727 778 in
1750 745 1894 788 Evang.

1073 792 1172 826 Ecce
1188 801 1260 826 nos
1277 791 1511 835 reliquimus,
1531 791 1577 825 de
1596 792 1739 826 Comm.
1756 793 1894 828 Abbat.

1074 840 1099 873 l.
1117 839 1214 872 loco.
1238 838 1308 882 [97]

1123 891 1253 924 Lectio
1280 891 1327 924 ix.
1355 891 1400 925 de
1432 891 1601 926 Homilia
1632 898 1668 927 et
1699 903 1894 928 commem.

1072 939 1194 973 Feriam:
1220 939 1257 972 in
1284 939 1399 973 Laud.

1273 1042 1356 1084 Die
1374 1043 1440 1083 26.
1459 1041 1695 1084 Februarii.

1130 1111 1172 1152 S.
1197 1110 1490 1161 Margaritae
1516 1110 1835 1153 Cortonensis

1326 1170 1638 1210 Poeuitcntis.

1356 1231 1616 1273 Scmiduplex.

1123 1288 1258 1322 Omnia
1290 1288 1335 1321 de
1367 1287 1568 1321 Communi
1598 1297 1666 1321 nec
1691 1288 1795 1331 Virg.
1826 1298 1895 1322 nec

1071 1336 1177 1370 Mart.
1202 1336 1292 1380 [116]
1321 1340 1460 1378 practer
1485 1344 1590 1377 sequ.

1407 1391 1568 1431 Oratio.

1072 1443 1252 1549 Deus,
1274 1451 1348 1503 qui
1367 1450 1574 1492 famulam
1590 1455 1711 1493 tuam
1729 1450 1895 1503 Marga-

1165 1509 1293 1548 ritam
1313 1507 1368 1549 de
1386 1507 1648 1561 perditiunis
1667 1507 1737 1549 via
1754 1507 1811 1550 ad
1831 1520 1895 1549 sa-

1071 1563 1176 1605 lutis
1203 1564 1426 1606 tramitem
1455 1564 1796 1606 misericorditer
1823 1563 1895 1606 de-

1072 1619 1250 1661 duxisti:
1278 1619 1434 1662 eadem
1460 1620 1588 1662 nobis
1616 1620 1896 1663 miseratione

1071 1675 1280 1726 concede;
1304 1680 1353 1718 ut
1377 1689 1509 1729 quam
1531 1677 1654 1730 prius
1677 1678 1896 1719 errantem

1071 1733 1230 1774 sectari
1249 1745 1337 1774 non
1357 1733 1620 1783 erubuimus,
1638 1746 1743 1775 mox
1757 1733 1895 1786 poeni-

1070 1791 1237 1830 tentem
1271 1789 1456 1842 impigre
1492 1790 1617 1843 sequi
1648 1789 1895 1842 gloriemur.

1069 1845 1154 1886 Per
1172 1845 1420 1887 Dominum.

1124 1902 1169 1936 Et
1192 1903 1231 1936 fit
1257 1913 1451 1937 commem.
1475 1903 1608 1938 Feriae.

1124 1956 1166 1989 In
1192 1956 1218 1990 1.
1244 1956 1439 1991 Nocturno
1467 1955 1668 1993 Lectiones
1698 1959 1895 1994 Mulierem

1071 2006 1217 2041 fortem.
1242 2006 1340 2050 [120]

1303 2077 1352 2115 In
1371 2077 1421 2115 II.
1441 2077 1662 2116 Nocturno.

1374 2142 1524 2182 Lectio
1545 2142 1597 2181 iv.

1217 2203 1433 2252 argarita,
1458 2213 1484 2242 a
1502 2201 1601 2242 loeo
1621 2200 1895 2243 dormitiunis

1217 2255 1225 2310 ᾖ
1248 2257 1532 2299 Cortonensis
1551 2257 1789 2310 appellata,
1814 2257 1894 2299 La—

1096 2321 1107 2329 *
1245 2313 1361 2354 viani
1392 2314 1436 2354 in
1460 2314 1623 2355 Tuscia
1650 2319 1796 2355 ortum
1821 2313 1895 2355 ha-

1071 2370 1177 2411 buit.
1208 2369 1367 2410 Primis
1386 2370 1696 2412 adolescentiae
1713 2383 1805 2412 suae
1824 2383 1895 2412 an-

1071 2426 1138 2467 nis
1166 2425 1318 2467 mundi
1345 2425 1647 2478 voluptatibus
1675 2431 1823 2479 capta,
1850 2427 1894 2468 in

1071 2482 1234 2524 Montis
1253 2481 1458 2523 Politiani
1479 2482 1657 2525 civitate
1674 2495 1832 2524 vanam
1852 2488 1895 2524 et

1072 2538 1284 2580 lubricam
1321 2538 1455 2580 vitam
1491 2538 1630 2589 duxit3
1675 2538 1755 2581 sed
1796 2551 1894 2580 cum

1073 2595 1283 2636 amasium
1307 2593 1364 2636 ab
1389 2593 1589 2636 hostibus
1615 2595 1732 2637 foede
1756 2600 1894 2637 trans-

1073 2646 1239 2692 fossum
1263 2649 1425 2692 indicio
1451 2650 1570 2691 canis
1594 2651 1638 2691 in
1661 2651 1790 2693 fovea
1812 2650 1894 2693 sub

1074 2711 1192 2748 strue
1209 2707 1425 2758 lignorum
1438 2706 1699 2749 tumulatum
1713 2707 1893 2750 fortuito
