2066 2956
641 236 915 270 pretiosissimi
941 237 1147 278 Sanguinis
1175 237 1214 269 1).
1242 236 1283 270 N.
1309 236 1340 269 J.
1368 238 1406 269 (ἶ.

217 324 344 366 Multi
363 323 513 366 dicunt
532 323 688 364 animae
702 336 828 364 meae:
846 324 870 351 *
885 323 988 365 Non

167 386 234 422 est
253 379 370 422 salus
387 380 472 433 ipsi
489 379 534 420 in
551 379 648 420 Deo
669 380 770 431 ejus.

217 437 286 478 Tu
333 440 480 477 autem
524 436 713 477 Domine
758 437 988 488 susceptor

167 506 291 534 meus
311 505 373 542 es,
392 492 416 518 *
434 492 572 543 gloria
591 504 705 542 mea,
728 497 772 534 et
791 491 987 533 exaltans

168 554 300 602 caput
318 561 474 593 meum.

217 605 342 648 Voce
366 617 464 646 mea
488 604 545 646 ad
569 605 805 646 Dominum
834 604 988 646 clama-

166 662 230 703 vi:
259 662 283 687 *
316 666 360 703 et
391 661 613 703 exaudivit
648 674 718 703 me
748 661 804 703 de
840 665 989 702 monte

166 723 318 760 sancto
346 730 436 759 suo.

216 775 312 826 Ego
329 774 524 824 dormivi,
537 779 580 816 et
595 776 828 826 soporatus
843 786 952 814 sum:
965 774 989 800 *

168 836 212 873 et
227 831 462 882 exsurrexi,
478 831 580 883 quia
595 831 688 872 D1‘1s
703 830 896 882 suscepit
910 842 989 871 me.

217 887 319 929 Non
356 887 522 930 timebo
553 887 689 928 millia
724 886 878 940 populi
912 886 990 927 cir-

167 943 412 986 cumdantis
437 957 520 986 me:
539 946 563 971 *
583 946 768 994 exsurge
791 943 989 992 Domine,

167 1000 336 1042 salvum
356 1013 427 1042 me
447 1000 515 1042 fac
536 1001 657 1041 Deus
675 1012 810 1041 meus.

219 1057 436 1107 Quoniam
468 1062 516 1099 tu
552 1056 808 1109 percussisti
839 1067 990 1096 omnes

167 1112 451 1154 adversantes
470 1112 576 1154 mihi
592 1113 684 1154 sine
699 1125 843 1153 causa:
853 1113 877 1139 *
889 1111 988 1153 den-

166 1174 235 1211 tes
253 1171 538 1222 peccatorum
557 1168 814 1210 contrivisti.

218 1226 397 1267 Domini
417 1230 483 1267 est
508 1225 640 1266 salus:
657 1226 681 1252 *
701 1229 745 1266 et
764 1237 896 1277 super
914 1225 990 1276 po-

167 1282 319 1335 pulum
337 1286 461 1323 tuum
477 1281 727 1324 benedictio
746 1286 832 1322 tua.

223 1341 322 1380 Ant.
352 1340 508 1380 Factus
527 1338 571 1378 in
590 1340 759 1388 agonia,
778 1336 991 1389 prolixius

167 1394 333 1445 orabat,
354 1400 397 1437 et
415 1395 555 1436 factus
576 1399 643 1436 est
657 1394 792 1435 sudor
807 1394 898 1445 ejus
913 1393 991 1434 sic-

167 1456 215 1494 ut
241 1456 376 1503 guttae
404 1451 625 1503 sanguinis
653 1449 922 1492 decurrentis
948 1449 992 1489 in

166 1513 338 1550 terram.

223 1568 321 1609 Ant.
365 1563 515 1614 JudaS,
555 1563 629 1616 qui
666 1576 766 1604 eum
801 1562 993 1613 tradidit,

167 1620 425 1673 poenitentia
448 1619 620 1670 ductus,
648 1619 794 1662 retulit
818 1620 994 1671 triginta

168 1678 410 1728 argenteos,
426 1675 588 1719 dicens:
604 1676 801 1727 Peccavi,
815 1676 993 1718 tradens

169 1733 424 1784 sanguinem
442 1734 611 1785 justum.

447 1791 642 1831 Psalmus
663 1791 719 1830 15.

172 1842 432 1951 Conserva
450 1859 520 1888 me
549 1846 752 1895 Domine,
789 1846 994 1898 quoniam

262 1903 436 1956 speravi
462 1903 506 1943 in
533 1907 588 1944 te.
613 1903 636 1928 *
659 1902 763 1943 Dixi
789 1902 995 1943 Domino:

170 1959 291 2001 Deus
315 1971 439 2001 meus
463 1972 510 2001 es
532 1963 596 2009 tu,
630 1958 835 2011 quoniam
858 1958 994 2000 bono-

172 2028 268 2056 rum
285 2017 483 2057 meorum
501 2027 589 2056 non
609 2027 721 2066 eges.

223 2071 408 2121 Sanctis,
433 2071 507 2124 qui
525 2075 625 2112 sunt
646 2071 690 2111 in
708 2075 824 2112 terra
843 2071 948 2122 ejus,
971 2070 995 2096 *

171 2127 418 2169 mirificavit
441 2140 592 2169 omnes
611 2127 857 2168 voluntates
875 2139 995 2168 meas

172 2198 216 2226 1n
235 2196 308 2226 e1s.

223 2240 522 2293 Multiplicatae
572 2244 672 2281 sunt
723 2239 996 2280 infirmitates

172 2299 339 2340 eorum:
357 2297 381 2323 *
399 2298 555 2349 postea
574 2295 935 2338 acceleraverunt.

222 2354 324 2395 Non
369 2352 647 2404 congregabo
696 2350 995 2394 conventicula

173 2413 324 2453 eorum
349 2410 404 2452 de
433 2409 728 2460 sanguinibus,
752 2409 775 2435 *
800 2421 880 2450 nec
910 2421 994 2450 me-

171 2480 268 2508 mor
301 2479 376 2509 ero
404 2466 627 2508 nominum
652 2468 803 2508 eorum
830 2477 910 2517 per
936 2464 994 2505 la-

171 2522 244 2565 bia
261 2536 370 2565 mea.

223 2580 438 2621 Dominus
461 2591 564 2632 pars
587 2577 856 2620 haereditatis
874 2589 996 2627 meae,

173 2639 218 2677 et
236 2635 383 2677 calicis
401 2636 500 2678 mei:
519 2635 542 2661 *
560 2640 608 2677 tu
628 2647 686 2684 eS,
706 2634 779 2686 qui
793 2635 996 2675 restitues

173 2691 476 2734 haereditatem
493 2704 636 2733 meam
654 2690 768 2732 mihi.

222 2748 366 2790 Funes
381 2748 630 2790 ceciderunt
643 2747 747 2788 mihi
761 2747 804 2787 in
814 2745 992 2798 praecla-

1773 223 1863 269 [323]

1040 323 1114 364 ris:
1137 323 1160 349 *
1186 322 1345 364 etenim
1374 321 1608 362 haereditas
1632 333 1730 362 mea
1753 333 1862 373 prae-

1041 379 1158 421 clara
1178 384 1244 420 est
1261 378 1376 419 mihi.

1091 435 1356 477 Benedicam
1391 434 1646 483 Dominum,
1685 433 1758 485 qui
1792 434 1863 473 tri-

1039 492 1134 534 buit
1152 491 1256 532 mihi
1278 491 1559 532 intellectum:
1578 490 1601 515 *
1620 492 1797 541 insuper
1822 493 1865 530 et

1041 561 1180 601 usque
1199 547 1255 589 ad
1273 552 1447 589 noctem
1469 547 1777 598 increpuerunt
1794 557 1865 586 me

1041 617 1168 647 renes
1186 605 1282 645 mei.

1092 659 1384 702 Providebam
1415 659 1652 699 Dominum
1687 658 1730 698 in
1766 669 1864 698 con-

1042 719 1195 770 spectu
1221 729 1320 758 meo
1348 727 1535 768 semper:
1558 715 1582 740 *
1608 714 1813 766 queniam
1841 726 1866 754 a

1043 773 1208 815 dextris
1228 778 1294 814 est
1313 772 1428 822 mihi,
1446 784 1501 813 ne
1520 772 1809 812 commovear.

1093 830 1281 882 Propter
1320 829 1405 870 hoc
1445 828 1641 869 laetatum
1682 831 1748 868 est
1789 839 1866 868 cor

1042 899 1202 935 meum,
1241 890 1284 927 et
1316 884 1548 927 exsultavit
1579 883 1725 934 lingua
1754 896 1866 924 mea:

1042 944 1066 969 *
1093 945 1270 995 insuper
1298 947 1341 983 et
1370 954 1471 983 caro
1499 953 1596 982 mea
1623 939 1867 992 requiescet

1042 1000 1086 1040 in
1105 1012 1194 1051 spe.

1096 1055 1310 1106 Quoniam
1345 1067 1433 1095 non
1470 1053 1745 1105 derelinques
1782 1052 1867 1092 ani-

1043 1125 1159 1153 mam
1186 1124 1329 1153 meam
1356 1111 1399 1151 in
1426 1110 1609 1151 inferno:
1636 1110 1659 1135 *
1686 1121 1767 1150 nec
1796 1107 1866 1149 da-

1043 1169 1111 1211 bis
1148 1172 1346 1209 sanctum
1382 1172 1505 1208 tuum
1539 1165 1688 1207 videre
1722 1177 1867 1206 corru-

1043 1225 1249 1278 ptionem.

1095 1281 1236 1322 Notas
1259 1280 1363 1321 mihi
1386 1279 1526 1321 fecisti
1545 1279 1637 1320 vias
1656 1278 1772 1328 vitae,
1796 1277 1868 1319 ad-

1045 1337 1246 1390 implebis
1265 1349 1335 1377 me
1354 1336 1504 1377 laetitia
1524 1348 1622 1376 cum
1636 1334 1759 1376 vultu
1777 1339 1869 1376 tuo:

1044 1395 1068 1420 ¹⁸¹
1093 1394 1407 1435 delectationes
1431 1393 1474 1432 in
1499 1391 1679 1433 dextera
1703 1396 1778 1432 tua
1802 1404 1868 1431 us-

1048 1463 1132 1503 que
1150 1451 1194 1491 in
1212 1450 1354 1491 finem.

1103 1523 1198 1562 Ant.
1240 1518 1391 1568 Judas,
1433 1517 1506 1570 qui
1543 1529 1642 1558 eum
1677 1515 1869 1566 tradidit,

1044 1575 1301 1629 poenitentia
1327 1575 1499 1623 duetus,
1526 1572 1673 1626 retulit
1692 1573 1870 1623 triginta

1046 1634 1287 1683 argenteos,
1303 1631 1466 1672 dicens:
1484 1629 1678 1679 Peccavi,
1693 1628 1869 1670 tradens

1046 1689 1300 1740 sanguinem
1318 1689 1487 1740 justum.

1100 1746 1149 1798 V.
1166 1749 1409 1791 Redemisti
1427 1761 1507 1790 nos
1526 1747 1723 1789 Domine.
1751 1748 1800 1799 R.
1818 1747 1870 1787 In

1047 1806 1254 1858 sanguine
1273 1811 1361 1848 tuo.

1047 1892 1115 1932 De
1141 1889 1341 1943 Epistola
1371 1888 1490 1931 beati
1516 1887 1639 1928 Pauli
1666 1886 1870 1940 Apostoli

1307 1944 1364 1987 ad
1387 1944 1614 1986 Hebraeos.

1155 2005 1305 2045 Lectio
1327 2005 1350 2044 i.
1562 2004 1665 2055 Cap.
1680 2006 1716 2044 9.
1733 2018 1765 2044 c.

1138 2076 1152 2115 ,ζ’
1165 2066 1329 2108 hristus
1355 2068 1563 2108 assistens
1587 2063 1784 2117 pontifex
1809 2063 1869 2104 fu-

1061 2110 1159 2181 (Ὼῖ
1182 2125 1381 2166 turorum
1407 2122 1641 2171 bonorum,
1672 2132 1752 2172 per
1784 2121 1869 2161 am-

1056 2175 1152 2204 '³³²2‘
1182 2180 1296 2233 plius
1328 2183 1371 2221 et
1402 2178 1638 2232 perfectius
1671 2176 1868 2218 taberna-

1050 2236 1195 2278 culum
1228 2249 1317 2278 non
1352 2235 1662 2283 manufactum,
1705 2232 1751 2274 id
1787 2236 1870 2282 est,

1048 2306 1136 2335 non
1173 2293 1298 2346 hujus
1335 2291 1580 2341 creationis;
1615 2302 1756 2342 neque
1791 2301 1872 2341 per

1048 2350 1301 2401 sanguinem
1334 2348 1570 2397 hircorum,
1611 2351 1686 2387 aut
1717 2344 1870 2387 vitulo-

1048 2419 1154 2456 rum,
1176 2405 1256 2447 sed
1274 2417 1354 2458 per
1372 2403 1599 2457 proprium
1618 2401 1871 2453 sanguinem

1047 2463 1243 2504 introivit
1270 2461 1405 2503 semel
1432 2460 1475 2501 in
1502 2460 1678 2509 Sancta,
1707 2460 1871 2500 aetema

1047 2518 1350 2571 redemptione
1367 2518 1552 2558 inventa.
1579 2516 1624 2558 Si
1643 2515 1756 2557 enim
1777 2527 1870 2556 san·

1047 2575 1142 2627 guis
1162 2575 1397 2623 hircorum,
1423 2578 1467 2615 et
1485 2574 1726 2621 taurorum,
1753 2576 1797 2613 et
1815 2572 1869 2613 ci—

1047 2631 1115 2673 nis
1129 2631 1275 2673 vitulae
1293 2631 1497 2682 aspersus
1510 2628 1761 2681 inquinatos
1775 2640 1869 2669 san-

1048 2688 1211 2730 ctificat
1243 2686 1299 2728 ad
1334 2685 1687 2728 emundationem
1715 2685 1870 2726 carnis:

1049 2750 1211 2798 quanto
1235 2743 1373 2794 magis
1397 2741 1570 2793 sanguis
1592 2741 1769 2791 Christi,
1795 2740 1868 2792 qui
