2028 2892
579 166 648 199 Dic
674 168 703 198 (3.
730 165 835 199 Febr.
883 167 917 198 S.
942 165 1018 198 Titi
1045 166 1170 207 Epist:
1197 172 1231 199 ct
1257 166 1363 199 (Imus.

993 258 1168 300 ronavit
1196 271 1306 299 eum.
1348 256 1397 306 Y.
1421 258 1569 301 Induit
1603 272 1702 300 eum
1729 259 1816 300 Βό-

993 315 1135 356 minus
1175 315 1358 356 loricam
1395 315 1516 365 fidei,
1560 321 1603 357 et
1645 316 1818 357 ornavit

994 384 1103 412 eum.
1146 372 1212 412 Et.

122 260 256 309 mino,
292 263 335 301 et
360 258 556 311 sepultus
583 263 650 300 est
672 259 715 299 in
742 258 941 308 ecclesia,

122 315 196 357 ubi
227 315 281 357 ab
315 314 532 368 Ap6stolo
570 315 765 357 minister
802 315 944 357 fuerat

122 372 393 414 constitutus.
421 372 558 422 Hujus
575 384 734 413 nomen
751 385 775 412 a
791 376 942 413 sancto

121 429 145 468 J
148 430 288 470 oanne
314 427 646 480 Chrysdstomm
674 432 717 469 et
742 441 767 469 a
791 434 942 469 sancto

120 484 389 537 Hiercnymo
418 486 641 537 praecipue
668 484 942 526 commenda-

121 546 224 590 tum,
240 540 554 592 Martyrolcgio
570 542 770 583 Romano
788 541 942 583 eadem

121 595 190 638 die
214 597 469 649 inscriptum
493 597 662 648 legitur3
685 610 838 639 verum
859 611 940 650 pro

121 653 210 704 ejus
230 651 300 694 die
320 652 432 694 festo
453 666 550 694 cum
570 653 725 695 Officio
746 659 789 695 et
807 655 942 695 Missa

119 709 163 749 in
204 708 419 750 cathdlico
463 709 570 752 orbe
611 710 845 752 recolendo
887 710 941 752 ab

120 767 307 816 utroque
337 764 470 814 clero,
500 766 687 818 primam
716 767 941 819 insequen-

119 826 208 862 tem
233 820 347 862 diem
372 821 552 863 liberam
576 823 777 864 Summus
796 824 941 865 Pcnti-

121 877 191 918 fex
210 878 312 918 Pius
331 890 471 919 nonus
491 879 738 930 assignavit.

172 939 222 989 Κ.
247 934 336 975 Iste
357 939 423 975 est
443 935 527 986 qui.
547 935 621 987 [71]

342 1018 390 1056 In
410 1018 479 1056 III.
500 1017 720 1055 Nocturno.

130 1078 282 1120 Lectio
303 1080 441 1120 sancti
459 1078 683 1129 Evangelii
701 1078 941 1120 secundum

441 1136 617 1176 Lucam.

221 1196 370 1238 Lectio
394 1198 457 1237 vii.
655 1199 756 1249 Cap.
775 1200 837 1238 li).

164 1264 193 1291 n
223 1251 298 1292 illo
328 1253 540 1304 tempore:
572 1252 830 1304 Designavit
853 1254 940 1294 Dc-

177 1307 318 1348 minus
339 1311 382 1349 et
397 1307 506 1349 alios
522 1311 798 1361 septuaginta
814 1309 940 1351 duos:

119 1367 162 1404 et
180 1364 297 1405 misit
314 1363 415 1405 illos
432 1364 559 1405 binos
579 1370 679 1406 ante
698 1365 854 1407 faciem
874 1379 939 1407 su-

118 1430 203 1468 am,
227 1419 271 1460 in
291 1432 463 1461 omnem
483 1421 704 1462 civitatem
724 1427 766 1463 et
784 1421 940 1472 locum,

119 1487 206 1527 quo
226 1481 319 1517 erat
337 1475 431 1528 ipse
446 1480 664 1518 venturus.
691 1477 748 1519 Et
763 1478 939 1530 reliqua.

165 1544 352 1586 Homilia
371 1545 508 1586 sancti
528 1545 730 1597 Gregorii
748 1546 892 1598 Papae.

264 1606 431 1640 Homilia
452 1607 497 1640 17.
519 1608 553 1640 in
573 1607 791 1649 Evangelia.

223 1661 416 1702 dminus
458 1666 501 1703 et
537 1662 738 1705 Salvator
774 1669 938 1714 noster,

157 1716 206 1771 as]
235 1744 239 1774 3
262 1717 418 1765 fratres
447 1719 676 1769 carissimi,
705 1720 937 1772 aliquando

227 1776 240 1797 ⁵¹³
263 1786 343 1815 nos
375 1774 665 1825 sermonibus,
702 1776 937 1829 aliquando

116 1842 221 1871 vero
253 1829 457 1883 operibus
490 1831 707 1873 admonet.
748 1833 850 1885 Ipsa
880 1836 938 1875 et-

116 1886 231 1927 enim
270 1886 384 1928 facta
429 1888 518 1938 ejus
560 1891 784 1941 praecepta
825 1895 939 1931 sunt:

117 1942 217 1994 quia
262 1942 366 1984 dum
409 1943 574 1995 aliquid
619 1945 778 1986 tacitus
821 1946 938 1996 facit,

118 1997 222 2050 quid
258 2001 387 2049 agere
425 1999 661 2042 debeamus
697 2001 938 2044 innotescit.

115 2054 230 2096 Ecce
269 2055 380 2096 enim
418 2055 544 2097 binos
584 2056 627 2097 in
663 2057 937 2109 praedieatio-

115 2123 214 2152 nem
246 2110 484 2163 discipulos
516 2112 661 2154 mittit:
709 2114 810 2165 quia
850 2114 936 2156 duo

116 2172 215 2208 sunt
238 2169 464 2219 praecepta
483 2168 692 2219 caritatis,
721 2170 804 2211 Dei
823 2170 937 2212 vide-

114 2222 216 2264 licet
247 2236 383 2272 amor,
417 2229 460 2265 et
486 2225 688 2276 prcximi:
721 2231 764 2267 et
795 2226 937 2268 minus

117 2291 246 2331 quam
277 2279 389 2321 inter
426 2279 552 2329 duos,
595 2282 752 2323 caritas
789 2282 939 2324 haberi

115 2348 202 2376 non
233 2341 391 2388 potest.
443 2336 584 2378 Nemo
618 2338 731 2378 enirn
761 2339 938 2391 prcprie

116 2391 172 2432 ad
208 2394 489 2444 semetipsum
519 2393 679 2435 habere
713 2395 938 2436 caritatem

116 2446 286 2489 dicitur:
306 2447 384 2489 sed
401 2447 576 2491 dilectio
592 2449 635 2490 in
650 2450 833 2492 alterum
848 2456 936 2492 ten-

116 2502 189 2552 dit,
207 2509 255 2545 ut
274 2504 433 2545 caritas
453 2518 549 2546 esse
570 2507 723 2558 possit.

169 2562 216 2611 lx'g.
264 2560 443 2602 Amavit
485 2574 584 2602 eum
620 2562 854 2611 D6minus,
896 2567 938 2604 et

116 2616 286 2657 ornavit
307 2629 421 2658 eum:
449 2617 607 2658 stolam
624 2618 777 2669 gloriae
796 2617 938 2660 induit

117 2682 230 2720 eum,
252 2672 272 2694 *
300 2672 357 2713 Et
384 2672 441 2714 ad
466 2678 618 2726 portas
645 2673 839 2727 paradisi
867 2686 935 2715 co-

1284 447 1431 486 Lectio
1455 448 1536 485 viii.

1075 523 1150 552 cce
1184 510 1298 552 enim
1330 509 1456 552 binos
1492 511 1548 552 ad
1578 510 1817 564 praedican-

1097 567 1200 609 dum
1222 566 1460 619 discipulos
1486 567 1697 609 D6minus
1723 570 1816 610 mit-

992 624 1060 665 tit:
1086 626 1299 676 quatenus
1322 623 1406 665 hoc
1430 623 1558 665 nobis
1581 625 1739 666 tacitus
1758 628 1817 665 in-

993 685 1108 729 nuat,
1130 680 1231 732 quia
1251 680 1323 731 qui
1344 680 1570 721 caritatem
1591 693 1693 731 erga
1713 681 1816 722 alte-

994 750 1089 778 rum
1108 749 1195 777 non
1214 736 1362 786 habet,
1382 735 1707 789 praedicaticnis
1728 737 1818 778 offi-

995 793 1109 834 cium
1141 795 1363 845 suscipere
1395 793 1641 834 nullatenus
1675 793 1817 835 debet.

994 850 1112 891 Bene
1132 854 1276 890 autem
1297 848 1463 899 dicitur,
1485 849 1585 901 quia
1603 850 1722 891 misit
1741 863 1817 891 eos

996 911 1095 947 ante
1121 906 1275 947 faciem
1302 919 1424 947 suam
1450 907 1493 946 in
1520 919 1693 948 omnem
1719 907 1818 948 civi·
1864 906 1865 911 ’

993 964 1130 1004 tatem
1149 968 1192 1004 et
1210 962 1364 1012 locum,
1384 975 1471 1014 quo
1491 969 1585 1004 erat
1604 963 1698 1015 ipse
1719 978 1817 1004 ven-

993 1023 1128 1060 turus.
1149 1018 1468 1061 Praedicatcres
1486 1019 1599 1060 enim
1615 1033 1718 1061 suos
1731 1021 1817 1061 Dc-

993 1077 1135 1117 minus
1167 1076 1381 1128 sequitur:
1421 1077 1522 1128 quia
1559 1075 1817 1128 praedicatio

993 1133 1216 1186 praevenit,
1236 1138 1279 1174 et
1294 1138 1397 1174 tunc
1412 1132 1468 1174 ad
1483 1133 1640 1174 mentis
1655 1138 1817 1174 nostrae
1864 1155 1866 1158 >

993 1188 1288 1231 habitaculum
1303 1189 1517 1230 D6minus
1536 1189 1665 1238 venit,
1687 1202 1817 1242 quan-

994 1246 1051 1287 do
1094 1245 1228 1287 verba
1272 1245 1586 1287 exhortaticnis
1628 1249 1817 1298 praecur-

993 1307 1107 1343 runt:
1152 1307 1284 1354 atque
1329 1315 1408 1354 per
1452 1302 1537 1343 hoc
1574 1303 1735 1343 veritas
1774 1303 1817 1342 in
1863 1305 1869 1357 ξ

992 1364 1136 1400 mente
1160 1358 1404 1411 suscipitur.
1864 1371 1869 1400 ἱ

1046 1429 1096 1479 R.
1125 1427 1221 1468 Sint
1251 1427 1388 1468 lumbi
1416 1428 1551 1469 vestri
1576 1428 1816 1480 praecincti,
1862 1430 1868 1449 ⁵

993 1489 1036 1525 et
1070 1484 1260 1525 lucernae
1298 1483 1503 1525 ardentes
1540 1484 1584 1524 in
1615 1484 1816 1525 manibus
1862 1447 1868 1546 1

992 1541 1166 1582 vestris:
1184 1544 1203 1565 *
1218 1541 1275 1582 Et
1290 1553 1368 1582 vos
1388 1540 1550 1582 similes
1566 1539 1815 1581 hominibus
1862 1547 1867 1566 u.

993 1596 1349 1650 exspectantibus
1400 1597 1626 1638 dcminum
1675 1610 1816 1646 suum,
1860 1567 1867 1668 Ε

993 1653 1167 1706 quando
1184 1655 1430 1695 revertatur
1444 1666 1469 1694 a
1482 1653 1658 1705 nuptiis.
1682 1649 1725 1698 ΚΧ
1739 1652 1814 1697 Vi-

991 1710 1124 1762 gilate
1145 1723 1262 1761 ergo,
1283 1710 1385 1762 quia
1406 1710 1584 1751 nescitis
1603 1722 1688 1762 qua
1707 1709 1816 1750 hora

991 1767 1207 1808 Dcminus
1235 1772 1380 1808 vester
1407 1770 1617 1807 venturus
1645 1766 1712 1807 sit.
1748 1766 1815 1807 Et.

996 1823 1146 1865 (ildria
1165 1824 1296 1865 Patri.
1328 1823 1395 1865 Et.

1048 1892 1175 1925 Lectio
1200 1893 1245 1924 ix.
1272 1892 1316 1925 dc
1340 1893 1502 1927 llomilla
1530 1896 1646 1929 Feri&
1671 1908 1811 1930 occurs,

1046 1949 1082 1981 11]
1115 1949 1308 1982 Laudibus
1341 1951 1377 1982 lix
1408 1962 1539 1985 comm.
1570 1953 1686 1986 Furiae
1718 1961 1751 1986 ct
1778 1956 1810 1985 Η,

993 1996 1207 2029 ΠοωῑΙῑυιυ.

1042 2053 1140 2093 Ant.
1188 2053 1334 2094 Simile
1368 2057 1434 2094 est
1471 2065 1652 2104 regnum
1684 2052 1812 2093 coelc-

991 2123 1087 2151 rum
1114 2110 1279 2151 homini
1306 2110 1569 2161 negotiatori
1603 2109 1814 2161 quaerenti

989 2166 1129 2208 bonas
1146 2169 1413 2217 margaritas:
1431 2167 1605 2207 inventa
1619 2177 1705 2205 una
1718 2177 1813 2216 pre-

989 2222 1118 2272 fi6sa,
1147 2222 1269 2264 dedit
1289 2223 1432 2264 &mnia
1451 2235 1545 2271 sua,
1572 2226 1615 2262 et
1640 2233 1812 2272 compa·
1857 2235 1863 2269 fi

991 2279 1104 2320 ravit
1123 2292 1230 2321 eam.
1857 2274 1862 2283 '⁴

1043 2337 1091 2385 V.
1133 2339 1303 2381 Diffusa
1338 2343 1405 2379 est
1435 2338 1574 2388 gratia
1610 2337 1654 2377 in
1685 2336 1811 2378 labiis

990 2395 1086 2436 tuis.
1145 2398 1189 2447 R'·
1232 2396 1473 2447 Propterea
1509 2393 1732 2435 benedixit
1768 2399 1811 2435 te

990 2451 1112 2492 Deus
1134 2452 1177 2492 in
1202 2454 1420 2494 aeternum.

1042 2513 1191 2552 ‹nutu›
1215 2522 1253 2551 ut
1278 2526 1403 2562 supra
1427 2509 1518 2550 372.

1001 2595 1004 2599 ·
1047 2573 1223 2614 X'cspcroe
1258 2584 1275 2604 21
1310 2573 1430 2613 Capit.
1465 2574 1509 2605 dc
1541 2584 1644 2615 sequ.
1677 2586 1806 2608 comm.

990 2621 1151 2661 praeced.
1177 2628 1211 2653 ct
1236 2620 1366 2652 Furiae.
