2066 2904
202 193 268 228 542

205 288 404 331 omnibus
425 284 650 327 monachis
673 296 753 336 per
776 294 935 324 annum
956 279 1027 321 ab·

206 345 320 387 unde
345 342 525 385 suffecit.
558 341 727 382 Exacto
752 337 939 380 tirocinii
957 350 1027 378 an·

205 415 279 451 no,
307 399 504 454 praefecti
531 399 649 449 iussu
675 408 832 437 munus
858 393 1027 436 concio-

206 456 338 499 nandi
385 455 589 508 suscepit.
664 451 939 495 Salmanticae
983 449 1028 490 id

206 513 418 566 temporis
456 510 568 552 adeo
608 508 798 551 cruentis
835 505 1028 548 factioni-

206 570 288 612 bus
305 569 462 617 divina,
481 567 756 617 humanaque
775 563 919 605 omnia
934 574 1028 615 per-

206 629 341 667 mixta
362 629 500 673 erant,
527 628 575 664 ut
599 621 777 674 singulis
796 620 1029 673 propemo-

208 682 311 724 dum
321 681 440 723 horis
451 679 596 722 caedes
606 679 770 726 fierent,
785 681 828 718 et
839 674 1030 717 omnium

208 738 424 787 ordinum,
461 750 512 778 ac
545 734 789 789 praesertim
821 731 1030 773 nobilium

208 794 415 846 sanguine
441 805 528 834 non
554 792 635 833 viae
662 790 821 838 solum,
850 793 894 829 et
919 788 1030 835 fora,

209 851 288 892 sed
316 850 481 903 templa
510 849 640 890 etiam
668 844 974 888 redundarent.
1005 846 1026 894 (Ἴ

208 907 267 949 At
285 907 310 948 J
313 909 491 954 oannes,
509 910 602 946 tum
621 901 919 951 concionibus,
938 905 1030 942 tum

207 963 392 1016 privatis
420 960 648 1012 colloquiis
676 959 834 1001 civium
862 958 1030 998 animos

209 1019 479 1067 demulcens,
503 1016 559 1059 ad
582 1014 941 1068 tranquillitatem
964 1026 1031 1055 ur-

209 1076 309 1117 bem
349 1074 532 1116 reduxit.
585 1074 741 1115 Virum
787 1071 1031 1124 principem

209 1132 399 1183 graviter
436 1129 632 1179 offendit,
679 1129 797 1181 quod
837 1127 951 1168 illius
987 1128 1030 1168 in

210 1188 411 1230 subditos
473 1187 684 1228 saevitiam
753 1186 1032 1237 increpasset.

211 1246 306 1295 Qua
333 1244 388 1286 de
416 1256 547 1285 causa
577 1242 743 1294 equites
767 1242 878 1283 duos
898 1242 1031 1281 immi-

211 1302 277 1351 sit,
299 1301 372 1353 qui
391 1313 490 1342 eum
507 1300 551 1340 in
565 1299 718 1341 itinere
735 1297 1033 1347 confoderent,

211 1358 381 1409 jamque
396 1356 452 1398 ad
464 1357 606 1409 ipsum
618 1356 1033 1408 propinquaverant:

211 1427 326 1463 cum,
369 1416 548 1465 stupore
586 1410 792 1453 divinitus
828 1411 1033 1460 immisso,

212 1470 337 1512 simul
362 1483 459 1511 cum
484 1469 606 1521 equis
637 1467 881 1510 immobiles
905 1469 1033 1509 stete-

212 1532 327 1576 runt,
361 1525 501 1568 donec
533 1524 590 1567 ad
620 1525 757 1577 pedes
786 1524 924 1565 sancti
952 1524 1034 1565 viri

211 1582 451 1637 provoluti,
483 1582 658 1623 sceleris
686 1582 856 1622 veniam
884 1593 1034 1633 preca-

212 1642 372 1681 rentur.
411 1640 512 1691 Ipse
540 1651 714 1691 quoque
739 1638 945 1691 princeps
971 1650 1034 1678 re-

213 1697 391 1748 pentino
416 1697 583 1736 terrore
603 1694 846 1747 perculsus,
871 1694 955 1745 jam
980 1693 1036 1735 de

213 1751 351 1793 salute
371 1750 692 1803 desperaverat,
712 1763 811 1791 cum
826 1752 1035 1791 revocato

213 1809 235 1849 J
239 1809 396 1857 oanne,
428 1807 531 1848 faeti
564 1807 782 1859 poenitens
813 1806 1036 1847 incolumi-

213 1865 294 1906 tati
325 1862 522 1905 redditus
554 1869 631 1905 est.
684 1863 875 1904 Factiosi
906 1863 1037 1904 etiam

214 1920 427 1966 homines,
455 1932 553 1960 cum
581 1932 680 1960 eum
707 1919 892 1960 fustibus
920 1921 1037 1971 pete-

215 1981 329 2026 rent,
354 1975 543 2017 brachiis
568 1975 799 2026 diriguere,
834 1988 914 2016 nec
939 1981 1038 2017 ante

216 2032 400 2074 redditae
419 2032 534 2074 vires
554 2044 684 2083 quam
703 2030 850 2073 delicti
869 2032 1038 2073 veniam

215 2090 509 2142 precarentur.
551 2087 769 2130 Christum
793 2088 1039 2139 Dominum,

217 2145 321 2187 dum
355 2146 535 2187 Sacrum
567 2144 745 2193 faceret,
776 2147 1040 2197 praesentem

218 2201 430 2251 contueri,
453 2206 585 2254 atque
609 2214 664 2243 ex
682 2202 781 2254 ipso
802 2201 1040 2243 divinitatis

219 2259 336 2300 fonte
380 2257 579 2300 coelestia
622 2257 827 2309 mysteria
871 2257 1041 2300 haurire

220 2314 383 2356 solitus.
437 2313 603 2355 Abdita
638 2312 784 2355 cordis
817 2314 1041 2366 inspicere,

221 2382 271 2411 ac
306 2370 450 2412 futura
481 2382 581 2411 raro
614 2371 773 2411 eventu
804 2373 1041 2422 praesagire

221 2426 424 2477 frequens
444 2426 505 2467 illi
524 2426 620 2475 fuit,
646 2426 882 2478 fratrisque
908 2426 1042 2467 filiam

223 2483 474 2533 septennem
491 2484 708 2524 mortuam
723 2482 939 2523 excitavit.
959 2482 1042 2524 De-

222 2537 353 2589 nique
380 2539 532 2580 mortis
560 2537 630 2580 die
658 2538 972 2591 praenuntiato,
1000 2543 1051 2580 et.

224 2592 433 2634 Ecclesiae
459 2594 741 2636 sacramentis
761 2593 1043 2636 devotissime

224 2650 453 2701 susceptis,
482 2652 722 2692 extremum
745 2650 861 2692 diem
880 2650 1044 2700 clausit,

223 2704 370 2746 multis
399 2710 498 2746 ante
525 2711 568 2747 et
594 2711 698 2759 post
725 2706 892 2749 obitum
918 2707 1044 2748 mira-

557 192 624 224 lm¹
654 191 699 223 12.
725 188 839 222 Junii.
887 190 921 219 S.
946 185 1108 219 joannis
1136 196 1155 217 a
1182 185 1215 217 ὃ.
1244 182 1425 216 Facundo
1452 180 1558 214 Conf.

1080 278 1189 320 culis
1204 278 1434 329 gloriosus.
1461 275 1630 326 Quibus
1647 274 1731 316 rite
1749 273 1906 327 proba-

1078 335 1136 376 tis
1163 333 1415 376 Alexander
1442 333 1627 374 octavus
1655 331 1907 372 sanctorum

1082 394 1265 432 numero
1285 403 1383 432 eum
1404 387 1649 440 adscripsit.

1138 455 1176 489 Si
1204 464 1282 487 ver(
1327 453 1461 485 festum
1489 450 1523 483 S.
1549 449 1713 482 Joannis
1743 449 1907 483 celebre-

1084 511 1143 537 tur
1169 503 1243 537 ulia
1271 502 1342 535 dic.
1370 500 1440 533 dic.
1468 498 1598 531 Lectio
1626 507 1730 540 sequ.

1181 564 1254 597 Pro
1279 564 1314 595 ὃ.
1340 559 1510 595 Basilius
1538 564 1573 591 et
1598 558 1681 592 Soc.
1707 557 1814 591 Mart.

1383 616 1535 657 Lectio
1556 615 1610 654 iii.

1086 672 1354 782 -asilides‚
1376 673 1571 725 Cyrinus,
1590 671 1743 714 Nabor
1763 677 1806 714 et
1823 671 1910 713 Na-

1186 732 1345 780 zarius,
1372 729 1563 771 Romani
1585 728 1763 778 milites,
1789 728 1910 770 nobi-

1083 790 1146 832 les
1161 791 1330 840 genere,
1347 791 1391 828 et
1405 786 1566 828 virtute
1579 785 1783 835 illustres,
1802 784 1911 826 chri-

1084 847 1225 888 stiana
1269 843 1479 895 religione
1529 846 1754 895 suscepta,
1812 854 1912 883 cum

1086 903 1308 945 Christum
1331 900 1417 942 Dei
1440 899 1608 948 Filium,
1632 898 1911 940 Diocletiano

1084 959 1360 1012 imperatore,
1379 954 1682 1009 praedicarent,
1701 954 1757 997 ab
1776 952 1912 996 Aure-

1084 1016 1144 1058 lio
1177 1014 1389 1068 praefecto
1423 1012 1556 1054 Urbis
1591 1011 1914 1065 comprehensi,

1086 1078 1129 1114 et
1151 1076 1199 1113 ut
1223 1070 1307 1112 diis
1330 1082 1454 1111 sacra
1473 1069 1669 1110 facerent
1689 1066 1913 1118 admoniti,

1087 1130 1176 1181 ejus
1192 1129 1307 1180 jussa
1323 1127 1664 1175 contemnentes,
1678 1124 1800 1166 missi
1815 1128 1915 1166 sunt

1086 1186 1128 1226 in
1173 1186 1406 1226 carcerem.
1461 1181 1630 1233 Quibus
1677 1179 1914 1231 orantibus,

1087 1255 1187 1284 cum
1213 1240 1359 1282 subito
1389 1239 1630 1280 clarissima
1654 1237 1730 1279 lux
1757 1236 1915 1279 oborta

1087 1298 1280 1339 omnium
1300 1296 1455 1346 oculis,
1483 1295 1557 1348 qui
1574 1294 1738 1336 ibidem
1757 1298 1915 1344 essent,

1088 1357 1311 1396 carcerem
1339 1352 1655 1394 collustrasset:
1681 1350 1757 1392 illo
1785 1349 1913 1392 coele-

1087 1411 1143 1453 sti
1161 1409 1398 1464 splendore
1419 1410 1665 1451 commotus
1683 1405 1915 1448 Marcellus

1088 1467 1301 1510 custodiae
1311 1465 1588 1519 praepositus,
1602 1463 1818 1516 multique
1834 1462 1916 1512 alii,

1088 1523 1262 1566 Christo
1286 1522 1478 1564 Domino
1505 1519 1797 1563 crediderunt.
1830 1519 1916 1561 Ve-

1088 1594 1183 1622 rum
1215 1582 1371 1632 postea
1404 1591 1428 1621 e
1459 1580 1636 1620 carcere
1663 1576 1829 1627 emissi,
1861 1575 1916 1619 ab

1087 1637 1353 1690 imperatore
1381 1634 1664 1683 Maximiano,
1699 1645 1798 1675 cum
1827 1632 1918 1683 eius

1089 1693 1220 1735 etiam
1234 1692 1435 1744 neglecto
1450 1690 1647 1744 imperio,
1661 1702 1796 1731 unum
1807 1688 1919 1730 Chri-

1090 1755 1205 1792 stum
1235 1750 1378 1791 Deum
1415 1753 1458 1790 et
1489 1747 1727 1789 Dominum
1763 1745 1809 1787 in
1840 1757 1918 1787 ore

1089 1806 1318 1855 haberent,
1377 1803 1684 1858 scorpionibus
1737 1801 1919 1844 cruciati

1090 1865 1245 1905 iterum
1266 1862 1553 1915 conjiciuntur
1571 1861 1615 1902 in
1634 1859 1820 1902 vincula:
1843 1871 1919 1900 un-

1091 1919 1146 1961 de
1165 1919 1354 1972 septimo
1375 1918 1445 1961 die
1466 1917 1630 1967 educti,
1657 1921 1702 1958 et
1726 1921 1827 1958 ante
1843 1927 1918 1968 pe-

1092 1976 1170 2018 des
1190 1975 1469 2028 imperatoris
1493 1973 1736 2023 constituti,
1764 1971 1919 2025 persti-

1092 2034 1239 2074 terunt
1251 2032 1295 2072 in
1308 2032 1509 2073 irrisione
1523 2030 1716 2071 inanium
1726 2028 1921 2078 deorum,

1091 2089 1115 2130 J
1118 2102 1240 2131 esum
1259 2087 1480 2129 Christum
1498 2087 1643 2128 Deum
1662 2086 1920 2127 constantis-

1094 2145 1201 2187 sime
1223 2144 1492 2186 confitentes.
1528 2141 1825 2194 Quamobrem
1848 2140 1921 2183 da-

1092 2201 1246 2250 mnati,
1278 2201 1420 2242 securi
1452 2200 1673 2242 feriantur.
1727 2199 1922 2249 Quorum

1095 2260 1284 2310 corpora
1303 2257 1405 2299 feris
1431 2257 1621 2309 objecta,
1648 2268 1730 2297 nec
1754 2254 1809 2296 ab
1836 2253 1922 2295 illis

1093 2319 1227 2364 tacta,
1257 2327 1282 2355 a
1308 2313 1565 2355 Christianis
1587 2311 1831 2355 honorifice
1857 2323 1920 2352 se·

1094 2370 1219 2423 pulta
1238 2375 1349 2411 sunt.

1150 2428 1210 2468 Te
1228 2426 1372 2467 Deum
1389 2424 1630 2467 laudamus.
1648 2426 1708 2466 15.

1151 2489 1212 2522 Ad
1239 2489 1355 2522 Laud.
1382 2498 1451 2530 pro
1476 2489 1511 2520 ὃ.
1536 2487 1697 2520 Joanne.

1155 2542 1250 2579 Ant.
1283 2539 1400 2588 Euge
1425 2549 1550 2578 serve
1573 2536 1688 2578 bone
1708 2542 1752 2578 et
1771 2535 1924 2585 fidelis,

1098 2595 1199 2647 quia
1223 2594 1267 2635 in
1290 2605 1432 2646 pauca
1457 2592 1576 2633 fuisti
1603 2593 1764 2641 fidelis,
1791 2603 1926 2645 supra

1097 2651 1233 2693 multa
1251 2656 1299 2692 te.
1314 2652 1595 2698 constituam,
1622 2649 1737 2690 intra
1758 2650 1804 2690 in
1821 2651 1924 2700 gau-

1099 2707 1219 2749 dium
1236 2706 1415 2748 Domini
1431 2706 1506 2756 tui,
1526 2705 1710 2757 alleluja.
