2028 2892
809 199 913 232 Feriu
945 200 994 232 iii.
1026 200 1289 239 Ix¹‹›5.:utio1n11n.

201 291 402 343 quentius
430 292 572 334 carnis
604 305 655 334 ac
686 292 844 334 mentis
871 292 1027 344 fragili-

198 349 289 394 tate
308 346 617 400 delinquimus,
642 354 691 391 ut
716 348 772 391 de
796 349 866 391 via
888 349 1026 399 lassis,

199 408 243 445 et
265 404 390 446 ist1'us
414 405 499 447 aevi
522 418 668 456 eursu,
701 418 753 447 ac
774 405 877 447 vitae
900 405 1025 458 hujus

198 459 395 503 anfractu
430 462 621 513 graviter
655 462 863 513 fatigatis,
898 462 1025 515 panis

196 517 445 560 refectionis
470 517 623 561 deesse
647 532 735 561 non
758 519 916 572 possit,
951 519 1025 571 qui

195 573 383 616 hominis
408 574 544 617 corda
563 574 813 617 confirmet?
840 575 936 617 Nec
955 588 1024 617 so-

194 629 285 672 lum
307 630 453 673 media
474 637 604 675 nocte
622 632 852 682 Dominus,
876 630 956 674 sed
980 633 1023 673 ό-

194 687 367 730 mnibus
406 702 549 743 prope
589 688 721 731 docet
756 688 1024 741 vigilandum

195 756 292 786 esse
315 746 561 788 momentis.
587 745 720 788 Venit
745 746 859 787 enim
883 750 927 788 et
951 758 1022 788 ve-

193 803 399 854 spertina,
419 807 463 844 et
482 801 685 852 secunda,
709 807 752 844 et
770 802 900 844 tertia
916 802 1022 853 vigi-

193 856 265 899 lia:
285 862 328 899 et
346 858 522 911 pulsare
537 858 774 900 consuevit.
801 858 931 900 Beati
944 861 1021 901 ita-

195 925 280 965 que
316 914 431 956 servi
466 914 542 966 illi,
579 927 691 967 quos
723 927 823 956 cum
853 914 1021 957 venerit

191 969 418 1022 D6minus‚
436 970 648 1013 invenerit
665 970 905 1023 vigilantes.

244 1028 293 1079 R.
320 1027 522 1070 Narrabo
547 1040 708 1069 nomen
731 1032 856 1069 tuum
881 1026 1019 1069 fratri-

190 1081 273 1125 bus
295 1083 421 1134 meis,
449 1083 634 1137 alleluja:
653 1090 673 1111 *
695 1084 746 1125 In
769 1083 915 1126 medio
939 1084 1019 1126 Ec-

192 1139 337 1182 clesiae
356 1139 546 1182 laudabo
561 1145 616 1191 te,
636 1140 817 1193 aHeluja‚
837 1140 1018 1192 alleluja.

194 1193 239 1243 δ”.
274 1196 529 1239 Confitebor
558 1197 638 1239 tibi
661 1197 705 1238 in
727 1197 906 1251 pepulis
930 1198 1018 1239 Do-

189 1252 320 1303 mine,
358 1257 401 1294 et
435 1252 654 1307 psalmum
689 1253 833 1296 dicam
862 1253 943 1296 tibi
974 1253 1017 1294 in

191 1308 416 1408 Gentilgltlls.
449 1310 502 1351 In
525 1309 684 1352 me'dio.
721 1310 870 1352 Gloria
887 1310 1017 1352 Patri.

187 1366 239 1408 In
257 1367 327 1408 me
362 1365 415 1408 ’0.

244 1422 323 1455 [lac
356 1432 464 1457 nocte
492 1424 630 1458 dicitur
660 1426 810 1460 tertium
845 1427 1013 1471 Respon-

188 1471 350 1506 sosium,
392 1472 480 1514 quia
518 1483 593 1506 non
627 1473 767 1508 dieitur
801 1475 858 1511 Te
891 1474 1017 1511 Deum

186 1524 401 1560 laudamus.

241 1567 279 1600 In
313 1568 461 1602 duabus
492 1579 583 1603 vcro
614 1572 864 1613 sequentibus
891 1572 1012 1607 Feriis

187 1614 334 1649 dieitur.

450 1683 529 1724 Ad
553 1683 762 1725 Laudes.

241 1739 323 1773 Ant.
351 1746 385 1774 et
411 1740 468 1774 l‘s.
496 1741 542 1774 dc
570 1740 768 1775 psalterio.
796 1741 846 1777 15.

237 1792 494 1843 Capitulum.
540 1792 741 1835 Christus
772 1795 1015 1845 resurgens.

187 1846 393 1899 Hymnus.
428 1850 598 1891 Aurora
617 1849 788 1891 coelum.
806 1850 866 1891 19.

239 1903 284 1951 V.
318 1907 370 1947 In
395 1906 714 1948 resurreetione
738 1911 815 1948 tua
834 1905 1015 1956 Christe,

187 1962 369 2015 alleluja.
400 1964 444 2015 [ἐς.
473 1962 584 2005 Coeli
603 1967 648 2005 et
666 1968 783 2005 terra
801 1962 1014 2013 laetentur,

187 2018 368 2072 alleluja.

236 2075 489 2129 Ad-Bened.
525 2079 621 2119 Ant.
663 2076 815 2126 Petite,
842 2080 886 2118 et
904 2075 1013 2118 acci-

184 2131 331 2185 pietis:
345 2133 369 2159 *
385 2131 578 2184 quaerite,
599 2136 642 2173 et
660 2132 902 2174 invenietis:
920 2132 1013 2186 pul-

185 2190 290 2240 sate,
312 2193 354 2230 et
374 2188 593 2242 aperietur
611 2188 750 2239 vobis,
770 2188 952 2241 alleluia.

518 2249 680 2291 Oratio.

269 2305 402 2343 raesta
439 2303 690 2354 quaesumus
732 2302 1011 2355 omnipotens

278 2357 414 2399 Deus:
439 2362 487 2399 ut
511 2358 585 2410 qui
609 2357 654 2398 in
677 2357 912 2399 afflictione
936 2371 1010 2399 no-

185 2418 275 2454 stra
290 2413 344 2456 de
358 2419 433 2455 tua
445 2414 610 2467 pietate
622 2412 896 2465 confidimus3
912 2427 1011 2456 con-

183 2474 251 2510 tra
270 2469 454 2512 adversa
475 2470 619 2512 omnia
634 2475 709 2512 tua
723 2483 897 2524 semper
911 2483 1010 2524 pro-

183 2525 372 2567 tectione
386 2527 640 2568 muniAmur.
663 2527 748 2569 Per
762 2527 1009 2568 Dominum.

237 2592 327 2626 Uare
360 2594 490 2629 Oratio
521 2596 661 2631 dieitur
693 2593 741 2630 ad
772 2594 938 2635 Laudesv
972 2602 1006 2630 et

184 2649 250 2681 per
276 2640 415 2678 Horas,
443 2649 581 2686 prcetcr
600 2645 805 2688 vesperas.
831 2651 865 2678 ct
893 2644 1006 2678 hodic

183 2691 337 2722 tuntum.
371 2689 529 2725 Duabus
555 2703 647 2726 vero
671 2693 922 2736 sequentibus
944 2692 1007 2725 Fe-

183 2735 250 2768 riis
283 2736 421 2771 dicitur
460 2741 591 2774 Oratio
623 2741 837 2774 Dominieze
868 2750 1008 2783 praece-

1080 296 1206 330 dentis
1231 296 1352 338 Deus,
1387 304 1411 329 a
1443 304 1520 339 quo
1552 295 1657 331 bona
1685 299 1832 332 cuncta.
1864 303 1903 330 ut

1081 344 1114 377 in
1123 344 1186 378 fra.
1211 342 1286 378 315.

1133 392 1214 426 Hoc
1245 393 1372 427 triduo
1399 392 1463 436 qui
1495 402 1580 438 noir
1599 393 1785 426 intersunt
1810 392 1901 427 Pro-

1078 441 1320 475 cessionibus
1383 440 1658 482 [rogationum.
1721 441 1901 484 privatim

1079 494 1166 531 post
1188 489 1339 523 Laudes
1365 489 1494 522 dicant
1515 487 1685 522 Limnias
1710 499 1794 522 curn
1820 489 1901 523 suis

1080 536 1260 571 Precibus
1284 542 1319 571 et
1345 536 1604 571 Orationibus,
1630 537 1711 570 sine
1737 536 1901 571 Psalmis

1078 584 1423 619 Poenitentialibus.

1129 633 1189 667 Ad
1216 633 1341 667 Horas
1368 634 1495 667 omnia
1521 633 1698 667 dicuntur
1725 640 1764 667 ut
1791 634 1824 667 in
1853 635 1900 668 l'e-

1078 681 1161 714 riali
1187 682 1323 716 Officio
1350 688 1521 724 tempore
1547 682 1735 716 I‘usehuli.

1129 729 1328 773 Vesperze⁴
1363 730 1436 763 nisi
1468 735 1641 764 occurrat
1673 730 1808 764 festum
1836 740 1900 765 no-

1077 788 1160 811 vem
1182 778 1414 812 Lectionum.
1439 778 1617 812 dicuntur
1635 778 1680 812 de
1700 778 1900 813 Psalterio.

1075 837 1159 860 cum
1185 827 1366 861 Oratione
1392 826 1606 860 Dominicae
1634 826 1900 870 praecedentis.

1075 875 1113 907 Si
1147 885 1238 909 vero
1273 881 1455 918 sequatur
1489 875 1624 909 festum
1655 875 1846 918 Simplex,
1879 886 1899 909 a

1075 923 1254 965 Cupitulo
1294 924 1333 957 fit
1366 923 1412 957 de
1445 924 1541 957 festo
1576 934 1660 957 eum
1693 924 1899 958 Commern.

1075 971 1120 1004 dc
1147 971 1267 1005 Cruce
1290 976 1447 1014 tuntum,
1472 976 1512 1006 ut
1536 981 1662 1015 supra.
1684 976 1760 1012 275,

1128 1033 1193 1075 Ad
1218 1034 1387 1083 Magnif.
1427 1035 1522 1076 Ant.
1558 1035 1657 1086 lpse
1683 1033 1798 1076 enim
1820 1034 1900 1076 Pa-

1071 1090 1138 1128 ter
1157 1091 1274 1128 amat
1293 1088 1317 1113 *
1337 1100 1432 1138 vos,
1460 1087 1562 1140 quia
1585 1101 1666 1131 vos
1689 1102 1760 1132 me
1784 1092 1899 1133 ama-

1072 1142 1162 1194 stis,
1182 1148 1225 1185 et
1244 1143 1504 1196 credidistis,
1523 1144 1705 1199 alleluja.

1126 1207 1288 1248 Oratio.
1334 1207 1468 1256 Deus,
1495 1218 1522 1247 a
1550 1218 1649 1259 quo.
1675 1207 1764 1249 315.
1818 1244 1821 1245 ⁷

1225 1319 1260 1355 F
1285 1330 1309 1356 e
1333 1331 1354 1357 r
1375 1321 1388 1358 i
1413 1333 1440 1359 a
1486 1322 1524 1359 T
1548 1334 1572 1361 e
1597 1334 1617 1360 r
1636 1327 1653 1360 t
1673 1323 1687 1361 i
1711 1335 1738 1361 a

1290 1376 1329 1415 in
1351 1373 1681 1425 Rogationibus.

1122 1442 1159 1475 Si
1192 1442 1307 1475 hodic
1341 1446 1515 1475 occurrat
1546 1441 1682 1475 festum
1713 1440 1895 1483 Simplex,

1070 1490 1108 1523 lit
1134 1490 1180 1523 de
1206 1500 1262 1524 eo.
1289 1490 1370 1523 sinc
1390 1489 1596 1523 Commem.
1618 1489 1663 1522 de
1683 1488 1804 1523 Feriu.
1827 1488 1895 1522 sed

1068 1544 1213 1571 tantun]
1241 1539 1287 1572 dc
1313 1538 1445 1572 Cruce.

1123 1598 1189 1637 De
1207 1595 1410 1649 Epistola
1427 1597 1569 1650 prima
1590 1596 1709 1640 beati
1726 1598 1846 1641 Petri

1379 1653 1598 1707 Apostoli.

1172 1708 1322 1748 Lectio
1344 1708 1366 1747 i.
1630 1706 1732 1758 Cap.
1753 1707 1790 1745 4.

1094 1764 1293 1807 ¹
1312 1766 1444 1818 Igitur
1461 1779 1596 1820 passo
1615 1767 1659 1808 in
1678 1780 1825 1819 carne,
1852 1773 1896 1811 et

1088 1829 1149 1858 Μ
1170 1834 1251 1863 vos
1280 1822 1436 1864 eAdem
1463 1824 1731 1875 cogitatione
1757 1827 1895 1867 arma-

1067 1878 1185 1919 mini:
1211 1879 1314 1930 quia
1337 1879 1411 1932 qui
1429 1893 1587 1933 passus
1607 1885 1675 1923 est
1691 1881 1736 1922 in
1754 1894 1895 1933 carne,

1068 1933 1196 1976 desiit
1215 1948 1241 1976 a
1258 1936 1467 1988 peccatis:
1493 1941 1542 1978 ut
1566 1937 1651 1990 jam
1674 1950 1762 1979 non
1785 1937 1895 1980 desi-

1068 1990 1199 2035 deriis
1217 1991 1452 2044 hominum,
1472 1992 1551 2036 sed
1570 1994 1783 2036 voluntati
1800 1995 1894 2045 Dei,

1068 2047 1189 2101 quod
1215 2049 1431 2101 reliquum
1457 2054 1526 2092 est
1551 2051 1594 2092 in
1622 2063 1751 2093 carne
1776 2052 1895 2094 vivat

1066 2105 1290 2158 temporis.
1313 2105 1482 2148 Sufficit
1495 2107 1610 2148 enim
1623 2108 1894 2160 praeteritum

1065 2166 1240 2214 tempus
1282 2161 1339 2204 ad
1380 2161 1652 2205 voluntatem
1689 2163 1894 2206 Gentium

1066 2217 1453 2260 consummandam
1480 2218 1566 2270 his,
1601 2220 1675 2272 qui
1703 2219 1893 2262 ambula-

1065 2275 1221 2315 verunt
1239 2273 1492 2325 inlux1'1riis‚
1513 2274 1751 2327 desideriis,
1771 2276 1891 2318 vino-

1064 2329 1223 2381 lentiiS,
1257 2331 1670 2382 comessationibus,
1702 2332 1890 2386 potatio-

1064 2386 1202 2437 nibuS,
1222 2391 1266 2428 et
1281 2387 1442 2429 illicitis
1457 2387 1675 2430 idolorum
1691 2388 1891 2431 cultibus,

1063 2444 1114 2484 In
1135 2455 1222 2495 quo
1242 2442 1512 2486 admirantur
1529 2457 1617 2487 non
1636 2446 1892 2487 concurren-

1063 2499 1179 2541 tibus
1220 2499 1347 2541 vobis
1387 2500 1430 2541 in
1471 2500 1671 2543 eamdem
1706 2501 1890 2544 luxuriae

1063 2555 1379 2606 confusionem,
1403 2556 1769 2610 blasphemantes.
1806 2559 1890 2609 Qui

1062 2611 1248 2654 reddent
1275 2613 1490 2654 ratiOnem
1517 2613 1574 2664 ei,
1608 2613 1682 2666 qui
1708 2616 1889 2667 perdtus

1062 2674 1128 2711 est
1146 2667 1338 2721 judicare
1357 2669 1481 2712 vivos
1500 2674 1544 2712 et
1558 2672 1765 2712 mortuos.
1785 2671 1888 2713 Pro-

1061 2730 1159 2778 pter
1182 2725 1269 2768 hoc
1293 2725 1407 2767 enim
1429 2730 1474 2768 et
1498 2726 1683 2768 mortuis
1708 2739 1888 2779 evange-
