2028 2892
182 169 249 203 454
527 172 595 205 Dit-
621 173 670 205 24.
699 172 844 214 Aprilis

165 258 170 265 '
240 267 279 299 Et
308 267 345 299 tit
371 275 566 299 commem.
594 265 755 307 praeced.
1067 261 1230 315 quippe
1257 265 1436 304 sortitus
1462 262 1672 312 indolem,
1706 266 1893 306 mortim-

238 319 336 357 Ant.
373 315 521 357 Sancti
551 319 595 356 et
624 314 723 366 justi
750 314 793 355 in
821 313 1013 355 Damino

186 371 390 422 gaudete,
418 370 604 423 alleluja:
631 383 712 412 vos
738 370 868 421 elegit
892 370 1013 411 Deus

186 428 227 468 in
248 427 552 469 haereditatem
571 427 666 478 sibi,
685 426 867 478 alleluja.

242 483 286 533 X'.
332 484 533 526 Pretiosa
568 485 611 525 in
649 486 890 536 conspectu
926 483 1013 524 Do-

186 540 305 591 mini,
331 540 514 593 alleluja.
551 543 596 594 Ιςν.
624 541 746 582 Mors
763 542 1014 582 sanctorum

187 598 289 649 ejus,
307 597 488 649 allehija.

238 658 402 698 Oratio.
436 657 679 697 13eat6rum.
707 654 801 694 452.

238 723 277 756 In
312 723 337 757 Ι.
370 723 568 756 Nocturno
600 720 803 754 Lectiones
836 720 882 752 (ic
916 719 1013 753 Scri-

186 776 295 813 ptura
327 775 559 805 occurrente.

239 823 281 857 In
311 823 355 857 H.
386 823 583 857 Nocturno
620 821 721 855 Leet.
751 818 901 861 Quibus
930 829 1014 862 ego.

187 872 233 906 de
258 872 394 906 codem
421 871 566 905 Comm.
589 870 620 903 2.
645 870 742 903 loco.
769 866 846 910 [50]

238 924 278 958 In
304 924 365 958 III.
388 923 586 974 Nocturno
612 922 782 956 Homilia
809 922 844 956 in
868 922 1012 965 Evang.

186 972 270 1012 Ego
301 978 387 1003 sum
414 971 507 1003 vitls
531 977 634 1002 vera.
664 971 709 1004 de
741 971 875 1005 codem
902 971 1013 1004 Com-

187 1021 288 1053 muni
320 1021 343 1053 1.
371 1021 467 1053 loco.
493 1015 562 1060 [47]

238 1073 352 1115 chp.
379 1073 425 1107 de
452 1083 556 1115 sequ.
584 1082 668 1106 eum
694 1083 826 1106 comm.
851 1072 1013 1115 praeced.

419 1160 503 1201 Die
521 1161 587 1201 24.
607 1159 784 1212 Aprilis.

215 1230 257 1271 S.
276 1229 462 1270 Fidelis
482 1239 513 1270 a
533 1228 854 1279 Sigmaringa
871 1230 994 1270 Mart.

519 1293 683 1336 Duplex.

240 1351 375 1385 Omnia
421 1350 467 1384 de
509 1350 710 1384 Communi
750 1349 855 1382 Mart.
902 1352 1014 1390 temp.

189 1400 322 1434 I'asch.
348 1397 420 1441 [38]
443 1403 584 1442 praeter
605 1409 711 1441 sequ.

525 1451 689 1492 Oratio.

275 1520 368 1556 eus,
393 1506 467 1559 qui
485 1505 665 1548 beatum
683 1504 880 1546 Fidelem
903 1505 1018 1545 sera-

294 1563 427 1616 phico
455 1563 635 1615 spiritus
658 1562 818 1603 ardore
842 1562 1018 1602 succen—

189 1634 285 1662 sum
325 1621 369 1661 in
405 1632 522 1662 verae
560 1618 664 1661 fidei
699 1617 1019 1671 propagatiOne

189 1677 387 1730 martyrii
414 1676 560 1729 palma
589 1681 632 1717 et
659 1674 866 1727 glori<3sis
894 1673 1019 1714 mira-

189 1734 298 1776 culis
336 1733 547 1776 decorare
585 1731 788 1783 dignatus
826 1743 887 1772 es:
929 1731 1020 1782 ejus

189 1793 440 1843 quaesumus
454 1789 620 1831 meritis
637 1794 679 1830 et
693 1787 1020 1836 intercessione,

188 1848 249 1889 ita
280 1860 361 1889 nos
393 1859 472 1900 per
501 1845 685 1897 gratiam
712 1850 834 1887 tuam
861 1844 905 1884 in
931 1842 1020 1885 fide

189 1910 233 1946 et
254 1904 435 1946 caritate
455 1902 680 1953 confirma;
705 1906 754 1943 ut
776 1901 820 1942 in
839 1901 1019 1943 servitio

189 1966 267 2002 tuo
286 1960 440 2002 fideles
464 1971 603 2012 usque
623 1958 680 2000 ad
698 1963 886 2000 mortem
904 1958 1020 1999 inve-

189 2019 271 2058 niri
291 2018 549 2059 mereamur.
584 2016 668 2057 Per
686 2014 935 2057 Dominum.

244 2082 287 2114 Et
311 2081 349 2114 tit
370 2089 565 2114 commem.
590 2078 753 2121 praeced.

244 2133 341 2172 Ant.
367 2129 515 2171 Sancti
534 2134 577 2170 et
596 2128 707 2180 justi.
735 2125 781 2176 Y.
810 2127 1021 2169 Pretiosa.

195 2194 240 2229 ut
263 2202 405 2239 supra.
447 2187 609 2227 Oratio.
634 2187 767 2233 Deus,
788 2184 873 2235 qui.
897 2185 990 2226 453.

243 2250 284 2283 In
319 2250 344 2283 Ι.
381 2249 579 2283 Nocturno
610 2248 811 2282 Lectiones
846 2248 892 2282 de
922 2247 1019 2282 Scri-

194 2303 303 2341 ptura
330 2302 562 2331 oecurrente.

422 2359 470 2397 In
493 2358 543 2396 ΙΙ.
567 2357 789 2396 Nocturno.

486 2418 638 2459 Lectio
660 2417 712 2457 iv.

202 2500 204 2504 v
245 2492 259 2526 'J
267 2499 286 2528 a
313 2474 438 2516 idelis
453 2475 496 2515 in
507 2472 676 2527 oppido
687 2472 858 2514 Sueviae
869 2471 1025 2522 Sigma—

233 2523 451 2589 1“:Jringa
466 2544 520 2573 ex
535 2530 719 2572 honesta
734 2529 958 2581 Reyorum
974 2528 1025 2569 fa-

220 2612 226 2613 r
330 2588 448 2628 milia
466 2593 607 2636 natus,
627 2586 682 2628 ab
701 2586 877 2627 ineunte
893 2586 1023 2626 aetate

194 2643 488 2696 singularibus
512 2647 682 2685 naturae
706 2648 750 2684 et
773 2642 928 2693 gratiae
948 2640 1023 2682 do-

195 2701 261 2742 nis
298 2702 479 2742 ornatus
516 2699 741 2753 praefulsit.
791 2697 1025 2750 Egregiam

903 173 937 204 S.
965 170 1109 204 Fidelis
1135 181 1155 203 a
1181 170 1423 212 Signiaringa
1449 169 1555 202 Mart.

1069 331 1154 369 que
1199 319 1365 371 optima
1410 319 1603 361 imbutus
1648 318 1893 372 disciplina,

1068 374 1172 416 dum
1191 374 1393 427 Friburgi
1412 375 1708 428 philosophiae
1729 381 1773 418 et
1791 376 1895 428 juris

1067 431 1294 483 utriusque
1344 431 1539 474 lauream
1594 432 1795 483 emeruit,
1851 433 1894 474 in

1068 487 1219 530 schola
1244 488 1377 530 etiam
1396 488 1557 531 Christi
1581 488 1639 531 ad
1664 489 1894 542 perfectio-

1067 544 1134 585 nis
1161 544 1333 597 apicem
1358 544 1514 587 sedulo
1540 545 1750 587 virtutum
1777 558 1895 587 exer·

1068 601 1171 643 citio
1197 600 1467 643 contendere
1492 601 1638 654 coepit.
1672 601 1896 644 Nobilium

1068 657 1226 700 exinde
1271 657 1465 699 virorum
1514 657 1659 700 varias
1702 658 1896 712 Europae

1069 714 1319 767 provincias
1337 714 1615 756 lustrantium
1629 727 1777 756 comes
1791 717 1897 757 asci-

1069 776 1157 820 tus,
1186 783 1263 812 eos
1292 770 1350 812 ad
1377 770 1660 813 christianam
1686 771 1898 823 pietatem

1070 826 1341 877 sectandam,
1365 833 1456 869 tam
1474 827 1619 869 verbis
1646 840 1778 880 quam
1797 829 1897 880 ope-

1070 883 1190 926 ribus
1217 884 1408 926 excitare
1434 897 1524 926 non
1553 883 1732 926 destitit.
1769 884 1898 935 Quin-

1071 943 1158 983 imo
1178 941 1222 982 in
1237 940 1396 983 eodem
1410 941 1564 983 itinere
1578 940 1744 983 crebris
1759 946 1898 983 auste-

1070 997 1273 1040 ritatibus
1301 997 1519 1040 desideria
1551 997 1693 1040 carnis
1720 997 1898 1040 mortifi-

1071 1056 1183 1104 care,
1203 1066 1254 1096 ac
1267 1054 1329 1096 ita
1344 1056 1539 1107 seipsum
1554 1056 1706 1105 regere
1721 1053 1900 1104 studuit,

1070 1116 1118 1152 ut
1159 1111 1203 1151 in
1244 1115 1367 1152 tanta
1409 1123 1556 1152 rerum
1599 1109 1900 1153 vicissitudine

1071 1167 1190 1209 nullo
1236 1180 1444 1219 umquam
1489 1167 1607 1208 visus
1653 1167 1782 1209 fuerit
1823 1167 1900 1210 irae

1071 1229 1192 1266 motu
1223 1223 1484 1277 perturbari.
1525 1224 1642 1265 Juris
1673 1225 1900 1276 praeterea,

1071 1286 1115 1323 et
1146 1281 1321 1333 justitiae
1354 1282 1557 1322 strenuus
1585 1282 1900 1334 propugnator,

1071 1342 1174 1390 post
1199 1336 1390 1379 reditum
1413 1337 1458 1378 in
1483 1337 1764 1378 Germaniam
1791 1336 1900 1379 cele·
1969 1345 1978 1352 ·

1071 1394 1150 1436 bre
1171 1394 1254 1436 sibi
1272 1406 1432 1436 nomen
1452 1394 1684 1446 acquisivit
1706 1393 1751 1434 in
1769 1392 1901 1436 advo·

1072 1451 1159 1492 cati
1190 1454 1390 1501 manere,
1426 1451 1470 1491 in
1504 1463 1592 1503 quo
1623 1455 1770 1492 tamen
1803 1463 1902 1492 cum

1073 1507 1155 1549 fori
1174 1507 1370 1561 pericula
1389 1512 1506 1550 esset
1526 1509 1749 1560 expertus·‚
1774 1507 1901 1549 tutio-

1072 1577 1166 1606 rem
1194 1565 1370 1606 aeternae
1403 1564 1556 1606 salutis
1584 1564 1701 1605 viam
1733 1561 1901 1614 ingredi

1073 1620 1350 1670 deliberavit,
1384 1626 1428 1663 et
1455 1622 1645 1673 superna
1671 1620 1902 1662 vocatione

1072 1677 1324 1727 illustratus,
1343 1676 1476 1730 paulo
1496 1683 1600 1730 post
1620 1676 1762 1718 ordini
1780 1676 1903 1718 Sera-

1073 1734 1203 1787 phico
1223 1734 1335 1775 inter
1354 1734 1510 1775 fratres
1528 1733 1721 1775 Minores
1737 1733 1902 1786 Capuc-

1074 1793 1196 1833 cinos
1215 1790 1374 1833 ascribi
1394 1790 1531 1843 petiit.

1127 1869 1175 1918 Ιςι.
1201 1864 1298 1906 Lux
1322 1864 1537 1918 perpetua
1559 1862 1722 1904 lucebit
1742 1863 1904 1905 sanctis

1073 1922 1159 1964 tuis
1185 1921 1391 1971 Domine,
1417 1925 1438 1946 *
1467 1921 1524 1962 Et
1551 1920 1774 1961 aetemitas
1797 1922 1903 1962 tem-

1074 1992 1249 2032 porum,
1274 1977 1463 2030 alleluja,
1490 1976 1671 2029 alleluja.
1706 1973 1753 2025 ὶίῐ.
1774 1976 1902 2019 Laeti-

1074 2035 1135 2078 tia
1171 2035 1436 2088 sempiterna
1471 2033 1553 2075 erit
1589 2045 1722 2086 super
1758 2033 1905 2086 capita

1075 2094 1242 2133 eorum:
1270 2089 1477 2142 gaudium
1500 2094 1544 2131 et
1567 2089 1904 2132 exsultationem

1077 2147 1347 2190 obtinebunt.
1374 2147 1430 2190 Et
1449 2146 1681 2188 aeternitas.

1386 2234 1537 2274 Lectio
1558 2246 1594 2272 v.

1161 2301 1216 2342 iae
1236 2300 1462 2353 petiti6nis
1485 2311 1671 2353 compos
1695 2297 1905 2347 redditus,

1175 2356 1326 2399 mundi
1355 2359 1510 2408 suique
1539 2357 1818 2407 contemptor
1846 2354 1905 2394 in-

1077 2414 1227 2465 signis,
1272 2414 1317 2454 in
1358 2413 1456 2466 ipso
1497 2412 1644 2454 statim
1677 2411 1906 2464 tyrocinio,

1076 2473 1303 2522 magisque
1328 2482 1427 2511 cum
1446 2468 1653 2510 solemnis
1672 2467 1906 2520 professio-

1078 2528 1144 2568 nis
1169 2532 1273 2568 vota
1297 2526 1341 2566 in
1366 2524 1528 2576 gaudio
1555 2525 1733 2577 spiritus
1759 2523 1906 2565 Dami-

1078 2596 1135 2624 no
1155 2584 1466 2635 nuncupasset,
1486 2581 1529 2622 in
1549 2580 1738 2631 regulari
1757 2579 1906 2622 obser-

1078 2640 1226 2682 vantia
1245 2638 1446 2680 amnibus
1465 2637 1741 2679 admirati6ni
1755 2636 1846 2687 fuit,
1864 2641 1908 2678 et

1079 2695 1293 2748 exemplo.
1329 2694 1527 2736 Oratiani
1552 2693 1755 2743 maxime,
1781 2698 1825 2735 et
1842 2705 1907 2734 sa-
