<?xml version="1.0" encoding="UTF-8"?>
<!DOCTYPE html PUBLIC "-//W3C//DTD XHTML 1.0 Transitional//EN"
    "http://www.w3.org/TR/xhtml1/DTD/xhtml1-transitional.dtd">
<html xmlns="http://www.w3.org/1999/xhtml" xml:lang="en" lang="en">
 <head>
  <title>
</title>
<meta http-equiv="Content-Type" content="text/html;charset=utf-8" />
  <meta name='ocr-system' content='tesseract 3.04.00' />
  <meta name='ocr-capabilities' content='ocr_page ocr_carea ocr_par ocr_line ocrx_word'/>
</head>
<body>
  <div class='ocr_page' id='page_1' title='image "./p2breviariumroma00cathuoft_0813.png"; bbox 0 0 2066 2956; ppageno 0'>
   <div class='ocr_carea' id='block_1_1' title="bbox 466 172 1543 208">
    <p class='ocr_par' dir='ltr' id='par_1_1' title="bbox 466 172 1543 208">
     <span class='ocr_line' id='line_1_1' title="bbox 466 172 1543 208; baseline -0.001 -1"><span class='ocrx_word' id='word_1_1' title='bbox 466 172 638 208; x_wconf 83' lang='lat' dir='ltr'>Officium</span> <span class='ocrx_word' id='word_1_2' title='bbox 667 174 836 207; x_wconf 75' lang='lat' dir='ltr'>votivum</span> <span class='ocrx_word' id='word_1_3' title='bbox 863 173 908 207; x_wconf 86' lang='lat' dir='ltr'>dc</span> <span class='ocrx_word' id='word_1_4' title='bbox 934 173 988 207; x_wconf 78' lang='lat' dir='ltr'>Ss.</span> <span class='ocrx_word' id='word_1_5' title='bbox 1012 173 1265 207; x_wconf 60' lang='lat' dir='ltr'>Eucharistiae</span> <span class='ocrx_word' id='word_1_6' title='bbox 1288 174 1543 207; x_wconf 68' lang='lat' dir='ltr'>Suet-amento.</span> 
     </span>
    </p>
   </div>
   <div class='ocr_carea' id='block_1_2' title="bbox 256 271 808 428">
    <p class='ocr_par' dir='ltr' id='par_1_2' title="bbox 256 271 808 428">
     <span class='ocr_line' id='line_1_2' title="bbox 256 271 679 323; baseline -0.007 -8"><span class='ocrx_word' id='word_1_7' title='bbox 256 273 375 315; x_wconf 88' lang='lat' dir='ltr'>Cibis</span> <span class='ocrx_word' id='word_1_8' title='bbox 394 273 438 314; x_wconf 92' lang='lat' dir='ltr'>in</span> <span class='ocrx_word' id='word_1_9' title='bbox 455 271 679 323; x_wconf 78' lang='lat' dir='ltr'>legalibus,</span> 
     </span>
     <span class='ocr_line' id='line_1_3' title="bbox 257 327 808 371; baseline -0.005 0"><span class='ocrx_word' id='word_1_10' title='bbox 257 329 412 371; x_wconf 90' lang='lat' dir='ltr'>Cibum</span> <span class='ocrx_word' id='word_1_11' title='bbox 429 328 572 370; x_wconf 87' lang='lat' dir='ltr'>turbae</span> <span class='ocrx_word' id='word_1_12' title='bbox 593 327 808 369; x_wconf 81' lang='lat' dir='ltr'>duodenae</span> 
     </span>
     <span class='ocr_line' id='line_1_4' title="bbox 256 383 744 428; baseline -0.008 0"><span class='ocrx_word' id='word_1_13' title='bbox 256 385 311 428; x_wconf 90' lang='lat' dir='ltr'>Se</span> <span class='ocrx_word' id='word_1_14' title='bbox 331 384 407 428; x_wconf 88' lang='lat' dir='ltr'>dat</span> <span class='ocrx_word' id='word_1_15' title='bbox 425 385 514 426; x_wconf 89' lang='lat' dir='ltr'>suis</span> <span class='ocrx_word' id='word_1_16' title='bbox 533 383 744 425; x_wconf 66' lang='lat' dir='ltr'>manibus.</span> 
     </span>
    </p>
   </div>
   <div class='ocr_carea' id='block_1_3' title="bbox 192 458 976 783">
    <p class='ocr_par' dir='ltr' id='par_1_3' title="bbox 210 458 878 557">
     <span class='ocr_line' id='line_1_5' title="bbox 210 458 878 510; baseline -0.003 -12"><span class='ocrx_word' id='word_1_17' title='bbox 210 458 400 501; x_wconf 87' lang='lat' dir='ltr'>Verbum</span> <span class='ocrx_word' id='word_1_18' title='bbox 418 470 531 507; x_wconf 90' lang='lat' dir='ltr'>caro,</span> <span class='ocrx_word' id='word_1_19' title='bbox 550 469 708 510; x_wconf 92' lang='lat' dir='ltr'>panem</span> <span class='ocrx_word' id='word_1_20' title='bbox 726 468 878 498; x_wconf 92' lang='lat' dir='ltr'>verum</span> 
     </span>
     <span class='ocr_line' id='line_1_6' title="bbox 255 512 768 557; baseline -0.008 0"><span class='ocrx_word' id='word_1_21' title='bbox 255 514 407 557; x_wconf 89' lang='lat' dir='ltr'>Verbo</span> <span class='ocrx_word' id='word_1_22' title='bbox 427 526 602 556; x_wconf 91' lang='lat' dir='ltr'>carnem</span> <span class='ocrx_word' id='word_1_23' title='bbox 621 512 768 554; x_wconf 87' lang='lat' dir='ltr'>efficit:</span> 
     </span>
    </p>

    <p class='ocr_par' dir='ltr' id='par_1_4' title="bbox 192 569 976 783">
     <span class='ocr_line' id='line_1_7' title="bbox 192 569 976 623; baseline -0.005 -10"><span class='ocrx_word' id='word_1_24' title='bbox 192 597 195 600; x_wconf 59' lang='lat'><strong>&gt;</strong></span> <span class='ocrx_word' id='word_1_25' title='bbox 253 571 410 623; x_wconf 85' lang='lat' dir='ltr'>Fitque</span> <span class='ocrx_word' id='word_1_26' title='bbox 430 570 604 622; x_wconf 86' lang='lat' dir='ltr'>sanguis</span> <span class='ocrx_word' id='word_1_27' title='bbox 620 569 781 611; x_wconf 86' lang='lat' dir='ltr'>Christi</span> <span class='ocrx_word' id='word_1_28' title='bbox 798 581 976 617; x_wconf 89' lang='lat' dir='ltr'>merum,</span> 
     </span>
     <span class='ocr_line' id='line_1_8' title="bbox 254 625 716 675; baseline 0 -7"><span class='ocrx_word' id='word_1_29' title='bbox 254 628 312 669; x_wconf 89' lang='lat' dir='ltr'>Et</span> <span class='ocrx_word' id='word_1_30' title='bbox 330 628 367 668; x_wconf 90' lang='lat' dir='ltr'>si</span> <span class='ocrx_word' id='word_1_31' title='bbox 387 640 540 669; x_wconf 89' lang='lat' dir='ltr'>sensus</span> <span class='ocrx_word' id='word_1_32' title='bbox 560 625 716 675; x_wconf 75' lang='lat' dir='ltr'>deficit,</span> 
     </span>
     <span class='ocr_line' id='line_1_9' title="bbox 256 682 934 725; baseline -0.004 0"><span class='ocrx_word' id='word_1_33' title='bbox 256 684 329 725; x_wconf 94' lang='lat' dir='ltr'>Ad</span> <span class='ocrx_word' id='word_1_34' title='bbox 346 682 607 725; x_wconf 76' lang='lat' dir='ltr'>firmandum</span> <span class='ocrx_word' id='word_1_35' title='bbox 626 695 701 724; x_wconf 92' lang='lat' dir='ltr'>cor</span> <span class='ocrx_word' id='word_1_36' title='bbox 720 682 934 724; x_wconf 91' lang='lat' dir='ltr'>sincerum</span> 
     </span>
     <span class='ocr_line' id='line_1_10' title="bbox 257 739 676 783; baseline -0.007 0"><span class='ocrx_word' id='word_1_37' title='bbox 257 740 359 783; x_wconf 90' lang='lat' dir='ltr'>Sola</span> <span class='ocrx_word' id='word_1_38' title='bbox 376 740 487 782; x_wconf 90' lang='lat' dir='ltr'>fides</span> <span class='ocrx_word' id='word_1_39' title='bbox 506 739 676 781; x_wconf 81' lang='lat' dir='ltr'>sufficit.</span> 
     </span>
    </p>
   </div>
   <div class='ocr_carea' id='block_1_4' title="bbox 211 813 948 1136">
    <p class='ocr_par' dir='ltr' id='par_1_5' title="bbox 211 813 948 1136">
     <span class='ocr_line' id='line_1_11' title="bbox 211 813 863 865; baseline -0.002 -11"><span class='ocrx_word' id='word_1_40' title='bbox 211 814 397 856; x_wconf 88' lang='lat' dir='ltr'>Tantum</span> <span class='ocrx_word' id='word_1_41' title='bbox 413 826 516 865; x_wconf 87' lang='lat' dir='ltr'>ergo</span> <span class='ocrx_word' id='word_1_42' title='bbox 536 813 863 855; x_wconf 90' lang='lat' dir='ltr'>Sacramentum</span> 
     </span>
     <span class='ocr_line' id='line_1_12' title="bbox 256 869 708 912; baseline -0.004 0"><span class='ocrx_word' id='word_1_43' title='bbox 256 870 528 912; x_wconf 88' lang='lat' dir='ltr'>Veneremur</span> <span class='ocrx_word' id='word_1_44' title='bbox 547 869 708 911; x_wconf 87' lang='lat' dir='ltr'>cernui:</span> 
     </span>
     <span class='ocr_line' id='line_1_13' title="bbox 256 925 887 978; baseline -0.005 -10"><span class='ocrx_word' id='word_1_45' title='bbox 256 926 314 968; x_wconf 89' lang='lat' dir='ltr'>Et</span> <span class='ocrx_word' id='word_1_46' title='bbox 332 928 559 978; x_wconf 89' lang='lat' dir='ltr'>antiquum</span> <span class='ocrx_word' id='word_1_47' title='bbox 578 925 887 967; x_wconf 69' lang='lat' dir='ltr'>documentum</span> 
     </span>
     <span class='ocr_line' id='line_1_14' title="bbox 256 981 670 1025; baseline -0.005 -1"><span class='ocrx_word' id='word_1_48' title='bbox 256 981 387 1025; x_wconf 89' lang='lat' dir='ltr'>Novo</span> <span class='ocrx_word' id='word_1_49' title='bbox 407 981 535 1024; x_wconf 89' lang='lat' dir='ltr'>cedat</span> <span class='ocrx_word' id='word_1_50' title='bbox 554 982 670 1023; x_wconf 84' lang='lat' dir='ltr'>ritui:</span> 
     </span>
     <span class='ocr_line' id='line_1_15' title="bbox 257 1037 948 1091; baseline -0.004 -11"><span class='ocrx_word' id='word_1_51' title='bbox 257 1039 446 1080; x_wconf 83' lang='lat' dir='ltr'>Praestet</span> <span class='ocrx_word' id='word_1_52' title='bbox 465 1038 576 1080; x_wconf 89' lang='lat' dir='ltr'>fides</span> <span class='ocrx_word' id='word_1_53' title='bbox 596 1037 948 1091; x_wconf 89' lang='lat' dir='ltr'>supplementum</span> 
     </span>
     <span class='ocr_line' id='line_1_16' title="bbox 258 1093 689 1136; baseline -0.002 0"><span class='ocrx_word' id='word_1_54' title='bbox 258 1095 471 1136; x_wconf 77' lang='lat' dir='ltr'>sensuum</span> <span class='ocrx_word' id='word_1_55' title='bbox 490 1093 689 1136; x_wconf 88' lang='lat' dir='ltr'>defectui.</span> 
     </span>
    </p>
   </div>
   <div class='ocr_carea' id='block_1_5' title="bbox 159 1168 988 2743">
    <p class='ocr_par' dir='ltr' id='par_1_6' title="bbox 212 1168 916 1549">
     <span class='ocr_line' id='line_1_17' title="bbox 212 1168 685 1221; baseline 0.002 -12"><span class='ocrx_word' id='word_1_56' title='bbox 212 1169 417 1219; x_wconf 81' lang='lat' dir='ltr'>Geniteri,</span> <span class='ocrx_word' id='word_1_57' title='bbox 437 1168 685 1221; x_wconf 80' lang='lat' dir='ltr'>Geniteque</span> 
     </span>
     <span class='ocr_line' id='line_1_18' title="bbox 257 1224 662 1278; baseline -0.002 -11"><span class='ocrx_word' id='word_1_58' title='bbox 257 1225 374 1267; x_wconf 90' lang='lat' dir='ltr'>Laus</span> <span class='ocrx_word' id='word_1_59' title='bbox 394 1229 438 1267; x_wconf 91' lang='lat' dir='ltr'>et</span> <span class='ocrx_word' id='word_1_60' title='bbox 455 1224 662 1278; x_wconf 68' lang='lat' dir='ltr'>jubilatio,</span> 
     </span>
     <span class='ocr_line' id='line_1_19' title="bbox 258 1281 916 1332; baseline -0.006 -9"><span class='ocrx_word' id='word_1_61' title='bbox 258 1281 394 1332; x_wconf 89' lang='lat' dir='ltr'>Salus,</span> <span class='ocrx_word' id='word_1_62' title='bbox 412 1281 564 1331; x_wconf 89' lang='lat' dir='ltr'>honor,</span> <span class='ocrx_word' id='word_1_63' title='bbox 581 1281 721 1323; x_wconf 82' lang='lat' dir='ltr'>virtus</span> <span class='ocrx_word' id='word_1_64' title='bbox 742 1291 916 1332; x_wconf 90' lang='lat' dir='ltr'>quoque</span> 
     </span>
     <span class='ocr_line' id='line_1_20' title="bbox 259 1337 670 1380; baseline -0.005 0"><span class='ocrx_word' id='word_1_65' title='bbox 259 1338 323 1380; x_wconf 90' lang='lat' dir='ltr'>Sit</span> <span class='ocrx_word' id='word_1_66' title='bbox 342 1342 386 1380; x_wconf 89' lang='lat' dir='ltr'>et</span> <span class='ocrx_word' id='word_1_67' title='bbox 404 1337 670 1380; x_wconf 85' lang='lat' dir='ltr'><strong>benedictio:</strong></span> 
     </span>
     <span class='ocr_line' id='line_1_21' title="bbox 259 1393 800 1446; baseline -0.004 -10"><span class='ocrx_word' id='word_1_68' title='bbox 259 1394 522 1437; x_wconf 89' lang='lat' dir='ltr'>Procedenti</span> <span class='ocrx_word' id='word_1_69' title='bbox 541 1393 596 1436; x_wconf 91' lang='lat' dir='ltr'>ab</span> <span class='ocrx_word' id='word_1_70' title='bbox 612 1395 800 1446; x_wconf 84' lang='lat' dir='ltr'>utroque</span> 
     </span>
     <span class='ocr_line' id='line_1_22' title="bbox 262 1449 750 1504; baseline -0.004 -12"><span class='ocrx_word' id='word_1_71' title='bbox 262 1451 452 1504; x_wconf 87' lang='lat' dir='ltr'>Compar</span> <span class='ocrx_word' id='word_1_72' title='bbox 470 1451 527 1493; x_wconf 89' lang='lat' dir='ltr'>sit</span> <span class='ocrx_word' id='word_1_73' title='bbox 545 1449 750 1492; x_wconf 78' lang='lat' dir='ltr'>laudatio.</span> 
     </span>
     <span class='ocr_line' id='line_1_23' title="bbox 467 1507 621 1549; baseline 0 -1"><span class='ocrx_word' id='word_1_74' title='bbox 467 1507 621 1549; x_wconf 91' lang='lat' dir='ltr'>Amen.</span> 
     </span>
    </p>

    <p class='ocr_par' dir='ltr' id='par_1_7' title="bbox 159 1560 984 1723">
     <span class='ocr_line' id='line_1_24' title="bbox 213 1560 984 1618; baseline -0.008 -6"><span class='ocrx_word' id='word_1_75' title='bbox 213 1560 264 1613; x_wconf 65' lang='lat' dir='ltr'>V.</span> <span class='ocrx_word' id='word_1_76' title='bbox 296 1569 460 1610; x_wconf 87' lang='lat' dir='ltr'>Panem</span> <span class='ocrx_word' id='word_1_77' title='bbox 496 1566 551 1610; x_wconf 92' lang='lat' dir='ltr'>de</span> <span class='ocrx_word' id='word_1_78' title='bbox 588 1566 702 1609; x_wconf 86' lang='lat' dir='ltr'>coelo</span> <span class='ocrx_word' id='word_1_79' title='bbox 739 1565 984 1618; x_wconf 74' lang='lat' dir='ltr'>praestitisti</span> 
     </span>
     <span class='ocr_line' id='line_1_25' title="bbox 159 1622 984 1674; baseline -0.005 -8"><span class='ocrx_word' id='word_1_80' title='bbox 159 1625 233 1666; x_wconf 89' lang='lat' dir='ltr'>eis.</span> <span class='ocrx_word' id='word_1_81' title='bbox 281 1622 332 1674; x_wconf 75' lang='lat' dir='ltr'>R.</span> <span class='ocrx_word' id='word_1_82' title='bbox 369 1624 510 1666; x_wconf 83' lang='lat' dir='ltr'>Omne</span> <span class='ocrx_word' id='word_1_83' title='bbox 547 1623 910 1666; x_wconf 89' lang='lat' dir='ltr'>delectamentum</span> <span class='ocrx_word' id='word_1_84' title='bbox 940 1622 984 1662; x_wconf 91' lang='lat' dir='ltr'>in</span> 
     </span>
     <span class='ocr_line' id='line_1_26' title="bbox 160 1680 470 1723; baseline 0 -1"><span class='ocrx_word' id='word_1_85' title='bbox 160 1694 208 1723; x_wconf 92' lang='lat' dir='ltr'>se</span> <span class='ocrx_word' id='word_1_86' title='bbox 225 1680 470 1723; x_wconf 86' lang='lat' dir='ltr'>habentem.</span> 
     </span>
    </p>

    <p class='ocr_par' dir='ltr' id='par_1_8' title="bbox 161 1738 986 2065">
     <span class='ocr_line' id='line_1_27' title="bbox 216 1738 983 1793; baseline -0.004 -11"><span class='ocrx_word' id='word_1_87' title='bbox 216 1742 284 1784; x_wconf 85' lang='lat' dir='ltr'>Ad</span> <span class='ocrx_word' id='word_1_88' title='bbox 304 1743 475 1793; x_wconf 78' lang='lat' dir='ltr'>Magnis.</span> <span class='ocrx_word' id='word_1_89' title='bbox 495 1743 594 1783; x_wconf 79' lang='lat' dir='ltr'>Ant.</span> <span class='ocrx_word' id='word_1_90' title='bbox 623 1743 660 1783; x_wconf 93' lang='lat' dir='ltr'>O</span> <span class='ocrx_word' id='word_1_91' title='bbox 682 1752 814 1792; x_wconf 92' lang='lat' dir='ltr'>quam</span> <span class='ocrx_word' id='word_1_92' title='bbox 839 1738 983 1780; x_wconf 75' lang='lat' dir='ltr'>suavis</span> 
     </span>
     <span class='ocr_line' id='line_1_28' title="bbox 161 1795 985 1850; baseline -0.005 -11"><span class='ocrx_word' id='word_1_93' title='bbox 161 1802 228 1839; x_wconf 90' lang='lat' dir='ltr'>est</span> <span class='ocrx_word' id='word_1_94' title='bbox 250 1798 274 1825; x_wconf 89' lang='lat'>*</span> <span class='ocrx_word' id='word_1_95' title='bbox 292 1797 481 1840; x_wconf 82' lang='lat' dir='ltr'>Domine</span> <span class='ocrx_word' id='word_1_96' title='bbox 505 1797 682 1850; x_wconf 87' lang='lat' dir='ltr'>spiritus</span> <span class='ocrx_word' id='word_1_97' title='bbox 704 1802 817 1846; x_wconf 88' lang='lat' dir='ltr'>tuus,</span> <span class='ocrx_word' id='word_1_98' title='bbox 842 1795 915 1848; x_wconf 93' lang='lat' dir='ltr'>qui</span> <span class='ocrx_word' id='word_1_99' title='bbox 936 1800 985 1836; x_wconf 92' lang='lat' dir='ltr'>ut</span> 
     </span>
     <span class='ocr_line' id='line_1_29' title="bbox 162 1851 984 1896; baseline -0.005 0"><span class='ocrx_word' id='word_1_100' title='bbox 162 1852 438 1896; x_wconf 88' lang='lat' dir='ltr'>dulcedinem</span> <span class='ocrx_word' id='word_1_101' title='bbox 459 1858 580 1896; x_wconf 93' lang='lat' dir='ltr'>tuam</span> <span class='ocrx_word' id='word_1_102' title='bbox 604 1853 648 1894; x_wconf 91' lang='lat' dir='ltr'>in</span> <span class='ocrx_word' id='word_1_103' title='bbox 670 1853 784 1894; x_wconf 90' lang='lat' dir='ltr'>filios</span> <span class='ocrx_word' id='word_1_104' title='bbox 808 1851 984 1894; x_wconf 91' lang='lat' dir='ltr'>demon-</span> 
     </span>
     <span class='ocr_line' id='line_1_30' title="bbox 162 1907 985 1963; baseline -0.004 -12"><span class='ocrx_word' id='word_1_105' title='bbox 162 1911 340 1961; x_wconf 79' lang='lat' dir='ltr'>strareS,</span> <span class='ocrx_word' id='word_1_106' title='bbox 367 1922 480 1963; x_wconf 90' lang='lat' dir='ltr'>pane</span> <span class='ocrx_word' id='word_1_107' title='bbox 507 1909 765 1951; x_wconf 88' lang='lat' dir='ltr'>suavissimo</span> <span class='ocrx_word' id='word_1_108' title='bbox 790 1907 846 1950; x_wconf 87' lang='lat' dir='ltr'>de</span> <span class='ocrx_word' id='word_1_109' title='bbox 871 1907 985 1949; x_wconf 91' lang='lat' dir='ltr'>coelo</span> 
     </span>
     <span class='ocr_line' id='line_1_31' title="bbox 162 1963 986 2018; baseline -0.002 -12"><span class='ocrx_word' id='word_1_110' title='bbox 162 1966 380 2018; x_wconf 78' lang='lat' dir='ltr'>praestito,</span> <span class='ocrx_word' id='word_1_111' title='bbox 408 1966 649 2008; x_wconf 89' lang='lat' dir='ltr'>esurientes</span> <span class='ocrx_word' id='word_1_112' title='bbox 676 1964 821 2017; x_wconf 89' lang='lat' dir='ltr'>reples</span> <span class='ocrx_word' id='word_1_113' title='bbox 847 1963 986 2014; x_wconf 90' lang='lat' dir='ltr'>bonis,</span> 
     </span>
     <span class='ocr_line' id='line_1_32' title="bbox 163 2020 986 2065; baseline -0.002 -2"><span class='ocrx_word' id='word_1_114' title='bbox 163 2021 415 2064; x_wconf 83' lang='lat' dir='ltr'>fastidiosos</span> <span class='ocrx_word' id='word_1_115' title='bbox 427 2022 585 2065; x_wconf 89' lang='lat' dir='ltr'>divites</span> <span class='ocrx_word' id='word_1_116' title='bbox 594 2021 816 2064; x_wconf 89' lang='lat' dir='ltr'>dimittens</span> <span class='ocrx_word' id='word_1_117' title='bbox 825 2020 986 2062; x_wconf 70' lang='lat' dir='ltr'>inanes.</span> 
     </span>
    </p>

    <p class='ocr_par' dir='ltr' id='par_1_9' title="bbox 495 2082 656 2123">
     <span class='ocr_line' id='line_1_33' title="bbox 495 2082 656 2123; baseline -0.012 0"><span class='ocrx_word' id='word_1_118' title='bbox 495 2082 656 2123; x_wconf 86' lang='lat' dir='ltr'>Oratio.</span> 
     </span>
    </p>

    <p class='ocr_par' dir='ltr' id='par_1_10' title="bbox 275 2136 986 2190">
     <span class='ocr_line' id='line_1_34' title="bbox 275 2136 986 2190; baseline -0.003 -11"><span class='ocrx_word' id='word_1_119' title='bbox 275 2150 342 2188; x_wconf 90' lang='lat' dir='ltr'>us,</span> <span class='ocrx_word' id='word_1_120' title='bbox 367 2138 442 2190; x_wconf 91' lang='lat' dir='ltr'>qui</span> <span class='ocrx_word' id='word_1_121' title='bbox 458 2137 586 2179; x_wconf 92' lang='lat' dir='ltr'>nobis</span> <span class='ocrx_word' id='word_1_122' title='bbox 605 2136 686 2179; x_wconf 89' lang='lat' dir='ltr'>sub</span> <span class='ocrx_word' id='word_1_123' title='bbox 705 2136 986 2183; x_wconf 89' lang='lat' dir='ltr'>Sacramento</span> 
     </span>
    </p>

    <p class='ocr_par' dir='ltr' id='par_1_11' title="bbox 165 2194 988 2528">
     <span class='ocr_line' id='line_1_35' title="bbox 268 2194 987 2247; baseline -0.004 -11"><span class='ocrx_word' id='word_1_124' title='bbox 268 2194 456 2236; x_wconf 81' lang='lat' dir='ltr'>mirabili</span> <span class='ocrx_word' id='word_1_125' title='bbox 478 2194 694 2247; x_wconf 81' lang='lat' dir='ltr'>passienis</span> <span class='ocrx_word' id='word_1_126' title='bbox 720 2197 808 2235; x_wconf 84' lang='lat' dir='ltr'>tuae</span> <span class='ocrx_word' id='word_1_127' title='bbox 827 2194 987 2234; x_wconf 86' lang='lat' dir='ltr'>memo-</span> 
     </span>
     <span class='ocr_line' id='line_1_36' title="bbox 165 2250 987 2303; baseline -0.005 -10"><span class='ocrx_word' id='word_1_128' title='bbox 165 2252 275 2293; x_wconf 87' lang='lat' dir='ltr'>riam</span> <span class='ocrx_word' id='word_1_129' title='bbox 297 2251 525 2303; x_wconf 84' lang='lat' dir='ltr'>reliquisti:</span> <span class='ocrx_word' id='word_1_130' title='bbox 547 2250 702 2300; x_wconf 80' lang='lat' dir='ltr'>tribue,</span> <span class='ocrx_word' id='word_1_131' title='bbox 728 2251 987 2302; x_wconf 80' lang='lat' dir='ltr'>quaesumus,</span> 
     </span>
     <span class='ocr_line' id='line_1_37' title="bbox 165 2305 988 2360; baseline -0.005 -11"><span class='ocrx_word' id='word_1_132' title='bbox 165 2308 226 2349; x_wconf 90' lang='lat' dir='ltr'>ita</span> <span class='ocrx_word' id='word_1_133' title='bbox 256 2320 337 2349; x_wconf 87' lang='lat' dir='ltr'>nos</span> <span class='ocrx_word' id='word_1_134' title='bbox 371 2307 567 2360; x_wconf 85' lang='lat' dir='ltr'>corporis</span> <span class='ocrx_word' id='word_1_135' title='bbox 598 2311 642 2348; x_wconf 91' lang='lat' dir='ltr'>et</span> <span class='ocrx_word' id='word_1_136' title='bbox 673 2305 893 2356; x_wconf 79' lang='lat' dir='ltr'>sanguinis</span> <span class='ocrx_word' id='word_1_137' title='bbox 924 2305 988 2346; x_wconf 91' lang='lat' dir='ltr'>tui</span> 
     </span>
     <span class='ocr_line' id='line_1_38' title="bbox 166 2361 987 2416; baseline -0.004 -11"><span class='ocrx_word' id='word_1_138' title='bbox 166 2377 290 2406; x_wconf 91' lang='lat' dir='ltr'>sacra</span> <span class='ocrx_word' id='word_1_139' title='bbox 321 2363 528 2416; x_wconf 87' lang='lat' dir='ltr'>mysteria</span> <span class='ocrx_word' id='word_1_140' title='bbox 560 2363 775 2413; x_wconf 75' lang='lat' dir='ltr'>venerari3</span> <span class='ocrx_word' id='word_1_141' title='bbox 810 2367 858 2403; x_wconf 93' lang='lat' dir='ltr'>ut</span> <span class='ocrx_word' id='word_1_142' title='bbox 892 2361 987 2402; x_wconf 92' lang='lat' dir='ltr'>red-</span> 
     </span>
     <span class='ocr_line' id='line_1_39' title="bbox 167 2416 985 2473; baseline -0.005 -11"><span class='ocrx_word' id='word_1_143' title='bbox 167 2421 400 2473; x_wconf 83' lang='lat' dir='ltr'>emptionis</span> <span class='ocrx_word' id='word_1_144' title='bbox 434 2424 523 2461; x_wconf 87' lang='lat' dir='ltr'>tuae</span> <span class='ocrx_word' id='word_1_145' title='bbox 557 2419 746 2461; x_wconf 90' lang='lat' dir='ltr'>fructum</span> <span class='ocrx_word' id='word_1_146' title='bbox 779 2419 823 2459; x_wconf 92' lang='lat' dir='ltr'>in</span> <span class='ocrx_word' id='word_1_147' title='bbox 858 2416 985 2459; x_wconf 92' lang='lat' dir='ltr'>nobis</span> 
     </span>
     <span class='ocr_line' id='line_1_40' title="bbox 167 2474 847 2528; baseline -0.004 -10"><span class='ocrx_word' id='word_1_148' title='bbox 167 2477 322 2528; x_wconf 79' lang='lat' dir='ltr'>jugiter</span> <span class='ocrx_word' id='word_1_149' title='bbox 342 2476 595 2518; x_wconf 79' lang='lat' dir='ltr'>sentiamus:</span> <span class='ocrx_word' id='word_1_150' title='bbox 623 2475 707 2526; x_wconf 90' lang='lat' dir='ltr'>Qui</span> <span class='ocrx_word' id='word_1_151' title='bbox 726 2474 847 2516; x_wconf 84' lang='lat' dir='ltr'>vivis.</span> 
     </span>
    </p>

    <p class='ocr_par' dir='ltr' id='par_1_12' title="bbox 169 2535 987 2629">
     <span class='ocr_line' id='line_1_41' title="bbox 219 2535 987 2580; baseline -0.003 -10"><span class='ocrx_word' id='word_1_152' title='bbox 219 2536 282 2571; x_wconf 88' lang='lat' dir='ltr'>Ad</span> <span class='ocrx_word' id='word_1_153' title='bbox 302 2537 614 2580; x_wconf 89' lang='lat' dir='ltr'>Completorium,</span> <span class='ocrx_word' id='word_1_154' title='bbox 639 2540 675 2571; x_wconf 87' lang='lat' dir='ltr'>ct</span> <span class='ocrx_word' id='word_1_155' title='bbox 697 2546 766 2579; x_wconf 89' lang='lat' dir='ltr'>per</span> <span class='ocrx_word' id='word_1_156' title='bbox 786 2535 923 2577; x_wconf 81' lang='lat' dir='ltr'>Horas,</span> <span class='ocrx_word' id='word_1_157' title='bbox 949 2535 987 2568; x_wconf 91' lang='lat' dir='ltr'>in</span> 
     </span>
     <span class='ocr_line' id='line_1_42' title="bbox 169 2583 680 2629; baseline 0.002 -12"><span class='ocrx_word' id='word_1_158' title='bbox 169 2583 242 2618; x_wconf 88' lang='lat' dir='ltr'>fine</span> <span class='ocrx_word' id='word_1_159' title='bbox 265 2584 504 2629; x_wconf 89' lang='lat' dir='ltr'>Hymnorum</span> <span class='ocrx_word' id='word_1_160' title='bbox 528 2585 680 2619; x_wconf 89' lang='lat' dir='ltr'>dicitur:</span> 
     </span>
    </p>

    <p class='ocr_par' dir='ltr' id='par_1_13' title="bbox 250 2635 876 2743">
     <span class='ocr_line' id='line_1_43' title="bbox 250 2635 696 2686; baseline 0 -10"><span class='ocrx_word' id='word_1_161' title='bbox 250 2636 358 2686; x_wconf 88' lang='lat' dir='ltr'>Jesu‚</span> <span class='ocrx_word' id='word_1_162' title='bbox 375 2636 455 2678; x_wconf 90' lang='lat' dir='ltr'>tibi</span> <span class='ocrx_word' id='word_1_163' title='bbox 474 2635 530 2677; x_wconf 89' lang='lat' dir='ltr'>sit</span> <span class='ocrx_word' id='word_1_164' title='bbox 547 2635 696 2686; x_wconf 83' lang='lat' dir='ltr'>gloria,</span> 
     </span>
     <span class='ocr_line' id='line_1_44' title="bbox 298 2690 876 2743; baseline -0.009 -9"><span class='ocrx_word' id='word_1_165' title='bbox 298 2692 381 2743; x_wconf 83' lang='lat' dir='ltr'>Qui</span> <span class='ocrx_word' id='word_1_166' title='bbox 398 2697 526 2734; x_wconf 90' lang='lat' dir='ltr'>natus</span> <span class='ocrx_word' id='word_1_167' title='bbox 545 2704 592 2733; x_wconf 87' lang='lat' dir='ltr'>es</span> <span class='ocrx_word' id='word_1_168' title='bbox 611 2691 666 2733; x_wconf 88' lang='lat' dir='ltr'>de</span> <span class='ocrx_word' id='word_1_169' title='bbox 684 2690 876 2741; x_wconf 88' lang='lat' dir='ltr'>Virgine.</span> 
     </span>
    </p>
   </div>
   <div class='ocr_carea' id='block_1_6' title="bbox 322 2833 492 2858">
    <p class='ocr_par' dir='ltr' id='par_1_14' title="bbox 322 2833 492 2858">
     <span class='ocr_line' id='line_1_45' title="bbox 322 2833 492 2858; baseline 0 0"><span class='ocrx_word' id='word_1_170' title='bbox 322 2834 384 2858; x_wconf 75' lang='lat' dir='ltr'>Pars</span> <span class='ocrx_word' id='word_1_171' title='bbox 400 2833 492 2858; x_wconf 78' lang='lat' dir='ltr'>Verna.</span> 
     </span>
    </p>
   </div>
   <div class='ocr_carea' id='block_1_7' title="bbox 1186 271 1688 313">
    <p class='ocr_par' dir='ltr' id='par_1_15' title="bbox 1186 271 1688 313">
     <span class='ocr_line' id='line_1_46' title="bbox 1186 271 1688 313; baseline -0.004 0"><span class='ocrx_word' id='word_1_172' title='bbox 1186 272 1272 313; x_wconf 88' lang='lat' dir='ltr'>Ad</span> <span class='ocrx_word' id='word_1_173' title='bbox 1302 271 1688 312; x_wconf 79' lang='lat' dir='ltr'>Matutinum.</span> 
     </span>
    </p>
   </div>
   <div class='ocr_carea' id='block_1_8' title="bbox 1026 339 1853 622">
    <p class='ocr_par' dir='ltr' id='par_1_16' title="bbox 1026 339 1853 564">
     <span class='ocr_line' id='line_1_47' title="bbox 1083 339 1850 392; baseline -0.005 -8"><span class='ocrx_word' id='word_1_174' title='bbox 1083 344 1252 385; x_wconf 82' lang='lat' dir='ltr'>Invitat.</span> <span class='ocrx_word' id='word_1_175' title='bbox 1273 341 1494 383; x_wconf 89' lang='lat' dir='ltr'>Christum</span> <span class='ocrx_word' id='word_1_176' title='bbox 1511 341 1679 392; x_wconf 86' lang='lat' dir='ltr'>Regem</span> <span class='ocrx_word' id='word_1_177' title='bbox 1698 339 1850 382; x_wconf 90' lang='lat' dir='ltr'>adore-</span> 
     </span>
     <span class='ocr_line' id='line_1_48' title="bbox 1026 396 1853 446; baseline -0.006 -5"><span class='ocrx_word' id='word_1_178' title='bbox 1026 411 1122 441; x_wconf 89' lang='lat' dir='ltr'>mus</span> <span class='ocrx_word' id='word_1_179' title='bbox 1147 398 1443 440; x_wconf 76' lang='lat' dir='ltr'>dominantem</span> <span class='ocrx_word' id='word_1_180' title='bbox 1468 397 1696 439; x_wconf 79' lang='lat' dir='ltr'>Gentibus:</span> <span class='ocrx_word' id='word_1_181' title='bbox 1727 401 1746 421; x_wconf 80' lang='lat'>*</span> <span class='ocrx_word' id='word_1_182' title='bbox 1770 396 1853 446; x_wconf 86' lang='lat' dir='ltr'>Qui</span> 
     </span>
     <span class='ocr_line' id='line_1_49' title="bbox 1029 453 1851 506; baseline -0.005 -9"><span class='ocrx_word' id='word_1_183' title='bbox 1029 469 1076 497; x_wconf 87' lang='lat' dir='ltr'>sc</span> <span class='ocrx_word' id='word_1_184' title='bbox 1093 454 1457 496; x_wconf 71' lang='lat' dir='ltr'>manducantibus</span> <span class='ocrx_word' id='word_1_185' title='bbox 1472 453 1547 495; x_wconf 86' lang='lat' dir='ltr'>dat</span> <span class='ocrx_word' id='word_1_186' title='bbox 1567 453 1744 506; x_wconf 90' lang='lat' dir='ltr'>spiritus</span> <span class='ocrx_word' id='word_1_187' title='bbox 1761 453 1851 505; x_wconf 92' lang='lat' dir='ltr'>pin-</span> 
     </span>
     <span class='ocr_line' id='line_1_50' title="bbox 1028 511 1271 564; baseline -0.004 -11"><span class='ocrx_word' id='word_1_188' title='bbox 1028 511 1271 564; x_wconf 89' lang='lat' dir='ltr'>guedinem.</span> 
     </span>
    </p>

    <p class='ocr_par' dir='ltr' id='par_1_17' title="bbox 1086 571 1690 622">
     <span class='ocr_line' id='line_1_51' title="bbox 1086 571 1690 622; baseline -0.003 -9"><span class='ocrx_word' id='word_1_189' title='bbox 1086 574 1152 613; x_wconf 87' lang='lat' dir='ltr'>Ps.</span> <span class='ocrx_word' id='word_1_190' title='bbox 1174 574 1340 622; x_wconf 80' lang='lat' dir='ltr'>Venite,</span> <span class='ocrx_word' id='word_1_191' title='bbox 1359 571 1636 614; x_wconf 82' lang='lat' dir='ltr'>exsultemus.</span> <span class='ocrx_word' id='word_1_192' title='bbox 1654 572 1690 611; x_wconf 87' lang='lat'>2.</span> 
     </span>
    </p>
   </div>
   <div class='ocr_carea' id='block_1_9' title="bbox 1036 648 1856 1100">
    <p class='ocr_par' dir='ltr' id='par_1_18' title="bbox 1036 648 1856 1100">
     <span class='ocr_line' id='line_1_52' title="bbox 1340 648 1547 699; baseline -0.005 -12"><span class='ocrx_word' id='word_1_193' title='bbox 1340 648 1547 699; x_wconf 76' lang='lat' dir='ltr'>Hymnus.</span> 
     </span>
     <span class='ocr_line' id='line_1_53' title="bbox 1036 708 1855 816; baseline -0.002 -64"><span class='ocrx_word' id='word_1_194' title='bbox 1036 708 1218 816; x_wconf 83' lang='lat' dir='ltr'>Sacris</span> <span class='ocrx_word' id='word_1_195' title='bbox 1236 710 1456 752; x_wconf 90' lang='lat' dir='ltr'>solemniis</span> <span class='ocrx_word' id='word_1_196' title='bbox 1478 711 1621 762; x_wconf 89' lang='lat' dir='ltr'>juncta</span> <span class='ocrx_word' id='word_1_197' title='bbox 1646 709 1732 751; x_wconf 91' lang='lat' dir='ltr'>sint</span> <span class='ocrx_word' id='word_1_198' title='bbox 1755 712 1855 760; x_wconf 83' lang='lat' dir='ltr'>gau-</span> 
     </span>
     <span class='ocr_line' id='line_1_54' title="bbox 1339 766 1420 816; baseline -0.025 -8"><span class='ocrx_word' id='word_1_199' title='bbox 1339 766 1420 816; x_wconf 90' lang='lat' dir='ltr'>dia,</span> 
     </span>
     <span class='ocr_line' id='line_1_55' title="bbox 1081 823 1856 876; baseline -0.003 -11"><span class='ocrx_word' id='word_1_200' title='bbox 1081 824 1137 865; x_wconf 92' lang='lat' dir='ltr'>Et</span> <span class='ocrx_word' id='word_1_201' title='bbox 1174 837 1228 866; x_wconf 83' lang='lat' dir='ltr'>ex</span> <span class='ocrx_word' id='word_1_202' title='bbox 1262 823 1521 876; x_wconf 79' lang='lat' dir='ltr'>praecerdiis</span> <span class='ocrx_word' id='word_1_203' title='bbox 1559 827 1714 864; x_wconf 90' lang='lat' dir='ltr'>sonent</span> <span class='ocrx_word' id='word_1_204' title='bbox 1747 835 1856 875; x_wconf 86' lang='lat' dir='ltr'>prae-</span> 
     </span>
     <span class='ocr_line' id='line_1_56' title="bbox 1342 880 1482 930; baseline -0.007 -9"><span class='ocrx_word' id='word_1_205' title='bbox 1342 880 1482 930; x_wconf 81' lang='lat' dir='ltr'>conia3</span> 
     </span>
     <span class='ocr_line' id='line_1_57' title="bbox 1082 936 1541 986; baseline -0.002 -8"><span class='ocrx_word' id='word_1_206' title='bbox 1082 936 1310 979; x_wconf 88' lang='lat' dir='ltr'>Recedant</span> <span class='ocrx_word' id='word_1_207' title='bbox 1365 939 1541 986; x_wconf 88' lang='lat' dir='ltr'>vetera,</span> 
     </span>
     <span class='ocr_line' id='line_1_58' title="bbox 1342 993 1497 1042; baseline -0.006 -8"><span class='ocrx_word' id='word_1_208' title='bbox 1342 993 1497 1042; x_wconf 79' lang='lat' dir='ltr'>emnia,</span> 
     </span>
     <span class='ocr_line' id='line_1_59' title="bbox 1137 1049 1681 1100; baseline -0.007 -8"><span class='ocrx_word' id='word_1_209' title='bbox 1137 1049 1290 1100; x_wconf 92' lang='lat' dir='ltr'>Corda,</span> <span class='ocrx_word' id='word_1_210' title='bbox 1309 1062 1454 1099; x_wconf 82' lang='lat' dir='ltr'>voceS,</span> <span class='ocrx_word' id='word_1_211' title='bbox 1474 1054 1517 1091; x_wconf 86' lang='lat' dir='ltr'>et</span> <span class='ocrx_word' id='word_1_212' title='bbox 1537 1050 1681 1100; x_wconf 85' lang='lat' dir='ltr'>opera.</span> 
     </span>
    </p>
   </div>
   <div class='ocr_carea' id='block_1_10' title="bbox 1036 1116 1912 2144">
    <p class='ocr_par' dir='ltr' id='par_1_19' title="bbox 1036 1116 1858 1338">
     <span class='ocr_line' id='line_1_60' title="bbox 1036 1116 1820 1166; baseline -0.001 -8"><span class='ocrx_word' id='word_1_213' title='bbox 1036 1119 1185 1160; x_wconf 87' lang='lat' dir='ltr'>Noctis</span> <span class='ocrx_word' id='word_1_214' title='bbox 1204 1118 1409 1160; x_wconf 83' lang='lat' dir='ltr'>recolitur</span> <span class='ocrx_word' id='word_1_215' title='bbox 1429 1130 1555 1159; x_wconf 91' lang='lat' dir='ltr'>coena</span> <span class='ocrx_word' id='word_1_216' title='bbox 1573 1116 1820 1166; x_wconf 88' lang='lat' dir='ltr'>novissima,</span> 
     </span>
     <span class='ocr_line' id='line_1_61' title="bbox 1085 1174 1858 1243; baseline -0.004 -27"><span class='ocrx_word' id='word_1_217' title='bbox 1085 1176 1180 1226; x_wconf 90' lang='lat' dir='ltr'>Qua</span> <span class='ocrx_word' id='word_1_218' title='bbox 1200 1174 1398 1243; x_wconf 79' lang='lat' dir='ltr'>Christus</span> <span class='ocrx_word' id='word_1_219' title='bbox 1422 1174 1614 1215; x_wconf 92' lang='lat' dir='ltr'>creditur</span> <span class='ocrx_word' id='word_1_220' title='bbox 1637 1186 1795 1224; x_wconf 87' lang='lat' dir='ltr'>agnum</span> <span class='ocrx_word' id='word_1_221' title='bbox 1815 1176 1858 1214; x_wconf 91' lang='lat' dir='ltr'>et</span> 
     </span>
     <span class='ocr_line' id='line_1_62' title="bbox 1084 1243 1858 1338; baseline -0.003 -10"><span class='ocrx_word' id='word_1_222' title='bbox 1084 1286 1272 1328; x_wconf 88' lang='lat' dir='ltr'>Dedisse</span> <span class='ocrx_word' id='word_1_223' title='bbox 1291 1243 1508 1336; x_wconf 40' lang='lat' dir='ltr'>frgtssiybliliss</span> <span class='ocrx_word' id='word_1_224' title='bbox 1528 1287 1648 1338; x_wconf 87' lang='lat' dir='ltr'>juxta</span> <span class='ocrx_word' id='word_1_225' title='bbox 1665 1285 1858 1337; x_wconf 85' lang='lat' dir='ltr'>legitima</span> 
     </span>
    </p>

    <p class='ocr_par' dir='ltr' id='par_1_20' title="bbox 1136 1342 1713 1395">
     <span class='ocr_line' id='line_1_63' title="bbox 1136 1342 1713 1395; baseline -0.003 -10"><span class='ocrx_word' id='word_1_226' title='bbox 1136 1343 1296 1385; x_wconf 88' lang='lat' dir='ltr'>Priscis</span> <span class='ocrx_word' id='word_1_227' title='bbox 1316 1342 1485 1384; x_wconf 79' lang='lat' dir='ltr'>indulta</span> <span class='ocrx_word' id='word_1_228' title='bbox 1503 1342 1713 1395; x_wconf 81' lang='lat' dir='ltr'>patribus.</span> 
     </span>
    </p>

    <p class='ocr_par' dir='ltr' id='par_1_21' title="bbox 1036 1412 1860 1688">
     <span class='ocr_line' id='line_1_64' title="bbox 1036 1412 1858 1509; baseline -0.001 -55"><span class='ocrx_word' id='word_1_229' title='bbox 1036 1416 1141 1454; x_wconf 79' lang='lat' dir='ltr'>Post</span> <span class='ocrx_word' id='word_1_230' title='bbox 1157 1425 1314 1464; x_wconf 86' lang='lat' dir='ltr'>agnum</span> <span class='ocrx_word' id='word_1_231' title='bbox 1331 1412 1537 1509; x_wconf 56' lang='lat' dir='ltr'>tIJincum,</span> <span class='ocrx_word' id='word_1_232' title='bbox 1558 1412 1741 1464; x_wconf 85' lang='lat' dir='ltr'>expletis</span> <span class='ocrx_word' id='word_1_233' title='bbox 1757 1413 1858 1465; x_wconf 90' lang='lat' dir='ltr'>epu-</span> 
     </span>
     <span class='ocr_line' id='line_1_65' title="bbox 1088 1481 1858 1589; baseline -0.003 -22"><span class='ocrx_word' id='word_1_234' title='bbox 1088 1526 1258 1578; x_wconf 88' lang='lat' dir='ltr'>Corpus</span> <span class='ocrx_word' id='word_1_235' title='bbox 1272 1481 1551 1589; x_wconf 49' lang='lat' dir='ltr'>Dorffinicum</span> <span class='ocrx_word' id='word_1_236' title='bbox 1569 1524 1719 1566; x_wconf 91' lang='lat' dir='ltr'>datum</span> <span class='ocrx_word' id='word_1_237' title='bbox 1734 1523 1858 1566; x_wconf 91' lang='lat' dir='ltr'>disci-</span> 
     </span>
     <span class='ocr_line' id='line_1_66' title="bbox 1087 1581 1860 1688; baseline -0.003 -8"><span class='ocrx_word' id='word_1_238' title='bbox 1087 1639 1157 1680; x_wconf 86' lang='lat' dir='ltr'>Sic</span> <span class='ocrx_word' id='word_1_239' title='bbox 1180 1642 1322 1680; x_wconf 92' lang='lat' dir='ltr'>totum</span> <span class='ocrx_word' id='word_1_240' title='bbox 1341 1581 1555 1687; x_wconf 48' lang='lat' dir='ltr'>grtiffibus,</span> <span class='ocrx_word' id='word_1_241' title='bbox 1580 1636 1700 1688; x_wconf 91' lang='lat' dir='ltr'>quod</span> <span class='ocrx_word' id='word_1_242' title='bbox 1718 1642 1860 1679; x_wconf 89' lang='lat' dir='ltr'>totum</span> 
     </span>
    </p>

    <p class='ocr_par' dir='ltr' id='par_1_22' title="bbox 1139 1694 1676 1804">
     <span class='ocr_line' id='line_1_67' title="bbox 1344 1694 1535 1746; baseline 0 -11"><span class='ocrx_word' id='word_1_243' title='bbox 1344 1694 1535 1746; x_wconf 89' lang='lat' dir='ltr'>singulis,</span> 
     </span>
     <span class='ocr_line' id='line_1_68' title="bbox 1139 1750 1676 1804; baseline -0.002 -12"><span class='ocrx_word' id='word_1_244' title='bbox 1139 1752 1242 1804; x_wconf 87' lang='lat' dir='ltr'>Ejus</span> <span class='ocrx_word' id='word_1_245' title='bbox 1261 1751 1447 1792; x_wconf 89' lang='lat' dir='ltr'>fatemur</span> <span class='ocrx_word' id='word_1_246' title='bbox 1465 1750 1676 1792; x_wconf 80' lang='lat' dir='ltr'>manibus.</span> 
     </span>
    </p>

    <p class='ocr_par' dir='ltr' id='par_1_23' title="bbox 1043 1818 1912 2041">
     <span class='ocr_line' id='line_1_69' title="bbox 1043 1818 1861 1872; baseline -0.004 -10"><span class='ocrx_word' id='word_1_247' title='bbox 1043 1819 1171 1863; x_wconf 90' lang='lat' dir='ltr'>Dedit</span> <span class='ocrx_word' id='word_1_248' title='bbox 1188 1819 1412 1871; x_wconf 86' lang='lat' dir='ltr'>fragilibus</span> <span class='ocrx_word' id='word_1_249' title='bbox 1428 1819 1625 1872; x_wconf 83' lang='lat' dir='ltr'>cerporis</span> <span class='ocrx_word' id='word_1_250' title='bbox 1642 1818 1861 1868; x_wconf 86' lang='lat' dir='ltr'>ferculum,</span> 
     </span>
     <span class='ocr_line' id='line_1_70' title="bbox 1089 1875 1861 1927; baseline -0.004 -9"><span class='ocrx_word' id='word_1_251' title='bbox 1089 1875 1224 1918; x_wconf 87' lang='lat' dir='ltr'>Dedit</span> <span class='ocrx_word' id='word_1_252' title='bbox 1250 1881 1293 1918; x_wconf 87' lang='lat' dir='ltr'>et</span> <span class='ocrx_word' id='word_1_253' title='bbox 1317 1875 1515 1918; x_wconf 89' lang='lat' dir='ltr'>tristibus</span> <span class='ocrx_word' id='word_1_254' title='bbox 1540 1875 1762 1927; x_wconf 82' lang='lat' dir='ltr'>sanguinis</span> <span class='ocrx_word' id='word_1_255' title='bbox 1785 1877 1861 1927; x_wconf 84' lang='lat' dir='ltr'>po-</span> 
     </span>
     <span class='ocr_line' id='line_1_71' title="bbox 1089 1932 1912 2041; baseline -0.001 -12"><span class='ocrx_word' id='word_1_256' title='bbox 1089 1988 1270 2031; x_wconf 91' lang='lat' dir='ltr'>Dicens:</span> <span class='ocrx_word' id='word_1_257' title='bbox 1322 1932 1508 2041; x_wconf 41' lang='lat' dir='ltr'>affligi&amp;</span> <span class='ocrx_word' id='word_1_258' title='bbox 1562 1987 1682 2040; x_wconf 92' lang='lat' dir='ltr'>quod</span> <span class='ocrx_word' id='word_1_259' title='bbox 1733 1986 1860 2029; x_wconf 90' lang='lat' dir='ltr'>trado</span> <span class='ocrx_word' id='word_1_260' title='bbox 1909 1980 1912 1984; x_wconf 61' lang='grc'><strong><em>’</em></strong></span> 
     </span>
    </p>

    <p class='ocr_par' dir='ltr' id='par_1_24' title="bbox 1142 2044 1618 2144">
     <span class='ocr_line' id='line_1_72' title="bbox 1348 2044 1584 2094; baseline -0.008 -7"><span class='ocrx_word' id='word_1_261' title='bbox 1348 2044 1584 2094; x_wconf 80' lang='lat' dir='ltr'>vasculum,</span> 
     </span>
     <span class='ocr_line' id='line_1_73' title="bbox 1142 2100 1618 2144; baseline -0.008 0"><span class='ocrx_word' id='word_1_262' title='bbox 1142 2102 1306 2144; x_wconf 91' lang='lat' dir='ltr'>Omnes</span> <span class='ocrx_word' id='word_1_263' title='bbox 1326 2114 1380 2143; x_wconf 86' lang='lat' dir='ltr'>ex</span> <span class='ocrx_word' id='word_1_264' title='bbox 1399 2114 1452 2143; x_wconf 90' lang='lat' dir='ltr'>eo</span> <span class='ocrx_word' id='word_1_265' title='bbox 1471 2100 1618 2143; x_wconf 88' lang='lat' dir='ltr'>bibite.</span> 
     </span>
    </p>
   </div>
   <div class='ocr_carea' id='block_1_11' title="bbox 1041 2168 1863 2741">
    <p class='ocr_par' dir='ltr' id='par_1_25' title="bbox 1041 2168 1862 2348">
     <span class='ocr_line' id='line_1_74' title="bbox 1041 2168 1737 2217; baseline -0.007 -4"><span class='ocrx_word' id='word_1_266' title='bbox 1041 2171 1111 2213; x_wconf 90' lang='lat' dir='ltr'>Sic</span> <span class='ocrx_word' id='word_1_267' title='bbox 1129 2170 1389 2212; x_wconf 88' lang='lat' dir='ltr'>sacrificium</span> <span class='ocrx_word' id='word_1_268' title='bbox 1406 2169 1523 2211; x_wconf 90' lang='lat' dir='ltr'>istud</span> <span class='ocrx_word' id='word_1_269' title='bbox 1542 2168 1737 2217; x_wconf 86' lang='lat' dir='ltr'>instituit,</span> 
     </span>
     <span class='ocr_line' id='line_1_75' title="bbox 1092 2223 1819 2280; baseline -0.007 -11"><span class='ocrx_word' id='word_1_270' title='bbox 1092 2228 1223 2280; x_wconf 87' lang='lat' dir='ltr'>Cujus</span> <span class='ocrx_word' id='word_1_271' title='bbox 1242 2227 1432 2268; x_wconf 85' lang='lat' dir='ltr'>officium</span> <span class='ocrx_word' id='word_1_272' title='bbox 1451 2225 1663 2267; x_wconf 91' lang='lat' dir='ltr'>committi</span> <span class='ocrx_word' id='word_1_273' title='bbox 1681 2223 1819 2265; x_wconf 84' lang='lat' dir='ltr'>voluit</span> 
     </span>
     <span class='ocr_line' id='line_1_76' title="bbox 1090 2280 1862 2348; baseline -0.008 -22"><span class='ocrx_word' id='word_1_274' title='bbox 1090 2284 1203 2326; x_wconf 91' lang='lat' dir='ltr'>Solis</span> <span class='ocrx_word' id='word_1_275' title='bbox 1218 2282 1494 2348; x_wconf 74' lang='lat' dir='ltr'>presbyteris,</span> <span class='ocrx_word' id='word_1_276' title='bbox 1513 2281 1670 2334; x_wconf 90' lang='lat' dir='ltr'>quibus</span> <span class='ocrx_word' id='word_1_277' title='bbox 1685 2280 1748 2322; x_wconf 91' lang='lat' dir='ltr'>sic</span> <span class='ocrx_word' id='word_1_278' title='bbox 1763 2282 1862 2322; x_wconf 84' lang='lat' dir='ltr'>con-</span> 
     </span>
    </p>

    <p class='ocr_par' dir='ltr' id='par_1_26' title="bbox 1142 2343 1833 2451">
     <span class='ocr_line' id='line_1_77' title="bbox 1142 2343 1833 2451; baseline -0.007 -13"><span class='ocrx_word' id='word_1_279' title='bbox 1142 2396 1201 2438; x_wconf 90' lang='lat' dir='ltr'>Ut</span> <span class='ocrx_word' id='word_1_280' title='bbox 1219 2343 1474 2445; x_wconf 43' lang='lat' dir='ltr'>sumaggue‘t&#39;</span> <span class='ocrx_word' id='word_1_281' title='bbox 1483 2393 1587 2441; x_wconf 87' lang='lat' dir='ltr'>dent</span> <span class='ocrx_word' id='word_1_282' title='bbox 1605 2393 1772 2435; x_wconf 89' lang='lat' dir='ltr'>ceteris.</span> <span class='ocrx_word' id='word_1_283' title='bbox 1827 2442 1833 2451; x_wconf 88' lang='lat'><em>.</em></span> 
     </span>
    </p>

    <p class='ocr_par' dir='ltr' id='par_1_27' title="bbox 1043 2462 1863 2681">
     <span class='ocr_line' id='line_1_78' title="bbox 1043 2462 1861 2516; baseline -0.005 -10"><span class='ocrx_word' id='word_1_284' title='bbox 1043 2465 1169 2506; x_wconf 86' lang='lat' dir='ltr'>Panis</span> <span class='ocrx_word' id='word_1_285' title='bbox 1185 2465 1406 2516; x_wconf 85' lang='lat' dir='ltr'>angelicus</span> <span class='ocrx_word' id='word_1_286' title='bbox 1420 2463 1469 2504; x_wconf 87' lang='lat' dir='ltr'>fit</span> <span class='ocrx_word' id='word_1_287' title='bbox 1483 2463 1610 2516; x_wconf 91' lang='lat' dir='ltr'>panis</span> <span class='ocrx_word' id='word_1_288' title='bbox 1624 2462 1861 2513; x_wconf 83' lang='lat' dir='ltr'>hominum3</span> 
     </span>
     <span class='ocr_line' id='line_1_79' title="bbox 1091 2518 1862 2574; baseline -0.006 -11"><span class='ocrx_word' id='word_1_289' title='bbox 1091 2521 1180 2563; x_wconf 88' lang='lat' dir='ltr'>Dat</span> <span class='ocrx_word' id='word_1_290' title='bbox 1199 2521 1323 2574; x_wconf 86' lang='lat' dir='ltr'>panis</span> <span class='ocrx_word' id='word_1_291' title='bbox 1348 2519 1526 2561; x_wconf 82' lang='lat' dir='ltr'>co&#39;elicus</span> <span class='ocrx_word' id='word_1_292' title='bbox 1545 2519 1696 2570; x_wconf 78' lang='lat' dir='ltr'>figuris</span> <span class='ocrx_word' id='word_1_293' title='bbox 1718 2518 1862 2565; x_wconf 83' lang='lat' dir='ltr'>termi-</span> 
     </span>
     <span class='ocr_line' id='line_1_80' title="bbox 1093 2589 1863 2681; baseline -0.003 -7"><span class='ocrx_word' id='word_1_294' title='bbox 1093 2633 1131 2674; x_wconf 95' lang='lat' dir='ltr'>O</span> <span class='ocrx_word' id='word_1_295' title='bbox 1155 2645 1226 2674; x_wconf 91' lang='lat' dir='ltr'>res</span> <span class='ocrx_word' id='word_1_296' title='bbox 1248 2589 1468 2681; x_wconf 53' lang='lat' dir='ltr'>miralblilins,</span> <span class='ocrx_word' id='word_1_297' title='bbox 1491 2631 1726 2673; x_wconf 79' lang='lat' dir='ltr'>manducat</span> <span class='ocrx_word' id='word_1_298' title='bbox 1747 2632 1863 2672; x_wconf 79' lang='lat' dir='ltr'>D1&#39;im</span> 
     </span>
    </p>

    <p class='ocr_par' dir='ltr' id='par_1_28' title="bbox 1142 2687 1771 2741">
     <span class='ocr_line' id='line_1_81' title="bbox 1142 2687 1771 2741; baseline -0.002 -11"><span class='ocrx_word' id='word_1_299' title='bbox 1142 2689 1326 2741; x_wconf 89' lang='lat' dir='ltr'>Pauper,</span> <span class='ocrx_word' id='word_1_300' title='bbox 1346 2700 1508 2738; x_wconf 88' lang='lat' dir='ltr'>servus,</span> <span class='ocrx_word' id='word_1_301' title='bbox 1527 2693 1570 2729; x_wconf 90' lang='lat' dir='ltr'>et</span> <span class='ocrx_word' id='word_1_302' title='bbox 1587 2687 1771 2729; x_wconf 81' lang='lat' dir='ltr'>humilis.</span> 
     </span>
    </p>
   </div>
   <div class='ocr_carea' id='block_1_12' title="bbox 1604 935 1858 977">
    <p class='ocr_par' dir='ltr' id='par_1_29' title="bbox 1604 935 1858 977">
     <span class='ocr_line' id='line_1_82' title="bbox 1604 935 1858 977; baseline 0.004 -1"><span class='ocrx_word' id='word_1_303' title='bbox 1604 948 1719 977; x_wconf 86' lang='lat' dir='ltr'>nova</span> <span class='ocrx_word' id='word_1_304' title='bbox 1773 935 1858 977; x_wconf 90' lang='lat' dir='ltr'>sint</span> 
     </span>
    </p>
   </div>
   <div class='ocr_carea' id='block_1_13' title="bbox 85 114 1935 2797">
    <p class='ocr_par' dir='ltr' id='par_1_30' title="bbox 85 114 1935 2797">
     <span class='ocr_line' id='line_1_83' title="bbox 85 114 1935 2797; baseline 0 0"><span class='ocrx_word' id='word_1_305' title='bbox 85 114 1935 2797; x_wconf 95' lang='lat' dir='ltr'> </span> 
     </span>
    </p>
   </div>
  </div>
 </body>
</html>
