2066 2956
689 249 844 284 Ordinis
869 250 1075 285 Servorum
1100 251 1140 285 Β.
1166 251 1212 285 M.
1237 251 1280 285 V.
1790 254 1834 289 5*

136 347 193 389 ad
238 359 352 388 eum:
396 344 632 396 Ingredere
676 346 720 387 in
764 348 962 400 requiem

135 416 294 445 meam:
313 404 335 427 *
360 402 473 453 Quia
504 407 548 443 te
580 402 670 444 vidi
701 404 860 456 justum
892 417 961 446 co-

135 473 230 501 ram
277 472 348 502 me
400 472 454 501 ex
504 458 705 500 emnibus
749 460 962 511 gentibus.

86 519 87 522 ’
135 514 186 563 V.
219 517 308 558 Iste
337 520 405 557 est
434 516 508 568 qui
537 516 802 568 contempsit
828 517 962 558 vitam

135 571 302 622 mundi,
348 577 391 614 et
435 572 636 625 pervenit
673 571 729 613 ad
766 572 963 614 coelestia

135 641 279 680 regna.
307 629 428 679 Quia.
455 627 610 670 Gleria
628 628 759 670 Patri.
789 630 910 680 Quia.

340 738 405 787 *In
423 739 494 777 III.
513 738 735 777 Nocturno.

135 815 290 858 Lectio
316 815 456 857 sancti
474 815 699 866 Evangelii
723 815 963 858 secundum

415 871 682 913 Matthaeum.

212 940 364 982 Lectio
386 940 452 980 vii.
652 942 753 992 Cap.
770 942 827 980 19.
844 939 881 980 d.

183 1025 211 1053 n
236 1011 312 1053 illo
338 1013 554 1064 tempore:
582 1012 704 1053 Dixit
723 1013 880 1054 Petrus
906 1013 963 1054 ad

216 1069 383 1111 Jesum:
437 1069 554 1110 Ecce
590 1081 672 1110 nos
708 1069 961 1121 reliquimus

136 1125 295 1176 emnia,
330 1131 374 1168 et
407 1126 547 1167 secuti
579 1139 729 1167 sumus
762 1131 824 1167 te:
858 1127 962 1179 quid

136 1194 241 1233 ergo
262 1182 346 1224 erit
363 1180 515 1224 nobis?
543 1182 600 1223 Et
618 1182 798 1234 reliqua.
834 1206 837 1209 -

224 1273 417 1315 Homilia
447 1274 585 1315 sancti
612 1273 871 1327 Hierenymi

417 1329 680 1382 Presbyteri.

278 1399 360 1434 Lib.
385 1399 413 1433 3.
438 1399 477 1433 in
501 1399 631 1433 Matth.
659 1409 739 1441 cap.
766 1399 816 1432 19.

440 1461 616 1502 fiducia:
645 1462 800 1503 Petrus
822 1462 960 1514 pisca-

162 1515 260 1547 Χ
282 1523 354 1560 tor
388 1523 497 1567 erat,
535 1518 656 1559 dives
689 1530 777 1558 non
805 1519 960 1566 fuerat,

150 1593 259 1600 2-—
283 1573 406 1616 cibos
437 1588 569 1616 manu
598 1580 642 1616 et
671 1579 765 1616 arte
797 1576 960 1626 quaere-

133 1625 224 1668 bat:
263 1632 307 1668 et
337 1632 484 1669 tamen
516 1627 711 1679 lequitur
743 1627 960 1668 confiden-

132 1687 215 1733 ter,
248 1683 523 1735 Reliquimus
556 1684 712 1724 emnia.
770 1683 826 1724 Et
861 1683 961 1735 quia

133 1751 222 1781 non
273 1740 438 1782 sufficit
482 1746 652 1782 tantum
697 1740 962 1792 relinquere,

133 1796 268 1849 jungit
293 1796 414 1849 quod
438 1797 683 1850 perfectum
708 1802 789 1839 est:
816 1796 873 1838 Et
898 1809 961 1837 se-

134 1853 224 1895 cuti
239 1867 389 1895 sumus
404 1859 459 1896 te.
487 1854 688 1895 Fecimus
706 1853 825 1906 quod
843 1854 962 1903 iussi-

134 1909 207 1952 sti:
225 1909 331 1963 quid
345 1913 477 1962 igitur
492 1910 621 1952 nobis
634 1910 759 1952 dabis
770 1908 960 1962 praemii?

133 1966 158 2007 J
161 1979 261 2008 esus
281 1972 428 2009 autem
448 1967 558 2009 dixit
576 1967 675 2008 illis:
700 1967 842 2008 Amen
862 1965 960 2008 dico

132 2023 275 2065 vobis:
309 2023 429 2076 quod
461 2036 542 2065 vos
577 2025 652 2076 qui
685 2023 823 2065 secuti
856 2023 961 2065 estis

132 2092 213 2130 me,
241 2080 285 2120 in
304 2082 650 2131 regeneratiene,
681 2093 779 2121 cum
799 2079 962 2120 sederit

132 2136 268 2178 Filius
296 2136 484 2178 heminis
512 2137 557 2177 in
586 2136 691 2179 sede
722 2135 961 2187 maiestatis

133 2205 242 2243 suae,
272 2192 482 2235 sedebitis
506 2199 550 2236 et
572 2207 653 2236 vos
676 2205 808 2246 super
831 2191 961 2233 sedes

134 2249 387 2301 duedecim,
438 2250 680 2301 judicantes
727 2248 962 2291 duedecim

132 2306 272 2348 tribus
291 2307 438 2348 Israel.
474 2307 576 2348 Non
601 2305 726 2355 dixit,
756 2305 838 2355 Qui
864 2304 960 2346 reli-

135 2363 289 2415 quistis
310 2364 469 2404 emnia:
497 2363 583 2404 hoc
607 2362 721 2404 enim
745 2367 788 2403 et
809 2362 960 2402 Crates

133 2419 237 2460 fecit
260 2418 568 2472 philesophus,
597 2424 640 2461 et
662 2418 787 2460 multi
808 2417 879 2458 alii
899 2417 959 2458 di-

133 2475 261 2517 vitias
307 2478 680 2528 contempserunt:
730 2473 825 2522 sed,
876 2473 960 2522 Qui

134 2533 272 2573 secuti
287 2532 392 2574 estis
407 2545 491 2574 me:
512 2530 634 2584 quod
648 2531 826 2584 preprie
841 2530 959 2582 Apo—

134 2587 349 2630 stolerum
369 2594 436 2630 est
455 2594 586 2640 atque
606 2586 887 2629 credentium.

185 2671 235 2721 R.
264 2672 353 2713 Iste
383 2676 449 2713 est
479 2671 552 2723 qui
581 2674 681 2711 ante
703 2669 845 2709 Deum
873 2681 959 2709 ma-

134 2739 243 2778 gnas
270 2727 455 2769 virtutes
484 2728 693 2779 operatus
722 2730 804 2774 est,
831 2729 875 2765 et
904 2722 960 2765 de

1017 354 1038 376 *
1064 350 1166 402 Ipse
1193 349 1435 391 intercedat
1461 363 1543 402 pro
1571 350 1765 402 peccatis
1794 352 1836 391 e-

1013 406 1177 446 mnium
1195 406 1471 459 populorum.
1500 405 1548 455 ys.
1569 406 1685 448 Ecce
1704 406 1836 448 homo

1014 462 1106 503 sine
1148 463 1344 514 querela,
1389 475 1518 504 verus
1555 463 1637 504 Dei
1679 462 1837 511 cultor,

1014 518 1236 560 abstinens
1261 531 1308 560 se
1333 519 1387 561 ab
1413 520 1529 561 omni
1554 522 1687 573 epere
1711 519 1837 569 malo,

1014 580 1058 616 et
1093 577 1355 627 permanens
1391 576 1435 616 in
1470 577 1717 618 innocentia
1749 589 1838 617 sua.

1014 633 1116 684 Ipse
1134 631 1387 674 intercedat.

1300 725 1450 767 Lectio
1470 726 1555 766 viii.

1060 801 1089 828 n
1108 787 1450 839 regeneratiene,
1471 801 1570 829 cum
1590 787 1753 829 sederit
1770 789 1837 828 Fi-

1074 845 1158 886 lius
1185 845 1372 885 heminis
1400 845 1443 885 in
1469 845 1575 886 sede
1597 845 1838 896 majestatis

1013 915 1104 943 suae
1135 901 1327 954 (quando
1356 907 1399 943 et
1425 902 1585 944 mertui
1613 901 1668 943 de
1693 914 1838 943 corru-

1012 958 1161 1010 ptiene
1181 962 1409 1009 resurgent
1428 959 1696 1011 incorrupti),
1717 957 1838 999 sede-

1012 1014 1116 1056 bitis
1146 1020 1188 1056 et
1218 1027 1297 1056 vos
1325 1016 1368 1055 in
1396 1015 1517 1056 seliis
1545 1015 1839 1067 judicantium,

1014 1071 1356 1113 condemnantes
1412 1071 1646 1113 duedecim
1698 1071 1838 1113 tribus

1012 1128 1166 1168 Israel:
1192 1129 1293 1179 quia
1311 1128 1437 1170 vobis
1456 1128 1752 1176 credentibus,
1778 1128 1839 1168 illi

1015 1183 1194 1225 credere
1220 1185 1463 1226 noluerunt.
1512 1185 1568 1226 Et
1596 1184 1736 1225 omnis
1767 1185 1840 1236 qui

1015 1241 1239 1292 reliquerit
1259 1241 1452 1291 domum,
1477 1241 1548 1282 vel
1566 1241 1739 1290 fratres,
1766 1246 1840 1282 aut

1014 1300 1204 1347 soreres,
1233 1303 1307 1339 aut
1333 1303 1517 1350 patrem,
1546 1301 1620 1339 aut
1645 1302 1840 1347 matrem,

1014 1359 1088 1395 aut
1115 1357 1313 1403 uxerem,
1348 1360 1421 1396 aut
1448 1354 1574 1403 filios,
1609 1360 1683 1395 aut
1710 1366 1839 1404 agros

1014 1416 1196 1463 propter
1220 1423 1380 1452 nomen
1403 1423 1562 1460 meum3
1589 1410 1840 1462 centuplum

1015 1467 1216 1520 accipiet,
1245 1472 1288 1508 et
1307 1468 1442 1509 vitam
1467 1469 1677 1508 aeternam
1700 1467 1837 1519 possi-

1013 1523 1144 1566 debit.
1180 1524 1325 1565 Locus
1349 1524 1431 1565 iste
1456 1537 1554 1565 cum
1577 1523 1651 1564 illa
1670 1525 1838 1564 senten·
1886 1531 1887 1534 ’

1012 1581 1074 1621 tia
1089 1581 1299 1632 cengruit,
1319 1580 1362 1620 in
1382 1593 1467 1632 qua
1486 1580 1686 1621 Salvator
1702 1579 1838 1630 lequi-

1012 1642 1096 1678 tur:
1122 1637 1221 1678 Non
1246 1637 1344 1678 veni
1368 1649 1524 1690 pacem
1542 1638 1731 1683 mittere,
1758 1635 1840 1677 sed

1012 1693 1218 1745 gladium.
1252 1694 1367 1735 Veni
1394 1693 1509 1735 enim
1533 1694 1738 1744 separare
1764 1691 1837 1733 he-

1013 1751 1173 1792 minem
1201 1763 1226 1791 a
1254 1755 1379 1803 patre
1408 1762 1505 1798 suo,
1535 1754 1577 1790 et
1604 1754 1789 1790 matrem
1814 1761 1837 1789 a

1014 1807 1112 1856 filia,
1141 1811 1183 1848 et
1207 1819 1363 1848 nurum
1388 1819 1413 1847 a
1437 1818 1581 1847 socru:
1610 1810 1654 1846 et
1678 1805 1839 1846 inimici

1013 1863 1199 1905 heminis
1227 1863 1459 1905 domestici
1485 1863 1586 1914 ejus.
1624 1861 1708 1912 Qui
1733 1874 1837 1913 ergo

1013 1924 1196 1973 propter
1215 1919 1347 1961 fidem
1369 1918 1541 1967 Christi,
1563 1923 1606 1959 et
1625 1916 1836 1971 praedica-

1013 1979 1178 2019 tienem
1204 1975 1446 2027 Evangelii,
1475 1987 1626 2016 omnes
1655 1972 1836 2014 affectus

1014 2033 1370 2085 contempserint,
1415 2039 1547 2084 atque
1584 2030 1756 2072 divitias
1793 2034 1837 2071 et

1013 2090 1162 2131 saeculi
1190 2089 1456 2141 voluptates:
1486 2088 1559 2128 isti
1586 2086 1836 2138 centuplum

1013 2147 1236 2199 recipient,
1256 2151 1299 2187 et
1318 2145 1452 2187 vitam
1471 2145 1679 2186 aeternam
1697 2142 1836 2194 possi-

1013 2203 1188 2245 debunt.

1065 2273 1116 2323 Ri.
1133 2272 1227 2313 Sint
1242 2270 1378 2312 lumbi
1391 2269 1527 2311 vestri
1540 2267 1777 2321 praecincti,
1792 2272 1836 2309 et

1012 2329 1202 2370 lucernae
1235 2327 1438 2369 ardentes
1466 2326 1510 2366 in
1536 2324 1737 2366 manibus
1764 2336 1833 2365 ve-

1013 2386 1130 2426 stris:
1142 2387 1163 2409 *
1176 2385 1232 2425 Et
1246 2396 1324 2425 vos
1337 2382 1499 2424 similes
1513 2380 1761 2422 hominibus
1772 2392 1836 2422 ex-

1014 2440 1316 2495 spectantibus
1329 2439 1553 2481 deminum
1563 2450 1699 2486 suum,
1711 2449 1837 2488 quan-

1012 2493 1072 2539 'do
1087 2498 1333 2538 revertatur
1348 2508 1372 2536 a
1386 2494 1563 2547 nuptiis.
1582 2488 1835 2544 VTVigilate

1014 2567 1129 2605 ergo,
1146 2553 1247 2604 quia
1265 2552 1441 2593 nescitis
1460 2563 1545 2602 qua
1563 2550 1673 2591 hora
1687 2549 1834 2589 Demi-

1012 2623 1093 2650 nus
1110 2614 1254 2650 vester
1271 2610 1478 2649 venturus
1494 2607 1561 2647 sit.
1588 2606 1656 2647 Et.
1682 2604 1834 2645 Gleria

1011 2666 1142 2707 Patri.
1179 2665 1245 2705 Et.

1064 2730 1106 2763 ln
1125 2728 1313 2770 Quadrag.
1332 2727 1463 2761 Lectio
1481 2727 1529 2760 ix.
1549 2727 1594 2760 de
1612 2726 1778 2760 Homilia
1797 2730 1833 2759 et

135 2783 253 2824 omni
268 2782 401 2825 corde
416 2796 496 2824 suo
508 2780 960 2824 laudavitDeminum:
1014 2787 1206 2812 eommem.
1234 2775 1354 2809 Feriae
1380 2775 1416 2808 in
1441 2774 1556 2808 Laud.
