2066 2956
222 188 315 232 [318]

699 198 755 230 ss,
781 195 956 238 Quinque
984 195 1190 228 Yulncrum
1216 195 1258 229 l).
1285 195 1327 229 N.
1356 196 1387 229 .l.
1413 196 1452 229 C.

223 293 243 314 *
264 286 320 326 Et
344 284 455 326 sicut
479 284 522 325 in
546 284 689 326 Adam
714 297 865 327 omnes
891 298 1043 339 pecca-

222 344 392 390 verunt,
419 341 479 382 ita
504 342 547 382 in
567 342 739 383 Christo
765 354 916 384 omnes
940 342 1043 383 vivi-

222 397 475 438 ficabuntur.
531 399 577 445 Y.
613 398 861 440 Novissime
899 404 1043 440 autem

221 454 391 494 inimica
411 453 658 496 destruetur
682 467 811 496 mors.
843 455 900 496 Et
923 455 1044 496 sicut.

320 551 383 589 lix
407 547 564 591 eodem
587 549 689 591 divo
714 550 950 592 Bernardo.

350 623 464 655 serm.
483 622 528 655 dc
549 622 733 656 l‘assione
753 623 915 656 Domini.

523 683 671 723 Lectio
694 684 743 722 vi.

220 740 448 845 Respice
468 744 654 787 D6mine
674 751 821 787 sancte
839 746 969 787 Pater
988 744 1043 787 de

323 801 570 843 sanctuario
595 807 690 852 tuo,
719 807 762 843 et
788 801 842 843 de
869 802 1043 844 excelso

221 857 432 898 coelorum
475 857 743 908 habitaculo,
788 864 832 900 et
875 859 1042 901 intuere

220 913 329 955 hanc
349 916 672 956 sacrosanctam
690 914 890 965 h6stiam‚
913 928 1042 967 quam
1100 926 1101 931 ’
1126 922 1158 936 ’”
1185 929 1206 947 ‘¹

218 969 296 1011 tibi
317 970 444 1012 offert
467 984 647 1023 magnus
666 972 863 1024 pontifex
883 977 1042 1023 noster,

219 1032 394 1068 sanetus
417 1040 526 1080 puer
549 1033 649 1069 tuus
668 1029 884 1070 DOminus
903 1029 928 1070 J
931 1042 1041 1079 esus,

219 1096 299 1135 pro
332 1084 526 1136 peccatis
560 1085 740 1126 fratrum
773 1088 966 1135 su6rum;
999 1091 1042 1127 et

216 1145 311 1180 esto
345 1140 572 1192 placabilis
605 1154 737 1194 super
765 1142 1041 1184 multitudine

214 1196 390 1238 malitiae
428 1202 602 1238 nostrae.
650 1198 878 1249 Cogn6sce
911 1199 1042 1240 Pater

214 1252 405 1293 tunicam
425 1253 501 1294 filii
519 1254 582 1295 tui
601 1254 776 1307 Joseph.
809 1255 924 1296 Heu!
950 1256 1041 1297 fera

215 1309 403 1360 pessima
423 1308 652 1352 devoravit
672 1324 785 1360 eum,
805 1317 848 1353 et
867 1312 1038 1354 concul-

215 1365 330 1406 cavit
368 1366 409 1406 in
443 1366 587 1408 fur6re
621 1380 700 1408 suo
733 1368 1039 1411 vestimentum

215 1423 320 1473 ejus:
339 1435 441 1464 ecee
458 1423 647 1475 quinque
663 1425 874 1466 scissuras
889 1425 1040 1468 lamen·

215 1478 370 1520 tabiles
389 1479 431 1519 in
452 1492 504 1521 eo
527 1480 711 1533 reliquit.

273 1555 320 1605 Rg.
336 1552 548 1595 Videmus
567 1555 591 1595 J
594 1568 715 1596 esum
740 1561 923 1608 propter
943 1570 1039 1609 pas-

216 1608 382 1650 sionem
401 1610 553 1652 mortis
572 1611 710 1662 glotia
728 1617 772 1653 et
786 1612 953 1655 honore
970 1627 1039 1655 co-

216 1667 433 1715 ronatum,
458 1669 479 1692 *
496 1667 554 1709 Ut
573 1681 655 1720 pro
677 1669 876 1711 omnibus
895 1673 1038 1721 gustei-

218 1727 283 1762 ret
302 1728 497 1764 mortem.
540 1718 587 1770 V.
610 1724 806 1767 Decebat
826 1738 939 1776 eum,
966 1727 1039 1779 qui

219 1778 376 1818 multos
395 1778 508 1820 filios
527 1780 569 1820 in
588 1780 771 1831 glotiam
785 1782 1039 1834 adduxerat,

219 1836 441 1875 auctOrem
475 1835 626 1877 salutis
659 1839 810 1879 e6rum
837 1851 917 1891 per
944 1853 1039 1891 pas-

219 1889 710 1988 }is'memfizonsummeiri.
763 1894 833 1935 Ut.
891 1895 1039 1937 Gloria

255 1950 346 1986 atrl.
428 1952 455 1988 t.

443 2038 491 2075 In
510 2037 580 2076 III.
600 2038 820 2080 Nocturno.

275 2111 370 2149 Ant.
413 2110 527 2158 Quid
560 2117 659 2153 sunt
690 2112 833 2165 plagae
865 2114 960 2156 istae
998 2116 1038 2156 in

219 2164 364 2206 medio
383 2167 587 2208 manuum
606 2167 800 2210 tuarum?

275 2236 330 2269 ΡΞ.
358 2237 402 2270 dc
430 2236 490 2271 III.
518 2238 623 2272 Not-t.
649 2239 751 2282 Virg.
776 2238 877 2283 [108]

276 2296 369 2335 Ant.
402 2296 476 2338 llis
499 2297 700 2349 plagatus
725 2312 821 2340 sum
844 2300 887 2341 in
908 2300 1039 2343 domo

222 2352 370 2391 cotum
391 2354 462 2405 qui
483 2366 552 2396 me
572 2354 819 2406 diligebant.

278 2418 371 2457 Ant.
395 2419 439 2459 ln
459 2420 744 2462 amaritudine
760 2434 903 2463 sermo
919 2435 1040 2464 meus

223 2477 307 2520 est,
335 2479 378 2515 et
405 2488 555 2517 manus
583 2477 725 2529 plagae
752 2491 862 2519 meae
891 2491 1039 2529 aggra-

222 2529 321 2569 vata
341 2535 406 2571 est
426 2544 556 2584 super
575 2534 781 2584 gemitum
800 2547 954 2576 meum.

277 2589 324 2638 V·
361 2597 460 2649 Ipse
488 2598 737 2640 vulneratus
765 2604 832 2640 est
858 2606 1040 2652 propter

222 2651 470 2703 iniquitates
490 2660 671 2695 nostras.
703 2655 750 2705 Rg.
767 2656 954 2697 Attritus
974 2662 1040 2698 est

220 2713 402 2762 propter
422 2709 584 2751 scelera
603 2716 762 2753 nostra.

1098 286 1250 327 Lectio
1275 288 1413 329 sancti
1432 287 1657 340 Evangelii
1681 288 1921 331 secundum

1396 344 1621 386 Joannem.

1201 400 1350 441 Lectio
1373 402 1438 441 vii.
1596 403 1697 454 Cap.
1718 404 1775 442 19.
1796 403 1820 442 f.

1096 455 1171 562 In
1216 460 1291 503 illo
1337 463 1551 514 tempore:
1596 462 1747 509 Sciens
1783 462 1807 503 J
1810 475 1922 513 esus,

1169 517 1270 569 quia
1304 518 1447 559 omnia
1478 521 1778 560 consummata
1812 525 1922 569 sunt,

1097 578 1144 614 ut
1159 576 1532 616 consummaretur
1545 575 1780 628 Scriptura,
1800 576 1923 618 dixit:

1096 628 1214 672 Sitio.
1243 631 1299 673 Et
1318 630 1496 683 reliqua.

1137 701 1328 742 Homilia
1347 701 1486 743 sancti
1506 701 1656 754 Cyrilli
1673 702 1885 755 Episcopi

1364 757 1658 799 Alexandn'ni.

1219 824 1296 858 Lib.
1318 825 1365 858 12.
1384 825 1593 859 Comment.
1613 825 1650 858 in
1666 825 1802 859 Joann.

1104 888 1123 907 ζ’
1213 893 1286 920 um
1313 879 1368 921 ab
1397 879 1656 922 immanibus
1683 880 1849 922 Judaeis
1878 893 1921 922 o-

1099 964 1106 986 ..
1204 953 1206 970 ι
1229 937 1340 977 mnis
1360 937 1403 977 in
1423 936 1642 978 Christum
1664 937 1840 990 expleta
1858 950 1922 980 es-

1102 982 1204 1019 ‘07'2
1232 998 1298 1035 set
1326 988 1544 1046 impietas,
1571 1006 1652 1034 nec
1682 993 1922 1047 quidquam

1093 1051 1177 1102 jam
1197 1049 1252 1091 ad
1273 1063 1485 1092 summam
1505 1048 1808 1092 crudelitatem
1826 1051 1920 1092 reli-

1095 1120 1228 1158 quum
1265 1111 1398 1156 esset,
1440 1106 1496 1148 ad
1539 1109 1782 1149 extremum
1818 1120 1920 1149 caro

1095 1163 1255 1205 Christi
1270 1163 1540 1205 sanctissima
1555 1163 1784 1217 proprium
1798 1163 1920 1216 quid-

1095 1219 1196 1261 dam
1233 1233 1284 1262 ac
1319 1220 1517 1262 naturale
1559 1233 1709 1262 rursus
1745 1220 1921 1273 patitur.

1093 1276 1241 1318 Multis
1282 1277 1397 1318 enim
1433 1289 1485 1318 ac
1521 1277 1654 1318 variis
1695 1276 1920 1319 doloribus

1093 1333 1331 1383 exsiccata,
1364 1333 1435 1375 siti
1463 1335 1706 1386 torquetur.
1752 1333 1920 1375 Graves

1093 1388 1310 1441 siquidem
1342 1388 1521 1431 dolores
1553 1402 1755 1441 magnam
1783 1389 1840 1431 ad
1868 1389 1920 1430 si-

1093 1446 1171 1487 tim
1216 1445 1579 1487 commovendam
1615 1446 1702 1487 vim
1747 1445 1920 1496 habent,

1093 1502 1279 1544 naturali
1316 1502 1508 1555 quodam
1545 1507 1589 1544 et
1625 1502 1920 1556 inexplicabili

1093 1559 1239 1600 calore
1267 1558 1494 1600 humidum
1522 1561 1848 1609 consumentes,
1876 1564 1920 1602 et

1092 1615 1229 1666 igneis
1240 1615 1471 1657 ardoribus
1480 1615 1727 1668 praecordia
1734 1617 1920 1658 urentes.

1151 1676 1490 1730 l}.Manifestz'1ta
1505 1682 1572 1718 est
1585 1677 1727 1728 gratia
1740 1677 1824 1718 Dei
1841 1689 1921 1730 per

1094 1732 1453 1774 illuminationem
1497 1733 1736 1775 Salvatoris
1780 1733 1919 1775 nostri

1093 1789 1118 1830 J
1121 1802 1197 1831 esu
1218 1788 1394 1839 Christi,
1420 1795 1442 1816 ¹⁸¹
1458 1784 1542 1840 Qui
1566 1788 1783 1832 destruxit
1805 1802 1917 1831 mor-

1093 1852 1197 1895 tem,
1232 1846 1488 1888 illuminavit
1524 1852 1672 1888 autem
1706 1847 1841 1888 vitam
1875 1846 1920 1887 in

1093 1903 1476 1956 incorruptit'mem.
1533 1899 1582 1951 ἵν’.
1618 1900 1840 1946 Liberavit
1876 1908 1919 1945 et

1093 1959 1268 2001 vocavit
1296 1972 1376 2001 nos
1404 1961 1636 2002 vocatione
1664 1973 1743 2002 sua
1763 1960 1918 2002 ‘sancta

1092 2028 1171 2068 per
1189 2016 1384 2066 gratiam,
1406 2029 1504 2068 quae
1523 2017 1627 2059 data
1645 2021 1711 2058 est
1730 2016 1856 2059 nobis
1875 2017 1919 2057 in

1094 2071 1279 2114 Christo.
1310 2072 1394 2122 Qui
1413 2071 1640 2115 destruxit.

1379 2141 1530 2181 Lectio
1549 2141 1632 2181 viii.

1170 2211 1492 2250 onsummeitum
1517 2220 1613 2249 esse
1638 2207 1698 2249 ait
1722 2207 1917 2260 impieta-

1182 2264 1239 2305 tis
1263 2264 1459 2306 Judaicae
1485 2263 1682 2314 modum,
1711 2268 1755 2305 et
1781 2263 1918 2316 impo-

1092 2321 1255 2362 tentem
1294 2320 1503 2362 saeviendi
1544 2321 1744 2362 z'mimum.
1804 2319 1919 2370 Quid

1093 2376 1207 2418 enim
1244 2375 1385 2418 Judaei
1431 2377 1690 2419 intentatum
1736 2375 1917 2428 relique·

1092 2438 1208 2482 runt,
1241 2438 1316 2474 aut
1345 2432 1449 2484 quid
1476 2445 1563 2474 non
1590 2435 1798 2475 extremae
1826 2445 1917 2474 cru-

1093 2489 1283 2531 delitatis
1310 2488 1621 2531 adhibuerunt?
1662 2489 1792 2540 Quod
1818 2502 1916 2542 sup-

1093 2545 1210 2597 plicii
1238 2551 1312 2587 aut
1340 2546 1615 2587 contumeliae
1642 2559 1778 2597 genus
1806 2558 1916 2598 prae-

1092 2600 1390 2643 termiserunt?
1459 2602 1754 2651 Quamobrem
1807 2605 1917 2656 jure,

1094 2658 1450 2700 Consummatum
1478 2663 1560 2707 est,
1595 2659 1668 2700 ait:
1703 2660 1782 2701 sed
1809 2659 1917 2701 hora

1092 2714 1175 2765 jam
1201 2727 1299 2756 eum
1323 2715 1379 2756 ad
1403 2714 1733 2767 praedicandum
1758 2716 1915 2768 spiriti-
