2066 2956
220 197 286 233 32*

596 197 660 229 lm·
692 198 735 228 Η.
766 196 861 233 Maii.
910 197 942 227 S.
973 195 1168 227 l'nsclmlis

1197 195 1218 227 Ι.
1247 195 1363 237 Γειριυ
1389 201 1423 229 et
1450 195 1556 229 Conf.

277 300 313 332 ln
351 299 372 331 Ι.
407 298 601 331 Nomai-110
639 297 836 330 Lectiones
870 296 915 329 tle
949 296 1045 328 Scri-

225 355 330 389 ptum
359 353 589 379 occurrente.

276 395 313 427 ln
344 395 449 427 1⁴'c1‘ia
481 393 522 426 ΙΙ.
549 400 583 427 ct
612 394 670 426 [Υ.
700 392 914 432 1ι’«);;ιιῐί(’)ιι.,
948 392 1044 424 licet.

224 440 368 475 Fidelis
389 449 525 474 sermo.
547 442 591 474 dt-
616 441 747 474 eodcm
774 441 877 474 (jorn.
906 440 929 472 l.
950 440 1044 472 loco.

453 510 499 547 In
524 510 573 547 ΙΙ.
599 510 820 547 Nocturno.

526 571 672 610 Lucil«)
694 571 744 609 iv.

231 632 304 680 (ἧς,
317 625 522 667 aschalis
535 624 661 676 hujus
672 623 859 666 nominis
869 623 1047 676 primus,

265 711 324 749 {a
353 682 487 725 biduo
524 687 627 734 post
662 680 873 733 Stephani
910 679 1047 732 quinti

237 742 238 746 ’
275 730 331 761 *Ψ
354 739 521 781 ebitum
548 739 622 779 vix
650 740 824 786 exacto,
857 740 1047 778 commu-

222 795 349 837 nibus
365 796 469 837 cleri
483 795 710 846 suffragiis,
725 794 782 835 ad
795 795 1047 846 supremum

223 853 349 894 Sedis
381 852 637 905 apostelicae
666 851 853 904 apicem,
887 851 1048 891 invitus

223 909 325 951 licet
349 914 392 951 et
411 908 538 951 valde
563 908 799 957 reluctans,
825 920 939 948 anno
959 907 1048 949 Do-

223 967 327 1007 mini
354 966 493 1007 nostri
510 966 533 1006 J
537 979 615 1008 esu
638 964 799 1006 Christi
826 964 1047 1015 octingen-

223 1023 380 1064 tesimo
407 1022 578 1064 decimo
605 1022 793 1075 septimo
818 1022 1048 1074 prometus

224 1084 302 1121 est.
339 1079 420 1121 Vir
447 1092 550 1120 sane
581 1080 812 1130 omnigena
838 1077 1048 1126 doctrina,

224 1148 348 1177 sacra
384 1135 630 1188 praesertim
672 1133 1048 1183 instructissimus,

224 1193 325 1233 vitae
346 1192 631 1234 sanctimonia
654 1191 848 1242 insignis,
876 1189 1049 1231 dicendi

221 1248 429 1291 facultate
448 1248 730 1298 clarissimus,
750 1246 957 1298 singulari
977 1246 1047 1288 de-

222 1305 352 1357 nique
375 1306 542 1358 pietate
565 1305 609 1346 in
633 1306 775 1346 Deum
799 1309 842 1345 et
867 1303 1048 1345 caritate

222 1361 266 1402 in
298 1362 562 1414 preximum,
598 1366 647 1403 ut
682 1361 900 1402 exteriera
931 1359 1049 1400 bona

222 1418 347 1459 hilari
387 1431 561 1471 semper
602 1418 746 1459 animo
780 1416 1049 1469 pauperibus

223 1475 443 1525 erogabat,
462 1475 522 1516 ita
542 1475 762 1516 interioris
778 1473 911 1515 animi
930 1485 1049 1526 opes,

223 1531 397 1582 vigiliis,
426 1531 697 1573 oratiOnibus
722 1536 766 1572 et
788 1530 955 1582 jejuniis
979 1542 1049 1570 va-

223 1601 338 1637 canS,
357 1588 671 1642 accumulabat.

279 1647 323 1697 Κ.
352 1645 504 1685 Inveni
522 1644 678 1694 David,
702 1657 877 1686 servum
893 1655 1049 1692 meum,

224 1700 323 1742 oleo
347 1707 499 1743 sancto
525 1714 625 1743 meo
648 1701 752 1742 unxi
779 1713 893 1742 eum:
916 1704 937 1726 *
961 1699 1049 1741 Ma-

223 1770 304 1798 nus
323 1758 438 1817 enim
457 1770 554 1799 mea
573 1757 854 1799 auxiliabitur
875 1757 928 1808 ei,
949 1756 1050 1798 alle-

223 1813 319 1865 luja.
351 1813 396 1858 Y.
422 1814 541 1855 Nihil
565 1814 768 1867 proficiet
787 1814 988 1855 inimicus
1006 1813 1051 1854 in

226 1883 295 1919 eo,
316 1875 359 1912 et
379 1870 493 1912 filius
512 1871 753 1923 iniquitatis
771 1884 860 1913 non
874 1870 1051 1912 nocebit

226 1927 276 1968 ei.
303 1927 469 1969 Manus.

535 1984 683 2023 Lectio
706 1998 739 2021 ι’.

320 2041 507 2094 pueritia
531 2041 575 2081 in
589 2040 895 2082 Lateranensis
916 2040 1049 2082 eccle-

341 2099 416 2139 siae
458 2097 742 2151 patriarchio,
788 2096 868 2138 sub
912 2097 1050 2138 oculis

225 2155 502 2204 Pontificum,
531 2154 758 2202 educatus,
785 2154 844 2195 ita
868 2154 911 2194 in
931 2154 1048 2194 omni

226 2211 434 2253 virtutum
463 2212 639 2262 genere,
671 2210 826 2252 litteris
854 2216 898 2252 et
926 2210 1050 2251 disci-

226 2267 344 2320 plina
364 2267 660 2309 ecclesiastica
678 2267 879 2320 profecit,
899 2271 947 2307 ut
966 2266 1050 2319 pri-

226 2337 343 2365 mum
388 2325 524 2365 sacris
571 2323 797 2365 ordinibus
841 2322 1052 2371 initiatus,

226 2392 329 2420 mox
348 2381 438 2431 ejus
458 2380 616 2422 virtute
635 2380 879 2432 perspecta,
899 2392 924 2420 a
942 2378 1051 2420 Lee-

227 2449 282 2477 ne
318 2437 450 2478 tertio
489 2436 757 2478 monasterio
790 2436 929 2477 sancti
961 2436 1052 2477 Ste-

227 2491 359 2544 phani
385 2493 621 2546 praefectus
649 2493 792 2543 fuerit3
820 2492 863 2533 in
893 2504 981 2544 quo
1010 2496 1054 2533 et

228 2548 414 2591 subditis
462 2549 543 2591 sibi
588 2549 813 2591 menachis
850 2548 1052 2601 exemplo

228 2604 324 2654 fuit,
348 2610 393 2646 et
416 2608 671 2658 peregrinos
691 2604 748 2647 ad
766 2606 915 2647 limina
934 2606 1052 2657 Apo-

230 2660 443 2702 stolerum
466 2663 689 2704 turmatim
713 2661 972 2703 accedentes
993 2661 1054 2702 ita

229 2717 420 2770 excepit,
466 2723 514 2759 ut
559 2718 760 2760 emnibus
804 2717 1054 2760 necessaria

1100 289 1414 343 suppeditaret,
1432 290 1584 343 iisque,
1604 290 1825 332 Christum
1842 290 1927 331 imi·

1100 349 1234 396 tatus,
1259 346 1427 400 abjecta
1450 347 1582 389 etiam
1605 346 1832 390 exhiberet
1850 347 1925 388 mi-

1099 404 1294 454 nisteria;
1322 404 1480 456 quibus
1503 404 1681 458 pietatis
1705 409 1748 446 et
1771 404 1926 445 carita-

1100 460 1156 501 tis
1176 460 1331 502 officiis
1350 459 1628 512 dignissimus
1644 460 1839 502 emnium
1852 459 1925 502 ha-

1099 516 1218 558 bitus
1246 522 1330 567 est,
1370 517 1444 570 qui
1471 517 1705 559 Dominico
1733 516 1857 568 gregi
1883 521 1927 559 et

1100 573 1183 615 toti
1201 573 1413 615 Ecclesiae
1431 575 1655 627 praeesset.

1153 636 1201 686 Rg.
1233 634 1368 676 Pesui
1399 634 1660 687 adjuterium
1692 647 1823 687 super
1849 647 1927 687 po-

1100 693 1281 741 tentem,
1327 696 1372 733 et
1412 691 1603 733 exaltavi
1643 690 1830 733 electum
1872 691 1927 733 de

1100 748 1230 801 plebe
1271 760 1385 789 mea:
1420 749 1442 770 *
1479 747 1636 789 Manus
1676 747 1790 789 enim
1829 760 1927 789 mea

1101 803 1380 846 auxiliabitur
1400 804 1455 855 ei,
1478 804 1660 857 alleluja.
1696 800 1745 851 Ψ.
1776 804 1927 845 Inveni

1101 860 1247 903 David
1271 873 1446 903 servum
1466 874 1628 911 meum,
1657 860 1756 903 eleo
1775 865 1928 903 sancto

1101 931 1200 960 meo
1220 919 1325 960 unxi
1343 931 1453 960 eum.
1481 918 1647 959 Manus.

1403 982 1555 1022 Lectio
1578 983 1629 1022 vi.

1100 1041 1272 1146 Nihil
1303 1063 1438 1104 porro
1471 1049 1515 1090 in
1548 1062 1601 1091 eo
1631 1048 1928 1091 desideratum

1217 1113 1301 1158 est,
1331 1106 1451 1160 quod
1477 1105 1533 1147 ad
1556 1105 1796 1159 perfectam
1821 1108 1929 1158 regi-

1100 1164 1227 1205 minis
1283 1163 1531 1216 Apostelici
1589 1161 1930 1204 sollicitudinem

1100 1221 1354 1274 pertineret;
1395 1219 1593 1261 ecclesiae
1632 1217 1929 1260 Occidentalis

1102 1277 1391 1330 disciplinam,
1421 1289 1520 1329 quae
1549 1274 1629 1317 sub
1659 1287 1712 1316 eo
1739 1275 1929 1316 maxime

1101 1334 1264 1384 fldruit,
1298 1334 1506 1375 intactam
1534 1332 1742 1381 servavit3
1779 1331 1930 1373 Orien-

1101 1390 1234 1432 talem
1256 1403 1378 1440 vero,
1407 1389 1462 1431 ab
1490 1389 1756 1442 imperatore
1785 1393 1828 1430 et
1855 1401 1929 1441 pa-

1101 1446 1290 1488 triarcha
1348 1444 1646 1488 iconemachis
1706 1444 1930 1496 agitatam,

1102 1503 1257 1545 litteris
1290 1509 1334 1545 et
1364 1502 1584 1554 legatione
1615 1501 1846 1551 recreavit,
1887 1506 1930 1543 et

1103 1560 1273 1602 Graecis
1318 1561 1508 1602 Romam
1562 1557 1930 1610 confugientibus,

1101 1617 1416 1659 monasterium
1430 1621 1596 1658 sanctae
1605 1614 1828 1664 Praxedis,
1844 1628 1914 1657 am

1102 1674 1311 1726 plissimis
1331 1673 1545 1715 reditibus
1566 1685 1591 1713 a
1610 1684 1657 1714 se
1672 1671 1931 1714 instructum

1103 1731 1290 1782 benigne
1337 1729 1566 1771 concessit.
1616 1728 1756 1770 Multa
1801 1728 1932 1770 etiam
1986 1727 1988 1732 ’

1104 1789 1292 1840 cerpora
1312 1788 1565 1828 sanctorum
1584 1798 1638 1827 ex
1658 1784 1931 1835 coemeteriis,

1102 1843 1227 1884 Pauli
1254 1843 1383 1896 primi
1411 1841 1630 1895 exemplo,
1667 1854 1718 1883 ac
1749 1842 1931 1894 praeser-

1102 1899 1181 1941 tim
1218 1905 1382 1942 sanctae
1420 1898 1629 1948 Caeciliae,
1673 1898 1771 1951 ipsa
1811 1910 1931 1939 mon-

1104 1959 1269 1998 strante
1289 1961 1333 1998 et
1352 1955 1594 2005 revelente,
1619 1955 1663 1996 in
1682 1954 1847 1996 Urbem
1871 1956 1931 1995 in-

1103 2013 1213 2054 tulit.
1255 2013 1384 2054 Nova
1415 2011 1582 2065 templa
1610 2011 1834 2060 excitavit,
1866 2023 1930 2052 re-

1104 2069 1333 2119 stauravit,
1362 2073 1405 2110 et
1427 2068 1610 2110 mirifice
1634 2067 1807 2110 ornavit
1826 2068 1931 2108 anti-

1105 2139 1201 2191 qua.
1228 2125 1532 2175 Xenodochia‚
1553 2130 1597 2166 et
1613 2125 1835 2166 sacrarum
1849 2125 1931 2164 vir-

1104 2183 1251 2234 ginum
1271 2182 1484 2232 coenebia,
1502 2194 1619 2223 novo
1639 2194 1774 2223 censu
1792 2193 1931 2222 recre-

1105 2240 1204 2282 avit.
1259 2239 1477 2287 Exstincti
1522 2237 1699 2279 demum
1742 2236 1932 2278 incendii

1104 2296 1316 2338 miraculo
1341 2294 1623 2344 clarissimus,
1648 2293 1851 2345 migravit
1874 2292 1932 2334 ad

1105 2353 1341 2394 Deminum
1370 2353 1529 2393 octavo
1557 2351 1624 2392 sui
1649 2350 1932 2403 pontificatus

1105 2422 1235 2459 anno,
1263 2414 1307 2451 et
1329 2409 1373 2449 in
1392 2407 1609 2450 Vaticana
1631 2406 1812 2449 basilica
1832 2408 1930 2448 cen-

1107 2466 1223 2508 ditus
1242 2470 1319 2507 est.

1160 2527 1206 2577 R„
1234 2522 1326 2562 Iste
1348 2525 1415 2562 est
1434 2519 1518 2572 qui.

1159 2584 1196 2617 ln
1228 2583 1287 2617 111.
1312 2584 1507 2617 Noenu-no
1536 2582 1700 2617 Homilia
1730 2581 1764 2614 in
1786 2582 1927 2624 Evang.

1110 2632 1233 2665 Homo
1267 2630 1438 2673 peregre.
1475 2631 1519 2663 dc
1557 2630 1690 2663 eodem
1727 2628 1927 2662 Communi

1110 2680 1132 2711 1.
1162 2680 1257 2712 loco.
1302 2679 1429 2712 Lectio
1456 2679 1504 2711 ix.
1531 2688 1575 2711 ex
1603 2678 1753 2711 duabus
1778 2688 1867 2711 una.
1893 2682 1928 2710 et

1106 2738 1300 2762 commem.
1326 2728 1360 2760 δ’.
1386 2726 1577 2760 Bonis-dcii
1603 2726 1638 2759 in
1668 2725 1783 2759 Laud.
