<?xml version="1.0" encoding="UTF-8"?>
<!DOCTYPE html PUBLIC "-//W3C//DTD XHTML 1.0 Transitional//EN"
    "http://www.w3.org/TR/xhtml1/DTD/xhtml1-transitional.dtd">
<html xmlns="http://www.w3.org/1999/xhtml" xml:lang="en" lang="en">
 <head>
  <title>
</title>
<meta http-equiv="Content-Type" content="text/html;charset=utf-8" />
  <meta name='ocr-system' content='tesseract 3.04.00' />
  <meta name='ocr-capabilities' content='ocr_page ocr_carea ocr_par ocr_line ocrx_word'/>
</head>
<body>
  <div class='ocr_page' id='page_1' title='image "./p2breviariumroma00cathuoft_0572.png"; bbox 0 0 2066 2904; ppageno 0'>
   <div class='ocr_carea' id='block_1_1' title="bbox 217 239 1928 315">
    <p class='ocr_par' dir='ltr' id='par_1_1' title="bbox 217 239 1928 315">
     <span class='ocr_line' id='line_1_1' title="bbox 217 239 1928 315; baseline 0 0"><span class='ocrx_word' id='word_1_1' title='bbox 217 239 1928 315; x_wconf 95' lang='lat' dir='ltr'>   </span> 
     </span>
    </p>
   </div>
   <div class='ocr_carea' id='block_1_2' title="bbox 216 276 1042 664">
    <p class='ocr_par' dir='ltr' id='par_1_2' title="bbox 300 276 1042 448">
     <span class='ocr_line' id='line_1_2' title="bbox 548 276 710 316; baseline 0.006 -3"><span class='ocrx_word' id='word_1_2' title='bbox 548 276 710 316; x_wconf 79' lang='lat' dir='ltr'>Oratio.</span> 
     </span>
     <span class='ocr_line' id='line_1_3' title="bbox 300 341 1042 393; baseline 0 -13"><span class='ocrx_word' id='word_1_3' title='bbox 300 345 431 381; x_wconf 89' lang='lat' dir='ltr'>raesta</span> <span class='ocrx_word' id='word_1_4' title='bbox 474 341 723 392; x_wconf 71' lang='lat' dir='ltr'>quaesumus</span> <span class='ocrx_word' id='word_1_5' title='bbox 765 342 1042 393; x_wconf 84' lang='lat' dir='ltr'>omnipotens</span> 
     </span>
     <span class='ocr_line' id='line_1_4' title="bbox 310 395 1041 448; baseline -0.001 -11"><span class='ocrx_word' id='word_1_6' title='bbox 310 396 446 437; x_wconf 85' lang='lat' dir='ltr'>Deus:</span> <span class='ocrx_word' id='word_1_7' title='bbox 474 401 522 437; x_wconf 92' lang='lat' dir='ltr'>ut</span> <span class='ocrx_word' id='word_1_8' title='bbox 551 396 624 448; x_wconf 90' lang='lat' dir='ltr'>qui</span> <span class='ocrx_word' id='word_1_9' title='bbox 652 397 904 437; x_wconf 89' lang='lat' dir='ltr'>sanctorum</span> <span class='ocrx_word' id='word_1_10' title='bbox 931 395 1041 436; x_wconf 88' lang='lat' dir='ltr'>Mar-</span> 
     </span>
    </p>

    <p class='ocr_par' dir='ltr' id='par_1_3' title="bbox 217 451 1042 505">
     <span class='ocr_line' id='line_1_5' title="bbox 217 451 1042 505; baseline -0.002 -11"><span class='ocrx_word' id='word_1_11' title='bbox 217 458 361 505; x_wconf 84' lang='lat' dir='ltr'><strong>tyrum</strong></span> <span class='ocrx_word' id='word_1_12' title='bbox 376 454 552 493; x_wconf 90' lang='lat' dir='ltr'>tuorum</span> <span class='ocrx_word' id='word_1_13' title='bbox 567 452 704 494; x_wconf 91' lang='lat' dir='ltr'>Marci</span> <span class='ocrx_word' id='word_1_14' title='bbox 719 458 762 494; x_wconf 86' lang='lat' dir='ltr'>et</span> <span class='ocrx_word' id='word_1_15' title='bbox 776 451 1042 494; x_wconf 89' lang='lat' dir='ltr'>Marcelliani</span> 
     </span>
    </p>

    <p class='ocr_par' dir='ltr' id='par_1_4' title="bbox 216 507 1041 664">
     <span class='ocr_line' id='line_1_6' title="bbox 218 507 1041 559; baseline -0.002 -9"><span class='ocrx_word' id='word_1_16' title='bbox 218 508 414 550; x_wconf 85' lang='lat' dir='ltr'>natalitia</span> <span class='ocrx_word' id='word_1_17' title='bbox 437 508 635 559; x_wconf 88' lang='lat' dir='ltr'>colimus;</span> <span class='ocrx_word' id='word_1_18' title='bbox 669 521 694 549; x_wconf 89' lang='lat' dir='ltr'>a</span> <span class='ocrx_word' id='word_1_19' title='bbox 722 508 890 550; x_wconf 89' lang='lat' dir='ltr'>cunctis</span> <span class='ocrx_word' id='word_1_20' title='bbox 915 507 1041 548; x_wconf 89' lang='lat' dir='ltr'>malis</span> 
     </span>
     <span class='ocr_line' id='line_1_7' title="bbox 217 563 1040 607; baseline -0.002 -1"><span class='ocrx_word' id='word_1_21' title='bbox 217 564 541 607; x_wconf 79' lang='lat' dir='ltr'>imminentibus</span> <span class='ocrx_word' id='word_1_22' title='bbox 560 567 711 606; x_wconf 89' lang='lat' dir='ltr'>eorum</span> <span class='ocrx_word' id='word_1_23' title='bbox 725 563 1040 607; x_wconf 88' lang='lat' dir='ltr'>intercessioni-</span> 
     </span>
     <span class='ocr_line' id='line_1_8' title="bbox 216 621 938 664; baseline -0.003 -1"><span class='ocrx_word' id='word_1_24' title='bbox 216 622 298 664; x_wconf 94' lang='lat' dir='ltr'>bus</span> <span class='ocrx_word' id='word_1_25' title='bbox 319 621 563 663; x_wconf 82' lang='lat' dir='ltr'>liberemur.</span> <span class='ocrx_word' id='word_1_26' title='bbox 590 621 675 662; x_wconf 92' lang='lat' dir='ltr'>Per</span> <span class='ocrx_word' id='word_1_27' title='bbox 693 621 938 662; x_wconf 90' lang='lat' dir='ltr'>Dominum.</span> 
     </span>
    </p>
   </div>
   <div class='ocr_carea' id='block_1_3' title="bbox 214 682 1042 1136">
    <p class='ocr_par' dir='ltr' id='par_1_5' title="bbox 215 682 1042 963">
     <span class='ocr_line' id='line_1_9' title="bbox 230 682 1040 734; baseline -0.004 -5"><span class='ocrx_word' id='word_1_28' title='bbox 230 682 234 690; x_wconf 66' lang='grc'><em>’</em></span> <span class='ocrx_word' id='word_1_29' title='bbox 269 689 337 729; x_wconf 72' lang='lat' dir='ltr'>Ad</span> <span class='ocrx_word' id='word_1_30' title='bbox 358 689 491 729; x_wconf 80' lang='lat' dir='ltr'>Laud.</span> <span class='ocrx_word' id='word_1_31' title='bbox 520 689 619 727; x_wconf 80' lang='lat' dir='ltr'>Ant.</span> <span class='ocrx_word' id='word_1_32' title='bbox 650 685 770 727; x_wconf 82' lang='lat' dir='ltr'>Fssiae</span> <span class='ocrx_word' id='word_1_33' title='bbox 786 685 1040 734; x_wconf 66' lang='lat' dir='ltr'>Jertisalem</span> 
     </span>
     <span class='ocr_line' id='line_1_10' title="bbox 218 741 1042 794; baseline -0.001 -11"><span class='ocrx_word' id='word_1_34' title='bbox 218 744 380 791; x_wconf 85' lang='lat' dir='ltr'>venite,</span> <span class='ocrx_word' id='word_1_35' title='bbox 421 747 464 783; x_wconf 90' lang='lat' dir='ltr'>et</span> <span class='ocrx_word' id='word_1_36' title='bbox 506 741 653 784; x_wconf 80' lang='lat' dir='ltr'>videte</span> <span class='ocrx_word' id='word_1_37' title='bbox 689 742 906 794; x_wconf 86' lang='lat' dir='ltr'>Martyres</span> <span class='ocrx_word' id='word_1_38' title='bbox 943 754 1042 783; x_wconf 92' lang='lat' dir='ltr'>cum</span> 
     </span>
     <span class='ocr_line' id='line_1_11' title="bbox 217 798 1040 851; baseline -0.001 -11"><span class='ocrx_word' id='word_1_39' title='bbox 217 798 401 848; x_wconf 89' lang='lat' dir='ltr'>coronis,</span> <span class='ocrx_word' id='word_1_40' title='bbox 427 798 583 851; x_wconf 92' lang='lat' dir='ltr'>quibus</span> <span class='ocrx_word' id='word_1_41' title='bbox 604 798 831 840; x_wconf 88' lang='lat' dir='ltr'>coronavit</span> <span class='ocrx_word' id='word_1_42' title='bbox 854 811 931 839; x_wconf 92' lang='lat' dir='ltr'>eos</span> <span class='ocrx_word' id='word_1_43' title='bbox 953 798 1040 839; x_wconf 91' lang='lat' dir='ltr'>Do·</span> 
     </span>
     <span class='ocr_line' id='line_1_12' title="bbox 216 854 1041 896; baseline -0.001 -1"><span class='ocrx_word' id='word_1_44' title='bbox 216 854 358 895; x_wconf 91' lang='lat' dir='ltr'>minus</span> <span class='ocrx_word' id='word_1_45' title='bbox 384 855 428 895; x_wconf 92' lang='lat' dir='ltr'>in</span> <span class='ocrx_word' id='word_1_46' title='bbox 455 854 524 896; x_wconf 90' lang='lat' dir='ltr'>die</span> <span class='ocrx_word' id='word_1_47' title='bbox 550 854 839 896; x_wconf 64' lang='lat' dir='ltr'>solemnitatis</span> <span class='ocrx_word' id='word_1_48' title='bbox 868 859 911 896; x_wconf 91' lang='lat' dir='ltr'>et</span> <span class='ocrx_word' id='word_1_49' title='bbox 935 854 1041 895; x_wconf 74' lang='grc'>13611-</span> 
     </span>
     <span class='ocr_line' id='line_1_13' title="bbox 215 910 701 963; baseline 0.002 -12"><span class='ocrx_word' id='word_1_50' title='bbox 215 911 300 960; x_wconf 87' lang='lat' dir='ltr'>tiae,</span> <span class='ocrx_word' id='word_1_51' title='bbox 319 910 500 963; x_wconf 82' lang='lat' dir='ltr'>allehija‚</span> <span class='ocrx_word' id='word_1_52' title='bbox 520 911 701 963; x_wconf 76' lang='lat' dir='ltr'>alleh&#39;lja.</span> 
     </span>
    </p>

    <p class='ocr_par' dir='ltr' id='par_1_6' title="bbox 214 969 1040 1136">
     <span class='ocr_line' id='line_1_14' title="bbox 268 969 1040 1024; baseline 0 -11"><span class='ocrx_word' id='word_1_53' title='bbox 268 969 315 1020; x_wconf 62' lang='lat' dir='ltr'>Y.</span> <span class='ocrx_word' id='word_1_54' title='bbox 356 972 555 1014; x_wconf 88' lang='lat' dir='ltr'>Pretiosa</span> <span class='ocrx_word' id='word_1_55' title='bbox 594 972 638 1012; x_wconf 89' lang='lat' dir='ltr'>in</span> <span class='ocrx_word' id='word_1_56' title='bbox 678 974 917 1024; x_wconf 75' lang='lat' dir='ltr'>conspectu</span> <span class='ocrx_word' id='word_1_57' title='bbox 954 972 1040 1013; x_wconf 92' lang='lat' dir='ltr'>Do-</span> 
     </span>
     <span class='ocr_line' id='line_1_15' title="bbox 214 1028 1040 1083; baseline 0.002 -16"><span class='ocrx_word' id='word_1_58' title='bbox 214 1028 328 1077; x_wconf 87' lang='lat' dir='ltr'>mini,</span> <span class='ocrx_word' id='word_1_59' title='bbox 355 1028 536 1080; x_wconf 74' lang='lat' dir='ltr'>allehija.</span> <span class='ocrx_word' id='word_1_60' title='bbox 570 1032 620 1083; x_wconf 66' lang='lat' dir='ltr'>R.</span> <span class='ocrx_word' id='word_1_61' title='bbox 646 1028 766 1069; x_wconf 89' lang='lat' dir='ltr'>Mors</span> <span class='ocrx_word' id='word_1_62' title='bbox 790 1031 1040 1070; x_wconf 91' lang='lat' dir='ltr'>sanctorum</span> 
     </span>
     <span class='ocr_line' id='line_1_16' title="bbox 217 1083 525 1136; baseline 0.006 -12"><span class='ocrx_word' id='word_1_63' title='bbox 217 1084 316 1134; x_wconf 78' lang='lat' dir='ltr'>eius,</span> <span class='ocrx_word' id='word_1_64' title='bbox 345 1083 525 1136; x_wconf 76' lang='lat' dir='ltr'>allehija.</span> 
     </span>
    </p>
   </div>
   <div class='ocr_carea' id='block_1_4' title="bbox 478 1183 783 1224">
    <p class='ocr_par' dir='ltr' id='par_1_7' title="bbox 478 1183 783 1224">
     <span class='ocr_line' id='line_1_17' title="bbox 478 1183 783 1224; baseline 0.003 -1"><span class='ocrx_word' id='word_1_65' title='bbox 478 1183 560 1224; x_wconf 91' lang='lat' dir='ltr'>Die</span> <span class='ocrx_word' id='word_1_66' title='bbox 581 1184 639 1224; x_wconf 86' lang='lat'>19.</span> <span class='ocrx_word' id='word_1_67' title='bbox 658 1183 682 1223; x_wconf 89' lang='lat' dir='ltr'>J</span> <span class='ocrx_word' id='word_1_68' title='bbox 684 1183 783 1224; x_wconf 93' lang='lat' dir='ltr'>unii.</span> 
     </span>
    </p>
   </div>
   <div class='ocr_carea' id='block_1_5' title="bbox 214 1251 1040 2492">
    <p class='ocr_par' dir='ltr' id='par_1_8' title="bbox 215 1251 1037 1397">
     <span class='ocr_line' id='line_1_18' title="bbox 215 1251 1037 1303; baseline 0 -11"><span class='ocrx_word' id='word_1_69' title='bbox 215 1252 258 1292; x_wconf 87' lang='lat' dir='ltr'>S.</span> <span class='ocrx_word' id='word_1_70' title='bbox 279 1252 308 1292; x_wconf 91' lang='lat' dir='ltr'><strong>J</strong></span> <span class='ocrx_word' id='word_1_71' title='bbox 310 1251 494 1294; x_wconf 87' lang='lat' dir='ltr'>ulianae</span> <span class='ocrx_word' id='word_1_72' title='bbox 513 1252 574 1293; x_wconf 84' lang='lat' dir='ltr'>de</span> <span class='ocrx_word' id='word_1_73' title='bbox 593 1251 902 1294; x_wconf 85' lang='lat' dir='ltr'>Falconeriis</span> <span class='ocrx_word' id='word_1_74' title='bbox 919 1254 1037 1303; x_wconf 79' lang='lat' dir='ltr'>Virg.</span> 
     </span>
     <span class='ocr_line' id='line_1_19' title="bbox 260 1314 994 1358; baseline 0 -10"><span class='ocrx_word' id='word_1_75' title='bbox 260 1315 424 1358; x_wconf 67' lang='lat' dir='ltr'>Impch.</span> <span class='ocrx_word' id='word_1_76' title='bbox 450 1314 518 1348; x_wconf 83' lang='lat' dir='ltr'>scd</span> <span class='ocrx_word' id='word_1_77' title='bbox 545 1314 593 1348; x_wconf 84' lang='lat' dir='ltr'>ad</span> <span class='ocrx_word' id='word_1_78' title='bbox 618 1315 772 1348; x_wconf 88' lang='lat' dir='ltr'>modum</span> <span class='ocrx_word' id='word_1_79' title='bbox 797 1314 994 1357; x_wconf 84' lang='lat' dir='ltr'>Simplicis</span> 
     </span>
     <span class='ocr_line' id='line_1_20' title="bbox 498 1363 753 1397; baseline 0 -1"><span class='ocrx_word' id='word_1_80' title='bbox 498 1363 753 1397; x_wconf 71' lang='lat' dir='ltr'>recolendum.</span> 
     </span>
    </p>

    <p class='ocr_par' dir='ltr' id='par_1_9' title="bbox 214 1417 1040 1638">
     <span class='ocr_line' id='line_1_21' title="bbox 265 1417 1039 1471; baseline 0 -13"><span class='ocrx_word' id='word_1_81' title='bbox 265 1420 311 1458; x_wconf 87' lang='lat' dir='ltr'>In</span> <span class='ocrx_word' id='word_1_82' title='bbox 340 1419 369 1458; x_wconf 90' lang='grc' dir='ltr'>Ι.</span> <span class='ocrx_word' id='word_1_83' title='bbox 395 1419 528 1471; x_wconf 80' lang='lat' dir='ltr'>Vesp.</span> <span class='ocrx_word' id='word_1_84' title='bbox 584 1419 681 1459; x_wconf 81' lang='lat' dir='ltr'>Ant.</span> <span class='ocrx_word' id='word_1_85' title='bbox 741 1417 852 1459; x_wconf 89' lang='lat' dir='ltr'>Veni</span> <span class='ocrx_word' id='word_1_86' title='bbox 877 1431 1039 1470; x_wconf 89' lang='lat' dir='ltr'>sponsa</span> 
     </span>
     <span class='ocr_line' id='line_1_22' title="bbox 216 1473 1040 1526; baseline 0 -12"><span class='ocrx_word' id='word_1_87' title='bbox 216 1473 384 1523; x_wconf 82' lang='lat' dir='ltr'>Christi,</span> <span class='ocrx_word' id='word_1_88' title='bbox 406 1474 555 1526; x_wconf 88' lang='lat' dir='ltr'>accipe</span> <span class='ocrx_word' id='word_1_89' title='bbox 572 1475 790 1523; x_wconf 78' lang='lat' dir='ltr'>cor6nam,</span> <span class='ocrx_word' id='word_1_90' title='bbox 810 1487 941 1526; x_wconf 85' lang='lat' dir='ltr'>quam</span> <span class='ocrx_word' id='word_1_91' title='bbox 959 1474 1040 1516; x_wconf 92' lang='lat' dir='ltr'>tibi</span> 
     </span>
     <span class='ocr_line' id='line_1_23' title="bbox 214 1530 1040 1583; baseline 0.002 -13"><span class='ocrx_word' id='word_1_92' title='bbox 214 1530 425 1571; x_wconf 90' lang='lat' dir='ltr'>Dominus</span> <span class='ocrx_word' id='word_1_93' title='bbox 453 1530 716 1583; x_wconf 89' lang='lat' dir='ltr'>praeparavit</span> <span class='ocrx_word' id='word_1_94' title='bbox 743 1530 786 1571; x_wconf 93' lang='lat' dir='ltr'>in</span> <span class='ocrx_word' id='word_1_95' title='bbox 814 1532 1040 1580; x_wconf 64' lang='lat' dir='ltr'>aetornum,</span> 
     </span>
     <span class='ocr_line' id='line_1_24' title="bbox 214 1586 394 1638; baseline 0.006 -12"><span class='ocrx_word' id='word_1_96' title='bbox 214 1586 394 1638; x_wconf 77' lang='lat' dir='ltr'>allelaja.</span> 
     </span>
    </p>

    <p class='ocr_par' dir='ltr' id='par_1_10' title="bbox 214 1644 1038 1812">
     <span class='ocr_line' id='line_1_25' title="bbox 265 1644 1038 1700; baseline 0.001 -11"><span class='ocrx_word' id='word_1_97' title='bbox 265 1644 315 1696; x_wconf 66' lang='lat' dir='ltr'>V.</span> <span class='ocrx_word' id='word_1_98' title='bbox 349 1647 506 1699; x_wconf 68' lang='lat' dir='ltr'>Specie</span> <span class='ocrx_word' id='word_1_99' title='bbox 539 1652 615 1688; x_wconf 90' lang='lat' dir='ltr'>tua</span> <span class='ocrx_word' id='word_1_100' title='bbox 642 1653 686 1689; x_wconf 92' lang='lat' dir='ltr'>et</span> <span class='ocrx_word' id='word_1_101' title='bbox 713 1647 1038 1700; x_wconf 71' lang='lat' dir='ltr'>pulchritudine</span> 
     </span>
     <span class='ocr_line' id='line_1_26' title="bbox 214 1703 1038 1758; baseline 0.005 -15"><span class='ocrx_word' id='word_1_102' title='bbox 214 1708 303 1753; x_wconf 86' lang='lat' dir='ltr'>tua,</span> <span class='ocrx_word' id='word_1_103' title='bbox 323 1703 503 1755; x_wconf 77' lang='lat' dir='ltr'>allelaja.</span> <span class='ocrx_word' id='word_1_104' title='bbox 535 1707 585 1757; x_wconf 68' lang='lat' dir='ltr'>R.</span> <span class='ocrx_word' id='word_1_105' title='bbox 604 1703 801 1753; x_wconf 81' lang='lat' dir='ltr'>Intende,</span> <span class='ocrx_word' id='word_1_106' title='bbox 822 1707 1038 1758; x_wconf 92' lang='lat' dir='ltr'>prospere</span> 
     </span>
     <span class='ocr_line' id='line_1_27' title="bbox 220 1759 833 1812; baseline 0.005 -13"><span class='ocrx_word' id='word_1_107' title='bbox 220 1759 411 1811; x_wconf 81' lang='lat' dir='ltr'>procede</span> <span class='ocrx_word' id='word_1_108' title='bbox 428 1766 472 1802; x_wconf 90' lang='lat' dir='ltr'>et</span> <span class='ocrx_word' id='word_1_109' title='bbox 490 1773 633 1811; x_wconf 81' lang='lat' dir='ltr'>regna,</span> <span class='ocrx_word' id='word_1_110' title='bbox 653 1760 833 1812; x_wconf 78' lang='lat' dir='ltr'>allehija.</span> 
     </span>
    </p>

    <p class='ocr_par' dir='ltr' id='par_1_11' title="bbox 549 1828 710 1867">
     <span class='ocr_line' id='line_1_28' title="bbox 549 1828 710 1867; baseline 0 0"><span class='ocrx_word' id='word_1_111' title='bbox 549 1828 710 1867; x_wconf 87' lang='lat' dir='ltr'>Oratio.</span> 
     </span>
    </p>

    <p class='ocr_par' dir='ltr' id='par_1_12' title="bbox 214 1880 1037 1986">
     <span class='ocr_line' id='line_1_29' title="bbox 214 1880 1037 1986; baseline 0.002 -59"><span class='ocrx_word' id='word_1_112' title='bbox 214 1880 393 1986; x_wconf 80' lang='lat' dir='ltr'>DeUS‚</span> <span class='ocrx_word' id='word_1_113' title='bbox 418 1886 492 1937; x_wconf 87' lang='lat' dir='ltr'>qui</span> <span class='ocrx_word' id='word_1_114' title='bbox 513 1885 687 1927; x_wconf 88' lang='lat' dir='ltr'>beatam</span> <span class='ocrx_word' id='word_1_115' title='bbox 706 1887 730 1927; x_wconf 89' lang='lat' dir='ltr'>J</span> <span class='ocrx_word' id='word_1_116' title='bbox 733 1887 923 1928; x_wconf 89' lang='lat' dir='ltr'>ulianam</span> <span class='ocrx_word' id='word_1_117' title='bbox 940 1888 1037 1929; x_wconf 83' lang='lat' dir='ltr'>Vir-</span> 
     </span>
    </p>

    <p class='ocr_par' dir='ltr' id='par_1_13' title="bbox 215 1942 1038 2380">
     <span class='ocr_line' id='line_1_30' title="bbox 313 1942 1036 1993; baseline 0.006 -11"><span class='ocrx_word' id='word_1_118' title='bbox 313 1942 456 1993; x_wconf 87' lang='lat' dir='ltr'>ginem</span> <span class='ocrx_word' id='word_1_119' title='bbox 491 1947 610 1983; x_wconf 90' lang='lat' dir='ltr'>tuam</span> <span class='ocrx_word' id='word_1_120' title='bbox 647 1945 843 1985; x_wconf 77' lang='lat' dir='ltr'>extremo</span> <span class='ocrx_word' id='word_1_121' title='bbox 879 1944 1036 1986; x_wconf 90' lang='lat' dir='ltr'>morbo</span> 
     </span>
     <span class='ocr_line' id='line_1_31' title="bbox 215 1997 1036 2051; baseline 0.005 -13"><span class='ocrx_word' id='word_1_122' title='bbox 215 1997 488 2040; x_wconf 89' lang='lat' dir='ltr'>laborantem</span> <span class='ocrx_word' id='word_1_123' title='bbox 510 1998 706 2051; x_wconf 90' lang='lat' dir='ltr'>pretioso</span> <span class='ocrx_word' id='word_1_124' title='bbox 730 1999 828 2040; x_wconf 84' lang='lat' dir='ltr'>Filii</span> <span class='ocrx_word' id='word_1_125' title='bbox 857 2001 920 2042; x_wconf 93' lang='lat' dir='ltr'>tui</span> <span class='ocrx_word' id='word_1_126' title='bbox 945 2003 1036 2042; x_wconf 92' lang='lat' dir='ltr'>cor-</span> 
     </span>
     <span class='ocr_line' id='line_1_32' title="bbox 215 2054 1037 2107; baseline 0.006 -13"><span class='ocrx_word' id='word_1_127' title='bbox 215 2067 323 2106; x_wconf 92' lang='lat' dir='ltr'>pore</span> <span class='ocrx_word' id='word_1_128' title='bbox 342 2054 595 2096; x_wconf 85' lang='lat' dir='ltr'>mirabiliter</span> <span class='ocrx_word' id='word_1_129' title='bbox 616 2057 814 2097; x_wconf 88' lang='lat' dir='ltr'>recreare</span> <span class='ocrx_word' id='word_1_130' title='bbox 835 2055 1037 2107; x_wconf 87' lang='lat' dir='ltr'>dignatus</span> 
     </span>
     <span class='ocr_line' id='line_1_33' title="bbox 216 2110 1036 2165; baseline 0.005 -14"><span class='ocrx_word' id='word_1_131' title='bbox 216 2122 276 2151; x_wconf 87' lang='lat' dir='ltr'>es:</span> <span class='ocrx_word' id='word_1_132' title='bbox 300 2110 493 2152; x_wconf 78' lang='lat' dir='ltr'>concede</span> <span class='ocrx_word' id='word_1_133' title='bbox 514 2113 778 2164; x_wconf 75' lang='lat' dir='ltr'>quaesumus;</span> <span class='ocrx_word' id='word_1_134' title='bbox 802 2118 850 2155; x_wconf 89' lang='lat' dir='ltr'>ut</span> <span class='ocrx_word' id='word_1_135' title='bbox 869 2114 958 2165; x_wconf 92' lang='lat' dir='ltr'>ejus</span> <span class='ocrx_word' id='word_1_136' title='bbox 977 2114 1036 2154; x_wconf 94' lang='lat' dir='ltr'>in-</span> 
     </span>
     <span class='ocr_line' id='line_1_34' title="bbox 215 2166 1037 2222; baseline 0.005 -15"><span class='ocrx_word' id='word_1_137' title='bbox 215 2166 539 2209; x_wconf 80' lang='lat' dir='ltr'>tercedentibus</span> <span class='ocrx_word' id='word_1_138' title='bbox 557 2168 738 2218; x_wconf 81' lang='lat' dir='ltr'>meritis,</span> <span class='ocrx_word' id='word_1_139' title='bbox 760 2181 841 2210; x_wconf 92' lang='lat' dir='ltr'>nos</span> <span class='ocrx_word' id='word_1_140' title='bbox 862 2183 1037 2222; x_wconf 89' lang='lat' dir='ltr'>quoque</span> 
     </span>
     <span class='ocr_line' id='line_1_35' title="bbox 216 2222 1038 2276; baseline 0.006 -13"><span class='ocrx_word' id='word_1_141' title='bbox 216 2222 371 2264; x_wconf 88' lang='lat' dir='ltr'>eodem</span> <span class='ocrx_word' id='word_1_142' title='bbox 395 2223 438 2264; x_wconf 90' lang='lat' dir='ltr'>in</span> <span class='ocrx_word' id='word_1_143' title='bbox 462 2224 616 2265; x_wconf 89' lang='lat' dir='ltr'>mortis</span> <span class='ocrx_word' id='word_1_144' title='bbox 646 2227 787 2276; x_wconf 89' lang='lat' dir='ltr'>agone</span> <span class='ocrx_word' id='word_1_145' title='bbox 812 2226 961 2267; x_wconf 80' lang='lat' dir='ltr'>refecti</span> <span class='ocrx_word' id='word_1_146' title='bbox 986 2240 1038 2268; x_wconf 93' lang='lat' dir='ltr'>ac</span> 
     </span>
     <span class='ocr_line' id='line_1_36' title="bbox 215 2278 1037 2335; baseline 0.006 -16"><span class='ocrx_word' id='word_1_147' title='bbox 215 2278 419 2329; x_wconf 85' lang='lat' dir='ltr'>roborati,</span> <span class='ocrx_word' id='word_1_148' title='bbox 432 2279 490 2321; x_wconf 89' lang='lat' dir='ltr'>ad</span> <span class='ocrx_word' id='word_1_149' title='bbox 504 2280 729 2322; x_wconf 78' lang='lat' dir='ltr'>coelestem</span> <span class='ocrx_word' id='word_1_150' title='bbox 742 2281 929 2333; x_wconf 88' lang='lat' dir='ltr'>patriam</span> <span class='ocrx_word' id='word_1_151' title='bbox 942 2296 1037 2335; x_wconf 92' lang='lat' dir='ltr'>per-</span> 
     </span>
     <span class='ocr_line' id='line_1_37' title="bbox 217 2333 1034 2380; baseline 0.007 -6"><span class='ocrx_word' id='word_1_152' title='bbox 217 2333 435 2376; x_wconf 87' lang='lat' dir='ltr'>ducamur.</span> <span class='ocrx_word' id='word_1_153' title='bbox 452 2337 460 2374; x_wconf 82' lang='lat'><strong>(</strong></span> <span class='ocrx_word' id='word_1_154' title='bbox 471 2336 555 2378; x_wconf 91' lang='lat' dir='ltr'>Per</span> <span class='ocrx_word' id='word_1_155' title='bbox 566 2336 769 2379; x_wconf 70' lang='lat' dir='ltr'>eamdem</span> <span class='ocrx_word' id='word_1_156' title='bbox 780 2337 1034 2380; x_wconf 90' lang='lat' dir='ltr'>Dominum.)</span> 
     </span>
    </p>

    <p class='ocr_par' dir='ltr' id='par_1_14' title="bbox 219 2398 1035 2492">
     <span class='ocr_line' id='line_1_38' title="bbox 271 2398 1035 2450; baseline 0.01 -20"><span class='ocrx_word' id='word_1_157' title='bbox 271 2398 416 2433; x_wconf 77' lang='lat' dir='ltr'>Deinde</span> <span class='ocrx_word' id='word_1_158' title='bbox 442 2402 480 2434; x_wconf 77' lang='lat' dir='ltr'>fit</span> <span class='ocrx_word' id='word_1_159' title='bbox 506 2411 700 2450; x_wconf 75' lang='lat' dir='ltr'>commem.</span> <span class='ocrx_word' id='word_1_160' title='bbox 724 2404 780 2436; x_wconf 64' lang='lat' dir='ltr'>ss,</span> <span class='ocrx_word' id='word_1_161' title='bbox 799 2404 976 2437; x_wconf 59' lang='lat' dir='ltr'>(icrvasii</span> <span class='ocrx_word' id='word_1_162' title='bbox 1000 2411 1035 2438; x_wconf 79' lang='lat' dir='ltr'>et</span> 
     </span>
     <span class='ocr_line' id='line_1_39' title="bbox 219 2444 623 2492; baseline 0.015 -15"><span class='ocrx_word' id='word_1_163' title='bbox 219 2444 379 2480; x_wconf 76' lang='lat' dir='ltr'>l&#39;rotasii</span> <span class='ocrx_word' id='word_1_164' title='bbox 408 2448 623 2492; x_wconf 71' lang='lat' dir='ltr'>Martyrum.</span> 
     </span>
    </p>
   </div>
   <div class='ocr_carea' id='block_1_6' title="bbox 561 180 1581 221">
    <p class='ocr_par' dir='ltr' id='par_1_15' title="bbox 561 180 1581 221">
     <span class='ocr_line' id='line_1_40' title="bbox 561 180 1581 221; baseline -0.001 -7"><span class='ocrx_word' id='word_1_165' title='bbox 561 181 628 214; x_wconf 77' lang='lat' dir='ltr'>Dic</span> <span class='ocrx_word' id='word_1_166' title='bbox 658 182 704 213; x_wconf 62' lang='lat'>15».</span> <span class='ocrx_word' id='word_1_167' title='bbox 730 180 845 213; x_wconf 68' lang='lat' dir='ltr'>Junii.</span> <span class='ocrx_word' id='word_1_168' title='bbox 892 182 926 212; x_wconf 61' lang='lat' dir='ltr'>S.</span> <span class='ocrx_word' id='word_1_169' title='bbox 952 180 1118 212; x_wconf 66' lang='grc'>,1111131111-</span> <span class='ocrx_word' id='word_1_170' title='bbox 1144 180 1190 213; x_wconf 80' lang='lat' dir='ltr'>dc</span> <span class='ocrx_word' id='word_1_171' title='bbox 1216 180 1452 214; x_wconf 72' lang='lat' dir='ltr'>Falconcriis</span> <span class='ocrx_word' id='word_1_172' title='bbox 1480 180 1581 221; x_wconf 56' lang='lat' dir='ltr'>Yirg.</span> 
     </span>
    </p>
   </div>
   <div class='ocr_carea' id='block_1_7' title="bbox 223 249 1928 315">
    <p class='ocr_par' dir='ltr' id='par_1_16' title="bbox 223 249 1928 315">
     <span class='ocr_line' id='line_1_41' title="bbox 223 249 1928 315; baseline 0 -59"><span class='ocrx_word' id='word_1_173' title='bbox 223 256 548 315; x_wconf 95' lang='lat' dir='ltr'> </span> <span class='ocrx_word' id='word_1_174' title='bbox 1922 249 1928 256; x_wconf 95' lang='lat' dir='ltr'> </span> 
     </span>
    </p>
   </div>
   <div class='ocr_carea' id='block_1_8' title="bbox 1089 276 1925 2503">
    <p class='ocr_par' dir='ltr' id='par_1_17' title="bbox 1094 276 1922 444">
     <span class='ocr_line' id='line_1_42' title="bbox 1148 276 1922 331; baseline 0.001 -13"><span class='ocrx_word' id='word_1_175' title='bbox 1148 279 1243 319; x_wconf 79' lang='lat' dir='ltr'>Ant.</span> <span class='ocrx_word' id='word_1_176' title='bbox 1278 279 1375 319; x_wconf 86' lang='lat' dir='ltr'>Lux</span> <span class='ocrx_word' id='word_1_177' title='bbox 1398 279 1615 331; x_wconf 79' lang='lat' dir='ltr'>perpetua</span> <span class='ocrx_word' id='word_1_178' title='bbox 1640 276 1804 320; x_wconf 76' lang='lat' dir='ltr'>lucebit</span> <span class='ocrx_word' id='word_1_179' title='bbox 1828 289 1922 319; x_wconf 89' lang='lat' dir='ltr'>san-</span> 
     </span>
     <span class='ocr_line' id='line_1_43' title="bbox 1095 334 1922 384; baseline 0 -9"><span class='ocrx_word' id='word_1_180' title='bbox 1095 334 1177 376; x_wconf 89' lang='lat' dir='ltr'>ctis</span> <span class='ocrx_word' id='word_1_181' title='bbox 1195 334 1282 376; x_wconf 87' lang='lat' dir='ltr'>tuis</span> <span class='ocrx_word' id='word_1_182' title='bbox 1297 334 1496 384; x_wconf 82' lang='lat' dir='ltr'>Domine,</span> <span class='ocrx_word' id='word_1_183' title='bbox 1516 339 1559 376; x_wconf 92' lang='lat' dir='ltr'>et</span> <span class='ocrx_word' id='word_1_184' title='bbox 1576 334 1799 376; x_wconf 82' lang='lat' dir='ltr'>aeternitas</span> <span class='ocrx_word' id='word_1_185' title='bbox 1815 335 1922 376; x_wconf 74' lang='lat' dir='ltr'>tem-</span> 
     </span>
     <span class='ocr_line' id='line_1_44' title="bbox 1094 390 1466 444; baseline 0.003 -13"><span class='ocrx_word' id='word_1_186' title='bbox 1094 403 1263 444; x_wconf 90' lang='lat' dir='ltr'>porum,</span> <span class='ocrx_word' id='word_1_187' title='bbox 1282 390 1466 441; x_wconf 78' lang='lat' dir='ltr'>allehija.</span> 
     </span>
    </p>

    <p class='ocr_par' dir='ltr' id='par_1_18' title="bbox 1095 442 1924 612">
     <span class='ocr_line' id='line_1_45' title="bbox 1145 442 1922 500; baseline 0 -12"><span class='ocrx_word' id='word_1_188' title='bbox 1145 442 1194 494; x_wconf 66' lang='lat' dir='ltr'>V.</span> <span class='ocrx_word' id='word_1_189' title='bbox 1215 446 1363 489; x_wconf 87' lang='lat' dir='ltr'>Sancti</span> <span class='ocrx_word' id='word_1_190' title='bbox 1382 452 1426 489; x_wconf 90' lang='lat' dir='ltr'>et</span> <span class='ocrx_word' id='word_1_191' title='bbox 1440 447 1541 500; x_wconf 86' lang='lat' dir='ltr'>justi</span> <span class='ocrx_word' id='word_1_192' title='bbox 1554 448 1599 489; x_wconf 91' lang='lat' dir='ltr'>in</span> <span class='ocrx_word' id='word_1_193' title='bbox 1613 447 1804 489; x_wconf 92' lang='lat' dir='ltr'>Domino</span> <span class='ocrx_word' id='word_1_194' title='bbox 1819 459 1922 498; x_wconf 88' lang='lat' dir='ltr'>gau-</span> 
     </span>
     <span class='ocr_line' id='line_1_46' title="bbox 1095 501 1924 557; baseline 0 -13"><span class='ocrx_word' id='word_1_195' title='bbox 1095 501 1212 552; x_wconf 78' lang='lat' dir='ltr'>dete,</span> <span class='ocrx_word' id='word_1_196' title='bbox 1236 503 1419 556; x_wconf 78' lang='lat' dir='ltr'>allehija.</span> <span class='ocrx_word' id='word_1_197' title='bbox 1452 507 1500 557; x_wconf 67' lang='lat' dir='ltr'>R.</span> <span class='ocrx_word' id='word_1_198' title='bbox 1528 504 1623 546; x_wconf 89' lang='lat' dir='ltr'>Vos</span> <span class='ocrx_word' id='word_1_199' title='bbox 1649 503 1779 555; x_wconf 80' lang='lat' dir='ltr'>elegit</span> <span class='ocrx_word' id='word_1_200' title='bbox 1803 503 1924 545; x_wconf 84' lang='lat' dir='ltr'>Deus</span> 
     </span>
     <span class='ocr_line' id='line_1_47' title="bbox 1095 558 1778 612; baseline 0.001 -12"><span class='ocrx_word' id='word_1_201' title='bbox 1095 559 1139 600; x_wconf 93' lang='lat' dir='ltr'>in</span> <span class='ocrx_word' id='word_1_202' title='bbox 1157 558 1462 601; x_wconf 79' lang='lat' dir='ltr'>haereditatem</span> <span class='ocrx_word' id='word_1_203' title='bbox 1481 558 1576 610; x_wconf 88' lang='lat' dir='ltr'>sibi,</span> <span class='ocrx_word' id='word_1_204' title='bbox 1595 559 1778 612; x_wconf 76' lang='lat' dir='ltr'>allehija.</span> 
     </span>
    </p>

    <p class='ocr_par' dir='ltr' id='par_1_19' title="bbox 1428 622 1592 662">
     <span class='ocr_line' id='line_1_48' title="bbox 1428 622 1592 662; baseline -0.006 0"><span class='ocrx_word' id='word_1_205' title='bbox 1428 622 1592 662; x_wconf 84' lang='lat' dir='ltr'>Oratio.</span> 
     </span>
    </p>

    <p class='ocr_par' dir='ltr' id='par_1_20' title="bbox 1183 676 1925 729">
     <span class='ocr_line' id='line_1_49' title="bbox 1183 676 1925 729; baseline 0 -10"><span class='ocrx_word' id='word_1_206' title='bbox 1183 689 1275 727; x_wconf 89' lang='lat' dir='ltr'>eus,</span> <span class='ocrx_word' id='word_1_207' title='bbox 1302 676 1377 729; x_wconf 92' lang='lat' dir='ltr'>qui</span> <span class='ocrx_word' id='word_1_208' title='bbox 1398 688 1480 718; x_wconf 87' lang='lat' dir='ltr'>nos</span> <span class='ocrx_word' id='word_1_209' title='bbox 1504 678 1647 719; x_wconf 88' lang='lat' dir='ltr'>annua</span> <span class='ocrx_word' id='word_1_210' title='bbox 1671 679 1925 719; x_wconf 89' lang='lat' dir='ltr'>sanctorum</span> 
     </span>
    </p>

    <p class='ocr_par' dir='ltr' id='par_1_21' title="bbox 1093 733 1925 1001">
     <span class='ocr_line' id='line_1_50' title="bbox 1200 733 1925 786; baseline 0.003 -12"><span class='ocrx_word' id='word_1_211' title='bbox 1200 734 1442 786; x_wconf 86' lang='lat' dir='ltr'>Martyrum</span> <span class='ocrx_word' id='word_1_212' title='bbox 1460 735 1638 775; x_wconf 89' lang='lat' dir='ltr'>tuorum</span> <span class='ocrx_word' id='word_1_213' title='bbox 1658 733 1862 776; x_wconf 85' lang='lat' dir='ltr'>Gervasii</span> <span class='ocrx_word' id='word_1_214' title='bbox 1881 740 1925 777; x_wconf 92' lang='lat' dir='ltr'>et</span> 
     </span>
     <span class='ocr_line' id='line_1_51' title="bbox 1094 790 1924 833; baseline 0.001 -2"><span class='ocrx_word' id='word_1_215' title='bbox 1094 790 1282 831; x_wconf 85' lang='lat' dir='ltr'>Protasii</span> <span class='ocrx_word' id='word_1_216' title='bbox 1302 790 1578 832; x_wconf 66' lang='lat' dir='ltr'>solemnitate</span> <span class='ocrx_word' id='word_1_217' title='bbox 1593 790 1806 832; x_wconf 81' lang='lat' dir='ltr'>laetificas:</span> <span class='ocrx_word' id='word_1_218' title='bbox 1824 803 1924 833; x_wconf 92' lang='lat' dir='ltr'>con-</span> 
     </span>
     <span class='ocr_line' id='line_1_52' title="bbox 1095 846 1924 900; baseline 0.001 -12"><span class='ocrx_word' id='word_1_219' title='bbox 1095 846 1203 889; x_wconf 75' lang='lat' dir='ltr'>cede</span> <span class='ocrx_word' id='word_1_220' title='bbox 1221 847 1455 900; x_wconf 85' lang='lat' dir='ltr'>propitius;</span> <span class='ocrx_word' id='word_1_221' title='bbox 1479 851 1529 888; x_wconf 91' lang='lat' dir='ltr'>ut</span> <span class='ocrx_word' id='word_1_222' title='bbox 1555 860 1742 900; x_wconf 90' lang='lat' dir='ltr'>quorum</span> <span class='ocrx_word' id='word_1_223' title='bbox 1765 847 1924 899; x_wconf 77' lang='lat' dir='ltr'>gaude-</span> 
     </span>
     <span class='ocr_line' id='line_1_53' title="bbox 1093 903 1924 957; baseline 0.001 -13"><span class='ocrx_word' id='word_1_224' title='bbox 1093 916 1190 944; x_wconf 86' lang='lat' dir='ltr'>mus</span> <span class='ocrx_word' id='word_1_225' title='bbox 1201 903 1381 953; x_wconf 80' lang='lat' dir='ltr'>meritis,</span> <span class='ocrx_word' id='word_1_226' title='bbox 1396 903 1688 945; x_wconf 88' lang='lat' dir='ltr'>accendamur</span> <span class='ocrx_word' id='word_1_227' title='bbox 1701 903 1924 957; x_wconf 82' lang='lat' dir='ltr'>exemplis.</span> 
     </span>
     <span class='ocr_line' id='line_1_54' title="bbox 1094 959 1446 1001; baseline 0 -1"><span class='ocrx_word' id='word_1_228' title='bbox 1094 960 1177 1001; x_wconf 93' lang='lat' dir='ltr'>Per</span> <span class='ocrx_word' id='word_1_229' title='bbox 1195 959 1446 1001; x_wconf 92' lang='lat' dir='ltr'>Dominum.</span> 
     </span>
    </p>

    <p class='ocr_par' dir='ltr' id='par_1_22' title="bbox 1228 1025 1780 1069">
     <span class='ocr_line' id='line_1_55' title="bbox 1228 1025 1780 1069; baseline 0.005 -11"><span class='ocrx_word' id='word_1_230' title='bbox 1228 1025 1290 1059; x_wconf 78' lang='lat' dir='ltr'>Ad</span> <span class='ocrx_word' id='word_1_231' title='bbox 1315 1025 1433 1059; x_wconf 86' lang='lat' dir='ltr'>Laud.</span> <span class='ocrx_word' id='word_1_232' title='bbox 1458 1035 1529 1069; x_wconf 86' lang='lat' dir='ltr'>pro</span> <span class='ocrx_word' id='word_1_233' title='bbox 1555 1026 1590 1061; x_wconf 91' lang='lat' dir='ltr'>S.</span> <span class='ocrx_word' id='word_1_234' title='bbox 1615 1026 1780 1061; x_wconf 86' lang='lat' dir='ltr'>Juliana.</span> 
     </span>
    </p>

    <p class='ocr_par' dir='ltr' id='par_1_23' title="bbox 1093 1076 1925 1356">
     <span class='ocr_line' id='line_1_56' title="bbox 1148 1076 1923 1129; baseline 0.004 -14"><span class='ocrx_word' id='word_1_235' title='bbox 1148 1077 1245 1117; x_wconf 86' lang='lat' dir='ltr'>Ant.</span> <span class='ocrx_word' id='word_1_236' title='bbox 1300 1077 1447 1118; x_wconf 83' lang='lat' dir='ltr'>Simile</span> <span class='ocrx_word' id='word_1_237' title='bbox 1480 1082 1547 1119; x_wconf 89' lang='lat' dir='ltr'>est</span> <span class='ocrx_word' id='word_1_238' title='bbox 1578 1090 1761 1129; x_wconf 88' lang='lat' dir='ltr'>regnum</span> <span class='ocrx_word' id='word_1_239' title='bbox 1793 1076 1923 1119; x_wconf 90' lang='lat' dir='ltr'>coelo-</span> 
     </span>
     <span class='ocr_line' id='line_1_57' title="bbox 1094 1132 1925 1186; baseline 0.002 -13"><span class='ocrx_word' id='word_1_240' title='bbox 1094 1146 1190 1173; x_wconf 90' lang='lat' dir='ltr'>rum</span> <span class='ocrx_word' id='word_1_241' title='bbox 1222 1132 1387 1174; x_wconf 92' lang='lat' dir='ltr'>homini</span> <span class='ocrx_word' id='word_1_242' title='bbox 1418 1134 1682 1185; x_wconf 67' lang='lat' dir='ltr'>negotiatori</span> <span class='ocrx_word' id='word_1_243' title='bbox 1712 1133 1925 1186; x_wconf 78' lang='lat' dir='ltr'>quaerenti</span> 
     </span>
     <span class='ocr_line' id='line_1_58' title="bbox 1094 1188 1924 1241; baseline 0.001 -11"><span class='ocrx_word' id='word_1_244' title='bbox 1094 1188 1233 1231; x_wconf 86' lang='lat' dir='ltr'>bonas</span> <span class='ocrx_word' id='word_1_245' title='bbox 1285 1193 1564 1241; x_wconf 85' lang='lat' dir='ltr'>margaritas:</span> <span class='ocrx_word' id='word_1_246' title='bbox 1613 1189 1789 1232; x_wconf 79' lang='lat' dir='ltr'>inventa</span> <span class='ocrx_word' id='word_1_247' title='bbox 1838 1202 1924 1231; x_wconf 91' lang='lat' dir='ltr'>una</span> 
     </span>
     <span class='ocr_line' id='line_1_59' title="bbox 1093 1246 1922 1298; baseline 0.002 -12"><span class='ocrx_word' id='word_1_248' title='bbox 1093 1246 1297 1298; x_wconf 83' lang='lat' dir='ltr'>pretiosa,</span> <span class='ocrx_word' id='word_1_249' title='bbox 1324 1246 1446 1288; x_wconf 89' lang='lat' dir='ltr'>dedit</span> <span class='ocrx_word' id='word_1_250' title='bbox 1466 1247 1611 1288; x_wconf 90' lang='lat' dir='ltr'>omnia</span> <span class='ocrx_word' id='word_1_251' title='bbox 1630 1260 1719 1297; x_wconf 89' lang='lat' dir='ltr'>sua,</span> <span class='ocrx_word' id='word_1_252' title='bbox 1744 1251 1789 1288; x_wconf 90' lang='lat' dir='ltr'>et</span> <span class='ocrx_word' id='word_1_253' title='bbox 1807 1259 1922 1288; x_wconf 89' lang='lat' dir='ltr'>com-</span> 
     </span>
     <span class='ocr_line' id='line_1_60' title="bbox 1094 1302 1595 1356; baseline 0.004 -14"><span class='ocrx_word' id='word_1_254' title='bbox 1094 1302 1266 1355; x_wconf 87' lang='lat' dir='ltr'>paravit</span> <span class='ocrx_word' id='word_1_255' title='bbox 1284 1315 1392 1353; x_wconf 89' lang='lat' dir='ltr'>eam,</span> <span class='ocrx_word' id='word_1_256' title='bbox 1412 1303 1595 1356; x_wconf 73' lang='lat' dir='ltr'>alleh&#39;ija.</span> 
     </span>
    </p>

    <p class='ocr_par' dir='ltr' id='par_1_24' title="bbox 1093 1355 1922 1525">
     <span class='ocr_line' id='line_1_61' title="bbox 1149 1355 1922 1411; baseline 0.004 -13"><span class='ocrx_word' id='word_1_257' title='bbox 1149 1355 1194 1405; x_wconf 51' lang='grc' dir='ltr'>δ”.</span> <span class='ocrx_word' id='word_1_258' title='bbox 1238 1359 1408 1401; x_wconf 75' lang='lat' dir='ltr'>Diffiisa</span> <span class='ocrx_word' id='word_1_259' title='bbox 1445 1365 1512 1402; x_wconf 89' lang='lat' dir='ltr'>est</span> <span class='ocrx_word' id='word_1_260' title='bbox 1543 1359 1684 1411; x_wconf 87' lang='lat' dir='ltr'>gratia</span> <span class='ocrx_word' id='word_1_261' title='bbox 1714 1359 1758 1400; x_wconf 90' lang='lat' dir='ltr'>in</span> <span class='ocrx_word' id='word_1_262' title='bbox 1794 1358 1922 1401; x_wconf 88' lang='lat' dir='ltr'>labiis</span> 
     </span>
     <span class='ocr_line' id='line_1_62' title="bbox 1094 1415 1921 1470; baseline 0.002 -14"><span class='ocrx_word' id='word_1_263' title='bbox 1094 1415 1196 1465; x_wconf 87' lang='lat' dir='ltr'>tuis,</span> <span class='ocrx_word' id='word_1_264' title='bbox 1223 1415 1407 1468; x_wconf 75' lang='lat' dir='ltr'>allelaja.</span> <span class='ocrx_word' id='word_1_265' title='bbox 1448 1419 1497 1470; x_wconf 65' lang='lat' dir='ltr'>R.</span> <span class='ocrx_word' id='word_1_266' title='bbox 1526 1416 1767 1470; x_wconf 84' lang='lat' dir='ltr'>Propterea</span> <span class='ocrx_word' id='word_1_267' title='bbox 1793 1415 1921 1458; x_wconf 92' lang='lat' dir='ltr'>bene-</span> 
     </span>
     <span class='ocr_line' id='line_1_63' title="bbox 1093 1471 1922 1525; baseline 0.002 -13"><span class='ocrx_word' id='word_1_268' title='bbox 1093 1471 1203 1513; x_wconf 82' lang='lat' dir='ltr'>dixit</span> <span class='ocrx_word' id='word_1_269' title='bbox 1221 1477 1265 1514; x_wconf 90' lang='lat' dir='ltr'>te</span> <span class='ocrx_word' id='word_1_270' title='bbox 1284 1472 1405 1514; x_wconf 89' lang='lat' dir='ltr'>Deus</span> <span class='ocrx_word' id='word_1_271' title='bbox 1425 1473 1467 1513; x_wconf 91' lang='lat' dir='ltr'>in</span> <span class='ocrx_word' id='word_1_272' title='bbox 1488 1474 1715 1524; x_wconf 76' lang='lat' dir='ltr'>aeternum,</span> <span class='ocrx_word' id='word_1_273' title='bbox 1740 1472 1922 1525; x_wconf 78' lang='lat' dir='ltr'>allell&#39;lja.</span> 
     </span>
    </p>

    <p class='ocr_par' dir='ltr' id='par_1_25' title="bbox 1144 1542 1573 1588">
     <span class='ocr_line' id='line_1_64' title="bbox 1144 1542 1573 1588; baseline 0.007 -12"><span class='ocrx_word' id='word_1_274' title='bbox 1144 1542 1218 1577; x_wconf 76' lang='lat' dir='ltr'>Pro</span> <span class='ocrx_word' id='word_1_275' title='bbox 1244 1543 1300 1577; x_wconf 64' lang='lat' dir='ltr'>Ss.</span> <span class='ocrx_word' id='word_1_276' title='bbox 1327 1544 1573 1588; x_wconf 76' lang='lat' dir='ltr'>Martyribus.</span> 
     </span>
    </p>

    <p class='ocr_par' dir='ltr' id='par_1_26' title="bbox 1090 1599 1921 1876">
     <span class='ocr_line' id='line_1_65' title="bbox 1144 1599 1921 1651; baseline 0.004 -12"><span class='ocrx_word' id='word_1_277' title='bbox 1144 1600 1240 1640; x_wconf 80' lang='lat' dir='ltr'>Ant.</span> <span class='ocrx_word' id='word_1_278' title='bbox 1273 1599 1396 1640; x_wconf 83' lang='lat' dir='ltr'>Filiae</span> <span class='ocrx_word' id='word_1_279' title='bbox 1416 1599 1441 1640; x_wconf 91' lang='lat' dir='ltr'><strong>J</strong></span> <span class='ocrx_word' id='word_1_280' title='bbox 1443 1599 1671 1650; x_wconf 68' lang='lat' dir='ltr'>erasalem,</span> <span class='ocrx_word' id='word_1_281' title='bbox 1695 1601 1852 1651; x_wconf 79' lang='lat' dir='ltr'>venite,</span> <span class='ocrx_word' id='word_1_282' title='bbox 1876 1604 1921 1642; x_wconf 87' lang='lat' dir='ltr'>et</span> 
     </span>
     <span class='ocr_line' id='line_1_66' title="bbox 1091 1654 1920 1709; baseline 0.004 -14"><span class='ocrx_word' id='word_1_283' title='bbox 1091 1654 1239 1696; x_wconf 80' lang='lat' dir='ltr'>videte</span> <span class='ocrx_word' id='word_1_284' title='bbox 1257 1655 1475 1708; x_wconf 78' lang='lat' dir='ltr'>Martyres</span> <span class='ocrx_word' id='word_1_285' title='bbox 1495 1669 1594 1697; x_wconf 92' lang='lat' dir='ltr'>cum</span> <span class='ocrx_word' id='word_1_286' title='bbox 1612 1656 1802 1706; x_wconf 91' lang='lat' dir='ltr'>coronis,</span> <span class='ocrx_word' id='word_1_287' title='bbox 1829 1656 1920 1709; x_wconf 87' lang='lat' dir='ltr'>qui-</span> 
     </span>
     <span class='ocr_line' id='line_1_67' title="bbox 1091 1710 1919 1754; baseline 0.001 -2"><span class='ocrx_word' id='word_1_288' title='bbox 1091 1710 1174 1752; x_wconf 90' lang='lat' dir='ltr'>bus</span> <span class='ocrx_word' id='word_1_289' title='bbox 1197 1712 1427 1753; x_wconf 79' lang='lat' dir='ltr'>coronavit</span> <span class='ocrx_word' id='word_1_290' title='bbox 1451 1725 1528 1754; x_wconf 92' lang='lat' dir='ltr'>eos</span> <span class='ocrx_word' id='word_1_291' title='bbox 1545 1712 1761 1754; x_wconf 89' lang='lat' dir='ltr'>Dominus</span> <span class='ocrx_word' id='word_1_292' title='bbox 1785 1712 1829 1753; x_wconf 90' lang='lat' dir='ltr'>in</span> <span class='ocrx_word' id='word_1_293' title='bbox 1849 1711 1919 1754; x_wconf 90' lang='lat' dir='ltr'>die</span> 
     </span>
     <span class='ocr_line' id='line_1_68' title="bbox 1091 1767 1918 1820; baseline 0.002 -12"><span class='ocrx_word' id='word_1_294' title='bbox 1091 1767 1379 1810; x_wconf 89' lang='lat' dir='ltr'>solemnitatis</span> <span class='ocrx_word' id='word_1_295' title='bbox 1399 1773 1443 1810; x_wconf 91' lang='lat' dir='ltr'>et</span> <span class='ocrx_word' id='word_1_296' title='bbox 1460 1767 1637 1819; x_wconf 78' lang='lat' dir='ltr'>laetitiae,</span> <span class='ocrx_word' id='word_1_297' title='bbox 1660 1768 1842 1820; x_wconf 78' lang='lat' dir='ltr'>allehija,</span> <span class='ocrx_word' id='word_1_298' title='bbox 1861 1768 1918 1810; x_wconf 90' lang='lat' dir='ltr'>al-</span> 
     </span>
     <span class='ocr_line' id='line_1_69' title="bbox 1090 1823 1229 1876; baseline 0.007 -12"><span class='ocrx_word' id='word_1_299' title='bbox 1090 1823 1229 1876; x_wconf 76' lang='lat' dir='ltr'>lehiJa.</span> 
     </span>
    </p>

    <p class='ocr_par' dir='ltr' id='par_1_27' title="bbox 1089 1878 1919 2046">
     <span class='ocr_line' id='line_1_70' title="bbox 1144 1878 1918 1934; baseline 0.004 -13"><span class='ocrx_word' id='word_1_300' title='bbox 1144 1878 1192 1929; x_wconf 63' lang='lat' dir='ltr'>Y.</span> <span class='ocrx_word' id='word_1_301' title='bbox 1237 1880 1438 1922; x_wconf 83' lang='lat' dir='ltr'>Pretiosa</span> <span class='ocrx_word' id='word_1_302' title='bbox 1472 1881 1516 1922; x_wconf 92' lang='lat' dir='ltr'>in</span> <span class='ocrx_word' id='word_1_303' title='bbox 1554 1883 1795 1934; x_wconf 77' lang='lat' dir='ltr'>conspectu</span> <span class='ocrx_word' id='word_1_304' title='bbox 1829 1881 1918 1924; x_wconf 92' lang='lat' dir='ltr'>Do-</span> 
     </span>
     <span class='ocr_line' id='line_1_71' title="bbox 1089 1936 1919 1990; baseline 0.004 -13"><span class='ocrx_word' id='word_1_305' title='bbox 1089 1936 1208 1987; x_wconf 91' lang='lat' dir='ltr'>mini,</span> <span class='ocrx_word' id='word_1_306' title='bbox 1234 1937 1418 1990; x_wconf 78' lang='lat' dir='ltr'>allehija.</span> <span class='ocrx_word' id='word_1_307' title='bbox 1454 1939 1504 1990; x_wconf 65' lang='lat' dir='ltr'>Rv.</span> <span class='ocrx_word' id='word_1_308' title='bbox 1527 1938 1649 1980; x_wconf 89' lang='lat' dir='ltr'>Mors</span> <span class='ocrx_word' id='word_1_309' title='bbox 1667 1940 1919 1980; x_wconf 87' lang='lat' dir='ltr'>sanctorum</span> 
     </span>
     <span class='ocr_line' id='line_1_72' title="bbox 1091 1993 1392 2046; baseline 0.003 -12"><span class='ocrx_word' id='word_1_310' title='bbox 1091 1993 1192 2045; x_wconf 91' lang='lat' dir='ltr'>ejus,</span> <span class='ocrx_word' id='word_1_311' title='bbox 1210 1993 1392 2046; x_wconf 74' lang='lat' dir='ltr'>allelaja.</span> 
     </span>
    </p>

    <p class='ocr_par' dir='ltr' id='par_1_28' title="bbox 1142 2051 1670 2104">
     <span class='ocr_line' id='line_1_73' title="bbox 1142 2051 1670 2104; baseline 0 -11"><span class='ocrx_word' id='word_1_312' title='bbox 1142 2051 1303 2093; x_wconf 88' lang='lat' dir='ltr'>Oratio.</span> <span class='ocrx_word' id='word_1_313' title='bbox 1332 2052 1464 2100; x_wconf 89' lang='lat' dir='ltr'>Deus,</span> <span class='ocrx_word' id='word_1_314' title='bbox 1485 2051 1560 2104; x_wconf 90' lang='lat' dir='ltr'>qui</span> <span class='ocrx_word' id='word_1_315' title='bbox 1578 2064 1670 2093; x_wconf 90' lang='lat' dir='ltr'>nos.</span> 
     </span>
    </p>

    <p class='ocr_par' dir='ltr' id='par_1_29' title="bbox 1202 2117 1803 2162">
     <span class='ocr_line' id='line_1_74' title="bbox 1202 2117 1803 2162; baseline 0.002 -11"><span class='ocrx_word' id='word_1_316' title='bbox 1202 2117 1245 2151; x_wconf 90' lang='lat' dir='ltr'>In</span> <span class='ocrx_word' id='word_1_317' title='bbox 1270 2117 1314 2151; x_wconf 89' lang='lat'>11.</span> <span class='ocrx_word' id='word_1_318' title='bbox 1340 2118 1455 2162; x_wconf 84' lang='lat' dir='ltr'>Vcsp.</span> <span class='ocrx_word' id='word_1_319' title='bbox 1482 2128 1551 2161; x_wconf 91' lang='lat' dir='ltr'>pro</span> <span class='ocrx_word' id='word_1_320' title='bbox 1576 2118 1612 2152; x_wconf 90' lang='lat' dir='ltr'>S.</span> <span class='ocrx_word' id='word_1_321' title='bbox 1636 2118 1803 2152; x_wconf 85' lang='lat' dir='ltr'>Juliana.</span> 
     </span>
    </p>

    <p class='ocr_par' dir='ltr' id='par_1_30' title="bbox 1089 2168 1919 2334">
     <span class='ocr_line' id='line_1_75' title="bbox 1146 2168 1919 2222; baseline -0.001 -12"><span class='ocrx_word' id='word_1_322' title='bbox 1146 2171 1244 2211; x_wconf 88' lang='lat' dir='ltr'>Ant.</span> <span class='ocrx_word' id='word_1_323' title='bbox 1264 2168 1375 2210; x_wconf 93' lang='lat' dir='ltr'>Veni</span> <span class='ocrx_word' id='word_1_324' title='bbox 1395 2181 1559 2222; x_wconf 91' lang='lat' dir='ltr'>sponsa</span> <span class='ocrx_word' id='word_1_325' title='bbox 1573 2168 1747 2210; x_wconf 89' lang='lat' dir='ltr'>Christi:</span> <span class='ocrx_word' id='word_1_326' title='bbox 1767 2168 1919 2221; x_wconf 86' lang='lat' dir='ltr'>accipe</span> 
     </span>
     <span class='ocr_line' id='line_1_76' title="bbox 1090 2225 1919 2279; baseline 0.002 -14"><span class='ocrx_word' id='word_1_327' title='bbox 1090 2226 1309 2274; x_wconf 88' lang='lat' dir='ltr'>coronam,</span> <span class='ocrx_word' id='word_1_328' title='bbox 1329 2238 1462 2277; x_wconf 93' lang='lat' dir='ltr'>quam</span> <span class='ocrx_word' id='word_1_329' title='bbox 1479 2225 1559 2267; x_wconf 84' lang='lat' dir='ltr'>tibi</span> <span class='ocrx_word' id='word_1_330' title='bbox 1574 2225 1790 2267; x_wconf 80' lang='lat' dir='ltr'>Dominus</span> <span class='ocrx_word' id='word_1_331' title='bbox 1809 2238 1919 2279; x_wconf 87' lang='lat' dir='ltr'>prae-</span> 
     </span>
     <span class='ocr_line' id='line_1_77' title="bbox 1089 2281 1771 2334; baseline 0.003 -13"><span class='ocrx_word' id='word_1_332' title='bbox 1089 2281 1261 2333; x_wconf 88' lang='lat' dir='ltr'>paravit</span> <span class='ocrx_word' id='word_1_333' title='bbox 1279 2281 1324 2321; x_wconf 89' lang='lat' dir='ltr'>in</span> <span class='ocrx_word' id='word_1_334' title='bbox 1343 2283 1565 2332; x_wconf 75' lang='lat' dir='ltr'>aeternum,</span> <span class='ocrx_word' id='word_1_335' title='bbox 1585 2281 1771 2334; x_wconf 77' lang='lat' dir='ltr'>alleliija.</span> 
     </span>
    </p>

    <p class='ocr_par' dir='ltr' id='par_1_31' title="bbox 1089 2333 1919 2503">
     <span class='ocr_line' id='line_1_78' title="bbox 1144 2333 1919 2389; baseline 0.004 -13"><span class='ocrx_word' id='word_1_336' title='bbox 1144 2333 1191 2385; x_wconf 67' lang='lat' dir='ltr'>V.</span> <span class='ocrx_word' id='word_1_337' title='bbox 1232 2337 1404 2378; x_wconf 79' lang='lat' dir='ltr'>Diffiisa</span> <span class='ocrx_word' id='word_1_338' title='bbox 1438 2342 1506 2380; x_wconf 89' lang='lat' dir='ltr'>est</span> <span class='ocrx_word' id='word_1_339' title='bbox 1543 2338 1683 2389; x_wconf 87' lang='lat' dir='ltr'>gratia</span> <span class='ocrx_word' id='word_1_340' title='bbox 1714 2338 1759 2379; x_wconf 90' lang='lat' dir='ltr'>in</span> <span class='ocrx_word' id='word_1_341' title='bbox 1792 2337 1919 2380; x_wconf 85' lang='lat' dir='ltr'>labiis</span> 
     </span>
     <span class='ocr_line' id='line_1_79' title="bbox 1089 2392 1918 2447; baseline 0.005 -14"><span class='ocrx_word' id='word_1_342' title='bbox 1089 2392 1193 2443; x_wconf 89' lang='lat' dir='ltr'>tuis,</span> <span class='ocrx_word' id='word_1_343' title='bbox 1225 2392 1407 2446; x_wconf 78' lang='lat' dir='ltr'>allehija.</span> <span class='ocrx_word' id='word_1_344' title='bbox 1449 2396 1497 2446; x_wconf 64' lang='lat' dir='ltr'>Rg.</span> <span class='ocrx_word' id='word_1_345' title='bbox 1525 2394 1766 2447; x_wconf 77' lang='lat' dir='ltr'>Propterea</span> <span class='ocrx_word' id='word_1_346' title='bbox 1788 2393 1918 2437; x_wconf 89' lang='lat' dir='ltr'>bene·</span> 
     </span>
     <span class='ocr_line' id='line_1_80' title="bbox 1090 2447 1917 2503; baseline 0.002 -13"><span class='ocrx_word' id='word_1_347' title='bbox 1090 2447 1200 2490; x_wconf 80' lang='lat' dir='ltr'>dixit</span> <span class='ocrx_word' id='word_1_348' title='bbox 1219 2453 1263 2491; x_wconf 92' lang='lat' dir='ltr'>te</span> <span class='ocrx_word' id='word_1_349' title='bbox 1282 2449 1404 2490; x_wconf 91' lang='lat' dir='ltr'>Deus</span> <span class='ocrx_word' id='word_1_350' title='bbox 1426 2449 1470 2490; x_wconf 92' lang='lat' dir='ltr'>in</span> <span class='ocrx_word' id='word_1_351' title='bbox 1490 2452 1712 2501; x_wconf 77' lang='lat' dir='ltr'>aeternum,</span> <span class='ocrx_word' id='word_1_352' title='bbox 1735 2450 1917 2503; x_wconf 80' lang='lat' dir='ltr'>allehija.</span> 
     </span>
    </p>
   </div>
   <div class='ocr_carea' id='block_1_9' title="bbox 687 2542 1440 2742">
    <p class='ocr_par' dir='ltr' id='par_1_32' title="bbox 687 2542 1440 2742">
     <span class='ocr_line' id='line_1_81' title="bbox 687 2542 1440 2742; baseline 0 162"><span class='ocrx_word' id='word_1_353' title='bbox 687 2542 1440 2742; x_wconf 95' lang='lat' dir='ltr'> </span> 
     </span>
    </p>
   </div>
  </div>
 </body>
</html>
