2066 2904
641 137 851 171 Commune
879 134 1124 168 ‹'2‹mt'essoris
1151 132 1356 165 pontificis.

314 244 377 283 De
394 237 508 281 libro
523 232 832 278 Ecclesiastiei.

262 312 411 352 Lectio
433 311 455 349 i.
693 309 795 359 (lap.
812 309 876 345 44.

166 381 172 413 s
206 384 263 412 r
280 374 488 417 audemus
520 372 638 414 viros
671 369 904 421 gloriosos,
943 372 986 410 et

166 478 167 485 χ
206 465 264 491 5
303 432 508 485 parentes
534 433 711 470 nostros
738 426 782 467 in
809 437 985 477 genera-

201 487 251 513 23‘
303 488 422 530 tiene
451 499 539 527 sua.
593 483 775 526 Multam
803 481 987 534 gleriam

162 546 264 588 fecit
281 544 495 586 Dominus
517 539 837 593 magnificentia
864 551 943 579 sua
962 551 987 579 a

162 601 336 644 saeculo.
375 599 663 641 Dominantes
690 597 734 638 in
760 594 986 649 potestati-

161 659 244 701 bus
272 658 379 707 suis,
418 655 616 697 hemines
643 652 788 704 magni
815 651 987 700 virtute,

163 719 207 757 et
224 713 456 768 prudentia
475 724 553 753 sua
569 709 759 764 praediti,
792 707 987 750 nuntian-

162 777 230 814 tes
261 771 306 812 in
336 768 569 822 Prophetis
602 766 858 818 dignitatem
883 765 987 805 Pro-

163 828 410 881 phetarum,
444 830 488 867 et
514 825 780 877 imperantes
808 822 852 862 in
878 833 988 874 prae-

164 883 277 926 senti
297 881 475 936 popuIO,
503 885 547 923 et
565 881 726 922 virtute
743 877 989 932 prudentiae

163 939 339 994 pepulis
363 937 635 980 sanctissima
652 935 797 978 verba.
841 935 892 975 In
915 947 989 987 pe-

164 997 263 1039 ritia
281 1009 359 1037 sua
382 995 654 1047 requirentes
676 991 834 1034 modos
860 990 989 1032 musi-

166 1066 257 1103 cos,
286 1057 329 1094 et
347 1053 577 1093 narrantes
597 1049 789 1092 carmina
807 1048 989 1100 scriptu-

166 1111 323 1151 rarum.

215 1178 264 1229 R.
303 1174 425 1224 Euge
457 1184 582 1214 serve
611 1171 727 1213 bone
764 1175 808 1212 et
837 1169 990 1218 fidelis,

168 1231 269 1284 quia
294 1230 339 1272 in
364 1241 505 1283 pauca
531 1227 649 1270 fuisti
675 1227 827 1276 fidelis,
859 1239 992 1279 supra

165 1287 303 1330 multa
335 1291 381 1329 te
418 1286 695 1327 constituam:
728 1287 749 1309 *
795 1284 915 1324 Intra
949 1282 992 1322 in

167 1343 374 1395 gaudium
405 1341 570 1384 demini
600 1340 673 1382 tui.
714 1335 762 1387 Y.
803 1339 992 1381 Demine

170 1400 359 1453 quinque
403 1398 568 1441 talenta
611 1396 830 1438 tradidisti
877 1395 993 1445 mihi,

169 1469 272 1499 ecce
310 1455 395 1497 alia
435 1455 625 1508 quinque
667 1452 992 1506 superlucratus

169 1526 276 1555 sum.
316 1513 447 1553 Intra.

468 1575 619 1615 Lectio
641 1574 676 1613 ii.

167 1634 432 1741 Hemines
455 1640 613 1682 divites
636 1639 680 1681 in
698 1639 874 1689 virtute,
901 1639 993 1692 pul-
1059 1627 1062 1630 ”

283 1696 538 1740 chritudinis
555 1695 747 1738 studium
767 1696 994 1738 habentes:

132 1803 134 1805 ‚
169 1755 451 1809 pacificantes
482 1754 527 1795 in
556 1752 758 1795 domibus
785 1753 884 1794 suis.
939 1753 994 1794 O-

169 1824 292 1854 mnes
315 1811 387 1853 isti
408 1810 452 1852 in
475 1809 828 1861 generationibus
853 1809 994 1860 gentis

171 1881 262 1911 suae
280 1867 464 1920 gloriam
482 1866 631 1920 adepti
650 1870 761 1916 sunt,
784 1871 827 1908 et
845 1866 889 1907 in
908 1865 994 1908 die-

170 1924 252 1967 bus
272 1924 361 1966 suis
378 1923 594 1965 habentur
611 1923 655 1964 in
673 1922 887 1964 laudibus.
912 1923 996 1973 Qui

172 1980 227 2023 de
251 1980 335 2022 illis
362 1980 452 2022 nati
476 1984 591 2029 sunt,
627 1978 895 2031 reliquerunt
921 1991 996 2020 no-

171 2050 271 2079 men
306 2035 512 2078 narrandi
551 2035 704 2077 laudes
745 2037 912 2077 ebrum:
953 2039 996 2077 et

172 2098 272 2135 sunt
315 2105 501 2145 quorum
536 2105 624 2134 non
666 2096 733 2134 est
768 2092 996 2133 memeria:

171 2150 394 2203 perierunt
429 2148 553 2201 quasi
589 2148 663 2200 qui
697 2161 786 2189 non
821 2148 996 2190 fiierint:

173 2210 217 2249 et
239 2206 329 2247 nati
348 2210 457 2255 sunt,
486 2204 609 2257 quasi
627 2217 715 2246 non
733 2204 834 2255 nati,
859 2209 902 2247 et
921 2204 997 2245 filii

172 2263 368 2315 ipsorum
396 2274 495 2303 cum
521 2260 639 2314 ipsis.

225 2328 275 2380 R«.
313 2327 428 2368 Ecce
456 2325 664 2367 sacerdos
690 2338 890 2377 magnuS‚
923 2326 998 2377 qui

173 2384 217 2425 in
244 2382 398 2426 diebus
425 2383 514 2424 suis
532 2382 698 2435 placuit
714 2382 826 2424 Deo:
846 2385 866 2406 ‘⁸
888 2382 997 2424 Ideo

173 2439 448 2493 jurejurando
486 2439 588 2481 fecit
625 2439 747 2481 illum
781 2439 996 2480 Dominus

175 2498 371 2538 crescere
387 2497 431 2537 in
450 2495 625 2549 plebem
645 2508 778 2537 suam.
798 2490 846 2541 Y.
868 2496 998 2537 Bene-

175 2552 410 2595 dictionem
439 2552 632 2594 omnium
658 2552 853 2603 gentium
878 2551 1000 2593 dedit

175 2608 254 2658 illi,
284 2613 328 2650 et
354 2610 663 2650 testamentum
690 2621 817 2649 suum
845 2608 999 2649 confir-

176 2665 312 2706 mavit
338 2678 470 2718 super
497 2669 629 2717 caput
656 2665 757 2716 ejus.
793 2664 914 2705 Ideo.

1338 227 1486 267 Lectio
1507 227 1557 264 iii.

1036 281 1163 389 Sed
1196 284 1258 325 illi
1292 283 1374 325 viri
1405 278 1720 324 misericerdiae
1754 280 1864 325 sunt,

1133 354 1320 394 quorum
1359 339 1549 392 pietates
1590 348 1678 377 non
1720 333 1864 376 defue-

1037 403 1156 441 runt:
1196 411 1296 439 cum
1324 396 1489 438 semine
1518 395 1670 435 eorum
1697 392 1866 444 perma-

1038 459 1142 498 nent
1175 454 1308 504 bona,
1343 451 1579 494 haereditas
1613 452 1765 490 sancta
1796 459 1867 488 ne-

1038 515 1167 566 petes
1217 513 1369 553 eorum
1419 513 1463 550 et
1505 507 1549 547 in
1593 503 1867 547 testamentis

1041 569 1162 611 stetit
1181 580 1330 609 semen
1350 567 1520 608 eorum:
1549 567 1592 604 et
1616 561 1694 603 filii
1715 562 1868 602 cerum

1039 630 1224 679 propter
1260 623 1359 665 illos
1395 633 1536 674 usque
1573 619 1618 660 in
1655 619 1869 659 aeternum

1040 686 1235 723 manent:
1285 692 1434 722 semen
1467 679 1619 719 eerum
1653 679 1696 716 et
1728 673 1869 724 gloria

1042 741 1194 781 eorum
1233 750 1322 779 non
1363 734 1703 786 derelinquetur.
1767 730 1868 771 Cor-

1040 808 1151 848 pora
1170 795 1367 847 ipserum
1381 793 1425 833 in
1439 803 1550 844 pace
1566 788 1738 842 sepulta
1757 790 1869 835 sunt,

1042 858 1086 894 et
1112 864 1273 894 nomen
1305 852 1457 892 eorum
1484 846 1593 888 vivit
1620 846 1665 886 in
1693 856 1869 896 genera-

1040 909 1206 950 tienem
1238 912 1282 949 et
1315 904 1654 959 generatienem.
1694 901 1870 953 Sapien-

1041 966 1148 1007 tiam
1174 965 1373 1018 ipsorum
1405 965 1583 1003 narrent
1615 958 1786 1013 populi,
1828 961 1871 998 et

1042 1021 1219 1063 laudem
1247 1023 1399 1062 eerum
1426 1017 1598 1059 nuntiet
1624 1014 1834 1057 Ecclesia.

1096 1080 1142 1130 Rg.
1171 1077 1339 1119 Juravit
1357 1074 1585 1117 Deminus.
1614 1072 1698 1126 [69]

1263 1155 1499 1178 Vn—„Q

1197 1219 1259 1260 11.
1296 1217 1425 1259 Aliae
1451 1216 1716 1258 Lectiones

1044 1296 1122 1333 pro
1150 1280 1430 1321 Pontificibus
1460 1287 1499 1319 ct
1523 1277 1869 1318 Confessoribus.

1277 1355 1324 1392 In
1344 1354 1393 1391 Π.
1415 1354 1636 1391 Noeturno.

1067 1417 1220 1454 Sermo
1249 1410 1390 1452 sancti
1416 1409 1598 1451 Maximi
1625 1407 1849 1460 Episcopi.

1132 1482 1188 1514 Ex
1209 1480 1347 1513 Homil.
1365 1480 1429 1514 55³..
1457 1479 1501 1512 dc
1522 1480 1555 1512 ὃ.
1580 1478 1746 1512 Eusebio
1763 1479 1791 1509 2.

1345 1535 1495 1579 Lectio
1515 1535 1565 1573 iv.

1059 1641 1062 1645 ,
1087 1605 1122 1641 :422
1150 1590 1247 1632 eati
1274 1588 1419 1630 Patris
1455 1591 1502 1630 N.
1532 1587 1687 1628 merita
1718 1587 1802 1638 iam
1831 1586 1875 1626 in

1059 1637 1152 1716 ᾖ
1183 1651 1279 1688 tuto
1316 1645 1464 1698 pesita
1500 1643 1644 1686 securi
1679 1642 1874 1694 magnifi-

1054 1700 1152 1728 4³⁴—
1185 1705 1352 1745 cemus:
1407 1702 1482 1754 qui
1530 1699 1875 1752 gubernaculum

1048 1761 1152 1803 fidei
1192 1760 1375 1801 viriliter
1415 1764 1590 1808 tenens,
1638 1757 1876 1798 anchoram

1047 1818 1143 1871 spei
1182 1816 1418 1868 tranquilla
1463 1817 1547 1868 jam
1592 1815 1636 1855 in
1684 1814 1875 1855 statiene

1049 1873 1309 1927 composuit,
1345 1877 1389 1915 et
1414 1872 1591 1926 plenam
1619 1869 1875 1913 coelestibus

1049 1931 1214 1973 divitiis
1251 1934 1294 1972 et
1330 1929 1506 1971 aeternis
1542 1927 1761 1970 mercibus
1803 1939 1875 1967 na-

1048 2001 1147 2029 vem
1180 1988 1336 2040 optato
1370 1986 1414 2026 in
1446 1985 1594 2027 littore
1623 1983 1876 2026 collocavit:

1051 2044 1125 2097 qui
1143 2048 1298 2086 contra
1317 2055 1471 2084 omnes
1491 2041 1769 2084 adversarios
1789 2052 1876 2081 scu-

1049 2105 1143 2143 tum
1169 2100 1341 2142 timoris
1367 2099 1452 2141 Dei
1479 2098 1647 2140 tamdiu
1678 2096 1874 2147 infatiga-

1048 2157 1195 2199 biliter
1219 2157 1370 2206 tenuit,
1398 2155 1540 2198 donec
1563 2154 1620 2196 ad
1645 2153 1875 2195 victoriam

1049 2215 1309 2266 perveniret.
1357 2211 1474 2262 Quid
1503 2211 1617 2253 enim
1644 2210 1726 2251 fuit
1753 2214 1875 2251 totus

1049 2270 1153 2312 vitae
1179 2270 1294 2311 illius
1323 2281 1492 2320 cursus,
1525 2267 1609 2308 nisi
1636 2279 1749 2310 unus
1777 2278 1876 2307 cum

1050 2327 1171 2378 vigili
1198 2326 1328 2368 hoste
1360 2324 1617 2368 conflictus?

1104 2385 1152 2435 R.
1179 2383 1333 2424 Inveni
1350 2380 1497 2424 David
1519 2393 1694 2422 servum
1719 2392 1876 2429 meum,

1051 2440 1151 2481 eleo
1198 2444 1351 2481 sancto
1395 2450 1495 2479 meo
1540 2437 1646 2478 unxi
1689 2449 1807 2478 eum:
1854 2438 1874 2461 *

1050 2496 1206 2537 Manus
1239 2496 1354 2537 enim
1384 2507 1484 2536 mea
1515 2492 1798 2535 auxiliabitur
1827 2494 1877 2535 ei.

1052 2546 1101 2598 V.
1127 2552 1249 2594 Nihil
1275 2551 1480 2604 proficiet
1507 2550 1708 2592 inimicus
1740 2550 1785 2591 in
1813 2563 1876 2600 eo,

1052 2613 1097 2706 {i
1123 2608 1239 2650 filius
1263 2607 1506 2660 iniquitatis
1523 2619 1611 2648 non
1628 2606 1807 2649 nocebit
1827 2607 1877 2648 ei.

1099 2678 1218 2706 anus.
