2066 2904
650 134 857 168 Commune¹
886 132 1130 167 ‹Iont'cssoris
1157 130 1361 164 l’outiticis.

151 247 237 288 que
249 233 474 276 Pontificis
498 230 748 275 veneranda
773 228 971 271 solemni-

148 297 236 342 tas,
273 296 316 333 et
347 289 627 333 devotionem
659 286 787 329 nobis
815 289 972 338 augeat

150 354 193 391 et
212 347 407 390 salutem.
433 347 519 388 Per
535 344 783 387 Deminum.

422 422 518 461 Alia
539 421 701 461 Oratio.

148 483 369 592 ExaUdi,
391 487 640 540 quaesumus
658 482 857 531 Demine‚
876 494 971 534 pre-

250 557 324 586 ces
346 548 537 591 nostras,
575 553 682 594 quas
710 539 755 580 in
778 538 899 581 beati
925 539 972 577 N.

150 600 423 644 Confessoris
469 598 533 648 tui
574 602 705 650 atque
748 594 973 637 Pontfficis

150 657 426 700 solemnitate
451 654 700 697 deferimus:
728 657 772 694 et
796 651 870 705 qui
892 650 973 693 tibi

149 714 279 766 digne
305 712 462 754 meruit
486 710 700 760 famulari,
729 710 819 762 ejus
844 709 972 749 inter-

149 769 406 813 cedentibus
419 768 585 810 meritis
599 767 654 809 ab
672 765 873 808 emnibus
891 777 973 806 nos

149 827 329 870 abselve
348 825 553 879 peccatis,
586 824 671 866 Per
691 822 938 864 Deminum.

202 895 275 928 Pro
294 894 527 927 Doctoribus
550 893 584 926 in
605 893 775 935 utrisque
796 892 909 934 Vesp.

205 950 273 991 Ad
298 950 470 1000 Magnif.
500 950 595 989 Ant.
616 948 652 986 Ο
674 946 843 989 Doctor
862 943 973 997 opti-

147 1004 486 1056 me,*rEcclesiae
502 1007 665 1045 sanctae
680 1000 974 1051 lumen‚beate

152 1066 211 1107 N..
231 1061 391 1104 divinae
409 1060 519 1113 legis
535 1061 715 1109 amator,
735 1058 973 1111 deprecare

148 1131 230 1173 pro
249 1118 379 1160 nobis
396 1117 554 1159 Filium
572 1116 667 1159 Dei.

478 1194 641 1235 Oratio.

152 1254 336 1361 Deus,
379 1256 453 1310 qui
488 1255 656 1309 pepulo
688 1259 765 1297 tuo
797 1256 973 1296 aeternae

264 1314 417 1357 salutis
442 1313 624 1355 beatum
653 1315 703 1354 N.
729 1311 974 1353 ministrum

148 1372 355 1415 tribuisti:
399 1374 564 1424 praesta
613 1370 880 1421 quaesumus3
926 1372 974 1409 ut

151 1441 282 1481 quem
298 1429 542 1470 Docterem
559 1426 662 1468 vitae
681 1424 912 1466 habuimus
930 1424 974 1465 in

149 1485 294 1536 terris,
329 1484 663 1527 intercesserem
694 1481 857 1523 habere
887 1493 973 1522 me-

150 1543 323 1584 reamur
340 1542 384 1583 in
404 1539 538 1583 coelis.
563 1540 649 1581 Per
666 1538 913 1580 Deminum.

312 1626 400 1668 Ad
426 1624 811 1667 Matutinum.

203 1695 327 1736 Invit.
357 1696 521 1744 Regem
550 1692 860 1734 Confessorum
886 1692 973 1734 De-

150 1750 325 1802 minum,
345 1752 367 1776 *
393 1750 554 1792 Venite
573 1748 816 1791 adoremus.

204 1812 270 1852 Ps.
307 1813 468 1860 Venite,
497 1810 775 1852 exsultemus.
802 1811 839 1851 2.

204 1873 412 1923 Hymnus.
435 1872 522 1913 Iste
538 1870 774 1913 Confessor
786 1871 975 1912 Demini.

154 1934 201 1970 ut
219 1941 360 1980 supra.
386 1927 472 1981 [66]

386 2009 434 2048 In
462 2010 493 2049 I.
520 2010 741 2049 Nocturno.

207 2072 304 2114 Ant.
342 2072 505 2113 Beatus
536 2072 618 2122 vir,
645 2073 669 2098 *
702 2071 775 2125 qui
804 2072 848 2113 in
878 2072 975 2124 lege

152 2128 329 2170 Domini
357 2128 611 2170 meditatur:
650 2128 854 2171 voluntas
886 2130 976 2181 ejus

151 2186 379 2238 permanet
406 2183 477 2226 die
505 2198 556 2227 ae
583 2190 727 2237 nocte,
760 2190 804 2227 et
832 2185 976 2227 emnia

154 2244 441 2294 quaecumque
477 2241 625 2292 faciet,
672 2255 847 2295 semper
876 2255 975 2295 pro-

154 2297 456 2351 sperabuntur.

441 2372 637 2411 Psalmus
667 2372 693 2410 1.

167 2472 169 2474 .
195 2441 228 2492 bg]
256 2439 387 2479 eatus
402 2438 479 2488 vir,
495 2437 570 2489 qui
588 2450 677 2478 non
691 2437 799 2479 abiit
812 2438 856 2478 in
877 2450 976 2479 con-

169 2502 171 2540 }
193 2493 259 2554 -ΑΝ
282 2493 379 2535 silio
399 2494 644 2547 impierum,
665 2499 708 2535 et
725 2494 770 2534 in
789 2494 859 2535 via
877 2506 976 2547 pec-

164 2550 189 2573 *
217 2552 232 2573 ἵν
257 2555 259 2572 ³
282 2552 479 2592 catorum
511 2563 600 2592 non
631 2550 767 2600 stetit,
799 2551 822 2576 *
856 2555 900 2592 et
932 2550 977 2590 in

157 2606 364 2648 cathedra
382 2606 643 2660 pestilentiae
662 2619 750 2648 non
769 2606 896 2648 sedit:

208 2661 295 2704 Sed
307 2663 352 2703 in
366 2663 461 2715 lege
471 2663 650 2705 Demini
659 2663 862 2704 voluntas
876 2663 977 2715 ejus,

1780 121 1850 166 [67]

1023 226 1048 253 *
1068 230 1112 269 et
1130 226 1175 267 in
1190 225 1286 277 lege
1302 226 1393 277 ejus
1412 222 1696 266 meditabitur
1714 221 1785 263 die
1800 233 1852 263 ac

1026 287 1166 325 nocte.

1076 340 1134 382 Et
1160 339 1242 381 erit
1269 343 1495 390 tamquam
1521 337 1703 388 lignum,
1732 334 1853 387 quod

1025 396 1270 450 plantatum
1281 399 1347 436 est
1362 407 1489 436 secus
1501 393 1711 435 decursus
1722 394 1852 444 aqua-

1024 466 1132 503 rum,
1158 453 1183 479 *
1211 450 1331 504 quod
1359 451 1550 493 fructum
1577 463 1703 492 suum
1730 448 1852 491 dabit

1024 510 1070 551 in
1089 511 1288 562 tempore
1309 520 1404 549 suo:

1076 567 1134 608 Et
1160 566 1314 608 felium
1342 565 1432 617 ejus
1460 577 1550 606 non
1569 563 1747 605 defluet:
1764 563 1788 589 *
1809 566 1853 604 et

1026 623 1173 665 emnia
1192 625 1481 675 quaecumque
1501 620 1647 670 faciet,
1671 632 1851 673 prospe-

1025 680 1247 722 rabuntur.

1076 736 1179 778 Non
1212 736 1275 778 sic
1307 735 1450 788 impii,
1483 747 1571 776 non
1605 734 1686 775 sic:
1717 734 1741 758 *
1774 732 1853 774 sed

1026 798 1250 846 tamquam
1295 792 1460 846 pulvis,
1503 804 1634 844 quem
1678 789 1853 843 prejicit

1027 855 1182 892 ventus
1201 863 1227 892 a
1244 850 1355 892 facie
1373 854 1514 891 terrae.

1077 906 1186 949 Ideo
1210 919 1300 948 non
1324 909 1554 957 resurgent
1578 904 1702 957 impii
1726 904 1771 945 in
1794 904 1852 956 ju-

1027 964 1157 1006 dicio:
1182 964 1206 990 *
1231 976 1374 1016 neque
1401 963 1660 1015 peccatores
1683 961 1728 1002 in
1752 973 1852 1002 con-

1027 1021 1128 1063 cilio
1147 1021 1371 1073 justerum.

1078 1077 1296 1128 Queniam
1332 1076 1456 1118 novit
1486 1074 1703 1116 Dominus
1736 1073 1853 1115 viam

1026 1136 1253 1187 justerum:
1275 1134 1299 1159 *
1324 1138 1368 1175 et
1391 1133 1473 1175 iter
1497 1131 1734 1184 impierum
1756 1143 1853 1183 per-

1025 1190 1116 1233 ibit.

1086 1252 1180 1290 Ant.
1217 1249 1372 1289 Beatus
1396 1246 1461 1288 vir
1487 1245 1562 1298 qui
1583 1245 1627 1286 in
1646 1245 1743 1296 lege
1765 1245 1852 1286 De-

1025 1304 1129 1345 mini
1147 1303 1397 1346 meditatur:
1421 1302 1627 1344 voluntas
1648 1302 1738 1354 ejus
1757 1303 1852 1354 per-

1025 1365 1172 1402 manet
1192 1360 1262 1402 die
1283 1373 1334 1402 ac
1352 1363 1493 1408 nocte,
1513 1363 1556 1400 et
1576 1358 1722 1399 omnia
1738 1371 1853 1410 quae-

1026 1421 1214 1470 cumque
1240 1417 1384 1467 faciet,
1422 1428 1596 1468 semper
1621 1427 1852 1468 prospera-

1025 1474 1199 1516 buntur.

1084 1535 1182 1573 Ant.
1216 1533 1373 1573 Beatus
1399 1530 1482 1571 iste
1510 1533 1705 1579 sanctus,
1727 1529 1750 1554 *
1780 1528 1854 1581 qui

1027 1588 1219 1630 confisus
1235 1592 1301 1630 est
1319 1588 1363 1628 in
1378 1584 1855 1639 Domino,.praedicavit

1026 1644 1496 1698 praeceptumDOmini,
1509 1643 1771 1685 constitutus
1787 1647 1854 1684 est

1026 1702 1070 1743 in
1088 1706 1238 1744 monte
1258 1704 1411 1743 sancto
1431 1701 1534 1753 ejus.

1320 1760 1513 1799 psalmus
1541 1761 1575 1798 2.

1034 1803 1216 1926 Quare
1244 1815 1515 1856 fremuerunt
1543 1814 1724 1863 GenteS‚
1757 1813 1780 1839 *
1809 1817 1853 1855 et

1129 1871 1284 1925 pepuli
1308 1870 1508 1913 meditati
1537 1875 1638 1912 sunt
1666 1869 1835 1911 inania?

1077 1929 1325 1970 Astiterunt
1348 1940 1475 1980 reges
1502 1932 1648 1977 terrae,
1671 1931 1715 1968 et
1737 1929 1852 1979 prin-

1027 1985 1148 2039 cipes
1173 1986 1473 2028 convenerunt
1497 1984 1542 2025 in
1565 1997 1700 2025 unum
1727 1984 1751 2010 *
1779 1982 1852 2024 ad-

1027 2044 1179 2083 versus
1229 2042 1469 2084 Deminum
1483 2073 1492 2091 ,
1545 2045 1590 2083 et
1642 2039 1852 2082 adversus

1028 2098 1248 2140 Christum
1276 2099 1376 2151 ejus.

1079 2155 1392 2208 Dirumpamus
1424 2153 1599 2196 vincula
1631 2155 1802 2195 eerum:
1829 2152 1852 2178 *

1028 2216 1072 2254 et
1097 2212 1380 2265 projiciamus
1407 2224 1434 2253 a
1460 2210 1589 2252 nobis
1616 2211 1764 2263 jugum
1790 2209 1853 2262 ip-

1028 2281 1188 2310 sorum.

1080 2325 1166 2376 Qui
1196 2324 1366 2367 habitat
1396 2324 1442 2365 in
1474 2322 1618 2373 eoelis,
1653 2322 1854 2365 irridebit

1029 2393 1120 2423 eos:
1134 2382 1158 2408 *
1174 2386 1218 2423 et
1231 2381 1448 2423 Dominus
1463 2378 1750 2422 subsannabit
1765 2392 1852 2421 eos.

1079 2438 1204 2480 Tunc
1222 2438 1426 2490 loquetur
1445 2436 1502 2478 ad
1522 2448 1598 2478 eos
1616 2436 1662 2477 in
1680 2436 1745 2478 ira
1763 2449 1852 2487 sua,

1028 2494 1051 2520 *
1071 2499 1115 2536 et
1133 2495 1178 2535 in
1196 2494 1342 2536 furere
1356 2505 1442 2534 suo
1462 2491 1742 2534 conturbabit
1765 2505 1852 2535 eos.

1078 2551 1174 2602 Ego
1194 2555 1341 2592 autem
1360 2549 1623 2591 constitutus
1643 2562 1740 2591 sum
1754 2550 1852 2592 Rex

1028 2607 1083 2649 ab
1104 2620 1156 2649 eo
1177 2620 1308 2660 super
1323 2606 1427 2647 Sion
1442 2610 1637 2647 montem
1652 2611 1851 2648 sanctum

1029 2665 1131 2715 ejus,
1149 2664 1172 2690 *
1191 2662 1439 2716 praedicans
1458 2664 1731 2716 praeceptum
1749 2664 1850 2715 ejus.
