2066 2956
597 185 772 218 Officium
798 184 972 218 votivum
997 183 1042 216 dc
1068 182 1218 216 Sanctis
1244 182 1414 223 Angelis.

153 281 301 325 vadis?
329 283 386 325 Et
412 282 520 324 dixit
547 281 604 323 ad
624 293 711 322 me:
738 281 798 322 Ut
823 280 980 321 metiar

153 339 411 389 Jerusalem,
448 343 492 380 et
523 337 697 379 videam
730 341 893 389 quanta
925 336 980 376 sit

152 396 340 438 latitudo
361 397 466 448 ejuS,
495 399 539 436 et
563 398 726 446 quanta
748 392 979 444 longitado

154 453 255 505 ejus.
290 452 348 494 Et
376 464 478 494 ecce
504 451 700 504 Angelus
728 450 804 502 qui
830 450 980 501 loque-

152 509 283 551 batur
305 509 350 550 in
367 521 454 558 me,
481 508 804 560 egrediebatur,
832 511 875 548 et
894 506 979 547 An-

103 608 105 611 Λ
152 565 274 617 gelus
303 565 413 607 alius
434 564 741 617 egrediebatur
761 564 804 604 in
830 566 980 604 occar-

153 635 249 663 sum
273 623 374 674 ejus.
406 622 463 664 Et
483 621 594 663 dixit
619 620 676 663 ad
696 634 809 662 eum:
833 620 981 669 Curre,

152 678 335 731 lequere
358 679 415 720 ad
438 682 624 732 puerum
643 678 790 727 istum,
817 675 982 718 dicens:

153 735 337 788 Absque
362 748 487 777 muro
514 734 786 777 habitabitur
810 734 834 774 J
837 736 981 775 erasa-

152 792 239 834 lem
262 806 356 845 prae
379 792 659 835 multitudine
686 791 911 833 hominum
938 795 982 831 et

154 850 445 900 jumentorum
464 850 508 890 in
526 848 673 890 medio
694 850 795 901 ejus.
823 848 881 889 Et
900 859 981 898 ego

154 918 230 947 ero
260 906 316 955 ei,
344 906 406 948 ait
433 906 666 955 Dominus,
694 917 844 946 murus
870 904 982 955 ignis

153 962 197 1003 in
216 962 418 1012 circuitu,
445 967 488 1005 et
510 963 553 1003 in
578 962 717 1014 gloria
737 974 813 1004 ero
833 962 877 1002 in
895 962 982 1001 me-

138 1018 228 1060 ·dio
250 1020 351 1070 ejus.

207 1082 257 1133 Rg.
284 1081 334 1121 In
355 1083 604 1133 conspectu.
624 1080 727 1134 [218]

377 1168 427 1207 In
454 1169 504 1207 II.
534 1170 755 1209 Nocturno.

208 1243 307 1283 Ant.
340 1240 550 1283 Ascendit
568 1241 723 1282 fumus.

427 1317 623 1358 Psalmus
653 1318 709 1357 18.

366 1378 571 1418 enarrant
588 1375 773 1428 gloriam
787 1375 881 1425 Dei,
896 1377 919 1402 *
941 1382 984 1417 et

190 1433 210 1456 ‘²'
228 1429 267 1482 >2221
286 1435 421 1486 opera
435 1434 643 1474 manuum
655 1433 746 1484 ejus
758 1431 985 1473 annuntiat

164 1488 165 1493 ’
284 1490 617 1531 firmamentum.

206 1551 313 1592 Dies
346 1550 432 1592 diei
465 1554 634 1592 eructat
663 1548 860 1599 verbum,
888 1549 912 1574 *
941 1554 984 1591 et

155 1620 244 1649 nox
262 1607 382 1649 nocti
399 1606 563 1649 indicat
583 1606 818 1650 scientiam.

207 1668 310 1710 Non
327 1674 427 1710 sunt
444 1668 646 1720 loquelae,
664 1680 806 1720 neque
823 1670 983 1709 sermo-

155 1738 249 1775 nes,
276 1725 300 1751 *
329 1737 515 1777 quorum
542 1737 629 1766 non
653 1723 883 1766 audiantur
910 1736 983 1765 vo-

157 1794 230 1823 ces
257 1783 419 1823 eorum.

207 1842 259 1883 In
287 1854 460 1884 omnem
490 1847 652 1884 terram
685 1841 818 1883 exivit
852 1853 985 1882 sonus

158 1900 327 1940 eorum:
360 1899 384 1926 *
417 1904 460 1940 et
492 1898 536 1939 in
570 1898 679 1940 fines
708 1897 828 1940 orbis
854 1902 984 1939 terrae

158 1954 293 1996 verba
319 1956 481 1997 eorum.

209 2014 261 2055 In
285 2014 379 2056 sole
397 2014 546 2068 posuit
568 2012 899 2056 tabernaculum
917 2025 984 2053 su-

158 2084 248 2111 um:
280 2071 304 2097 *
338 2076 382 2113 et
413 2071 509 2123 ipse
541 2075 765 2122 tamquam
797 2081 985 2122 sponsus

158 2126 405 2179 procedens
424 2126 479 2169 de
497 2126 691 2168 thalamo
712 2138 809 2167 suo:

212 2188 458 2230 Exsultavit
490 2192 538 2230 ut
569 2187 691 2238 gigas
725 2185 783 2228 ad
816 2187 986 2228 curren-

160 2243 261 2286 dam
281 2244 406 2294 viam,
425 2245 448 2269 *
468 2257 494 2285 a
512 2256 682 2285 summo
706 2241 820 2285 coelo
845 2244 987 2293 egres-

160 2300 225 2342 sio
254 2301 362 2352 ejus:

211 2362 269 2403 Et
287 2364 497 2403 occursus
521 2361 612 2413 ejus
637 2372 777 2412 usque
799 2358 856 2401 ad
875 2373 987 2400 sum-

159 2431 278 2458 mum
297 2418 402 2470 ejus:
420 2418 443 2442 *
462 2430 543 2459 nec
562 2422 629 2458 est
649 2417 723 2468 qui
742 2429 788 2458 se
807 2415 987 2458 abscen-

162 2472 237 2515 dat
256 2487 282 2515 a
301 2474 447 2516 calore
471 2475 573 2526 ejus.

212 2535 305 2576 Lex
327 2534 413 2575 Dfii
432 2534 710 2576 immaculata
729 2534 988 2575 convertens

163 2590 341 2631 animas:
363 2591 387 2616 *
411 2590 706 2632 testimenium
733 2589 819 2630 Dni
846 2587 988 2637 fidele,

164 2646 420 2698 sapientiam
438 2652 654 2699 praestans
673 2644 879 2698 parvulis.

213 2707 238 2747 J
239 2707 399 2749 ustitiae
416 2707 592 2748 Domini
609 2711 752 2756 rectae,
766 2704 1004 2747 laetificam·

1032 285 1100 321 tes
1137 278 1288 321 corda:
1322 281 1346 306 *
1379 281 1653 332 praeceptum
1684 276 1861 318 Demini

1032 335 1241 377 lucidum:
1268 336 1513 377 illuminans
1542 334 1706 376 oculos

1085 392 1237 434 Timor
1264 392 1442 434 Domini
1469 397 1661 441 sanctus,
1694 392 1862 443 perma-

1034 461 1141 490 nens
1168 449 1212 489 in
1239 448 1449 490 saeculum
1475 447 1639 489 saeculi:
1658 448 1681 472 *
1706 445 1863 497 judicia

1034 505 1121 547 Dfii
1139 518 1257 555 vera,
1278 505 1509 558 justificata
1528 505 1571 544 in
1590 505 1838 555 semetipsa.

1087 561 1407 604 Desiderabilia
1450 573 1582 614 super
1623 573 1775 602 aurum
1821 564 1864 601 et

1033 619 1227 672 lapidem
1263 619 1505 672 pretiosum
1537 617 1734 659 multum:
1765 617 1788 642 *
1821 621 1864 657 et

1036 675 1233 717 dulciora
1252 688 1385 728 super
1402 674 1489 716 mel
1509 680 1552 716 et
1572 674 1728 715 favum.

1087 732 1260 773 Etenim
1279 744 1431 773 servus
1458 736 1559 772 tuus
1584 729 1776 772 custodit
1802 742 1864 778 ea,

1035 791 1058 816 *
1099 789 1142 828 in
1180 786 1479 830 custodiendis
1518 787 1602 827 illis
1634 785 1864 828 retributio

1035 845 1181 886 multa.

1087 901 1260 942 Delicta
1285 901 1382 952 quis
1400 899 1621 950 intelligit?
1647 898 1701 940 ab
1723 898 1865 940 occul-

1034 957 1091 999 tis
1109 958 1218 999 meis
1236 956 1399 998 munda
1418 969 1502 997 me:
1520 957 1543 981 *
1564 962 1607 997 et
1633 955 1688 997 ab
1716 955 1865 996 alienis

1035 1027 1169 1067 parce
1189 1027 1317 1055 servo
1336 1019 1425 1055 tuo.

1088 1071 1133 1112 Si
1149 1071 1234 1112 mei
1249 1083 1337 1112 non
1351 1069 1510 1111 fuerint
1526 1068 1748 1118 dominati,
1762 1073 1867 1110 tunc

1036 1127 1340 1169 immaculatus
1366 1139 1458 1168 ero:
1477 1125 1500 1150 *
1526 1131 1569 1167 et
1594 1124 1866 1166 emundabor

1037 1196 1062 1224 a
1082 1182 1244 1226 delicto
1264 1183 1466 1224 maximo.

1089 1241 1145 1282 Et
1164 1245 1290 1282 erunt
1307 1245 1355 1282 ut
1371 1239 1675 1292 complaceant
1693 1237 1868 1289 eloquia

1037 1298 1126 1338 oris
1144 1297 1244 1338 mei:
1262 1297 1286 1322 *
1306 1302 1350 1338 et
1368 1295 1595 1337 meditatio
1617 1293 1763 1336 cordis
1781 1293 1867 1335 mei

1035 1353 1079 1393 in
1100 1355 1341 1406 conspectu
1359 1358 1435 1394 tuo
1457 1363 1641 1404 semper.

1088 1410 1275 1451 D6mine
1302 1408 1474 1461 adjutor
1499 1420 1633 1457 meus,
1653 1407 1676 1431 *
1702 1411 1745 1447 et
1771 1404 1866 1447 red-

1038 1468 1210 1519 emptor
1237 1478 1371 1507 meus.

1095 1535 1188 1573 Ant.
1221 1529 1431 1572 Ascendit
1457 1529 1599 1569 fumus
1623 1529 1866 1568 aromatum

1036 1587 1091 1686 ir}3
1093 1589 1341 1685 1(Ξοῐιερεέοῒη
1360 1586 1536 1627 Domini
1557 1584 1611 1626 de
1630 1596 1759 1624 manu
1779 1584 1865 1623 An-

1036 1657 1064 1695 g
1092 1716 1187 1755 Ant.
1226 1711 1434 1751 Immittet
1459 1707 1654 1760 Angelus
1678 1705 1865 1747 Demini.

1316 1790 1511 1829 l'salmus
1531 1790 1593 1828 23.

1039 1858 1261 1963 Demini
1294 1864 1361 1901 est
1393 1864 1527 1909 terra,
1562 1864 1607 1901 et
1639 1858 1866 1911 plenitado

1149 1917 1255 1969 ejus:
1277 1917 1301 1942 *
1325 1915 1444 1958 orbis
1463 1917 1690 1963 terrarum,
1715 1919 1758 1956 et
1778 1915 1866 1955 uni-

1037 1973 1154 2015 versi
1173 1973 1247 2025 qui
1266 1973 1464 2014 habitant
1483 1973 1526 2013 in
1546 1985 1610 2013 eo.

1091 2030 1202 2080 Quia
1228 2030 1323 2082 ipse
1352 2042 1484 2082 super
1508 2028 1644 2069 maria
1669 2026 1866 2068 fundavit

1040 2099 1154 2128 eum:
1173 2086 1196 2112 *
1217 2092 1261 2128 et
1289 2098 1420 2138 super
1445 2085 1623 2126 flumina
1647 2084 1866 2136 praepara-

1039 2143 1102 2184 vit
1121 2155 1230 2184 eum.

1092 2199 1199 2249 Quis
1232 2197 1440 2239 ascendet
1476 2197 1519 2237 in
1552 2199 1746 2236 montem
1778 2194 1865 2235 Do-

1039 2253 1165 2296 mini?
1185 2256 1208 2280 *
1228 2259 1303 2296 aut
1323 2254 1419 2306 quis
1439 2252 1571 2295 stabit
1590 2252 1633 2292 in
1651 2251 1750 2293 loco
1771 2263 1865 2292 san-

1040 2315 1113 2352 cto
1134 2309 1248 2363 ejus?

1091 2368 1308 2409 Innocens
1357 2365 1558 2406 manibus
1608 2369 1652 2405 et
1700 2362 1864 2404 mundo

1041 2423 1190 2473 corde,
1218 2424 1241 2449 *
1270 2422 1344 2475 qui
1370 2434 1458 2462 non
1483 2420 1653 2472 accepit
1679 2420 1723 2460 in
1750 2432 1864 2460 vano

1041 2480 1230 2521 animam
1249 2491 1386 2527 suam,
1410 2489 1492 2518 nec
1515 2476 1671 2528 juravit
1694 2476 1737 2516 in
1761 2475 1864 2517 dolo

1040 2537 1243 2588 preximo
1265 2547 1355 2575 suo.

1091 2593 1177 2634 Hic
1217 2591 1403 2642 accipiet
1444 2588 1796 2631 benedictionem
1841 2601 1866 2628 a

1040 2649 1246 2690 Domino:
1260 2647 1283 2672 *
1300 2651 1344 2688 et
1361 2645 1705 2687 misericordiam
1724 2657 1749 2685 a
1768 2645 1865 2685 Deo

1042 2704 1222 2746 salutari
1241 2716 1331 2744 suo.
