2066 2956
704 220 743 253 In
771 220 895 253 Festis
923 220 960 253 13.
988 220 1120 253 Mariae
1146 219 1188 253 V.
1214 230 1283 262 per
1308 231 1458 253 annum.

206 315 230 341 *
266 315 309 356 in
347 314 646 356 custodiendis
681 305 773 356 illis'
806 313 1036 356 retributio

207 371 353 412 multa.

258 426 431 468 Delicta
452 427 549 479 quis
568 425 790 477 intelligit?
818 426 873 468 ab
893 425 1036 467 occul-

206 483 261 524 tis
279 483 388 524 meis
411 482 574 524 munda
592 495 676 524 me:
695 484 719 509 *
739 488 783 524 et
806 482 861 524 ab
886 482 1037 523 alienis

206 551 339 590 parce
359 551 488 580 servo
507 543 596 580 tuo.

257 595 302 636 Si
316 595 402 636 mei
416 608 505 636 non
520 595 680 637 fuerint
695 594 918 642 dominati,
932 599 1037 635 tunc

205 651 510 692 immaculatus
535 664 628 693 ero:
646 651 670 677 *
695 655 739 692 et
764 649 1037 692 emundabor

206 720 231 747 a
251 706 412 748 delicto
431 707 635 748 maximo.

257 763 314 804 Et
333 767 460 804 erunt
479 768 527 804 ut
542 762 848 818 complaceant
862 761 1038 814 elequia

207 819 294 860 oris
313 819 414 860 mei:
432 820 456 845 *
476 824 520 861 et
538 819 766 861 meditatio
786 818 932 860 cordis
949 818 1037 859 mei

204 875 248 916 in
268 877 510 927 conspectu
528 880 605 916 tuo
626 887 812 927 semper.

257 932 446 972 Demine
470 931 642 983 adjutor
665 944 805 980 meuS,
824 931 848 957 *
872 935 916 972 et
940 930 1036 972 red-

206 989 380 1039 emptor
398 1000 533 1028 meus.

267 1059 362 1096 Ant.
391 1057 511 1097 Sicut
537 1055 716 1108 myrrha
743 1055 899 1105 electa,
931 1054 1036 1096 odo-

205 1125 299 1153 rem
323 1111 485 1153 dedisti
507 1112 754 1161 suavitatis,
782 1116 934 1152 sancta
952 1111 1036 1152 Dei

207 1168 417 1209 Genitrix.

263 1238 296 1275 A
305 1243 359 1277 nt.
392 1239 501 1278 Ante
524 1241 671 1277 torum
693 1237 717 1262 *
741 1236 870 1287 hujus
894 1235 1036 1286 Virgi-

204 1292 270 1333 nis
298 1292 573 1344 frequentate
603 1292 731 1334 nobis
765 1291 910 1334 dulcia
938 1293 1036 1333 can-

203 1348 291 1390 tica
311 1348 532 1390 dramatis.

477 1424 676 1464 Psalmus
704 1424 767 1463 23.

296 1491 430 1532 emini
461 1495 529 1532 est
559 1495 693 1540 terra,
733 1495 777 1532 et
806 1490 1036 1543 plenitudo

309 1548 414 1598 ejus:
434 1549 459 1574 *
478 1546 598 1588 orbis
619 1549 851 1596 terrarum,
882 1551 925 1588 et
945 1547 1036 1587 uni-

205 1603 322 1644 versi
343 1603 418 1655 qui
436 1603 636 1644 habitant
653 1603 698 1643 in
719 1615 783 1644 eo.

256 1659 369 1709 Quia
392 1659 489 1711 ipse
514 1671 647 1711 super
672 1659 811 1700 maria
835 1658 1037 1699 fundavit

204 1727 317 1755 eum:
349 1716 372 1741 *
406 1720 450 1756 et
484 1727 618 1767 super
655 1714 834 1755 flumina
867 1727 1036 1766 praepa-

204 1770 318 1811 ravit
345 1782 455 1811 eum

257 1826 364 1875 Quis
399 1825 607 1868 ascendet
643 1826 687 1866 in
721 1830 917 1867 montem
949 1825 1036 1866 Do-

157 1896 160 1901 „
204 1880 332 1922 mini?
368 1883 391 1908 *
426 1886 501 1923 aut
543 1883 639 1934 quis
680 1881 814 1923 stabit
852 1882 897 1922 in
936 1881 1037 1923 loco

207 1942 361 1979 sancto
391 1936 506 1989 ejus?

259 1994 476 2035 Innocens
494 1993 696 2035 manibus
716 1997 761 2035 et
773 1992 938 2034 mundo
953 2005 1040 2035 cor-

206 2049 273 2099 de,
293 2051 316 2077 *
338 2050 413 2101 qui
438 2062 527 2091 non
554 2049 725 2101 accepit
747 2049 792 2089 in
811 2061 926 2090 vano
951 2050 1037 2090 ani-

206 2118 322 2146 mam
358 2118 502 2154 suam,
542 2118 625 2146 nec
662 2104 819 2156 juravit
854 2105 897 2145 in
933 2104 1037 2147 dolo

205 2162 408 2213 proximo
436 2174 528 2203 suo.

258 2218 343 2258 Hic
387 2218 574 2270 accipiet
613 2216 966 2258 benedictionem
1011 2230 1037 2258 a

207 2273 412 2315 Domino:
427 2275 452 2301 *
471 2279 515 2315 et
534 2272 880 2314 misericordiam
899 2286 925 2314 a
939 2273 1037 2314 Deo

207 2329 385 2371 salutari
414 2342 506 2371 suo.

258 2385 368 2426 Haec
400 2391 467 2427 est
493 2386 719 2436 generatio
749 2385 1036 2437 quaerentium

208 2452 345 2537 eum,b
364 2442 387 2466 *
429 2442 719 2493 quaerentium
759 2441 916 2482 faciem
952 2441 1035 2482 Dei

235 2508 315 2536 aco
349 2528 357 2536 .

260 2552 462 2594 Attollite
508 2558 661 2606 portas
703 2551 925 2605 principes
967 2565 1038 2594 ve-.

210 2611 337 2655 stras,
365 2613 408 2648 et
436 2609 666 2650 elevamini
693 2613 836 2661 portae
856 2610 1037 2648 aeterna-

208 2661 290 2702 les:
319 2664 342 2688 *
371 2668 414 2703 et
440 2664 637 2705 introibit
664 2665 762 2705 Rex
789 2663 953 2718 gloriae.

261 2717 368 2767 Quis
396 2723 462 2760 est
488 2719 571 2761 iste
590 2721 689 2761 Rex
709 2717 886 2770 gleriae?
906 2720 930 2746 *
949 2719 1037 2759 Do-

1089 314 1232 355 minus
1265 314 1390 356 fortis
1426 320 1471 356 et
1497 319 1671 367 potens:
1705 314 1921 356 Deminus

1089 374 1249 422 potens
1275 370 1320 411 in
1347 371 1513 423 praefio.

1141 430 1344 472 Attellite
1392 436 1546 483 portas
1587 431 1809 483 principes
1850 443 1920 472 ve-

1089 491 1220 536 stras,
1249 491 1293 528 et
1321 486 1551 528 elevamini
1573 492 1716 539 portae
1739 489 1920 529 aeterna-

1089 541 1168 583 les:
1196 543 1220 570 *
1249 547 1293 584 et
1320 542 1518 584 introibit
1544 543 1643 585 Rex
1670 543 1835 594 gloriae.

1142 602 1249 652 Quis
1277 608 1344 644 est
1371 603 1454 644 iste
1474 603 1572 644 Rex
1595 601 1771 654 gleriae?
1791 604 1815 630 *
1833 603 1921 644 Do-

1088 658 1230 722 minus
1257 659 1469 700 virtutum
1495 659 1592 711 ipse
1620 663 1688 700 est
1706 659 1806 701 Rex
1831 659 1922 709 glo-

1089 726 1176 755 r1ae.

1150 776 1248 815 Ant.
1278 776 1392 816 Ante
1414 779 1561 816 torum
1583 775 1710 827 hujus
1727 774 1924 825 Virginis

1089 829 1366 882 frequentate
1402 830 1530 872 nobis
1568 830 1715 873 dulcia
1752 830 1925 872 cantica

1091 885 1312 929 dramatis.

1150 947 1198 997 Y.
1231 951 1387 1004 Specie
1418 957 1495 994 tua
1526 957 1571 994 et
1596 951 1924 1004 pulchritudine

1093 1011 1176 1048 tua.
1200 1009 1250 1059 Rg.
1273 1008 1468 1058 Intende,
1487 1010 1703 1061 prespere
1718 1006 1924 1060 procede,

1090 1068 1134 1104 et
1153 1076 1299 1114 regna.

1150 1129 1273 1170 Pater
1290 1134 1452 1170 noster.

1149 1193 1395 1234 Absolutio.
1421 1193 1595 1235 Exaudi
1613 1193 1814 1241 Domine.

1149 1248 1198 1298 X.
1219 1254 1244 1294 J
1247 1253 1332 1295 ube
1352 1253 1525 1295 domne.

1152 1320 1310 1361 Bened.
1341 1318 1663 1361 Benedictiene.

1202 1398 1270 1437 De
1297 1396 1527 1438 Parabolis
1554 1395 1815 1438 Salomonis.

1173 1465 1325 1507 Lectio
1347 1467 1370 1506 i.
1526 1466 1629 1518 Cap.
1645 1467 1682 1506 8.
1697 1465 1737 1506 b.
1753 1470 1797 1507 et
1812 1465 1851 1506 9.

1102 1537 1109 1582 ζ
1135 1543 1266 1582 go
1296 1530 1511 1583 sapientia
1536 1530 1688 1572 habito
1714 1530 1759 1571 in
1782 1533 1922 1572 consi-

1096 1592 1109 1639 1}
1132 1588 1203 1646 ,233³ss
1226 1586 1297 1636 lio,
1317 1591 1361 1628 et
1381 1585 1564 1628 eruditis
1578 1587 1792 1628 intersum
1806 1587 1922 1638 cogi-

1106 1643 1198 1667 '4-'4‘
1226 1642 1478 1685 tatienibus.
1509 1643 1663 1684 Timor
1679 1643 1860 1684 Domini
1878 1655 1922 1684 0-

1090 1698 1155 1740 dit
1171 1699 1350 1740 malum:
1377 1699 1685 1749 arrogantiam,
1711 1703 1755 1740 et
1774 1700 1923 1752 super-

1088 1754 1217 1805 biam,
1243 1760 1287 1796 et
1306 1755 1422 1796 viam
1439 1756 1634 1807 pravam,
1660 1759 1704 1796 et
1730 1767 1780 1796 os
1798 1754 1923 1796 bilin-

1089 1823 1174 1861 gue
1195 1810 1403 1853 detestor.
1435 1811 1584 1852 Meum
1603 1815 1672 1852 est
1691 1810 1924 1853 consilium

1092 1872 1135 1908 et
1151 1867 1347 1919 aequitas,
1366 1879 1466 1909 mea
1480 1871 1547 1908 est
1561 1866 1806 1920 prudentia,
1825 1879 1924 1908 mea

1091 1928 1159 1965 est
1196 1922 1424 1964 fortitudo.
1467 1923 1553 1964 Per
1589 1935 1660 1964 me
1695 1935 1823 1975 reges
1858 1936 1924 1965 re-

1090 1983 1241 2030 gnant,
1278 1983 1322 2020 et
1354 1978 1502 2030 legum
1530 1978 1784 2020 conditores
1810 1980 1925 2031 justa

1091 2035 1347 2076 decernunt:
1380 2048 1462 2087 per
1492 2047 1564 2076 me
1596 2035 1819 2088 principes
1847 2037 1923 2076 im-

1091 2096 1267 2144 perant,
1297 2095 1341 2132 et
1366 2092 1572 2143 potentes
1598 2090 1842 2132 decernunt
1865 2091 1923 2142 iu-

1091 2147 1265 2188 stitiam.
1300 2147 1397 2198 Ego
1425 2147 1657 2197 diligentes
1680 2159 1751 2188 me
1774 2146 1924 2198 diligo:

1093 2208 1136 2245 et
1161 2203 1235 2255 qui
1259 2215 1387 2244 mane
1407 2202 1588 2254 vigilant
1613 2202 1670 2244 ad
1690 2215 1778 2252 me,
1806 2203 1923 2244 inve-

1091 2259 1212 2300 nient
1230 2271 1311 2300 me.

1146 2326 1197 2377 R.
1215 2323 1374 2364 Sancta
1394 2327 1438 2364 et
1456 2321 1735 2364 immaculata
1751 2322 1923 2374 virgini-

1092 2384 1171 2429 tas,
1192 2378 1350 2431 quibus
1372 2383 1416 2419 te
1436 2378 1640 2420 laudibus
1660 2377 1837 2419 efferam
1851 2379 1923 2418 ne-

1092 2435 1199 2476 scio:
1222 2434 1365 2484 *Quia
1386 2447 1517 2486 quem
1538 2434 1640 2475 coeli
1658 2435 1819 2486 capere
1835 2446 1923 2475 non

1090 2493 1314 2543 p6terant,
1361 2495 1438 2531 tuo
1477 2490 1646 2541 gremio
1688 2489 1923 2531 contulisti.

1095 2545 1143 2595 V.
1167 2546 1408 2588 Benedicta
1433 2551 1481 2587 tu
1506 2546 1551 2586 in
1577 2544 1848 2595 mulieribus,
1879 2549 1923 2586 et

1090 2602 1350 2645 benedictus
1403 2601 1571 2642 fructus
1625 2601 1790 2642 ventris
1849 2601 1923 2642 tui.

1092 2659 1213 2708 Quia.

1151 2721 1311 2762 Bened.
1340 2716 1594 2767 Unigenitus
1612 2716 1707 2758 Dei.
