2066 2956
427 179 602 213 Officium
626 178 797 212 votivum
824 178 870 211 cle
896 177 1141 211 Immaculata
1167 176 1347 217 Concept.
1374 175 1413 207 Β.
1442 174 1484 207 ᾸΙ.
1510 174 1551 206 Υ.

147 276 247 329 quia
268 275 311 316 in
329 274 509 325 Virgine
527 273 664 315 Maria
689 272 865 324 dignum
888 272 967 315 tibi

145 331 442 374 habitaculum
460 329 732 383 praeparasti.

205 395 263 428 l’s.
284 395 397 428 trium
414 393 521 427 Noct.
544 399 582 426 ut
605 393 641 425 in
660 392 783 425 Festis
805 392 841 425 Β.
860 392 905 425 M.
923 392 964 424 V.

150 454 218 486 per
241 452 390 476 annum.
411 439 502 484 [155]

201 495 298 535 Ant.
334 493 385 533 In
413 491 506 533 sole
534 490 682 544 posuit
707 491 731 518 *
759 490 879 531 Deus
906 494 967 531 ta-

147 548 428 592 bernaculum
447 561 583 589 suum.

199 607 297 647 Ant.
324 607 373 645 In
393 603 690 656 Conceptione
709 616 787 644 sua
806 603 829 628 *
849 604 968 644 acce-

146 662 211 715 pit
235 662 373 702 Maria
397 660 746 702 benedictionem
772 672 798 700 a
822 659 968 700 Domi-

146 732 220 769 no,
251 723 294 760 et
320 715 663 759 misericordiam
687 729 713 757 a
736 716 833 757 Deo
860 714 969 756 salu-

146 775 230 817 tari
248 787 339 816 suo.

202 831 250 880 ys.
284 831 404 872 Deus
437 832 714 882 omnipotens
741 829 970 882 praecinxit

146 900 215 929 me
237 887 407 929 virtute.
441 889 490 939 152
515 886 572 927 Et
595 886 744 938 posuit
765 886 967 927 immacu-

147 943 280 986 latam
299 943 413 985 viam
431 955 584 984 meam.

203 1010 406 1044 Lectiones
437 1006 483 1040 de
511 1006 707 1048 Scriptura
738 1013 968 1041 occurrente.

200 1062 250 1114 R.
269 1061 292 1100 i.
317 1056 401 1097 Per
423 1068 556 1096 unum
578 1054 798 1096 hominem
815 1056 968 1107 pecca-

146 1118 239 1155 tum
262 1113 306 1153 in
330 1111 445 1153 hunc
467 1110 677 1153 mundum
702 1110 894 1160 intravit,
926 1110 970 1150 in

149 1182 235 1223 quo
264 1181 415 1211 omnes
442 1169 747 1221 peceaverunt.
776 1174 798 1197 *
825 1167 894 1208 Ne
922 1169 970 1208 ti-

146 1239 266 1268 meas
276 1226 423 1275 Maria,
438 1224 640 1266 invenisti
653 1224 839 1275 gratiam
854 1222 971 1276 apud

146 1283 300 1324 Deum.
320 1277 370 1329 V.
379 1281 550 1334 Eripuit
559 1281 773 1323 Dominus
785 1280 972 1321 animam

146 1344 266 1381 tuam
284 1338 339 1380 de
354 1342 508 1387 morte,
527 1342 571 1379 et
587 1342 739 1379 contra
752 1337 972 1378 inimicum

148 1395 287 1436 factus
320 1399 387 1436 est
418 1395 644 1446 protector
671 1398 783 1435 tuus.
827 1392 895 1434 Ne
921 1394 970 1434 ti-

147 1463 278 1493 meas.

203 1510 253 1561 R.
275 1509 312 1548 ii.
336 1507 538 1548 Transite
562 1505 619 1548 ad
637 1517 707 1546 me
728 1517 879 1546 omnes
899 1505 973 1558 qui

149 1563 457 1617 concupiscitis
470 1575 556 1604 me:
576 1567 598 1591 *
618 1562 675 1603 Et
693 1561 880 1603 narrabo
900 1573 972 1602 vo-

148 1620 227 1670 bis,
248 1624 409 1673 quanta
427 1619 664 1661 fecit'Deus
683 1617 838 1658 animae
852 1630 973 1659 meae.

151 1674 202 1727 V.
217 1677 341 1719 Vivit
359 1675 591 1725 Dominus,
618 1674 822 1727 quoniam
841 1673 973 1715 adim·

149 1733 286 1786 plevit
307 1732 352 1773 in
375 1744 446 1773 me
467 1729 813 1772 misericordiam
838 1742 973 1771 suam.

151 1790 208 1831 Et
226 1787 425 1831 narrabo.

204 1848 254 1898 R».
278 1847 331 1886 iii.
357 1845 509 1887 Electa
532 1856 630 1886 mea
653 1842 840 1886 caudida
863 1842 975 1884 sicut

151 1902 226 1943 nix
251 1902 296 1943 in
322 1901 506 1951 Liban03
538 1900 650 1942 sicut
681 1900 805 1942 favus
839 1898 974 1940 distil-

152 1958 246 1999 lans
258 1957 375 2000 labia
389 1958 493 2009 ejus:
504 1960 524 1982 *
546 1957 633 1998 Mel
652 1961 696 1999 et
713 1956 781 1998 lac
799 1955 879 1997 sub
899 1955 974 1996 lin-

153 2026 238 2065 gua
251 2014 375 2056 illius.
400 2010 450 2061 V.
466 2013 579 2056 Veni
594 2012 649 2055 de
663 2012 832 2055 Libano
848 2024 974 2064 spon-

155 2083 204 2111 sa
227 2083 340 2120 mea,
367 2070 482 2120 veni,
510 2069 789 2112 coronaberis
813 2070 976 2110 corona

154 2127 401 2177 gratiarum.
429 2126 526 2168 Mel.
554 2126 705 2167 Gloria
721 2125 850 2167 Patri.
878 2123 975 2165 Mel.

205 2191 248 2224 In
277 2191 579 2233 Quadragesima
610 2200 701 2224 vero
732 2196 767 2223 et
794 2191 973 2224 &abbatis

155 2239 325 2279 Quamm-
349 2239 579 2282 'l'emporum
610 2238 787 2272 dicuntur
815 2250 973 2281 sequen-

155 2292 211 2320 tcs
237 2286 446 2320 Lectiones.

361 2347 426 2389 De
444 2346 557 2388 libro
578 2346 771 2388 Genesis.

258 2407 408 2448 Lectio
430 2408 451 2447 i.
717 2407 817 2457 Cap.
837 2408 871 2445 23.

174 2476 417 2531 “werpens
454 2473 546 2510 erat
578 2467 776 2510 callidior
811 2465 976 2507 cunctis

168 2561 251 2609 J
276 2524 719 2623 mmmb
744 2534 846 2628 ΟΞ
866 2521 978 2618 ῖῇῑῖ

158 2636 215 2679 ad
241 2638 480 2679 mulierem:
509 2638 595 2679 Cur
619 2634 829 2689 praecepit
852 2633 978 2675 vobis

157 2694 288 2744 Deus,
306 2699 354 2736 ut
373 2706 461 2735 non
480 2691 768 2735 comederetis
787 2689 841 2731 de
861 2689 979 2731 omni

1752 169 1845 215 [269]

1019 271 1139 322 ligno
1163 269 1376 323 paradisi?
1407 269 1485 310 Cui
1503 267 1733 321 respondit
1751 270 1842 308 mu-

1019 328 1114 369 lier:
1132 327 1200 368 De
1219 327 1362 367 fructu
1380 325 1608 376 lignorum,
1629 336 1727 376 quae
1746 327 1846 364 sunt

1020 384 1064 425 in
1097 382 1322 436 paradiso,
1354 381 1583 423 vescimur:
1616 379 1672 422 de
1703 380 1845 421 fructu

1020 452 1125 481 vero
1148 439 1270 490 ligni,
1297 437 1416 490 quod
1441 442 1508 479 est
1533 437 1577 478 in
1602 436 1746 478 medio
1771 448 1844 488 pa-

1021 495 1172 545 radisi,
1208 494 1420 547 praecepit
1455 493 1582 535 nobis
1618 493 1755 542 Deus,
1791 504 1845 532 ne

1022 551 1370 599 comederemus,
1409 554 1452 591 et
1483 562 1537 590 ne
1569 550 1846 600 tangeremus

1021 607 1140 658 illud,
1159 620 1213 649 ne
1232 607 1345 648 forte
1362 606 1608 647 moriamur.
1636 604 1757 645 Dixit
1776 617 1846 645 au-

1021 670 1110 706 tem
1129 676 1310 716 serpens
1334 662 1391 704 ad
1410 661 1648 703 mulierem:
1672 661 1846 712 Nequa-

1024 733 1154 773 quam
1173 725 1314 761 morte
1333 718 1587 760 moriemini.
1619 717 1709 758 Scit
1733 716 1846 757 enim

1021 777 1153 826 Deus,
1169 775 1289 828 quod
1302 776 1346 816 in
1365 778 1641 827 quocumque
1657 772 1726 814 die
1740 785 1847 814 com-

1023 833 1200 875 ederitis
1220 845 1274 874 ex
1295 844 1359 881 eo,
1379 831 1626 884 aperientur
1647 829 1762 870 oculi
1776 841 1845 869 ve-

1023 890 1115 931 stri:
1140 893 1183 930 et
1202 889 1320 930 eritis
1342 888 1453 929 sicut
1472 886 1545 938 dii,
1566 886 1753 928 scientes
1772 884 1846 927 bo-

1022 959 1126 987 num
1144 950 1187 987 et
1206 944 1376 986 malum.

1076 1005 1126 1054 lx‘g.
1150 1002 1235 1043 Per
1253 1014 1397 1042 unum.
1428 1008 1471 1041 ut
1499 1014 1639 1051 supra.

1335 1054 1483 1093 Lectio
1505 1053 1544 1092 ii.

1033 1107 1198 1213 Vidit
1216 1114 1346 1165 igitur
1364 1113 1528 1162 mulier,
1549 1110 1668 1163 quod
1684 1111 1848 1153 bonum

1127 1175 1243 1213 esset
1257 1170 1421 1220 lignum
1437 1168 1493 1210 ad
1509 1166 1784 1217 vescendum,
1804 1171 1847 1207 et

1023 1227 1254 1281 pulchrum
1273 1225 1421 1275 oculis,
1445 1226 1714 1277 aspectuque
1734 1222 1847 1264 dele-

1025 1284 1200 1334 ctabile,
1226 1288 1268 1325 et
1291 1282 1389 1324 tulit
1412 1281 1467 1323 de
1487 1282 1630 1322 fructu
1648 1280 1779 1329 illius,
1806 1283 1849 1320 et

1025 1340 1229 1383 comedit:
1266 1337 1475 1390 deditque
1508 1337 1602 1379 viro
1639 1349 1737 1385 suo,
1775 1335 1849 1387 qui

1025 1396 1228 1439 comedit.
1260 1395 1317 1436 Et
1340 1394 1480 1447 aperti
1504 1398 1604 1434 sunt
1629 1392 1744 1433 oculi
1763 1404 1847 1432 am-

1024 1453 1195 1502 borum;
1229 1463 1415 1503 cumque
1443 1451 1767 1502 cognovissent,
1802 1460 1848 1488 se

1025 1522 1122 1551 esse
1141 1508 1298 1557 nudos,
1323 1508 1588 1549 consuerunt
1607 1505 1710 1546 folia
1729 1504 1848 1552 ficus,

1025 1571 1069 1607 et
1082 1566 1278 1607 fecerunt
1293 1563 1375 1605 sibi
1387 1562 1666 1615 perizomata.
1681 1561 1737 1602 Et
1751 1573 1848 1601 cum

1025 1621 1249 1663 audissent
1276 1632 1432 1662 vocem
1459 1618 1638 1660 Domini
1665 1617 1749 1658 Dei
1777 1615 1847 1657 de-

1025 1677 1286 1719 ambulantis
1314 1676 1358 1716 in
1385 1674 1590 1728 paradiso
1619 1673 1675 1715 ad
1700 1685 1848 1714 auram

1024 1739 1128 1787 post
1141 1731 1377 1782 meridiem,
1397 1730 1627 1773 abscondit
1643 1742 1689 1771 se
1706 1728 1849 1770 Adam

1026 1796 1069 1833 et
1088 1803 1200 1832 uxor
1219 1791 1309 1842 ejus
1328 1802 1353 1830 a
1377 1788 1486 1829 facie
1506 1787 1682 1828 Domini
1700 1785 1783 1826 Dei
1805 1785 1848 1825 in

1025 1847 1170 1889 medio
1191 1846 1295 1898 ligni
1311 1844 1515 1898 paradisi.
1730 1850 1731 1854 ’

1080 1903 1130 1954 lx'g.
1156 1903 1367 1944 Transite.
1388 1909 1431 1940 ut
1452 1914 1592 1950 supra.

1328 1956 1475 1996 Lectio
1497 1956 1548 1994 iii.

1030 2010 1850 2117 VocavitqueDominusDeusAdam‚

1129 2077 1173 2113 et
1189 2070 1298 2113 dixit
1315 2071 1370 2112 ei:
1390 2070 1474 2113 Ubi
1489 2067 1557 2110 es?
1578 2068 1661 2118 Qui
1675 2067 1747 2108 ait:
1762 2066 1849 2108 Vo-

1028 2141 1123 2169 cem
1153 2133 1274 2169 tuam
1305 2127 1452 2168 audivi
1484 2126 1527 2166 in
1554 2122 1774 2177 paradis03
1807 2127 1850 2163 et

1026 2183 1167 2233 timui,
1198 2195 1251 2224 eo
1285 2182 1405 2234 quod
1435 2180 1577 2222 nudus
1610 2191 1767 2228 essem,
1807 2183 1850 2219 et

1028 2238 1239 2282 abscondi
1257 2251 1338 2280 me.
1366 2237 1444 2279 Cui
1464 2236 1586 2279 dixit:
1610 2235 1717 2285 Quis
1738 2234 1850 2276 enim

1027 2295 1235 2337 indicavit
1265 2295 1360 2344 tibi,
1395 2291 1514 2345 quod
1545 2290 1687 2333 nudus
1720 2303 1850 2339 esses,

1027 2352 1111 2393 nisi
1137 2351 1255 2404 quod
1279 2363 1333 2392 ex
1355 2350 1473 2400 ligno
1503 2347 1558 2390 de
1583 2360 1670 2399 quo
1689 2349 1851 2399 praece-
1918 2375 1919 2378 η

1027 2421 1179 2460 peram
1197 2407 1277 2449 tibi
1294 2419 1348 2447 ne
1368 2404 1638 2453 comederes,
1663 2402 1850 2445 comedi-

1029 2462 1105 2506 sti?
1125 2464 1334 2514 Dixitque
1353 2460 1511 2503 Adam:
1530 2459 1700 2510 Mulier,
1721 2472 1850 2512 quam

1031 2519 1191 2562 dedisti
1209 2518 1506 2567 mihisociam,
1532 2515 1653 2558 dedit
1671 2515 1775 2557 mihi
1795 2515 1850 2556 de

1030 2577 1162 2627 ligno,
1189 2581 1232 2617 et
1260 2573 1442 2616 comedi.
1482 2573 1540 2614 Et
1568 2572 1676 2614 dixit
1702 2572 1850 2613 Domi-

1028 2645 1109 2673 nus
1128 2633 1248 2673 Deus
1268 2630 1324 2671 ad
1342 2629 1581 2671 mulierem:
1605 2630 1748 2679 Quare
1766 2627 1851 2669 hoc

1030 2687 1193 2730 fecisti?
1249 2688 1356 2737 Quae
1388 2684 1629 2738 respondit:
1660 2685 1851 2737 Serpens
