2066 2904
805 145 1015 180 Commune
1043 146 1254 188 Virginum.

178 238 296 279 milis
315 250 413 279 esse
430 237 723 279 denuntiatur.
741 237 794 277 In
810 249 896 288 qua
908 237 1011 289 quia

179 293 283 335 mali
311 307 411 335 cum
438 293 586 343 bonis,
621 297 665 334 et
695 292 878 345 reprobi
910 306 1010 334 cum

180 349 332 391 electis
357 349 542 391 admixti
564 354 682 400 sunt,
709 354 831 390 recte
854 349 1009 390 similis

178 405 421 457 virginibus
462 404 753 458 prudentibus
799 410 843 447 et
877 406 1008 447 fatuis

179 474 277 503 esse
294 461 561 514 perhibetur.
589 461 699 503 Sunt
713 474 904 513 namque
919 462 1009 514 ple-

177 520 303 569 rique
322 517 617 567 continenteS‚
638 518 714 570 qui
732 517 787 559 ab
807 520 1009 570 appetitu

178 586 226 615 se
250 574 459 615 exterieri
481 573 755 624 custediunt,
784 579 828 616 et
851 587 931 627 spe
950 574 1008 616 ad

176 629 388 671 interiera
406 630 653 683 rapiuntur,
672 643 848 672 carnem
866 633 1007 672 mace-

177 690 292 736 rant,
321 691 365 727 et
392 691 490 727 toto
521 686 743 728 desiderio
772 687 830 729 ad
859 689 1007 740 super-

177 746 283 783 nam
327 743 515 794 patriam
564 742 788 793 anhelant,
843 746 1009 785 aeterna

177 798 360 850 praemia
396 801 626 851 expetunt,
664 812 747 852 pro
779 799 1008 842 laberibus

177 854 268 895 suis
292 857 491 907 recipere
516 855 670 896 laudes
695 855 909 897 humanas
931 869 1007 898 no-

175 909 281 952 lunt.
334 911 394 951 Hi
428 911 633 952 nimirum
663 912 850 963 gleriam
884 926 1008 954 suam

176 979 266 1008 non
290 966 334 1007 in
362 979 439 1008 ore
462 967 690 1008 heminum
712 974 902 1021 ponunt,
929 969 1008 1011 sed

176 1022 291 1064 intra
321 1023 635 1065 conscientiam
661 1026 914 1077 contegunt.
950 1026 1008 1067 Et

177 1083 279 1120 sunt
296 1079 514 1132 plerique,
535 1081 610 1132 qui
630 1093 792 1133 corpus
810 1094 891 1134 per
911 1081 1007 1123 abs-

176 1135 405 1176 tinentiam
420 1136 630 1188 affligunt,
649 1136 729 1178 sed
745 1136 800 1178 de
815 1137 913 1190 ipsa
929 1150 1008 1179 sua

177 1190 443 1233 abstinentia
474 1192 690 1234 humanos
724 1193 899 1235 favores
937 1195 1007 1235 ex-

175 1252 343 1299 petunt.

225 1306 292 1346 Te
307 1304 452 1346 Deum
473 1305 714 1347 laudamus.
732 1306 791 1347 15.

441 1386 520 1427 Ad
546 1386 743 1427 Laudes

377 1456 397 1481 e
414 1451 428 1481 t
466 1458 491 1491 p
510 1458 529 1482 e
547 1459 566 1482 r
604 1448 641 1482 H
659 1459 681 1483 o
699 1460 717 1483 r
734 1460 755 1483 a
774 1459 802 1483 s.

223 1501 323 1542 Ant.
342 1503 371 1542 1.
404 1503 516 1543 Haec
536 1505 604 1542 est
617 1501 757 1552 Virgo
777 1500 964 1553 sapiens,
983 1501 1007 1527 *

178 1559 222 1596 et
238 1568 326 1597 una
345 1555 401 1597 de
419 1559 603 1598 numero
623 1556 903 1609 prudentum.

225 1614 383 1656 Psalm.
416 1613 634 1655 Deminus
663 1613 874 1665 regnavit.
905 1629 1002 1657 cum

172 1670 324 1722 reliqu.
357 1669 417 1710 16.

223 1727 259 1766 2.
279 1726 392 1767 Haec
409 1725 625 1776 estVirgo
641 1726 828 1778 sapiens,
839 1726 863 1752 *
876 1739 1007 1778 quarn

175 1780 392 1822 Deminus
411 1781 666 1833 vigilantem
685 1782 863 1826 invenit.

224 1839 261 1879 3.
289 1840 402 1880 Haec
418 1842 487 1878 est
503 1851 601 1890 quae
617 1839 803 1880 nescivit
818 1839 842 1865 *
860 1844 1008 1880 torum

175 1891 221 1932 in
241 1892 420 1934 delicto:
447 1893 628 1935 habebit
654 1894 844 1936 fructum
872 1895 916 1936 in
943 1908 1006 1937 re-

177 1948 406 2000 spectiene
425 1950 667 1991 animarum
684 1953 946 1992 sanctarum.

229 2008 266 2046 4.
294 2005 408 2046 Veni
434 2005 575 2047 electa
600 2019 714 2056 mea,
732 2007 756 2032 *
779 2012 822 2048 et
843 2020 1007 2060 ponam

175 2059 220 2100 in
239 2064 284 2101 te
302 2060 512 2102 thronum
530 2074 687 2112 meum,
707 2062 891 2115 alleluja.

226 2119 264 2158 5.
292 2120 389 2158 Ista
412 2122 479 2159 est
499 2118 701 2170 speciesa
719 2119 743 2144 *
761 2118 875 2160 inter
893 2119 1007 2160 filias

176 2171 431 2214 Jerusalem.

251 2239 512 2291 Capitulum.
639 2242 676 2281 2.
692 2241 789 2282 Cor.
805 2243 869 2282 10.
886 2242 925 2282 d.

256 2303 411 2340 ratres:
448 2299 533 2350 Qui
569 2299 799 2351 gloriatur,
836 2300 881 2340 in
919 2301 1008 2341 De-

268 2354 387 2395 mino
409 2355 633 2406 glorietur.
668 2356 769 2397 Non
795 2356 911 2397 enim
933 2356 1008 2408 qui

178 2412 372 2462 seipsum
392 2411 682 2462 commendat,
703 2412 777 2453 ille
792 2412 1008 2465 probatus

179 2471 260 2507 est:
280 2466 360 2508 sed
379 2480 510 2519 quem
528 2468 649 2509 Deus
669 2467 959 2509 commendat.

477 2534 691 2585 Hymnus.

300 2601 378 2629 esu
396 2590 561 2630 corena
579 2589 822 2640 Virginum,

317 2644 458 2694 Quem
476 2649 617 2686 mater
636 2645 712 2686 illa
729 2645 934 2697 cencipit‚

1805 141 1897 186 [111]

1167 237 1277 286 Quae
1297 236 1391 277 sola
1410 236 1551 288 Virgo
1571 237 1778 290 parturit:

1165 293 1277 334 Haec
1296 298 1401 334 vota
1419 293 1613 335 clemens
1633 294 1796 346 accipe.

1118 362 1203 414 Qui
1221 362 1371 414 pergis
1390 363 1506 404 inter
1524 362 1626 412 lilia,

1165 418 1326 470 Septus
1346 418 1521 459 choreis
1541 419 1785 469 Virginum‚

1165 474 1364 527 Sponsus
1385 474 1575 516 decerus
1594 475 1746 526 gloria,

1165 531 1439 583 sponsisque
1458 530 1650 572 reddens
1669 532 1863 583 praemia.

1115 599 1406 650 Quocumque
1425 595 1583 645 tendis,
1602 596 1809 647 Virgines

1165 652 1430 703 Sequuntur,
1450 656 1584 704 atque
1602 652 1807 693 laudibus

1164 709 1275 749 Post
1294 713 1339 750 te
1359 710 1568 750 canentes
1588 709 1813 758 cursitant,

1158 765 1456 817 *Hymnesque
1476 764 1630 806 dulces
1644 767 1894 817 personant.

1114 836 1179 875 Te
1198 833 1490 886 deprecamur
1510 834 1747 886 supplices,

1162 890 1340 931 Nostris
1360 895 1408 931 ut
1427 890 1567 931 addas
1589 890 1802 940 sensibus,

1164 946 1348 988 Nescire
1366 959 1550 999 prorsus
1570 947 1718 988 emnia

1165 1003 1474 1056 Corruptienis
1493 1003 1685 1044 vulnera.

1113 1072 1278 1122 Virtus,
1298 1072 1453 1121 honor,
1471 1072 1579 1121 laus,
1597 1072 1740 1123 gleria

1165 1129 1262 1170 Deo
1282 1129 1404 1170 Patri
1425 1141 1525 1169 cum
1543 1128 1669 1178 Filio,

1164 1185 1327 1226 Sancto
1347 1185 1478 1226 simul
1496 1185 1731 1235 paraclito,

1164 1241 1216 1281 In
1237 1241 1502 1282 saeculorum
1522 1241 1695 1282 saecula.

1320 1298 1475 1339 Amen.

1111 1363 1162 1411 V.
1200 1362 1373 1404 Diffusa
1406 1367 1474 1404 est
1510 1363 1652 1414 gratia
1686 1364 1731 1404 in
1763 1363 1893 1405 labiis

1060 1420 1159 1460 tuis.
1214 1422 1264 1473 R.
1302 1420 1550 1472 Propterea
1586 1419 1814 1461 benedixit
1850 1427 1895 1462 te

1059 1476 1181 1517 Deus
1207 1476 1252 1516 in
1278 1478 1503 1517 aeternum.

1113 1546 1182 1587 Ad
1207 1546 1369 1587 Bened.
1411 1547 1511 1588 Ant.
1554 1545 1704 1587 Simile
1734 1549 1801 1586 est
1828 1557 1892 1586 re-

1060 1614 1194 1653 gnum
1219 1601 1434 1642 coelerum
1457 1602 1481 1627 *
1504 1601 1672 1642 hemini
1697 1602 1893 1652 negotia—

1059 1658 1148 1699 teri
1186 1658 1402 1710 quaerenti
1437 1657 1579 1699 bonas
1615 1660 1893 1709 margaritas:

1060 1715 1239 1756 inventa
1255 1727 1342 1755 una
1359 1714 1571 1767 pretiesa‚
1596 1714 1720 1756 dedit
1748 1714 1894 1755 emnia

1060 1784 1154 1821 sua,
1181 1776 1224 1812 et
1244 1771 1521 1823 comparavit
1542 1784 1649 1812 eam.

1393 1843 1558 1884 Oratio.

1147 1913 1239 1951 eus,
1269 1901 1344 1953 qui
1369 1901 1483 1943 inter
1507 1903 1655 1943 cetera
1679 1902 1892 1954 potentiae

1166 1962 1255 1998 tuae
1291 1957 1503 1999 miracula
1542 1958 1675 1999 etiam
1707 1958 1751 1998 in
1785 1970 1893 1998 sexu

1059 2013 1203 2065 fragili
1227 2014 1460 2055 victeriam
1484 2014 1683 2066 martyrii
1710 2013 1893 2055 contuli—

1059 2069 1130 2110 sti:
1158 2070 1355 2112 concede
1378 2070 1614 2123 propitius;
1647 2075 1696 2111 ut
1722 2070 1798 2122 qui
1820 2069 1892 2111 be-

1060 2127 1145 2167 atae
1180 2127 1231 2167 N.
1250 2127 1446 2178 Virginis
1481 2132 1525 2168 et
1562 2126 1769 2178 Martyris
1803 2130 1892 2167 tuae

1059 2182 1258 2224 natalitia
1285 2183 1490 2232 celimus,
1527 2195 1607 2235 per
1641 2183 1732 2234 ejus
1762 2181 1820 2223 ad
1848 2187 1893 2223 te

1061 2239 1263 2291 exempla
1280 2239 1544 2290 gradiamur.
1581 2238 1667 2280 Per
1686 2238 1814 2279 Dnm.

1334 2309 1433 2349 Alia
1456 2308 1621 2349 Oratio.

1107 2367 1409 2418 ndulgentiam
1446 2366 1592 2416 nobis,
1640 2369 1892 2419 quaesumus

1124 2423 1325 2474 Demine‚
1345 2423 1478 2464 beata
1493 2425 1544 2465 N.
1558 2424 1699 2474 Virgo
1721 2429 1764 2465 et
1779 2424 1891 2464 Mar-

1059 2484 1130 2530 tyr
1148 2479 1371 2531 impleret:
1400 2492 1500 2531 quae
1526 2480 1608 2522 tibi
1631 2485 1758 2531 grata
1782 2492 1891 2521 sem-

1058 2547 1139 2586 per
1159 2536 1328 2576 exstitit
1349 2540 1392 2576 et
1411 2536 1570 2578 merito
1591 2536 1823 2586 castitatiS,
1848 2541 1892 2577 et

1059 2595 1149 2632 tuae
1173 2591 1451 2644 professi6ne
1476 2593 1663 2634 virtutis.
1698 2593 1784 2634 Per
1802 2593 1891 2633 De-

1059 2647 1226 2688 minum
1244 2653 1456 2689 nostrum.
