2028 2892
700 177 795 209 ΙΙίῐί-ιι
822 180 1003 210 (Minium
1034 176 1276 209 l'cntcmmrcs

203 278 441 319 Absolutio.
475 278 504 316 λ
523 274 715 316 vinculis.

202 337 356 378 Heneti.
389 335 643 386 Evangeliea
662 335 803 377 lectio.

148 412 293 454 Lectio
318 412 455 454 sancti
476 413 701 465 Evangelii
725 413 966 455 seeundum

440 469 465 510 J
468 472 664 511 oannem.

251 527 395 567 Lecti«)
420 528 439 566 ῑ.
659 530 759 578 (Iup.
778 531 812 565 ι’).
830 543 861 567 e.

188 601 215 628 n
239 588 313 629 illo
341 590 554 640 tempore:
582 588 701 629 Dixit
728 589 854 629 Jesus
879 594 964 629 tur-

200 644 267 686 bis
282 645 307 685 J
308 644 549 686 udaeorum:
567 645 708 685 Nemo
729 650 876 697 potest
896 657 965 685 ve-

141 703 232 742 nire
262 700 319 742 ad
346 714 432 751 me,
464 701 545 742 nisi
572 701 718 750 Pater,
752 702 825 754 qui
852 702 967 742 misit

141 771 221 807 me,
240 758 421 800 traxerit
441 771 549 799 eum.
577 758 633 800 Et
652 758 828 810 reliqua.

255 835 439 877 llomilia
468 836 606 877 saneti
634 835 864 886 Augustini

446 892 667 945 Episcopi.

237 958 359 992 'li-aci.
385 960 435 992 2⁸3.
466 960 498 992 iu
526 961 661 993 ,Ιυιιηη
690 969 774 1003 post
804 962 878 995 inil.

150 1033 151 1068 ᾗ
175 1056 178 1064 ,-
202 1030 244 1070 727,
264 1014 338 1070 soli
363 1014 556 1065 cogitare
579 1019 622 1055 te
643 1013 823 1055 invitum
842 1013 969 1055 trahi:

150 1080 151 1083 ’
183 1070 271 1122 «(”3;;’
295 1070 480 1112 trahitur
521 1070 688 1111 animus
725 1075 768 1111 et
809 1072 968 1111 amore.

174 1125 223 1153 ²³²7
265 1131 267 1134 '
295 1127 389 1168 Nec
411 1127 563 1168 timere
589 1126 814 1177 debemus,
840 1140 893 1167 ne
914 1128 968 1168 ab

144 1182 406 1233 hominibus,
433 1184 506 1236 qui
526 1183 659 1225 verba
682 1182 969 1236 perpendunt,

145 1246 188 1282 et
213 1253 238 1281 a
261 1240 392 1282 rebus
417 1240 605 1281 maxime
636 1239 791 1281 divinis
817 1239 968 1281 intelli-

144 1296 296 1347 gendis
323 1297 453 1348 longe
481 1297 637 1338 remoti
665 1301 780 1346 sunt,
814 1296 857 1336 in
885 1296 970 1338 hoc

143 1353 464 1406 Scripturar-um
505 1355 752 1395 sanctarum
789 1355 969 1403 evange-

143 1409 228 1451 lico
274 1410 408 1451 verbo
455 1410 635 1451 fersitan
679 1408 970 1462 reprehenda-

144 1479 254 1515 mur,
286 1472 329 1508 et
362 1465 531 1508 dicatur
564 1465 704 1507 nobis:
737 1464 971 1515 Quomodo

145 1522 369 1564 voluntate
402 1521 552 1571 credo,
585 1522 622 1562 si
653 1520 825 1563 trahor?
875 1521 970 1572 Ego

146 1577 260 1619 dieo:
291 1579 451 1619 Parum
479 1584 546 1620 est
573 1577 812 1619 voluntate:
842 1577 972 1619 etiam

146 1634 372 1687 voluptate
390 1634 587 1676 traheris.
620 1632 734 1684 Quid
754 1639 834 1683 est,
859 1633 972 1675 trahi

146 1689 394 1744 voluptate?
436 1691 666 1732 Delectare
698 1691 741 1730 in
767 1690 971 1731 Domino:

146 1753 190 1789 et
215 1746 336 1789 dabit
360 1747 439 1789 tibi
467 1747 701 1800 petitic'mes
727 1746 873 1788 cordis
899 1747 972 1788 tui.

145 1803 224 1845 Est
250 1803 451 1856 quaedam
476 1803 681 1856 voluptas
708 1802 868 1852 cordis,
903 1803 971 1844 cui

147 1860 270 1912 panis
291 1860 429 1902 dulcis
450 1865 516 1902 est
539 1859 610 1901 ille
630 1859 832 1901 coelestis.
866 1860 970 1900 Por-

147 1929 196 1957 ro
231 1916 267 1957 si
298 1919 443 1970 poetae
477 1916 621 1958 dicere
649 1915 783 1957 licuit:
820 1915 972 1958 Trahit

148 1985 224 2013 sua
245 1985 460 2025 quemque
479 1972 698 2025 voluptas:
721 1985 808 2013 non
826 1974 971 2013 neees-

148 2029 268 2078 sitas,
295 2028 372 2070 sed
391 2029 611 2082 voluptas3
638 2041 726 2069 non
751 2027 971 2078 obligatio,

149 2083 227 2126 sed
252 2083 499 2127 delectatio:
526 2090 687 2136 quanto
713 2084 866 2126 fortius
890 2097 970 2125 nos

148 2140 293 2182 dicere
313 2140 532 2190 debemus,
552 2140 664 2182 trahi
682 2140 901 2182 hominem
915 2139 971 2181 ad

149 2197 382 2246 Christum,
412 2197 485 2249 qui
511 2196 752 2238 delectatur
778 2196 971 2245 veritate,

148 2252 389 2295 delectatur
416 2251 701 2301 beatitudine,
730 2252 972 2293 delectatur

148 2310 318 2360 iustitia,
338 2309 579 2350 delectatur
596 2308 859 2361 sempiterna
874 2308 972 2358 vita,

150 2365 269 2417 quod
287 2371 427 2407 totum
449 2365 645 2406 Christus
666 2362 752 2406 est?
779 2364 847 2404 An
868 2377 971 2405 vero

149 2421 309 2463 habent
333 2421 531 2474 corporis
552 2434 704 2462 sensus
723 2420 972 2473 voluptates

150 2491 267 2527 suas,
296 2483 339 2519 et
370 2478 536 2518 animus
563 2476 776 2518 deseritur
803 2489 828 2517 a
853 2475 971 2517 volu-

150 2533 343 2585 ptatibus
371 2532 482 2590 suis?
519 2534 563 2575 Si
594 2533 761 2574 animus
788 2544 874 2572 non
901 2531 972 2571 ha-

150 2588 226 2630 bet
247 2589 497 2642 voluptates
521 2602 637 2638 suas,
664 2588 779 2629 unde
805 2587 974 2629 dicitur:

152 2644 249 2684 Filii
271 2651 415 2686 autem
439 2644 661 2686 hominum
686 2644 766 2685 sub
786 2642 973 2693 tegmine

154 2699 318 2741 alarum
331 2704 502 2742 tuarum
518 2699 770 2753 sperabunt:
784 2698 972 2740 Inebria-

1015 273 1176 315 buntur
1200 273 1254 315 ab
1278 274 1477 315 ubertate
1498 273 1654 315 domus
1673 278 1776 322 tuae,
1800 277 1843 313 et

1015 332 1209 372 torrente
1251 330 1490 383 voluptatis
1534 336 1622 371 tuae
1667 328 1843 383 potabis

1018 399 1105 427 eos.
1156 387 1370 436 Qu6niam
1411 386 1529 440 apud
1569 392 1612 428 te
1648 391 1714 427 est
1747 385 1843 426 fons

1017 443 1133 484 vitae:
1165 448 1208 484 et
1238 443 1282 483 in
1307 443 1468 484 lumine
1494 448 1570 484 tuo
1601 442 1844 484 videbimus

1017 498 1184 542 lumen?

1079 568 1125 617 Ιςι.
1164 565 1450 618 Disciplinam
1500 569 1544 606 et
1589 563 1844 616 sapientiam

1020 622 1169 664 docuit
1201 635 1277 663 eos
1303 622 1534 670 D6minus,
1569 620 1751 671 alleluja:
1777 620 1845 660 fir-

1019 679 1154 720 mavit
1172 679 1215 719 in
1240 677 1324 719 illis
1349 678 1533 729 gratiam
1553 677 1741 730 Spiritus
1769 677 1847 726 sui,

1025 741 1044 759 *
1063 736 1119 777 Et
1142 734 1364 776 intellectu
1388 734 1586 786 implevit
1617 732 1751 774 corda
1777 735 1846 774 eo-

1020 806 1131 841 rum,
1158 791 1337 843 alleluja.
1385 788 1428 837 X'.
1456 791 1705 843 Repentino
1731 802 1846 830 nam-

1022 861 1106 901 que
1131 848 1276 889 sonitu
1300 847 1488 900 Spiritus
1515 851 1691 888 sanetus
1717 859 1848 899 super

1022 918 1098 947 eos
1118 905 1247 947 venit.
1275 905 1341 946 Et.

1081 971 1234 1010 Heneti.
1269 969 1470 1010 Divinum
1489 968 1706 1010 auxilium.

1338 1045 1484 1085 Lectio
1507 1047 1541 1084 ii.

1024 1107 1135 1211 Da
1159 1112 1394 1159 amantem,
1423 1114 1466 1150 et
1490 1110 1621 1150 sentit
1647 1109 1766 1161 quod
1790 1108 1849 1150 di-

1123 1180 1191 1209 co:
1220 1166 1275 1208 da
1304 1166 1643 1215 desiderantem,
1672 1165 1728 1207 da
1757 1179 1848 1207 esu-

1023 1225 1222 1274 rientem,
1251 1223 1306 1265 da
1332 1224 1375 1264 in
1399 1225 1483 1264 ista
1502 1221 1736 1264 solitudine
1756 1235 1849 1275 per-

1025 1281 1308 1332 egrinantem,
1354 1285 1485 1332 atque
1531 1280 1763 1330 sitientem,
1809 1284 1852 1321 et

1023 1337 1190 1379 fontem
1226 1339 1403 1378 aeternae
1439 1336 1596 1389 patriae
1634 1337 1851 1389 suspiran-

1023 1399 1130 1435 tem:
1156 1394 1212 1435 da
1230 1393 1378 1443 talem,
1406 1398 1449 1434 et
1468 1393 1550 1434 seit
1571 1392 1676 1445 quid
1698 1393 1850 1434 dicam.

1024 1451 1069 1493 Si
1104 1455 1250 1492 autem
1286 1449 1445 1501 frigido
1482 1449 1657 1502 loquor,
1702 1450 1851 1498 nescit,

1026 1506 1131 1560 quid
1149 1507 1318 1559 loquor.
1355 1506 1487 1548 Tales
1514 1510 1637 1548 erant
1662 1506 1748 1555 isti,
1779 1506 1851 1558 qui

1024 1564 1210 1604 invicem
1235 1563 1577 1604 murmurabant.
1618 1562 1764 1612 Pater,
1792 1562 1851 1602 in-

1027 1620 1135 1673 quit,
1165 1632 1295 1672 quem
1319 1619 1516 1669 traxerit,
1544 1619 1662 1660 venit
1689 1617 1745 1660 ad
1772 1631 1851 1660 me.

1026 1676 1141 1726 Quid
1169 1681 1235 1718 est
1263 1680 1425 1725 autem,
1457 1676 1588 1717 Pater
1615 1688 1745 1727 quem
1768 1676 1851 1716 tra·
1910 1679 1916 1696 ¹

1025 1733 1157 1782 xerit,
1195 1746 1294 1774 eum
1326 1733 1421 1785 ipse
1453 1732 1652 1773 Christus
1685 1730 1851 1773 trahat?

1026 1791 1170 1840 Quare
1198 1789 1338 1830 voluit
1367 1789 1528 1838 dicere,
1563 1789 1694 1830 Pater
1723 1801 1852 1840 quem

1025 1845 1230 1888 traxerit?
1285 1845 1329 1887 Si
1361 1845 1562 1886 trahendi
1595 1858 1759 1894 sumuS,
1796 1845 1850 1886 ab

1025 1902 1100 1944 illo
1127 1901 1367 1951 trahamur,
1408 1902 1478 1943 cui
1506 1901 1611 1943 dicit
1639 1901 1851 1952 quaedam,

1027 1972 1125 2011 quae
1145 1958 1299 2009 diligit:
1326 1959 1434 2000 Post
1459 1957 1642 2000 odorem
1661 1970 1850 2009 unguen-

1024 2017 1170 2056 torum
1188 2017 1363 2056 tuorum
1383 2016 1618 2056 curremus.
1643 2013 1731 2055 Sed
1746 2012 1851 2065 quid

1025 2071 1207 2123 intelligi
1222 2071 1369 2122 voluit,
1390 2071 1668 2112 advertamus
1684 2070 1850 2118 fratres,

1028 2133 1071 2168 et
1099 2132 1308 2179 quantum
1334 2129 1588 2180 possumuS,
1617 2126 1850 2178 capiamus.

1027 2184 1182 2225 Trahit
1211 2185 1342 2226 Pater
1375 2183 1432 2225 ad
1461 2183 1618 2224 Filium
1651 2194 1741 2231 eos,
1777 2181 1850 2232 qui

1024 2242 1261 2293 propterea
1280 2240 1464 2282 credunt
1486 2240 1530 2280 in
1549 2238 1721 2286 Filium,
1750 2238 1851 2289 quia

1026 2309 1125 2338 eum
1136 2297 1330 2348 cegitant
1339 2297 1514 2337 Patrem
1525 2294 1686 2335 habere
1697 2294 1850 2335 Deum.

1024 2353 1146 2394 Deus
1166 2353 1280 2394 enim
1298 2353 1428 2393 Pater
1447 2350 1660 2402 aequalem
1680 2349 1762 2391 sibi
1779 2352 1849 2401 ge-

1025 2409 1118 2450 nuit
1142 2409 1313 2450 Filium:
1342 2413 1385 2449 et
1414 2407 1487 2459 qui
1512 2407 1690 2457 cogitat,
1718 2411 1850 2458 atque

1026 2465 1069 2505 in
1088 2465 1175 2507 fide
1191 2477 1269 2506 sua
1284 2464 1415 2505 sentit
1431 2468 1474 2504 et
1488 2462 1686 2511 ruminat,
1706 2464 1848 2514 aequa-

1025 2520 1111 2562 lem
1138 2534 1234 2563 esse
1253 2520 1373 2561 Patri
1393 2532 1509 2567 eum,
1536 2518 1580 2558 in
1607 2531 1736 2570 quem
1760 2521 1848 2559 cre-

1008 2595 1010 2598 ·
1027 2576 1146 2626 didit,
1163 2578 1306 2630 ipsum
1321 2574 1452 2617 trahit
1466 2575 1595 2615 Pater
1611 2574 1667 2616 ad
1681 2574 1849 2615 Filium.

1075 2646 1121 2695 Κ.
1162 2643 1228 2683 Ite
1256 2642 1299 2681 in
1330 2639 1578 2680 universum
1605 2639 1773 2690 orbem,
1807 2644 1850 2680 et

1026 2698 1267 2751 praedicate
1292 2695 1594 2746 Evangelium,
1622 2695 1805 2747 alleluJa:
1819 2705 1837 2725 *
