2066 2956
530 198 705 232 Officium
730 198 903 232 votivum
928 197 975 232 dc
1000 197 1055 231 Ss.
1079 196 1332 231 Eucharistiae
1358 197 1614 231 Sacramento.

220 295 476 335 convertere
522 294 816 335 necessarium
861 297 950 343 est,
1000 298 1047 334 ut

219 350 356 391 multo
388 362 485 391 cum
518 349 665 391 studio
693 349 790 391 haec
818 348 934 391 dona
964 349 1046 391 dis-

219 405 431 448 tribuatis.
467 406 568 447 Non
592 419 728 459 parva
750 405 876 447 vobis
899 405 1047 447 iminet

219 462 348 511 ultio,
382 464 417 503 si
447 475 729 515 quemquam,
761 462 875 503 illius
905 462 1046 515 culpae

220 520 402 569 conscii,
436 519 562 571 hujus
594 532 757 561 mensae
789 519 1048 572 participem

221 588 317 617 esse
354 574 625 618 concedatis:
663 577 837 628 sanguis
870 577 960 628 ejus
993 574 1047 617 de

219 632 418 674 manibus
455 633 611 675 vestris
649 633 919 685 exquiretur:
956 632 1047 673 sive

221 689 318 740 quis
348 688 437 730 dux
468 689 633 731 militiae
667 689 740 739 sit,
773 689 864 730 sive
893 689 1046 742 praefe-

221 751 331 796 ctus,
360 746 451 787 sive
476 746 681 799 princeps
707 745 954 788 diademate
978 758 1047 787 co-

220 804 418 852 ronatus,
463 801 639 853 indigne
676 809 821 845 autem
857 801 1048 851 accedat,

220 858 422 911 prohibe:
449 859 657 910 majorem
682 859 757 901 illo
782 861 1050 912 potestatem
1106 846 1131 874 Ψ

220 914 366 957 habes.
394 916 635 968 Propterea
655 928 736 957 vos
751 916 872 957 Deus
886 915 973 957 hoc
989 915 1045 956 in-

222 972 395 1022 signivit
418 972 602 1022 honore,
630 978 678 1014 ut
701 972 806 1014 talia
833 971 1048 1014 discerna-

220 1028 288 1069 tis.
336 1029 435 1070 Hoc
464 1033 610 1070 vestra
638 1028 825 1080 dignitas
855 1034 938 1079 est,
965 1027 1051 1069 hoc

223 1085 449 1135 securitas,
477 1084 563 1126 hoc
590 1085 730 1126 omnis
758 1087 935 1135 corona3
963 1097 1050 1126 non

222 1146 268 1182 ut
294 1141 437 1182 albam
462 1147 506 1183 et
532 1141 834 1194 splendentem
858 1141 1051 1183 tunicam

223 1198 496 1240 circumeatis
528 1197 678 1240 induti.
729 1198 895 1239 Verum
928 1203 971 1240 et
1003 1202 1050 1239 tu

222 1254 343 1304 laice,
363 1267 461 1296 cum
481 1254 756 1296 sacerdotem
770 1253 932 1296 videris
948 1253 1050 1296 offe-

223 1313 401 1361 rentem,
424 1324 477 1352 ne
497 1315 545 1352 ut
564 1310 839 1352 sacerdotem
858 1324 954 1352 esse
973 1324 1048 1363 pu—

222 1372 289 1409 tes
309 1367 394 1409 hoc
418 1367 659 1418 facientem,
684 1366 763 1408 sed
783 1366 943 1409 Christi
963 1380 1048 1409 ma-

223 1437 325 1466 num
343 1423 616 1466 invisibiliter
636 1425 870 1465 extensam.

277 1497 325 1547 R*-
353 1493 539 1546 Accepit
556 1493 696 1535 Jesus.
723 1492 835 1545 [246]

526 1583 676 1623 Lectio
692 1584 748 1623 vi.

227 1647 503 1753 Audiamus
522 1651 651 1701 igitur
671 1654 715 1691 et
734 1648 989 1691 sacerdotes
1009 1654 1052 1691 et

328 1706 502 1757 subditi,
524 1707 641 1759 quali
662 1719 762 1748 esca
781 1706 883 1747 facti
902 1719 1051 1747 sumus

226 1764 359 1815 digni:
412 1763 639 1806 audiamus
691 1768 734 1805 et
783 1762 1052 1804 horreamus.

225 1822 394 1863 Sanctis
413 1820 615 1862 carnibus
636 1821 724 1862 suis
742 1832 824 1861 nos
841 1818 963 1861 dedit
977 1819 1052 1859 im-

225 1878 351 1931 pleri,
376 1880 659 1930 semetipsum
679 1876 885 1930 apposuit
903 1875 1052 1917 immo-

225 1935 371 1976 latum.
412 1935 623 1985 Quaenam
654 1934 784 1984 igitur
816 1933 898 1974 erit
924 1931 1052 1973 nobis

226 1991 467 2040 excusatio,
496 2004 594 2032 cum
621 1989 781 2032 talibus
808 1989 925 2043 pasti
948 1989 1052 2030 talia

226 2050 470 2101 peccemuS‚
488 2060 587 2089 cum
601 2047 693 2100 lupi
708 2047 862 2088 fiamus
878 2047 1052 2097 Agnum

227 2104 524 2154 comedenteS‚
562 2117 659 2146 cum
690 2109 913 2155 tamquam
946 2115 1052 2144 oves

226 2161 341 2214 pasti
384 2174 507 2203 more
552 2161 728 2202 leonum
773 2158 1052 2213 diripiamus?

227 2219 326 2260 Hoc
346 2218 461 2260 enim
479 2217 734 2271 mysterium
754 2229 841 2258 non
860 2229 885 2257 a
902 2218 1054 2269 rapina

226 2279 412 2324 tantum,
440 2287 592 2316 verum
617 2278 660 2315 et
684 2274 739 2315 ab
766 2273 884 2314 omni
903 2273 973 2314 vel
993 2274 1053 2314 te-

228 2331 301 2372 nui
326 2331 553 2373 inimicitia
577 2344 735 2384 purum
760 2342 857 2372 esse
880 2330 1055 2382 penitus

230 2387 362 2438 jubet:
396 2393 462 2430 est
494 2388 608 2429 enim
640 2387 762 2440 pacis
789 2386 1055 2439 mysterium.

230 2444 253 2483 J
256 2443 392 2485 udaeis
417 2444 594 2496 quidem
617 2444 839 2485 annuatim
858 2442 1055 2495 proprio-

231 2513 327 2540 rum
349 2502 629 2543 monumenta
651 2500 965 2543 beneficiorum
989 2511 1056 2540 so-

232 2556 478 2598 lemnitates
502 2558 623 2599 Deus
647 2556 854 2608 alligavit:
882 2554 962 2597 tibi
987 2568 1056 2596 ve-

233 2625 282 2653 ro
307 2613 484 2663 singulis
510 2613 662 2655 diebus
686 2626 766 2666 per
785 2612 880 2654 haec
899 2613 1056 2664 myste-

233 2669 307 2709 ria.
334 2668 489 2710 Nullus
504 2672 650 2722 itaque
665 2670 689 2710 J
692 2670 802 2711 udas
816 2669 927 2710 hanc
942 2681 1056 2708 men-

234 2738 326 2767 sam
345 2730 482 2777 petat,
509 2726 650 2767 nullus
670 2726 830 2767 Simon.
863 2725 922 2766 Hi
941 2736 1055 2765 nam-

1101 305 1186 344 que
1225 292 1313 335 duo
1350 301 1534 346 propter
1573 293 1799 335 avaritiam
1830 305 1926 345 per-

1101 351 1255 391 ierunt:
1296 349 1382 392 hoc
1416 351 1547 401 igitur
1578 349 1834 392 barathrum
1865 349 1926 391 fu-

1100 418 1279 457 giamus.

1154 465 1203 516 R'-
1230 463 1324 514 Ego
1346 476 1443 504 sum
1461 463 1597 516 panis.
1616 463 1728 515 [246]

1324 548 1373 587 In
1394 547 1464 588 111.
1484 547 1706 589 Nocturno.

1153 614 1252 654 Ant.
1280 611 1489 654 Introibo.

1367 687 1565 728 Psalmus
1592 687 1657 727 42.

1167 760 1201 797 ’με
1213 747 1341 790 udica
1377 760 1446 789 me
1479 748 1615 796 Deus,
1652 752 1696 788 et
1729 746 1928 788 discerne

1113 763 1197 878 {B}
1230 817 1406 846 causam
1434 817 1577 846 meam
1604 803 1660 845 de
1684 808 1814 854 gente
1840 815 1928 844 non

1164 853 1207 878 '“'³
1230 866 1396 911 sancta,
1424 861 1448 886 *
1480 860 1536 903 ab
1568 860 1745 902 homine
1778 860 1928 912 iniquo

1103 923 1146 959 et
1170 917 1327 959 doloso
1348 919 1451 959 erue
1470 930 1551 959 me.

1155 974 1266 1025 Quia
1288 979 1337 1016 tu
1362 987 1409 1015 es
1433 975 1554 1016 Deus
1579 973 1794 1016 fortitudo
1816 985 1930 1015 mea:

1104 1033 1127 1058 *
1148 1043 1283 1083 quare
1302 1043 1373 1072 me
1393 1029 1615 1083 repulisti?
1641 1035 1685 1072 et
1705 1042 1839 1083 quare
1857 1030 1928 1072 tri·

1104 1088 1182 1129 stis
1207 1087 1375 1138 incedo,
1401 1087 1506 1129 dum
1530 1088 1683 1139 affligit
1705 1100 1775 1129 me
1793 1087 1929 1128 inimi·
1995 1124 2002 1135 x

1104 1143 1207 1186 cus?

1155 1201 1316 1243 Emitte
1336 1201 1479 1243 lucem
1497 1206 1618 1243 tuam
1637 1205 1681 1242 et
1699 1201 1930 1242 veritatem

1104 1263 1239 1299 tuam:
1274 1259 1296 1283 *
1329 1258 1425 1310 ipsa
1458 1270 1528 1300 me
1562 1256 1852 1306 deduxerunt,
1887 1261 1931 1298 et

1105 1313 1381 1356 adduxerunt
1422 1314 1465 1355 in
1502 1318 1696 1356 montem
1732 1318 1931 1356 sanctum

1103 1375 1241 1421 tuum,
1273 1376 1316 1412 et
1343 1370 1387 1411 in
1414 1370 1698 1413 tabernacula
1724 1374 1810 1423 tua.

1156 1427 1213 1469 Et
1235 1427 1428 1469 introibo
1457 1427 1515 1469 ad
1539 1427 1676 1469 altere
1702 1425 1800 1468 Dei:
1825 1427 1849 1453 *
1875 1425 1932 1468 ad

1105 1483 1268 1535 Deum,
1314 1485 1387 1537 qui
1431 1484 1627 1526 laetificat
1663 1484 1932 1536 juventutem

1104 1553 1257 1582 meam.

1163 1598 1418 1641 Confitebor
1445 1599 1524 1641 tibi
1550 1599 1595 1640 in
1623 1597 1790 1640 cithara
1809 1597 1931 1639 Deus

1105 1657 1226 1698 Deus
1246 1668 1384 1698 meus:
1408 1658 1432 1684 *
1458 1668 1592 1709 quare
1611 1655 1748 1697 tristis
1771 1667 1819 1696 es
1842 1654 1929 1696 ani-

1104 1726 1176 1754 ma
1193 1711 1314 1753 mea?
1334 1717 1378 1754 et
1398 1725 1532 1765 quare
1553 1711 1793 1754 conturbas
1812 1709 1905 1752 me?

1156 1769 1294 1822 Spera
1326 1769 1369 1810 in
1401 1769 1515 1816 Deo,
1549 1768 1758 1820 quoniam
1788 1766 1932 1809 adhuc

1106 1825 1351 1867 confitebor
1386 1825 1464 1867 illi:
1499 1827 1523 1852 *
1547 1824 1751 1873 χεεκηιΙιιῒέιιᾯ
1786 1823 1932 1866 vultus

1106 1882 1202 1932 mei,
1223 1886 1266 1924 et
1285 1882 1406 1924 Deus
1427 1895 1562 1924 meus.

1162 1949 1261 1989 Ant.
1288 1947 1484 1989 Introibo
1507 1945 1565 1988 ad
1583 1945 1722 1988 altare
1741 1945 1840 1987 Dei:
1865 1957 1932 1986 su-

1107 2017 1223 2045 mam
1242 2003 1472 2054 Christum,
1495 2003 1568 2056 qui
1586 2005 1771 2044 renovat
1789 2003 1932 2054 juven-

1106 2064 1245 2103 tutem
1264 2074 1416 2103 meam.

1158 2129 1257 2169 Ant.
1287 2126 1463 2168 Cibavit
1481 2138 1563 2167 nos
1582 2125 1807 2167 Dominus.

1378 2200 1576 2240 Psalmus
1595 2200 1666 2239 80.

1107 2263 1378 2369 Exsultate
1396 2270 1494 2311 Deo
1514 2269 1704 2322 adjutori
1721 2272 1887 2310 nostro:
1910 2268 1933 2292 *

1209 2327 1388 2380 jubilate
1406 2327 1503 2368 Deo
1523 2325 1674 2367 Jacob.

1158 2384 1326 2426 Stimite
1342 2383 1571 2436 psalmum,
1592 2386 1636 2424 et
1650 2381 1752 2424 date
1766 2383 1933 2434 tympa-

1107 2455 1225 2483 num:
1249 2442 1272 2467 *
1296 2439 1552 2493 psalterium
1577 2436 1811 2491 jucundum
1835 2450 1934 2479 cum

1108 2498 1283 2540 cithara.

1160 2554 1399 2596 Buccinate
1426 2553 1468 2593 in
1493 2551 1735 2593 Neomenia
1762 2550 1884 2599 tuba,
1911 2551 1934 2576 *

1161 2668 1272 2718 Quia
1293 2667 1565 2720 praeceptum
1587 2665 1631 2705 in
1651 2664 1788 2705 Israel
1808 2669 1888 2706 est:
1910 2666 1934 2691 *

1109 2730 1152 2766 et
1171 2723 1377 2776 judicium
1396 2723 1492 2764 Deo
1511 2721 1660 2763 Jacob.
