2066 2956
555 209 625 242 Die
654 208 700 242 12.
729 209 835 242 Febr.
883 210 917 243 S.
942 210 1170 252 Telesphori
1194 210 1312 251 Papae
1338 215 1373 243 ct
1400 193 1503 242 Mart.
1833 203 1877 238 5*

163 305 382 347 labiorum
409 304 500 355 ejus
528 314 616 343 non
640 301 854 342 fraudasti
885 314 995 343 eum.

170 362 220 411 Y.
237 360 456 411 Quoniam
474 357 731 411 praevenisti
746 370 845 398 eum
863 358 909 398 in
922 357 995 399 be-

164 415 491 459 nedictionibus
520 413 782 456 dulcedinis:
809 414 996 466 posuisti

165 474 211 514 in
238 472 383 525 capite
411 472 502 523 ejus
531 471 741 512 coronam
766 469 822 511 de
847 469 997 521 lapide

165 529 377 582 pretioso.
405 528 472 569 Et.

475 603 626 642 Lectio
646 603 697 641 vi.

262 676 334 705 am
350 667 394 704 et
411 660 531 715 apud
546 661 790 710 haereticos,
811 660 885 712 qui
898 671 996 712 pro-

270 724 371 772 pter
393 718 646 771 iniquitates
669 722 714 759 et
737 718 911 758 errores
931 729 997 756 su-

168 790 219 819 os
256 774 422 827 aliquid
464 774 766 819 molestiarum
799 771 999 825 perpessi

166 834 350 882 fuerunt,
366 831 542 872 nomine
556 829 751 882 martyrii
767 841 814 870 se
826 830 1000 880 iactant:

167 895 216 932 ut
242 889 329 930 hoc
356 887 492 941 pallio
521 886 715 928 dealbati
742 885 912 926 facilius
937 884 999 925 fu-

168 947 335 994 rentur,
368 943 472 995 quia
498 942 591 996 lupi
620 947 730 983 sunt.
784 941 829 982 Si
855 945 1002 981 autem

168 1001 302 1043 vultis
321 1000 434 1042 scire
448 999 492 1040 in
509 1011 597 1051 quo
612 1001 795 1039 numero
810 994 1002 1038 habendi

169 1062 287 1108 sunt,
337 1058 565 1110 pastorem
606 1054 773 1096 bonum
817 1052 1002 1094 Paulum

169 1113 436 1167 Apostolum
469 1112 634 1154 audite:
673 1110 880 1163 quoniam
913 1121 1002 1149 non

170 1183 339 1219 omnes,
368 1169 443 1221 qui
466 1171 655 1221 corpora
674 1179 754 1207 sua
771 1166 816 1207 in
835 1164 1001 1218 passio-

170 1239 226 1269 ne
263 1227 395 1268 etiam
430 1224 604 1277 ignibus
639 1222 836 1272 tradunt,
889 1220 1001 1275 aesti-

170 1282 320 1324 mandi
339 1286 441 1324 sunt
459 1281 717 1332 sanguinem
734 1277 901 1320 fudisse
919 1289 1002 1330 pro

172 1337 439 1389 ovibuS,‚sed
457 1338 607 1391 potius
627 1341 782 1379 contra
802 1346 919 1376 oves.
959 1332 1004 1374 Si

172 1394 455 1445 distribuero,
498 1394 656 1447 inquit,
711 1391 858 1434 omnia
906 1401 1005 1430 mea

170 1451 458 1506 pauperibus,
500 1455 544 1492 et
578 1448 805 1492 tradidero
843 1459 1004 1500 corpus

172 1521 335 1559 meum,
363 1512 411 1549 ut
437 1506 633 1549 ardeam:
665 1506 763 1546 Jam
784 1502 870 1557 ipsi
890 1508 1004 1544 sunt:

174 1565 255 1607 sed
272 1563 373 1607 vide
394 1563 502 1617 quid
526 1562 738 1615 sequitur:
767 1560 1006 1602 Caritatem

174 1626 322 1663 autem
364 1633 454 1662 non
496 1619 701 1668 habeam,
750 1616 857 1658 nihil
900 1615 1006 1656 mihi

173 1677 370 1730 prodest.
409 1677 527 1718 Ecce
554 1677 727 1718 venitur
755 1672 812 1715 ad
838 1671 1005 1725 passio-

174 1746 292 1783 nem,
319 1745 422 1775 ecce
446 1734 619 1774 venitur
644 1736 687 1773 et
706 1729 764 1772 ad
784 1728 1006 1780 sanguinis

176 1789 450 1839 effusionem,
483 1790 656 1830 venitur
688 1792 732 1828 et
764 1785 822 1827 ad
851 1787 1006 1837 corpo-

175 1859 274 1887 rum
301 1844 614 1894 incensionem3
647 1848 692 1885 et
723 1847 870 1884 tamen
902 1839 1009 1881 nihil

175 1900 378 1954 prodest,
403 1900 506 1953 quia
525 1900 684 1942 caritas
704 1898 840 1940 deest.
876 1894 1008 1937 Adde

177 1957 422 2006 caritatem,
441 1960 629 2009 prosunt
648 1954 809 1996 omnia:
827 1951 1008 1995 detrahe

178 2012 417 2062 caritatem,
436 2011 542 2052 nihil
561 2015 748 2064 prosunt
769 2011 925 2051 cetera.

232 2074 283 2124 R.
307 2072 431 2115 Stola
447 2070 741 2123 jucunditatis.

234 2151 277 2184 In
306 2150 370 2184 111.
400 2149 510 2183 Noet.
544 2149 685 2182 Homil.
718 2148 755 2181 in
786 2147 931 2189 Evang.
969 2145 1011 2179 Si

180 2198 268 2243 quis
297 2197 414 2234 venit.
442 2197 488 2230 de
520 2196 656 2230 eodem
683 2196 828 2230 Comm.
860 2195 887 2227 1.
912 2194 1009 2227 loco.

233 2250 366 2284 Lectio
396 2249 445 2282 ix.
476 2248 523 2282 de
552 2249 721 2282 Homilia
748 2252 784 2281 et
814 2255 1010 2280 commem.

183 2298 305 2332 Feriae
332 2297 369 2330 in
396 2296 515 2330 Laud.

388 2384 471 2424 Die
492 2384 549 2423 12.
568 2379 806 2424 Februarii.

194 2454 237 2495 S.
255 2451 550 2503 Telesphori
583 2451 714 2501 Papae
736 2453 778 2488 et
800 2446 1011 2496 Martyris.

519 2518 681 2561 Duplex.

235 2578 372 2611 Omnia
398 2577 443 2611 de
468 2578 669 2611 Communi
693 2577 806 2611 unius
831 2575 1011 2618 Martyris

183 2630 325 2667 praeter
348 2626 559 2668 sequentia.

235 2676 378 2711 Oratio.
408 2678 522 2718 Deus,
545 2674 612 2719 qui
632 2683 715 2708 nOS.

236 2728 282 2762 Et
306 2729 346 2762 fit
370 2739 566 2762 commem.
594 2729 724 2762 Feriae.

230 2851 323 2883 Propr.
338 2858 385 2882 pro
404 2850 479 2874 clero
495 2849 571 2874 Rom.
603 2848 667 2872 Pars
685 2846 778 2872 Verna.

1107 305 1150 338 In
1180 305 1205 338 I.
1231 305 1430 338 Nocturno
1456 305 1658 338 Lectiones
1685 304 1714 335 A
1733 299 1876 334 Mileto.

1056 352 1102 385 dc
1128 352 1263 385 codem
1290 353 1490 386 Communi
1519 353 1544 385 1.
1572 353 1666 385 loco.

1293 419 1341 456 In
1360 419 1409 456 ΙΙ.
1429 418 1650 455 Nocturno.

1360 482 1510 521 Leusio
1532 482 1583 518 iv.

1128 554 1151 583 ,ε
1178 534 1452 587 elesphorus,
1479 533 1655 574 natione
1684 532 1879 581 Graecus,

1056 584 1102 652 l„
1128 581 1168 651 2}
1194 591 1338 643 patria
1365 589 1620 630 Thuriensis
1652 589 1696 629 in
1723 601 1880 639 magna

1058 663 1088 668 -
1196 646 1386 695 Graecia,
1421 657 1476 686 ex
1503 644 1764 697 presbytero
1792 645 1879 685 Ro-

1050 705 1193 744 manae
1212 702 1423 743 Ecclesiae
1447 702 1582 753 (cujus
1607 700 1785 751 dignum
1806 700 1880 740 mi-

1052 762 1236 800 nistrum
1260 759 1423 809 egerat)
1446 757 1649 799 Pontifex
1665 757 1882 797 Maximus

1053 818 1226 857 creatus
1241 820 1318 856 est.
1338 815 1438 856 Hoc
1457 815 1710 866 supremum
1725 825 1882 853 munus

1053 872 1114 913 ita
1138 871 1263 921 obiit,
1290 876 1339 912 ut
1366 871 1550 912 eximius
1568 869 1689 911 Petri
1714 870 1882 910 succes-

1055 940 1129 968 sor
1156 927 1296 969 lectus
1324 939 1420 968 esse
1444 925 1677 967 videretur.
1716 925 1768 965 In
1793 925 1883 976 ejus

1055 983 1266 1026 cathedra
1285 983 1398 1025 sedit
1418 983 1499 1025 sub
1516 983 1781 1035 imperatore
1797 982 1883 1022 An-

1053 1043 1206 1083 tonino
1225 1040 1322 1090 Pio,
1348 1040 1543 1081 fervente
1566 1037 1885 1091 persecutionis

1056 1102 1178 1139 aestu.
1221 1097 1306 1146 Qui
1332 1102 1478 1138 tamen
1502 1108 1591 1137 non
1617 1094 1804 1143 obstitit,
1831 1107 1885 1135 ne

1048 1152 1254 1194 sedulam
1282 1155 1464 1205 operam
1492 1152 1697 1202 regendae
1724 1150 1886 1191 Christi

1055 1209 1268 1251 Ecclesiae
1289 1208 1503 1250 sollicitus
1521 1207 1702 1248 navarit.

1112 1275 1163 1324 Rz.
1185 1270 1435 1311 Honestum
1461 1269 1574 1310 fecit.
1602 1268 1654 1308 4*

1372 1343 1523 1383 Lectio
1546 1357 1580 1380 v,

1061 1399 1223 1503 Hinc
1246 1401 1372 1442 novis
1397 1399 1585 1441 decretis
1611 1399 1748 1440 multa
1766 1398 1888 1439 illum
1939 1394 1940 1398 ’

1175 1457 1349 1507 egregie
1400 1456 1637 1497 sancivisse
1686 1454 1887 1505 legimuS,

1060 1526 1159 1566 quae
1183 1511 1241 1554 ad
1263 1511 1457 1554 fidelium
1481 1523 1645 1560 mores,
1672 1510 1887 1551 Ecclesia-

1059 1571 1269 1612 sticorum
1293 1568 1559 1617 libertatem,
1588 1572 1631 1608 et
1659 1579 1809 1607 sacros
1835 1566 1887 1606 ri-

1058 1632 1129 1668 tus
1166 1625 1365 1666 attinent:
1406 1623 1572 1666 scilicet
1610 1621 1887 1674 quadragesi—

1058 1682 1172 1724 male
1199 1681 1418 1734 jejunium,
1450 1681 1535 1732 jam
1561 1679 1665 1721 olim
1690 1678 1746 1720 ab
1770 1678 1888 1731 Apo-

1060 1739 1185 1780 stolis
1199 1736 1420 1787 traditum,
1431 1749 1547 1778 novo
1564 1734 1709 1777 edicto
1725 1739 1887 1776 restau-

1060 1797 1197 1845 rasse;
1230 1807 1282 1835 ac
1315 1793 1549 1834 mandasse
1583 1797 1631 1833 ut
1664 1792 1707 1831 in
1742 1790 1890 1832 Natali

1061 1851 1243 1892 Domini
1276 1855 1475 1891 sanctum
1505 1848 1653 1889 Missae
1686 1846 1888 1888 sacrifici-

1061 1921 1135 1948 um
1153 1912 1220 1949 ter
1243 1906 1553 1955 celebraretur,
1578 1902 1723 1945 media
1749 1907 1889 1951 nocte,

1060 1963 1342 2004 illucescente
1373 1963 1548 2011 aurora,
1574 1960 1685 2001 hora
1713 1957 1887 2000 demum

1061 2019 1192 2061 tertia
1216 2024 1320 2071 post
1345 2018 1451 2059 solis
1476 2022 1634 2065 ortum;
1661 2020 1705 2056 et
1733 2014 1888 2055 consti-

1061 2077 1199 2116 tuisse
1228 2080 1276 2117 ut
1304 2086 1443 2116 sacrae
1466 2073 1675 2122 Liturgiae
1703 2070 1890 2122 hymnus

1063 2131 1299 2182 angelicus,
1326 2129 1477 2172 Gloria
1506 2129 1549 2168 in
1579 2126 1763 2169 excelsis
1782 2126 1891 2175 Deo,

1064 2186 1310 2229 adderetur.

1116 2244 1167 2295 R.
1193 2242 1472 2284 Desiderium
1491 2240 1658 2281 animae.
1682 2239 1734 2279 4*

1368 2312 1519 2351 Lectio
1544 2310 1593 2349 vi.

1066 2371 1309 2475 Edixisse
1329 2386 1506 2427 quoque
1523 2385 1578 2415 ne
1597 2370 1852 2414 sacerdotes
1867 2384 1893 2411 a

1162 2431 1330 2485 populo
1359 2431 1658 2481 arguerentur,
1686 2433 1734 2470 ut
1761 2427 1891 2470 subli-

1063 2489 1146 2530 mis
1186 2487 1352 2529 ordinis
1393 2485 1592 2537 dignitati
1632 2484 1891 2526 consuleret.

1065 2544 1351 2586 Ordinatione
1398 2540 1690 2594 quadruplici,
1742 2552 1898 2581 mense

1063 2599 1309 2648 Decembri,
1324 2598 1488 2640 creavit
1500 2596 1784 2650 presbyteros
1795 2594 1894 2637 duo-

1065 2655 1223 2704 decim,
1255 2654 1466 2696 diaconos
1499 2658 1619 2703 octe,
1657 2654 1891 2704 episcopos

1063 2710 1275 2753 tredecim
1307 2723 1388 2763 per
1419 2709 1592 2751 diversa
1619 2709 1729 2750 loca.
1784 2707 1893 2748 Cum

1644 2830 1686 2861 1*
