2066 2904
554 146 624 180 Die
648 147 677 180 ss.
702 146 818 180 Junii.
865 147 899 180 S.
928 145 1109 180 Norberti
1132 145 1259 188 Episc.
1286 150 1321 179 et
1346 145 1454 179 Conf.
1503 193 1505 195 ι

157 239 262 281 lexit
288 251 358 280 me
376 239 515 289 Pater,
544 242 587 280 et
615 250 697 288 ego
728 237 860 279 dilexi
891 251 982 279 vos.

159 296 243 347 Qui
259 300 415 337 manet.

445 367 595 409 Lectio
616 368 698 408 viii.

242 430 379 472 acifici
393 433 539 471 autem
553 428 596 469 in
612 428 857 481 semetipsis
873 434 982 479 sunt,

253 486 326 538 qui
336 498 486 526 omnes
499 484 629 525 animi
642 485 708 525 sui
717 489 863 526 motus
875 498 983 526 com-

157 544 380 596 ponentes,
400 546 443 583 et
458 539 734 593 subjicientes
750 541 917 591 rationi,
936 541 982 583 id

159 604 225 641 est
250 598 384 640 menti
413 602 456 639 et
484 597 671 650 spiritui,
699 597 981 650 carnalesque

157 654 535 708 concupiscentias
571 653 781 695 habentes
819 654 981 696 edemi-

155 717 240 762 tas,
269 711 377 753 fiunt
401 723 581 761 regnum
600 710 694 752 Dei.
731 710 783 750 In
810 723 896 762 quo
922 711 981 752 ita

158 774 259 810 sunt
287 767 487 809 ordinata
515 766 679 816 emnia,
711 771 760 808 ut
786 766 833 809 id
862 768 981 820 quod

157 829 224 867 est
241 825 285 865 in
303 823 479 866 homine
497 825 768 876 praecipuum
784 828 827 865 et
842 824 980 866 excel-

156 882 267 931 lenS‚
293 879 380 922 hoc
398 882 600 933 imperet,
627 879 782 922 ceteris
806 893 893 922 non
918 894 980 922 re-

156 937 435 987 luctantibus,
465 949 564 989 quae
585 941 684 978 sunt
703 936 831 978 nobis
851 937 980 979 besti-

156 997 281 1047 isque
317 993 576 1035 communia:
617 997 749 1044 atque
789 992 981 1046 idipsum

158 1050 278 1104 quod
314 1050 488 1092 excellit
523 1049 566 1090 in
601 1049 792 1100 homine,
831 1050 878 1091 id
916 1056 981 1093 est

156 1121 278 1149 mens
303 1111 347 1149 et
371 1107 501 1156 ratio,
529 1105 781 1158 subjiciatur
806 1107 979 1159 potiori,

159 1162 278 1217 quod
306 1168 373 1205 est
399 1163 495 1216 ipsa
523 1162 702 1212 veritas,
734 1162 979 1214 unigenitus

155 1220 290 1262 Filius
313 1220 407 1262 Dei.
441 1219 598 1272 Neque
624 1219 739 1261 enim
763 1219 979 1272 imperare

155 1276 434 1319 inferieribus
460 1280 624 1329 potest,
652 1276 735 1316 nisi
763 1277 979 1329 superiori

156 1346 203 1375 se
227 1334 322 1386 ipse
348 1333 556 1385 subjiciat.
590 1333 649 1374 Et
672 1332 769 1374 haec
793 1338 859 1374 est
881 1347 979 1386 pax,

157 1403 255 1443 quae
278 1389 406 1432 datur
431 1390 474 1430 in
497 1394 615 1431 terra
634 1388 883 1431 hominibus
903 1390 978 1432 bo-

155 1460 224 1488 nae
251 1446 504 1488 voluntatis:
539 1445 635 1487 haec
662 1446 753 1487 vita
781 1459 978 1488 consum-

155 1503 262 1544 mati
281 1502 551 1556 perfectique
572 1502 790 1555 sapientis.

206 1572 256 1623 R.
294 1566 479 1610 Candidi
511 1567 614 1609 facti
646 1572 746 1609 sunt
778 1567 979 1610 Nazaraei

156 1626 256 1677 ejus,
275 1624 461 1676 alleluja;
488 1623 770 1676 splendorem
787 1625 886 1666 Deo
907 1624 978 1667 de-

155 1681 329 1730 derunt,
371 1679 556 1732 alleluja:
606 1688 628 1711 *
659 1680 717 1722 Et
759 1681 871 1723 sicut
912 1681 980 1723 lac

156 1737 374 1789 coagulati
410 1741 524 1787 sunt,
566 1737 752 1788 alleluja,
797 1738 979 1790 alleluja.

156 1793 205 1845 V.
250 1792 537 1835 Candidiores
580 1793 696 1844 nive,
752 1794 979 1836 nitidiores

154 1850 279 1901 lacte,
293 1849 623 1892 rubicundiores
638 1849 772 1892 ebore
787 1853 980 1903 antiquo,

156 1906 366 1960 sapphiro
385 1905 670 1959 pulchriores.
696 1907 753 1948 Et
773 1907 884 1949 sicut
900 1907 979 1949 lac.

160 1963 310 2006 Gloria
327 1963 457 2006 Patri.
482 1962 540 2005 Et
558 1963 671 2005 sicut
689 1962 768 2004 lac.

451 2044 634 2086 Lectio
624 2060 676 2085 lx.
714 2040 718 2048 ’

155 2101 266 2208 De
284 2103 532 2156 huiusmodi
549 2115 684 2156 regno
699 2078 980 2167 pacatissimo

252 2165 295 2203 et
315 2159 639 2203 ordinatissimo
658 2159 817 2200 missus
837 2164 903 2201 est
919 2159 981 2201 fo-

156 2230 227 2259 ras
246 2217 452 2270 princeps
470 2216 595 2269 hujus
615 2215 774 2265 saeculi,
794 2216 867 2268 qui
886 2228 981 2268 per-

157 2274 295 2316 versis
335 2272 680 2325 inordinatisque
722 2271 981 2313 dominatur.
1040 2285 1131 2325 125²<ss

157 2331 254 2372 Hac
291 2342 402 2382 pace
442 2330 702 2371 intrinsecus
742 2328 981 2370 constituta
1036 2328 1107 2384 ¹:2²³)

157 2392 288 2439 atque
307 2385 493 2436 firmata,
520 2389 818 2438 quascumque
836 2397 980 2437 perse-

162 2443 359 2485 cuti6nes
376 2443 463 2492 ille,
489 2443 563 2495 qui
585 2443 702 2484 foras
724 2442 883 2482 missus
903 2445 980 2491 est,

157 2499 397 2541 forinsecus
417 2499 717 2548 concitaverit,
744 2502 873 2548 auget
892 2497 980 2547 glo-

158 2555 265 2596 riam
306 2569 404 2608 quae
440 2555 680 2597 secundum
717 2556 858 2596 Deum
900 2558 980 2604 est3

157 2624 245 2652 non
268 2611 431 2664 aliquid
454 2613 498 2652 in
516 2612 591 2653 illo
612 2611 800 2653 aedificio
820 2610 979 2651 labefa-

159 2672 296 2718 ctans,
327 2668 406 2710 sed
439 2667 740 2710 deficientibus
767 2666 978 2708 machinis

1800 141 1865 176 533

1033 238 1123 279 suis
1169 238 1443 280 innotescere
1492 239 1655 280 faciens
1701 243 1863 290 quanta

1033 293 1218 336 firmitas
1247 295 1363 336 intus
1392 299 1617 337 exstructa
1645 295 1712 336 sit.
1753 294 1861 336 Ideo

1034 351 1245 403 sequitur:
1264 351 1401 401 Beati,
1422 352 1496 403 qui
1515 351 1864 404 persecutionem

1033 407 1260 475 patiuntur
1286 413 1470 460 propter
1497 408 1717 460 justitiam:
1756 410 1860 459 quo-

1033 463 1149 504 niam
1158 464 1356 517 ipsorum
1369 469 1436 506 est
1446 477 1627 515 regnum
1639 464 1863 506 coelorum.

1090 530 1151 569 Te
1170 525 1314 567 Deum
1333 525 1574 567 laudamus.
1596 526 1654 566 15.

1035 593 1039 595 ’
1086 598 1200 642 Vesp.
1233 611 1253 633 a
1279 599 1402 642 Capit.
1434 600 1480 633 de
1511 610 1614 643 sequ.
1645 611 1729 634 cum
1760 612 1859 635 com-

1034 657 1141 681 mem.
1167 648 1329 690 praeced.

1305 730 1388 771 Die
1409 731 1446 770 6.
1465 730 1489 770 J
1491 730 1590 771 unii.

1115 805 1157 845 S.
1175 803 1414 845 Norberti
1432 805 1575 857 Episc.
1598 811 1640 846 et
1661 805 1781 845 Conf.

1362 874 1526 917 Duplex.
1810 865 1816 871 ⁴

1088 932 1223 966 Omnia
1244 934 1290 968 de
1308 934 1510 969 Communi
1528 935 1701 970 Confes&
1720 935 1858 970 Pontis.

1034 980 1102 1023 [66]
1128 986 1267 1024 praeter
1292 993 1396 1026 sequ.

1370 1040 1531 1081 Oratio.

1119 1111 1216 1146 euS‚
1260 1097 1334 1150 qui
1374 1097 1553 1139 beatum
1589 1096 1859 1138 Norbertum

1130 1155 1438 1196 Confessorem
1456 1159 1579 1195 tuum
1598 1159 1730 1205 atque
1749 1153 1860 1195 Pon-

1031 1212 1212 1261 tificem,
1248 1210 1371 1253 verbi
1407 1211 1471 1252 tui
1506 1212 1757 1264 praeconem
1791 1223 1860 1252 ex-

1031 1269 1181 1309 imium
1201 1267 1398 1317 effecisti,
1424 1272 1468 1309 et
1490 1280 1570 1320 per
1594 1280 1694 1308 eum
1713 1266 1859 1308 Eccle-

1032 1325 1140 1366 siam
1164 1329 1285 1366 tuam
1303 1337 1418 1365 nova
1437 1323 1562 1376 prole
1582 1322 1861 1364 foecundasti:

1031 1386 1195 1434 praesta
1211 1382 1475 1433 quaesumus;
1494 1385 1543 1421 ut
1562 1379 1758 1432 einsdem
1777 1380 1860 1420 suf-

1032 1437 1302 1487 fragantibus
1327 1437 1510 1486 meritis,
1545 1436 1666 1489 quod
1698 1449 1774 1477 ore
1807 1436 1860 1477 si-

1031 1493 1121 1534 mul
1146 1498 1189 1535 et
1213 1495 1347 1546 opere
1368 1492 1533 1544 docuit,
1561 1498 1604 1534 te
1631 1492 1861 1544 adjuvante

1033 1552 1239 1592 exercere
1254 1550 1488 1591 valeamus.
1512 1551 1597 1592 Per
1614 1549 1860 1591 Dominum.

1090 1617 1237 1651 Deinde
1264 1628 1457 1651 commem.
1483 1618 1646 1661 praeced.

1084 1673 1181 1714 Ant.
1219 1671 1367 1714 Sancti
1399 1676 1443 1713 et
1470 1672 1569 1725 justi
1598 1673 1641 1713 in
1669 1671 1859 1712 Domino

1032 1729 1235 1780 gaudete,
1261 1727 1445 1780 alleluja:
1478 1742 1558 1770 vos
1584 1729 1714 1779 elegit
1740 1728 1860 1769 Deus

1032 1786 1076 1826 in
1094 1785 1398 1827 haereditatem
1419 1785 1512 1835 sibi,
1531 1785 1714 1836 alleluja.

1084 1848 1134 1897 V.
1173 1846 1373 1888 Pretiosa
1413 1846 1456 1887 in
1497 1848 1737 1899 conspectu
1770 1846 1857 1886 Do-

1031 1903 1153 1953 mini,
1173 1903 1354 1954 alleluja.
1389 1905 1439 1956 R.
1467 1903 1587 1944 Mors
1608 1905 1859 1944 sanctorum

1034 1961 1135 2012 ejus,
1154 1959 1335 2011 alleluja.

1085 2026 1127 2061 In
1158 2027 1184 2061 Ι.
1215 2027 1415 2061 Nocturno
1447 2026 1650 2061 Lectiones
1681 2027 1726 2061 de
1760 2028 1856 2061 Scri-

1032 2080 1144 2118 ptura
1169 2078 1402 2109 occurrente.

1262 2146 1311 2184 In
1330 2146 1380 2184 11.
1400 2146 1623 2185 Nocturno.

1331 2209 1482 2251 Lectio
1503 2211 1555 2251 iv.

1150 2271 1380 2323 orbertus,
1406 2271 1688 2313 nobilissimis
1707 2273 1860 2324 paren-

1117 2328 1157 2370 Ἃ
1179 2328 1297 2370 tibus
1317 2333 1455 2378 natus,
1478 2328 1737 2369 adolescens
1756 2327 1859 2370 libe-

1069 2381 1075 2388 “’
1096 2389 1104 2393 ”
1179 2384 1345 2427 talibus
1378 2384 1618 2437 disciplinis
1654 2384 1859 2434 eruditus,

1033 2440 1077 2481 in
1111 2441 1208 2494 ipsa
1242 2443 1399 2494 postea
1434 2440 1713 2493 imperateris
1751 2441 1859 2491 aula,

1033 2498 1191 2550 spretis
1220 2497 1370 2539 mundi
1394 2496 1629 2546 illecebris,
1658 2497 1858 2539 ecclesia-

1033 2554 1156 2595 sticae
1183 2554 1349 2595 militiae
1378 2552 1567 2595 adscribi
1595 2553 1742 2596 voluit.
1786 2554 1858 2596 Sa-

1034 2610 1118 2650 cris
1142 2610 1354 2657 initiatus,
1383 2609 1554 2660 rejectis
1578 2610 1783 2652 mollibus
1807 2623 1858 2652 ac

1032 2665 1274 2718 splendidis
1305 2665 1516 2716 vestibus,
1555 2666 1740 2719 pellicea
1770 2680 1857 2709 me-
