2028 2892
842 178 1012 211 sabbato
1037 182 1180 211 sancto.

432 272 625 310 Psalmus
647 275 709 311 42.

230 326 397 380 udica
427 339 497 367 me
527 327 669 379 Deus,
707 332 751 368 et
782 327 981 368 discerne

159 347 250 455 {M}
284 395 460 424 eausam
486 395 630 424 meam
655 382 710 423 de
738 388 867 433 gente
893 395 981 423 non

170 450 202 460 *ff
284 443 453 487 sancta,
484 439 508 463 *
536 438 591 479 ab
619 438 795 480 hemine
822 439 981 490 iniquo,

154 499 198 537 et
217 494 373 536 doloso
395 495 498 535 erue
516 507 598 536 me.
976 540 982 546 .

206 550 319 600 Quia
342 555 390 591 tu
416 563 462 591 es
486 551 608 591 Deus
631 550 846 591 fortitudo
871 563 983 591 mea:

154 607 178 633 *
199 619 333 658 quare
353 619 423 647 me
447 606 668 659 repulisti?
693 611 737 648 et
757 619 890 658 quare
910 606 983 646 tri-

155 663 232 703 stis
255 662 427 712 incedo,
452 662 555 704 dum
579 663 733 714 affligit
755 675 825 704 me
850 663 984 702 inimi-

155 718 255 760 cus?

207 775 370 816 Emitte
392 774 535 816 lucem
555 779 675 816 tuam
694 779 738 816 et
757 774 985 815 veritatem

156 834 295 872 tuam:
331 830 355 856 *
388 830 486 882 ipsa
512 843 583 872 me
615 830 910 878 deduxerunt,
944 834 986 870 et

157 885 435 927 adduxerunt
471 886 515 926 in
552 891 748 928 montem
788 891 986 926 sanctum

155 946 291 991 tuum,
319 946 363 983 et
390 942 433 982 in
461 942 746 983 tabernacula
772 947 856 983 tua.

208 998 265 1039 Et
290 998 483 1039 introibo
510 997 568 1039 ad
593 998 730 1039 altare
752 998 853 1039 Dei:
881 997 904 1023 *
930 996 987 1037 ad

156 1054 320 1103 Deum,
366 1054 441 1106 qui
481 1053 677 1095 laetificat
718 1055 987 1105 juventutem

157 1122 311 1150 meam.

211 1164 467 1207 Confitebor
493 1165 575 1207 tibi
601 1165 645 1205 in
674 1164 841 1206 cithara
866 1165 987 1205 Deus

156 1221 278 1262 Deus
296 1234 434 1263 meus:
458 1222 482 1248 *
507 1234 643 1274 quare
666 1221 804 1262 tristis
829 1233 876 1261 es
901 1220 987 1260 ani-

157 1290 229 1318 ma
246 1275 368 1319 mea?
390 1282 433 1319 et
454 1290 590 1329 quare
609 1276 847 1318 conturbas
868 1274 961 1317 me?

209 1333 348 1386 Spera
378 1334 423 1374 in
454 1334 572 1382 Deo,
607 1333 814 1385 queniam
845 1332 988 1372 adhuc

158 1389 405 1431 confitebor
440 1389 521 1429 illi:
557 1389 581 1415 *
618 1388 809 1430 salutare
842 1387 988 1428 vultus

157 1445 255 1494 mei,
275 1450 318 1486 et
336 1446 458 1486 Deus
478 1457 613 1486 meus.

211 1499 310 1538 Ant.
338 1499 551 1552 plangent
575 1513 676 1541 eum
696 1499 821 1552 quasi
842 1499 986 1550 unige-

159 1557 308 1607 nitum,
334 1557 437 1609 quia
454 1558 663 1598 innocens
683 1555 899 1596 Dominus
918 1567 986 1595 oe-

159 1615 275 1654 cisus
295 1617 372 1654 est.

212 1667 310 1707 Ant.
346 1667 383 1705 3.
425 1668 652 1710 Attendite
688 1666 880 1708 universi
911 1667 987 1718 po-

158 1724 263 1777 puli,
292 1729 335 1766 et
361 1724 509 1766 videte
539 1723 737 1765 dolorem
765 1735 922 1763 meum.

210 1779 278 1818 Ps.
298 1780 362 1818 62.
388 1780 509 1822 Deus
527 1780 649 1820 Deus
668 1791 802 1819 meus.
826 1778 920 1818 225.

212 1835 310 1875 Ant.
336 1836 373 1874 4.
402 1834 441 1874 A
466 1840 597 1889 porta
622 1835 747 1876 inferi
773 1836 877 1875 erue
900 1833 987 1874 Do-

158 1892 274 1933 mine
293 1892 484 1933 animam
501 1904 654 1933 meam.

347 1953 573 1994 Canticum
595 1952 806 1993 Ezechiae.

449 2009 563 2043 Isaiae
587 2009 641 2043 38
664 2010 698 2043 b.

239 2071 296 2110 go
312 2058 415 2100 dixi:
431 2059 483 2099 In
498 2057 678 2100 dimidio
694 2056 863 2099 dierum
879 2059 989 2098 meo-

258 2128 355 2156 rum
377 2115 401 2141 *
424 2113 584 2156 vadam
603 2113 659 2154 ad
677 2117 829 2165 portas
852 2112 988 2153 inferi.

213 2171 407 2222 Quaesivi
425 2170 650 2211 residuum
670 2170 853 2209 afiorum
871 2170 987 2209 meo-

160 2241 267 2269 rum.
286 2227 310 2253 *
324 2227 441 2267 Dixi:
459 2226 562 2267 Non
575 2225 736 2268 videbo
751 2225 989 2265 Dominum

160 2284 304 2325 Deum
322 2283 366 2323 in
384 2287 502 2323 terra
520 2281 769 2322 viventium.

211 2339 313 2380 Non
336 2338 546 2390 aspiciam
568 2337 790 2378 hominem
812 2336 941 2385 ultra,
964 2336 987 2361 *

162 2398 206 2436 et
223 2394 516 2436 habitatorem
538 2393 707 2445 quietis.

214 2450 452 2492 Generatio
468 2462 566 2490 mea
579 2448 727 2489 ablata
742 2452 819 2496 est,
839 2452 882 2488 et
897 2459 989 2487 con-

161 2506 313 2547 voluta
333 2510 399 2547 est
415 2518 441 2546 a
454 2518 535 2555 me,
553 2507 577 2532 *
594 2504 719 2556 quasi
732 2503 988 2544 tabernacu-

160 2561 251 2602 lum
269 2563 507 2614 pastorum.

212 2617 405 2659 Praecisa
424 2622 491 2658 est
510 2616 630 2657 velut
648 2628 674 2656 a
691 2616 877 2662 texente,
898 2613 989 2653 vita

161 2685 274 2714 meat
299 2672 404 2715 dum
427 2672 570 2714 adhuc
594 2670 778 2720 ordirer,
802 2667 988 2710 succidit

317 2813 381 2837 Pars
398 2812 490 2837 Verna.

1032 283 1117 312 me:
1136 272 1159 296 *
1179 270 1235 312 de
1250 283 1376 311 mane
1394 284 1534 322 usque
1553 270 1608 312 ad
1628 272 1858 322 vesperam

1033 327 1158 367 finies
1177 339 1258 367 me.

1086 382 1326 434 Sperabam
1340 395 1478 434 usque
1495 382 1550 423 ad
1564 394 1700 430 mane,
1716 382 1739 407 *
1756 392 1857 432 qua-

1035 438 1072 479 si
1087 437 1157 479 leo
1174 438 1236 479 sic
1255 438 1460 479 contrivit
1475 438 1619 478 omnia
1633 450 1733 478 ossa
1748 449 1858 477 mea:

1087 499 1154 539 De
1177 510 1303 539 mane
1325 511 1464 550 usque
1489 498 1543 539 ad
1567 499 1794 549 vesperam
1812 496 1858 536 fi-

1035 555 1128 596 nies
1151 567 1236 594 me:
1262 555 1285 580 *
1311 555 1423 595 sicut
1448 554 1592 606 pullus
1617 551 1859 593 hirundinis

1037 611 1099 652 sic
1143 610 1368 659 clamabo,
1414 610 1660 651 meditabor
1700 613 1748 649 ut
1790 620 1859 648 co-

1037 666 1199 707 lumba:

1090 723 1317 763 Attenuati
1333 728 1432 764 sunt
1447 722 1561 763 eculi
1576 722 1670 771 mei,
1688 722 1710 747 *
1727 720 1860 772 suspi-

1039 778 1202 819 cientes
1222 778 1266 818 in
1287 778 1522 819 excelsum:

1090 834 1278 875 Demine
1315 835 1403 874 vim
1439 834 1605 886 patior,
1643 831 1862 884 responde

1039 903 1121 942 pro
1151 903 1231 931 me.
1263 891 1287 916 *
1321 890 1435 939 Quid
1463 889 1625 937 dicam,
1657 893 1731 928 aut
1760 887 1863 939 quid

1039 946 1323 998 respondebit
1338 946 1453 995 mihi,
1469 945 1676 996 cumipse
1690 941 1862 984 feeerit?

1044 1025 1052 1032 »
1091 1006 1365 1057 Recogitabo
1407 1005 1487 1047 tibi
1532 1017 1682 1046 omnes
1727 1015 1864 1044 annos

1040 1075 1163 1103 meos
1177 1063 1200 1088 *
1215 1063 1259 1102 in
1273 1061 1561 1103 amaritudine
1576 1061 1731 1101 animae
1744 1071 1864 1099 meae.

1092 1123 1280 1164 Demine
1303 1123 1340 1163 si
1359 1122 1423 1163 sic
1446 1122 1621 1171 vivitur,
1647 1126 1689 1161 et
1709 1120 1752 1159 in
1771 1119 1864 1160 tali-

1039 1178 1122 1219 bus
1142 1178 1231 1220 vita
1250 1178 1428 1230 spiritus
1443 1178 1539 1228 mei,
1559 1176 1771 1228 corripies
1786 1187 1865 1223 me,

1042 1239 1085 1275 et
1112 1234 1353 1275 vivificabis
1380 1247 1461 1275 me.
1493 1234 1517 1259 *
1544 1234 1660 1274 Ecce
1688 1232 1730 1271 in
1757 1243 1866 1283 pace

1041 1290 1287 1331 amaritudo
1308 1303 1405 1331 mea
1425 1289 1710 1330 amarissima:

1092 1350 1161 1390 Tu
1180 1355 1327 1391 autem
1346 1350 1497 1391 eruisti
1516 1349 1703 1390 animam
1724 1359 1865 1388 meam

1040 1410 1087 1446 ut
1120 1418 1208 1446 non
1240 1408 1421 1458 periret:
1455 1406 1478 1431 *
1510 1403 1732 1457 projecisti
1761 1406 1865 1455 post

1039 1466 1211 1512 tergum
1229 1466 1351 1502 tuum
1372 1461 1515 1502 omnia
1533 1462 1716 1512 peecata
1734 1470 1841 1499 mea.

1093 1522 1204 1571 Quia
1235 1534 1323 1562 non
1356 1521 1550 1562 infernus
1583 1519 1863 1561 confitebitur

1039 1577 1130 1627 tibi,
1148 1590 1291 1629 neque
1304 1589 1424 1618 mors
1443 1576 1639 1617 laudabit
1657 1581 1715 1616 te:
1734 1576 1757 1601 *
1776 1586 1863 1614 non

1041 1632 1359 1685 exspectabunt
1402 1633 1475 1684 qui
1515 1631 1785 1673 descendunt
1820 1629 1863 1669 in

1039 1689 1194 1739 lacum,
1218 1689 1450 1730 veritatem
1471 1692 1602 1729 tuam.

1090 1749 1256 1790 Vivens
1287 1749 1438 1790 vivens
1465 1749 1559 1800 ipse
1588 1745 1865 1788 confitebitur

1039 1805 1133 1854 tibi,
1157 1805 1269 1846 sicut
1293 1809 1336 1845 et
1356 1816 1437 1855 ego
1458 1803 1604 1845 hodie:
1627 1805 1650 1831 *
1672 1807 1797 1855 pater
1816 1801 1861 1841 fi-

1038 1861 1107 1901 liis
1126 1865 1277 1902 notam
1296 1860 1427 1901 faciet
1446 1860 1675 1901 veritatem
1693 1863 1823 1900 tuam.

1090 1921 1280 1962 Domine
1295 1920 1463 1961 salvum
1477 1933 1547 1961 me
1562 1920 1640 1969 fac,
1660 1920 1683 1946 *
1699 1923 1742 1960 et
1756 1916 1863 1970 psal·

1037 1989 1135 2017 mos
1174 1981 1349 2017 nostros
1388 1975 1659 2017 cantabimus
1696 1973 1860 2015 cunctis

1039 2031 1193 2073 diebus
1221 2032 1322 2073 vitae
1351 2036 1515 2073 nostrae
1543 2031 1587 2071 in
1614 2030 1746 2072 domo
1774 2029 1860 2069 Do-

1038 2101 1153 2128 mini.

1097 2149 1194 2188 Ant.
1214 2148 1248 2188 Α
1266 2155 1395 2203 porta
1411 2150 1536 2192 inferi
1555 2151 1656 2190 erue
1674 2147 1860 2190 Demine

1040 2219 1227 2247 ammam
1244 2219 1398 2247 meam.

1095 2273 1194 2311 Ant.
1211 2272 1247 2311 5.
1268 2271 1305 2310 O
1319 2283 1399 2312 vos
1416 2282 1565 2312 omnes
1582 2269 1655 2320 qui
1667 2267 1859 2309 transitis

1038 2339 1118 2378 per
1137 2326 1261 2375 viam,
1281 2325 1492 2367 attendite
1507 2330 1550 2365 et
1566 2323 1721 2373 videte,
1741 2323 1778 2363 si
1794 2327 1860 2364 est

1040 2381 1167 2423 dolor
1186 2382 1299 2422 sicut
1317 2381 1444 2422 dolor
1461 2393 1594 2421 meus.

1098 2442 1161 2481 Ps.
1191 2441 1275 2478 148.
1318 2440 1511 2482 Laudate
1538 2439 1775 2479 Deminum
1806 2437 1861 2479 de

1040 2497 1173 2538 coelis.
1200 2497 1291 2538 227.

1094 2548 1142 2598 Y
1169 2557 1281 2597 Caro
1306 2567 1402 2596 mea
1429 2553 1675 2605 requiescet
1700 2554 1743 2594 in
1771 2566 1860 2606 spe.

1042 2608 1091 2658 Ru
1117 2613 1173 2653 Et
1192 2624 1280 2652 non
1299 2610 1423 2651 dabis
1443 2614 1641 2650 sanctum
1659 2614 1782 2650 tuum
1799 2608 1859 2650 vi-

1040 2667 1144 2709 dere
1164 2665 1497 2717 corruptionem.

1593 2793 1655 2826 17*
