2066 2956
432 230 502 263 Die
525 232 554 263 2.
579 231 694 264 ¹Iunii.
742 222 781 265 B.
808 232 852 265 M.
878 233 1001 266 Annae
1026 244 1047 266 a
1070 234 1161 267 ¹Jcsu
1189 234 1233 267 dc
1259 235 1425 268 iun-edes
1450 235 1550 275 virg.

1745 230 1836 273 [391]

202 326 244 358 In
276 325 302 358 1.
334 324 530 358 Nocturno
561 325 762 359 Lectiones
792 327 838 360 dc
870 326 966 361 Scri-

149 378 260 416 ptura
284 377 513 407 occurrente.

380 434 427 472 In
448 434 498 471 II.
520 434 739 472 Nocturno.

445 495 596 534 Lectio
618 495 670 534 iv.

150 558 261 610 'z'g'is'sp
290 553 393 591 aria
420 550 546 591 Anna
575 563 600 591 a
627 550 731 592 Jesu
759 552 813 594 de
839 554 966 595 Pare-

154 612 157 617 '
216 601 259 668 ’ξιξ
290 607 297 657 ξὲ
319 606 408 656 des,
428 607 546 656 Quiti
565 607 609 647 in
625 607 826 650 America
843 610 966 651 meri-

171 671 181 679 *
202 662 228 678 ”
319 662 482 704 dionali
514 663 632 704 claro
664 666 820 714 genere
852 671 966 714 nata,

147 719 202 760 ab
239 719 335 771 ipsa
370 731 482 770 pene
517 719 695 760 infantia
729 721 969 772 perfectam

146 774 319 816 vivendi
338 775 550 816 rationem
569 776 671 817 iniit.
699 776 907 819 Mirabilis
924 779 967 818 in

147 844 198 873 ea
215 845 386 873 morum
403 832 626 882 integritas
647 838 690 873 et
709 833 882 883 candor,
904 847 966 875 ar-

147 887 254 930 dens
273 889 317 929 in
335 889 478 929 Deum
497 891 653 940 pietas,
682 894 886 930 constans
905 903 966 931 er-

146 957 200 995 ga
235 944 555 986 immaculatam
588 945 671 986 Dei
704 946 969 987 Genitricem

147 1000 288 1042 cultus
327 1005 370 1042 et
407 1000 702 1051 observantia,
745 1001 968 1043 assiduum

146 1055 354 1108 precandi
386 1055 588 1098 stfidium.
636 1057 722 1098 Vix
754 1057 969 1099 decimum

148 1112 289 1154 aetatis
324 1125 481 1154 annum
516 1113 711 1163 ingressa
746 1127 793 1155 se
829 1119 968 1155 totam

146 1169 242 1210 Deo
275 1170 516 1210 arctissime
550 1168 798 1218 obstrinxit,
828 1170 967 1211 tribus

147 1225 315 1266 emissis
342 1226 570 1278 perpetuae
598 1226 828 1275 castitatis,
866 1239 968 1278 pau-

145 1281 327 1333 pertatis
354 1286 397 1323 et
423 1281 685 1323 obedientiae
710 1283 840 1331 votis,
870 1295 968 1334 quae

147 1337 203 1379 ad
231 1337 398 1379 obitum
424 1350 562 1390 usque
592 1342 739 1379 sancte
767 1339 967 1381 servavit.

148 1393 257 1434 Cum
274 1393 426 1435 laudes
446 1393 615 1435 audiret
633 1394 762 1435 trium
783 1407 805 1436 e
825 1395 969 1436 Socie-

147 1451 237 1491 tate
263 1449 367 1491 Jesu
390 1450 644 1503 Martyrum,
680 1451 753 1502 qui
778 1451 820 1491 in
841 1451 968 1503 Japo-

146 1506 230 1546 niae
248 1518 383 1557 regno
409 1519 491 1559 pro
511 1506 745 1548 christiana
768 1507 855 1549 fide
875 1511 969 1548 san-

146 1562 320 1612 guinem
330 1562 636 1615 profudissent,
647 1564 851 1605 inusitato
865 1577 968 1616 quo-

148 1616 249 1659 dam
284 1618 443 1660 divinae
483 1618 634 1669 gloriae
670 1620 969 1672 propagandae

148 1674 306 1716 ardore
335 1677 562 1724 succensa,
591 1675 702 1716 clam
729 1688 776 1716 se
805 1675 861 1717 ad
887 1677 970 1718 iter

148 1731 351 1781 accinxit,
379 1736 426 1773 ut
450 1730 567 1783 apud
589 1731 799 1773 barbaras
818 1737 969 1783 gentes

147 1786 292 1828 lumen
328 1788 522 1830 veritatis
558 1788 745 1829 inferret.
804 1789 969 1830 Verum

148 1855 246 1884 cum
269 1844 422 1885 initum
446 1844 625 1896 exsequi
649 1844 876 1886 consilium
894 1848 968 1886 mi-

146 1900 260 1941 nime
274 1902 500 1952 potuisset,
516 1901 674 1942 divinae
689 1901 970 1952 acquiescens

147 1955 362 1998 voluntati
386 1957 566 2009 propria
590 1958 633 1997 in
653 1957 785 1998 domo
805 1957 887 1999 sibi
906 1971 969 1999 re-

148 2013 319 2053 cessum
336 2015 492 2065 parare
512 2014 752 2063 constituit,
776 2013 851 2055 ubi
872 2026 969 2066 pro-

149 2067 219 2108 cul
238 2067 292 2109 ab
311 2068 511 2110 humanis
531 2069 645 2110 curis
664 2070 737 2110 uni
755 2070 851 2111 Deo
871 2083 970 2111 con-

147 2124 411 2175 junctissime
428 2127 605 2167 viveret.

202 2184 251 2234 R.
285 2181 472 2234 Propter
499 2182 746 2231 veritatem,
783 2187 826 2223 et
855 2195 969 2223 man-

148 2236 436 2287 suetudinem,
465 2243 508 2279 et
529 2238 748 2289 justitiam:
777 2237 798 2261 *
819 2239 874 2279 Et
898 2238 968 2279 de-

149 2291 280 2335 ducet
310 2299 354 2335 te
387 2294 640 2336 mirabiliter
676 2294 855 2336 dextera
885 2299 969 2344 tua,

149 2348 330 2401 alleluja.
362 2346 411 2397 V.
436 2350 589 2402 Specie
619 2355 694 2391 tua
719 2356 762 2392 et
785 2350 968 2403 pulchri-

148 2403 299 2447 tudine
322 2411 397 2447 tua
420 2405 610 2455 intende,
638 2409 848 2458 prospere
871 2418 968 2458 pro-

151 2460 275 2510 cede,
303 2466 346 2503 et
363 2474 505 2512 regna.
539 2463 604 2504 Et.

456 2519 604 2559 Lectio
627 2531 660 2556 v.

202 2577 332 2625 taque
356 2575 398 2615 in
422 2579 591 2627 partem
611 2576 786 2616 suarum
810 2572 970 2614 aedium

214 2628 463 2672 interiorem
489 2644 536 2672 se
560 2630 742 2682 recepit,
770 2641 850 2669 nec
869 2628 970 2669 inde

149 2696 354 2736 umquam
368 2686 574 2739 prodibat
588 2687 630 2726 in
639 2685 872 2737 publicum,
889 2684 970 2724 nisi

149 2740 219 2782 vel
237 2743 397 2783 caritas
417 2756 519 2794 erga
537 2741 772 2794 proximos,
795 2740 864 2781 vel
881 2739 969 2791 pie-

1017 328 1121 369 tatis
1142 327 1284 369 officia
1304 327 1518 381 explenda
1542 329 1756 378 urgerent.
1787 327 1838 367 In

1019 396 1071 425 eo
1091 389 1235 425 autem
1252 387 1436 433 secessu,
1455 390 1677 435 tamquam
1690 383 1733 423 in
1749 385 1837 425 ere-

1017 453 1106 489 mo,
1144 441 1331 492 antiquis
1370 441 1636 482 severiorum
1666 446 1839 492 patrum

1019 496 1229 548 exemplis
1266 497 1498 546 innovatis,
1541 497 1838 538 innocentissi-

1018 566 1137 592 mum
1181 565 1340 604 corpus
1383 553 1538 593 mirum
1581 553 1623 592 in
1660 553 1838 593 modum

1020 609 1287 650 continenter
1302 609 1486 650 vexavit.
1515 609 1656 661 Caput
1676 611 1838 649 corona

1019 667 1184 717 spinea,
1212 670 1366 716 pectus
1388 670 1431 706 et
1453 665 1590 706 latera
1609 665 1763 715 rigenti
1783 665 1837 705 ci-

1019 721 1137 769 licio,
1161 721 1299 773 pedes
1319 721 1492 773 lapillis,
1518 723 1755 772 omnesque
1775 733 1837 761 ar-

1019 782 1089 818 tus
1118 777 1313 828 flagellis,
1348 782 1391 818 et
1418 777 1567 817 ferreis
1596 777 1759 817 catenis
1788 789 1839 817 ac

1020 832 1225 874 inauditis
1245 832 1505 884 quibusdam
1526 832 1706 881 artibus,
1732 845 1838 884 quas

1022 889 1180 930 Christi
1207 890 1382 930 Domini
1414 901 1535 929 amor
1569 887 1838 939 suggerebat,

1021 946 1154 986 semel
1180 951 1310 997 atque
1334 947 1491 986 iterum
1519 944 1592 986 diu
1617 947 1838 995 noctuque

1021 1001 1285 1043 cruentabat.
1322 1000 1393 1042 Ad
1415 1001 1621 1052 majorem
1645 1000 1711 1040 sui
1734 999 1838 1040 affli-

1021 1058 1255 1098 ctationem
1270 1057 1429 1098 lectulo
1451 1069 1504 1097 ex
1524 1055 1751 1104 asseribus,
1770 1055 1839 1096 vel

1022 1126 1149 1154 cruce
1174 1113 1432 1154 acutissimis
1457 1113 1591 1164 spinis
1610 1112 1840 1153 intertexta

1020 1168 1238 1218 utebatur,
1258 1168 1355 1210 cibo
1376 1167 1486 1209 adeo
1506 1167 1638 1216 tenui,
1656 1171 1704 1207 ut
1723 1168 1838 1207 octa-

1020 1237 1088 1273 vo,
1112 1224 1376 1276 quandoque
1396 1225 1526 1266 etiam
1546 1223 1714 1264 decimo
1736 1235 1839 1273 quo-

1023 1293 1107 1332 que
1127 1280 1196 1322 die
1211 1281 1282 1321 vix
1302 1281 1429 1321 unica
1449 1279 1558 1321 aridi
1577 1280 1700 1331 panis
1716 1278 1841 1319 uncia

1021 1339 1280 1378 vesceretur.
1342 1337 1457 1387 Erga
1502 1349 1651 1377 omnes
1695 1340 1840 1377 tamen

1022 1394 1157 1434 comis
1190 1398 1233 1434 et
1265 1393 1464 1443 affabilis,
1507 1394 1672 1434 animos
1711 1392 1840 1433 etiam

1020 1449 1292 1502 perditorum
1310 1449 1532 1490 hominum
1553 1449 1634 1490 sibi
1650 1448 1839 1490 demere-

1020 1506 1164 1555 batur,
1194 1519 1303 1558 quos
1333 1519 1386 1547 ex
1415 1506 1531 1547 omni
1556 1505 1706 1547 ordine
1731 1518 1757 1546 a
1781 1505 1839 1546 vi-

1021 1562 1180 1603 tiorum
1206 1562 1405 1603 foeditate
1432 1561 1489 1603 ad
1513 1562 1614 1603 vitae
1642 1561 1839 1602 honesta-

1021 1624 1124 1669 tem,
1150 1619 1239 1659 suis
1263 1619 1454 1660 consiliis
1474 1623 1517 1659 et
1535 1618 1738 1670 precibus
1756 1622 1839 1658 tra-

1023 1675 1157 1717 duxit.

1075 1733 1123 1784 Rg.
1158 1731 1361 1773 Dilexisti
1388 1732 1605 1782 justitiam,
1641 1737 1683 1772 et
1710 1730 1841 1772 odisti

1022 1788 1308 1839 iniquitatem:
1339 1789 1359 1812 *
1383 1788 1621 1839 Propterea
1649 1787 1771 1827 unxit
1798 1793 1841 1828 te

1022 1844 1156 1892 Deus,
1207 1843 1328 1884 Deus
1377 1847 1477 1884 tuus
1523 1843 1620 1884 oleo
1666 1843 1840 1891 laetitiae,

1023 1899 1203 1951 alleluja.
1243 1895 1290 1945 Y
1320 1900 1506 1951 Propter
1530 1899 1771 1948 veritatem,
1801 1903 1843 1939 et

1022 1955 1407 2005 mansuetudinem,
1436 1960 1478 1996 et
1496 1955 1711 2006 justitiam.
1738 1955 1839 1994 Pro-

1022 2014 1183 2064 pterea.
1434 2056 1440 2063 ,
1524 2057 1530 2063 ,

1322 2057 1472 2097 Lectio
1494 2070 1543 2095 vi.

1116 2124 1153 2165 is
1190 2124 1371 2176 aliisque
1408 2126 1578 2164 auctam
1611 2121 1842 2163 virtutibus

1143 2180 1263 2221 Deus
1299 2178 1502 2220 famulam
1539 2190 1659 2218 suam
1695 2177 1841 2219 multis

1022 2236 1333 2290 praeclarisque
1374 2233 1622 2275 muneribus
1658 2233 1840 2274 illustra-

1023 2293 1096 2333 vit.
1157 2291 1360 2333 Assiduae
1410 2303 1554 2331 rerum
1599 2289 1842 2331 divinarum

1024 2347 1379 2400 contemplationi
1393 2346 1550 2395 dedita,
1566 2345 1658 2386 dies
1672 2347 1840 2386 noctes-

1026 2417 1109 2457 que
1141 2417 1252 2456 pene
1283 2405 1470 2453 integras
1506 2402 1550 2442 in
1580 2401 1663 2442 Dei
1694 2403 1841 2442 amore

1024 2459 1290 2512 quiescebat;
1308 2471 1388 2500 nec
1408 2457 1636 2499 defuerunt
1653 2457 1726 2509 qui
1746 2470 1841 2498 eam

1023 2516 1251 2558 sublimem
1275 2528 1300 2555 a
1322 2517 1454 2563 terra,
1488 2514 1631 2555 animo
1659 2526 1684 2554 a
1709 2513 1840 2554 sensi-

1022 2572 1105 2614 bus
1124 2573 1324 2620 avocato,
1351 2575 1393 2611 et
1412 2569 1533 2611 vultu
1559 2570 1726 2611 coelesti
1744 2569 1840 2610 luce

1023 2627 1219 2669 radiante
1238 2626 1292 2667 ab
1311 2639 1358 2667 se
1374 2626 1510 2666 visam
1525 2626 1840 2667 confirmarent.

1022 2684 1270 2736 Prophetiae
1291 2688 1333 2724 et
1350 2682 1626 2724 scrutationis
1646 2681 1841 2723 cordium

1024 2739 1139 2781 dono
1159 2738 1354 2789 insignis,
1372 2751 1458 2779 non
1479 2738 1617 2779 solum
1636 2738 1777 2779 futura
1796 2741 1839 2778 et
