2028 2892
617 167 727 200 Fcriu
753 166 800 199 vi.
827 170 996 206 (Juutuor
1020 166 1148 209 Tcmp.
1176 168 1363 209 Quudrug.

382 261 415 297 F
428 272 451 298 e
462 262 504 297 ri
517 271 543 297 a
572 260 600 297 S
613 272 636 298 e
647 273 673 297 x
684 265 701 297 t
712 272 736 297 a

278 313 499 362 Quatuor
528 314 678 364 Tcmp
689 326 833 353 orum.

144 373 179 412 L
186 370 299 412 ectio
323 370 470 466 sanct}
482 370 707 438 Evangelii
731 370 970 412 secundum

472 439 668 468 oannem.

246 487 398 527 Lectio
419 488 441 526 i.
712 487 812 537 Cap.
829 489 864 526 Γ).

193 552 221 580 n
244 539 319 580 illo
343 541 560 592 tempore:
587 540 694 580 Erat
717 539 810 581 dies
834 539 969 581 festus

210 595 235 636 J
237 595 476 644 udaeorum,
492 600 536 637 et
550 596 748 637 ascendit
762 596 786 637 J
789 609 888 637 esus
903 596 926 636 J
930 608 969 637 e-

145 652 424 704 rosolymam.
450 652 507 694 Et
525 652 703 705 reliqua.

95 773 96 777 ¹
146 717 338 759 Homilia
353 717 493 759 sancti
504 717 738 768 Augustini
750 717 970 770 Episcopi.

200 777 401 810 Tractatus
422 775 469 809 17.
488 776 525 809 in
542 776 715 811 Joasicni.
734 783 821 819 post
840 776 917 811 init.

154 839 213 887 *gx-s
234 826 459 868 ideamus
480 826 584 878 quid
605 826 792 868 voluerit
813 825 969 877 signifi-

280 885 380 924 care
399 883 443 924 in
463 883 538 924 illo
558 896 661 933 uno,
690 896 819 935 quem
839 883 970 923 etiam

145 939 240 991 ipse
255 952 434 981 servans
446 940 624 981 unitatis
638 939 900 992 mysterium,
916 938 970 980 de

146 1000 213 1038 tot
239 995 545 1047 languentibus
570 1009 704 1037 unum
733 998 887 1037 sanare
912 994 971 1036 di-

146 1054 303 1104 gnatus
332 1057 408 1094 est.
456 1053 628 1094 Invenit
655 1053 698 1093 in
730 1053 853 1093 annis
881 1053 971 1102 ejus

146 1111 375 1150 numerum
390 1109 624 1161 quemdam
635 1108 868 1159 languoris.
887 1108 974 1149 Tri-

147 1167 267 1216 ginta
291 1170 335 1207 et
359 1171 461 1207 octo
485 1178 622 1207 annos
641 1164 831 1207 habebat
850 1165 894 1205 in
912 1165 971 1205 in-

146 1221 363 1264 firmitate.
403 1223 489 1264 Hic
517 1225 723 1263 numerus
749 1220 972 1273 quomodo

146 1279 286 1329 magis
334 1279 392 1320 ad
438 1279 695 1329 languorem
740 1278 972 1331 pertineat,

148 1347 280 1387 quam
300 1335 357 1377 ad
376 1335 621 1385 sanitatem,
644 1334 776 1387 paulo
798 1334 972 1385 diligen-

147 1392 233 1432 tius
253 1391 561 1443 exponendum
576 1396 652 1432 est.
679 1392 878 1432 Intentos
892 1403 971 1431 vos

147 1447 265 1489 volo:
293 1447 435 1489 aderit
457 1447 687 1497 Dominus,
711 1451 759 1488 ut
781 1449 972 1497 congrue

147 1503 327 1556 loquar,
375 1508 419 1545 et
463 1503 728 1545 sufficienter
774 1502 972 1544 audiatis.

148 1559 527 1611 Quadragenarius
546 1563 753 1600 numerus
776 1561 972 1600 sacratus

147 1616 275 1658 nobis
295 1617 340 1657 in
360 1615 550 1668 quadam
567 1616 838 1669 perfectione
858 1628 971 1657 com-

146 1672 394 1715 mendatur:
412 1677 564 1714 notum
584 1685 681 1714 esse
699 1671 886 1713 arbitror
906 1684 972 1712 ca-

147 1730 267 1772 ritati
290 1733 466 1771 vestrae:
493 1731 708 1770 testantur
731 1728 973 1781 saepissime

149 1785 308 1828 divinae
321 1786 573 1839 Scripturae:
590 1785 793 1838 jejunium
807 1784 892 1826 hoc
906 1788 974 1825 nu-

147 1855 270 1884 mero
296 1844 602 1884 consecratum
626 1854 737 1891 esse,
763 1841 876 1883 bene
899 1854 972 1882 no-

149 1899 239 1941 stis.
275 1899 391 1940 Nam
416 1903 459 1941 et
483 1898 660 1950 Moyses
687 1896 974 1950 quadraginta

149 1955 303 1997 diebus
327 1955 546 2007 jejunavit,
572 1959 615 1996 et
633 1954 752 1995 Elias
773 1954 974 1996 totidem:

150 2016 194 2053 et
206 2012 302 2064 ipse
316 2012 532 2052 Dominus
547 2015 698 2052 noster
717 2015 760 2052 et
774 2010 974 2052 Salvator

148 2068 173 2108 J
175 2081 275 2110 esus
298 2068 496 2109 Christus
520 2067 635 2108 hunc
660 2067 803 2118 jejunii
826 2070 973 2108 nume-

149 2137 246 2165 rum
268 2124 476 2177 implevit.
510 2124 595 2165 Per
614 2123 797 2175 Moysen
817 2123 973 2174 signifi-

150 2183 273 2223 catur
291 2180 399 2230 Lex,
418 2193 497 2233 per
516 2180 657 2221 Eliam
675 2180 973 2230 significantur

149 2237 396 2290 Prophetae,
414 2249 494 2289 per
508 2237 745 2278 Dominum
762 2236 972 2287 significa-

149 2298 220 2335 tur
234 2293 529 2344 Evangelium.
553 2292 661 2334 Ideo
676 2292 720 2333 in
734 2292 809 2333 illo
825 2297 973 2333 monte

149 2354 239 2391 tres
259 2351 570 2402 apparuerunt,
589 2348 664 2390 ubi
684 2361 730 2390 se
750 2348 973 2400 discipulis

151 2405 345 2448 ostendit
371 2406 416 2447 in
444 2405 641 2447 claritate
665 2405 810 2446 vultus
839 2409 882 2445 et
904 2417 974 2445 ve-

151 2463 229 2504 ntis
266 2475 376 2503 suae:
415 2461 621 2514 apparuit
657 2461 770 2502 enim
806 2459 973 2501 medius

150 2519 263 2561 inter
288 2519 472 2570 Moysen
500 2523 543 2559 et
569 2517 726 2568 Eliam,
753 2521 974 2568 tamquam

150 2574 435 2626 Evangelium
466 2573 765 2616 testimonium
795 2572 975 2614 haberet

153 2643 178 2672 a
195 2631 292 2682 lege
312 2635 356 2672 et
373 2630 619 2683 Prophetis.

199 2689 248 2739 R.
280 2686 586 2730 Emendemus.
613 2686 698 2727 132.

1328 264 1474 303 Lectio
1497 265 1534 303 ii.

1090 320 1160 361 ive
1180 332 1282 371 ergo
1297 320 1341 360 in
1354 319 1460 370 lege,
1481 321 1571 362 sive
1591 321 1634 361 in
1648 320 1839 373 Prophe·
1885 340 1888 368 3

1108 376 1179 425 tis,
1206 376 1297 417 sive
1320 376 1363 416 in
1382 377 1632 428 Evangelio,
1658 376 1839 429 quadra-

1022 433 1223 483 genarius
1246 435 1450 473 numerus
1474 433 1598 474 nobis
1620 433 1663 473 in
1685 434 1838 484 jejunio

1024 488 1320 530 comendatur.
1355 489 1379 529 J
1382 489 1567 540 ejunium
1590 494 1734 530 autem
1753 502 1839 530 ma-

1023 558 1155 596 gnum
1175 550 1217 586 et
1234 545 1435 596 generale
1454 550 1529 594 est,
1549 546 1765 587 abstinere
1783 545 1838 587 ab

1023 601 1324 653 iniquitatibus
1353 606 1396 643 et
1425 601 1583 643 illicitis
1611 602 1839 654 voluptati-

1022 658 1104 700 bus
1125 658 1287 707 saeculi,
1309 657 1427 710 quod
1448 664 1513 699 est
1531 659 1769 710 perfectum
1786 659 1839 710 je-

1023 715 1199 766 jt'mium:
1223 720 1271 756 ut
1290 714 1556 765 abnegantes
1574 715 1840 767 impietatem

1025 776 1068 812 et
1100 771 1331 812 saeculares
1367 770 1645 823 cupiditates,
1681 776 1840 822 tempe-

1024 829 1170 869 ranter
1199 832 1241 868 et
1268 828 1376 878 juste
1406 832 1448 868 et
1475 828 1545 879 pie
1576 827 1772 867 vivamus
1799 827 1839 866 in

1023 884 1109 925 hoc
1145 884 1319 925 saeculo.
1372 884 1486 924 Huic
1522 884 1677 935 jeji'mio
1712 896 1840 934 quam

1025 940 1272 981 mercedem
1309 939 1431 980 addit
1466 939 1728 992 Apostolus?
1772 939 1841 979 Se-

1027 998 1180 1048 quitur,
1199 1002 1241 1038 et
1257 996 1375 1037 dicit:
1395 997 1710 1048 Exspectantes
1726 995 1842 1035 illam

1024 1053 1198 1094 beatam
1221 1065 1360 1105 spem,
1387 1057 1430 1093 et
1452 1052 1842 1093 manifestationem

1025 1109 1176 1160 gloriae
1199 1109 1318 1151 beati
1335 1109 1418 1149 Dei
1443 1113 1486 1150 et
1509 1108 1744 1149 Salvatoris
1769 1120 1841 1147 no-

1025 1166 1103 1207 stri
1124 1166 1148 1206 J
1151 1178 1226 1206 esu
1249 1165 1420 1205 Christi.
1455 1165 1506 1205 In
1529 1164 1613 1205 hoc
1638 1176 1740 1214 ergo
1766 1165 1842 1203 sae-

1026 1222 1123 1263 culo
1153 1222 1276 1274 quasi
1309 1221 1684 1273 quadragesimam
1715 1219 1841 1260 absti-

1025 1279 1183 1319 nentiae
1203 1278 1482 1327 celebramuS,
1500 1290 1598 1318 cum
1615 1277 1725 1317 bene
1741 1276 1842 1317 vivi-

1024 1349 1140 1384 mus,
1171 1348 1269 1376 cum
1301 1334 1355 1375 ab
1388 1332 1687 1385 iniquitatibus
1717 1337 1760 1373 et
1788 1330 1841 1372 ab

1024 1391 1183 1433 illicitis
1223 1389 1520 1442 voluptatibus
1562 1389 1843 1430 abstinemus:

1025 1448 1104 1489 sed
1120 1447 1221 1499 quia
1235 1447 1330 1487 haec
1350 1446 1608 1487 abstinentia
1628 1445 1719 1485 sine
1734 1457 1841 1485 mer-

1025 1504 1132 1545 cede
1146 1516 1234 1544 non
1248 1503 1340 1551 erit,
1356 1503 1659 1554 exspectamus
1670 1501 1842 1541 beatam

1024 1560 1143 1601 illam
1158 1572 1292 1612 spem,
1311 1564 1355 1600 et
1368 1558 1678 1599 revelationem
1693 1556 1841 1607 gloriae

1023 1617 1169 1667 magni
1179 1615 1273 1664 Dei,
1289 1620 1332 1656 et
1343 1615 1578 1655 Salvatoris
1594 1613 1730 1654 nostri
1741 1613 1764 1653 J
1767 1625 1842 1653 esu
1887 1620 1889 1624 ’

1026 1673 1196 1715 Christi.
1231 1672 1283 1712 In
1306 1671 1379 1712 illa
1402 1684 1495 1723 spe,
1522 1684 1620 1711 cum
1642 1669 1771 1711 fuerit
1788 1668 1842 1709 de

1026 1743 1103 1783 spe
1118 1729 1231 1770 faeta
1246 1741 1326 1777 reS,
1341 1727 1562 1780 accepturi
1576 1739 1722 1767 sumus
1734 1737 1842 1766 mer-

1025 1786 1178 1828 cedem
1201 1784 1436 1826 denarium.
1474 1784 1577 1836 Ipsa
1600 1782 1714 1823 enim
1735 1794 1841 1822 mer-

1026 1855 1099 1884 ces
1124 1841 1321 1883 redditur
1344 1839 1554 1892 operariis
1577 1839 1620 1879 in
1643 1841 1768 1879 vinea
1786 1837 1841 1877 la-

1025 1897 1292 1946 borantibus,
1304 1896 1542 1937 secandum
1551 1893 1841 1946 Evangelium‚

1027 1954 1147 2007 quod
1174 1966 1254 1995 vos
1282 1952 1414 1994 credo
1442 1951 1674 1994 reminisci:
1702 1961 1841 2001 neque

1027 2012 1140 2053 enim
1168 2009 1312 2051 omnia
1339 2006 1716 2050 commemoranda
1744 2009 1842 2046 sunt

1025 2073 1247 2118 tamquam
1262 2065 1442 2107 rudibus
1458 2069 1501 2106 et
1515 2063 1733 2116 imperitis.
1758 2061 1840 2102 De—

1025 2124 1171 2164 narius
1196 2134 1316 2172 ergo,
1346 2121 1419 2173 qui
1444 2120 1613 2171 accepit
1635 2130 1791 2159 nomen
1816 2129 1841 2156 a

1025 2183 1206 2221 numero
1223 2177 1385 2227 decem,
1400 2175 1606 2224 redditur,
1623 2179 1665 2215 et
1680 2173 1842 2224 conjun-

1027 2241 1123 2277 ctus
1145 2233 1488 2287 quadragenario
1511 2231 1560 2272 fit
1580 2230 1840 2282 quinquage-

1025 2292 1188 2333 narius:
1215 2289 1331 2332 unde
1357 2301 1455 2330 cum
1479 2286 1627 2327 labore
1652 2285 1840 2326 celebra-

1025 2361 1121 2389 mus
1141 2345 1524 2397 Quadragesimam
1544 2346 1642 2382 ante
1658 2340 1841 2390 Pascha,

1026 2417 1125 2446 cum
1138 2403 1291 2444 laetitia
1302 2412 1416 2449 vero,
1430 2404 1650 2450 tamquam
1663 2399 1842 2449 accepta

1025 2459 1251 2508 mercede,
1295 2454 1702 2507 Quinquagesimam
1741 2457 1842 2505 post

1025 2515 1203 2557 Pascha.
1245 2515 1292 2563 Rs».
1334 2509 1628 2561 Derelinquat.
1656 2511 1741 2550 133.

1318 2569 1464 2607 Lectio
1486 2568 1537 2607 iii.

1020 2622 1348 2726 Mementote
1383 2621 1503 2673 quod
1537 2620 1840 2674 proposuerim

1152 2683 1378 2722 numerum
1405 2678 1683 2730 trigintaocto
1711 2678 1839 2718 anno—
