2028 2892
154 199 226 234 210

676 195 787 228 Feria
814 195 860 228 iv.
887 193 1044 233 maioris
1072 192 1349 226 Hebdomadzu.

156 294 319 336 reditas
342 306 439 335 mea
464 294 587 345 quasi
612 294 682 336 leo
702 295 745 335 in
765 294 887 335 silva:
914 294 985 336 de-

156 350 220 392 dit
247 355 399 392 contra
431 363 502 392 me
530 363 702 399 vocem,
738 350 839 392 ideo
867 350 985 392 odivi

156 419 262 448 eam.
307 406 531 457 Numquid
559 407 651 447 avis
680 407 873 448 discolor
899 407 985 447 hae-

156 462 319 503 reditas
351 475 449 503 mea
481 460 609 503 mihi?
649 462 862 514 numquid
893 463 985 503 avis

155 519 290 559 tincta
317 531 395 570 per
417 518 581 559 toturn?
614 521 774 567 venite,
807 531 985 569 congre-

155 574 317 624 gamini
345 586 496 615 omnes
525 574 678 615 bestiae
707 580 855 624 terrae,
887 587 986 627 pro-

155 632 308 682 perate
336 629 394 671 ad
422 629 735 672 devorandum.
777 631 986 672 Pastores

155 686 278 727 multi
303 685 499 727 demoliti
524 692 625 727 sunt
644 690 815 728 vineam
833 700 986 736 meam,

156 742 523 785 conculcaverunt
542 748 713 795 partem
733 756 890 784 meam:
915 742 986 784 de-

157 798 315 840 derunt
333 799 581 851 portionem
600 812 743 841 meam
766 799 986 841 desidera-

156 854 290 896 bilem
309 855 351 895 in
372 855 595 896 desertum
615 855 875 896 solitudinis.
904 856 985 896 Po-

157 913 338 952 suerunt
361 924 457 952 eam
483 912 525 951 in
551 911 900 964 dissipationem,
926 912 986 952 lu-

157 970 307 1019 xitque
336 980 468 1020 super
494 980 578 1009 me:
612 968 887 1009 desolatione
916 967 988 1009 de-

157 1023 299 1064 solata
319 1029 385 1064 est
406 1024 546 1064 omnis
566 1029 695 1073 terra,
723 1025 824 1076 quia
843 1024 987 1066 nullus

157 1084 223 1121 est
243 1080 316 1132 qui
336 1080 547 1131 recogitet
567 1079 711 1122 corde.

211 1154 259 1245 13.
277 1150 509 1200 Synagoga
525 1149 792 1202 populorum
807 1149 988 1191 circum-

158 1204 212 1246 de
247 1207 372 1246 erunt
391 1219 475 1247 me:
501 1211 543 1247 et
567 1219 654 1247 non
675 1205 847 1247 reddidi
866 1206 988 1247 retri-

157 1260 390 1303 buentibus
418 1262 524 1303 mihi
553 1262 678 1303 mala.
706 1265 726 1286 *
751 1262 987 1303 Consume-

157 1322 228 1358 tur
253 1318 441 1359 Domine
470 1319 664 1370 nequitia
691 1321 989 1370 peccatorum,

158 1379 201 1414 et
234 1373 396 1425 diriges
428 1376 599 1426 justum.
644 1370 692 1421 Y.
729 1375 886 1416 Judica
917 1387 989 1416 me

157 1429 345 1472 Domine
361 1430 602 1472 secundum
617 1431 826 1483 justitiam
835 1444 990 1481 meam,

159 1491 201 1527 et
238 1487 479 1529 secundum
516 1488 809 1529 innocentiam
846 1500 989 1528 meam

158 1555 289 1594 super
323 1556 404 1584 me.
463 1543 754 1585 Consumetur
790 1544 990 1585 Domine.

159 1600 387 1650 synagoga
405 1600 682 1652 populorum.

423 1700 501 1741 Ad
529 1700 725 1742 Laudes

369 1764 416 1792 ct
457 1770 553 1801 per
591 1760 783 1793 Horas.

216 1831 312 1871 Ant.
335 1832 362 1870 1.
391 1830 502 1871 Vide
522 1831 725 1881 Domine,
745 1833 767 1857 *
788 1837 831 1873 et
850 1835 989 1873 consi-

160 1885 280 1935 dera,
312 1887 518 1938 quoniam
546 1887 745 1929 tribulor:
780 1888 990 1930 velociter

160 1942 320 1984 exaudi
339 1955 419 1984 me.

216 2010 275 2042 l's.
302 2009 348 2042 de
374 2008 491 2042 Laud.
518 2008 598 2042 Fer.
626 2009 687 2042 111.
710 2009 763 2043 63.

215 2067 250 2105 2.
276 2063 486 2104 Discerne
505 2076 681 2105 causam
699 2078 842 2106 meam
862 2067 885 2092 *
904 2067 990 2107 Do-

160 2120 290 2160 mine:
314 2119 370 2161 ab
394 2119 571 2161 homine
595 2120 745 2172 iniquo
770 2127 813 2163 et
833 2122 990 2163 doloso

162 2176 281 2228 eripe
300 2188 381 2217 me.

214 2243 249 2281 3.
279 2242 393 2282 Dum
417 2240 667 2290 tribularer,
687 2243 711 2268 ²⁸¹
730 2241 916 2283 clamavi
936 2243 991 2284 ad

162 2296 399 2338 Dominum
424 2296 479 2338 de
505 2302 658 2338 ventre
683 2297 824 2346 inferi,
855 2304 898 2340 et
923 2312 992 2340 ex-

163 2351 330 2393 audivit
348 2366 429 2394 me.

219 2419 254 2457 4.
281 2418 466 2459 Domine
486 2418 574 2458 vim
593 2418 751 2470 patior,
771 2419 794 2444 *
815 2421 992 2471 respon-

165 2471 416 2536 deprome:
437 2474 538 2525 quia
558 2475 707 2515 nescio
729 2474 834 2526 quid
851 2474 993 2515 dicam

164 2540 348 2568 immicis
366 2542 485 2570 mels.

218 2594 254 2631 ἴ).
292 2593 503 2656 Dixerunt
535 2595 672 2647 impii:
704 2595 727 2620 *
762 2594 992 2647 Opprima-

165 2662 261 2688 mus
288 2662 426 2689 virum
453 2650 628 2700 justum,
659 2651 863 2702 quoniam
894 2663 993 2692 con-

165 2704 324 2745 trarius
345 2710 411 2745 est
431 2706 635 2757 operibus
656 2707 830 2749 nostris.

1544 294 1698 333 Jereni.
1714 294 1765 333 11.
1781 293 1821 334 d.

1131 367 1261 414 enite,
1287 364 1513 405 mittamus
1538 364 1704 415 lignum
1728 364 1773 404 in
1795 376 1870 416 pa-

1147 433 1247 462 nem
1267 421 1368 472 ejus,
1389 426 1432 462 et
1448 421 1681 462 eradamus
1700 433 1799 461 eum
1815 419 1870 461 de

1038 482 1155 518 terra
1170 476 1422 526 viventium,
1442 481 1486 518 et
1500 489 1660 518 nomen
1677 477 1768 528 ejus
1782 488 1871 517 non

1038 534 1307 574 memoretur
1326 532 1527 585 amplius.

1095 595 1304 645 Hymnus.
1335 595 1491 634 Lustra
1511 606 1599 635 sex.
1618 593 1720 634 205.

1094 293 1353 344 Capitulum.

1094 651 1145 701 V.
1177 654 1312 706 Eripe
1349 667 1419 696 me
1455 654 1510 695 de
1543 653 1729 695 inimicis
1759 653 1870 694 meis
1937 670 1942 675 ·

1039 710 1162 751 Deus
1189 723 1324 759 meus.
1368 712 1418 762 R.
1444 711 1502 752 Et
1530 709 1586 751 ab
1614 710 1872 760 insurgenti-

1040 765 1122 807 bus
1141 767 1184 807 in
1203 779 1274 808 me
1293 766 1431 808 libera
1449 779 1531 808 me.

1095 828 1163 868 Ad
1191 827 1351 867 Bcncd.
1386 829 1484 867 Ant.
1527 828 1643 867 Ante
1673 824 1791 866 diem
1816 824 1874 866 fe-

1041 887 1157 923 stum
1175 883 1198 908 *
1218 882 1420 932 Paschae,
1449 882 1593 923 sciens
1616 882 1641 922 J
1645 894 1745 922 esus
1773 881 1875 933 quia

1041 939 1159 980 venit
1196 938 1305 979 hora
1342 939 1451 990 ejus,
1504 950 1604 979 cum
1647 937 1876 978 dilexisset

1041 1007 1158 1045 suos,
1183 995 1226 1035 in
1251 995 1384 1036 finem
1405 993 1558 1035 dilexit
1577 1007 1666 1035 eos.

1383 1056 1547 1096 Oratio.

1130 1114 1381 1164 mnipotens
1432 1111 1699 1163 sempiterne
1743 1109 1876 1160 Deus,

1139 1167 1196 1209 da
1214 1168 1344 1210 nobis
1363 1168 1423 1209 ita
1443 1167 1689 1209 Dominicae
1708 1165 1876 1218 passio-

1041 1225 1107 1266 nis
1128 1227 1402 1266 sacramenta
1421 1226 1650 1277 peragere:
1670 1227 1720 1264 ut
1737 1221 1876 1264 indul·

1041 1281 1235 1331 gentiam
1254 1283 1484 1333 percipere
1503 1282 1762 1322 mereamur.
1791 1279 1877 1320 Per

1043 1337 1247 1379 eumdem
1265 1337 1516 1378 Dominum.

1099 1403 1158 1437 Ad
1185 1403 1391 1446 Vesper-as.
1421 1403 1510 1436 Ant.
1541 1407 1577 1436 et
1601 1402 1662 1436 Ps.
1689 1403 1736 1437 de
1761 1403 1879 1437 Psalt.

1044 1451 1115 1486 113.
1156 1451 1280 1494 Capit.
1304 1449 1391 1484 208.
1430 1450 1569 1493 Hymn.
1595 1455 1632 1485 et
1656 1446 1701 1491 V.
1719 1448 1810 1484 200.

1099 1513 1169 1553 Ad
1190 1512 1364 1563 Magnis.
1388 1512 1488 1551 Ant.
1514 1511 1783 1551 Potestatem
1801 1508 1875 1550 ha-

1043 1568 1128 1609 beo
1153 1568 1177 1592 *
1203 1565 1397 1619 ponendi
1425 1566 1616 1607 animam
1640 1578 1800 1615 meam,
1834 1570 1878 1607 et

1043 1627 1202 1665 iterum
1222 1622 1422 1664 sumendi
1440 1635 1548 1664 eam.

1384 1685 1550 1725 Oratio.

1048 1739 1183 1844 Tua
1213 1752 1296 1781 nos
1327 1737 1632 1780 misericordia
1662 1738 1800 1787 Deus,
1834 1742 1878 1779 et

1139 1796 1195 1838 ab
1225 1795 1345 1838 omni
1371 1794 1659 1847 subreptione
1686 1797 1877 1836 vetusta-

1043 1854 1101 1895 tis
1134 1855 1365 1905 expurget:
1406 1855 1450 1892 et
1488 1852 1676 1903 capaces
1710 1855 1876 1892 sanctae

1044 1909 1252 1951 novitatis
1272 1907 1443 1950 efficiat.
1470 1907 1557 1948 Per
1575 1906 1825 1947 Dominum.

1257 2032 1420 2068 Feria
1453 2031 1670 2078 Quarta.

1100 2099 1250 2138 Absol.
1280 2100 1317 2138 A
1336 2096 1532 2138 vinculis.

1100 2163 1261 2204 Bened.
1304 2161 1380 2202 Ille
1408 2173 1490 2202 nos
1518 2160 1770 2208 benedicat,
1802 2159 1876 2211 qui

1046 2220 1139 2261 sine
1160 2219 1246 2260 fine
1266 2217 1373 2259 vivit
1393 2221 1437 2258 et
1456 2222 1620 2268 regnat.
1650 2220 1701 2271 R.
1723 2215 1877 2256 Amen.

1191 2299 1256 2338 De
1283 2295 1472 2336 Jeremia
1501 2294 1735 2347 Propheta.

1103 2366 1254 2407 Lectio
1276 2365 1299 2404 i.
1599 2364 1702 2415 Cap.
1718 2364 1772 2403 17.
1788 2363 1828 2404 b.

1056 2425 1384 2478 xspectatio
1416 2423 1556 2465 Israel
1586 2423 1792 2464 Domine:
1834 2435 1877 2464 o-

1073 2486 1118 2521 ns
1148 2494 1282 2531 mnes,
1299 2482 1373 2533 qui
1384 2487 1429 2523 te
1441 2480 1760 2532 derelinquunt,
1777 2491 1877 2520 con-

1048 2538 1297 2580 fundentur:
1324 2537 1583 2579 recedentes
1601 2549 1627 2576 a
1646 2540 1706 2584 te,
1733 2535 1775 2576 in
1795 2540 1877 2576 ter-

1048 2609 1095 2636 ra
1115 2594 1377 2635 scribentur:
1403 2593 1611 2646 quoniam
1636 2591 1877 2642 derelique-

1048 2657 1148 2692 runt
1190 2663 1346 2691 venam
1389 2652 1602 2701 aquarum
1638 2648 1878 2688 viventium

1048 2707 1296 2748 Dominum.
1341 2706 1454 2747 Sana
1490 2717 1561 2746 me
1592 2703 1796 2753 Domine,
1833 2708 1878 2744 et
