2028 2892
552 161 651 195 Infra
678 162 965 199 chdomudum
991 166 1041 200 iii.
1068 168 1386 209 Quadragesimae.

120 266 214 304 neS,
251 254 454 303 ciconiaS,
486 254 710 296 columbas
743 257 935 308 quotidie

120 309 317 351 videmus
367 310 606 352 nidificare:
667 325 795 363 quos,
854 314 935 354 nisi

122 366 296 419 quando
327 366 370 407 in
402 366 515 408 nidis
542 367 754 418 videmus,
786 371 935 421 paren-

120 427 186 464 tes
212 435 306 464 esse
331 435 418 464 non
446 424 730 474 agnoscimus.
767 425 936 467 Gallina

120 491 223 520 vero
251 479 314 520 sic
341 479 581 521 infirmatur
612 481 654 520 in
682 480 809 532 pullis
837 483 935 532 suis,

120 539 168 576 ut
193 535 324 576 etiam
349 536 386 576 si
410 536 494 588 ipsi
518 536 625 588 pulli
646 549 732 577 non
755 541 934 589 sequan-

120 595 206 641 tur,
235 591 350 632 filios
368 604 455 633 non
474 592 640 643 videas,
669 598 849 635 matrem
874 600 934 636 ta—

119 659 217 688 men
236 647 461 699 intelligas.

174 706 223 756 R'·
247 703 465 746 Memento
484 705 683 746 mei.·162.

175 767 245 808 Ad
272 768 431 808 Bened.
466 771 563 809 Ant.
597 771 778 818 Aquam,
807 781 934 819 quam

120 833 201 872 ego
221 820 384 862 dedero
403 822 427 847 *
447 822 483 862 si
504 822 599 874 quis
618 821 777 864 biberit
801 837 854 865 ex
873 837 933 874 ea,

119 889 204 917 non
224 877 341 919 sitiet
358 877 401 918 in
421 880 641 919 aeternum.

454 942 614 983 Oratio.

119 992 326 1099 Jejunia
343 999 502 1045 nostra,
522 997 768 1048 quaesumus
787 997 933 1038 Domi-

190 1063 259 1100 ne,
277 1050 465 1102 benigno
485 1051 634 1093 fav6re
653 1055 932 1106 prosequere:

117 1111 165 1148 ut
196 1107 309 1148 sicut
341 1107 395 1148 ab
424 1107 638 1150 alimentis
668 1109 932 1151 abstinemus

115 1164 158 1204 in
187 1166 387 1216 cdrpore3
419 1164 480 1206 ita
506 1177 532 1205 a
558 1165 672 1206 vitiis
699 1167 931 1218 jejunemus

115 1219 159 1260 in
176 1225 331 1262 mente.
358 1221 441 1262 Per
460 1221 706 1263 Dominum.

168 1289 295 1323 Hodie
321 1289 391 1323 dic.
416 1288 560 1323 Psalmi
584 1290 784 1324 Poenitent.

167 1345 237 1386 Ad
264 1346 434 1395 Magnif.
471 1347 569 1386 Ant.
606 1345 807 1394 D6mine,
834 1345 857 1371 *
884 1351 932 1387 ut

115 1397 260 1448 video,
287 1399 503 1451 propheta
528 1413 574 1442 es
600 1406 661 1442 tu:
687 1407 834 1453 patres
858 1415 930 1443 no-

115 1454 193 1495 stri
210 1454 253 1499 in
272 1460 420 1497 monte
439 1455 523 1497 hoc
542 1456 842 1501 adoraverunt.

449 1519 610 1561 Oratio.

117 1568 326 1674 Praesta
372 1574 619 1624 quaesumus
656 1577 929 1627 omnipotens

207 1626 340 1668 Deus:
368 1633 415 1670 ut
439 1630 513 1681 qui
536 1630 580 1670 in
598 1635 672 1671 tua
696 1632 929 1683 protectio-

114 1695 168 1725 ne
201 1683 479 1735 confidimus,
515 1691 670 1728 cuncta
700 1687 827 1729 nobis
859 1688 930 1730 ad-

114 1740 331 1781 versanda
360 1745 405 1783 te
436 1740 665 1794 adjuvante
697 1744 929 1786 vincamus.

114 1794 197 1837 Per
215 1796 462 1839 Dominum.

357 1909 385 1946 S
410 1921 436 1946 a
458 1912 484 1948 b
508 1911 534 1946 b
560 1922 585 1947 a
607 1915 623 1947 t
648 1922 685 1948 o.

115 1966 264 2008 Lectio
288 1968 425 2010 sancti
446 1968 668 2020 Evangelii
690 1968 927 2010 secundum

409 2024 434 2065 J
436 2027 631 2066 oannem.

242 2084 391 2126 Lectio
422 2085 444 2125 i.
645 2087 744 2138 Cap.
765 2088 801 2126 8.

161 2152 187 2179 n
207 2138 281 2180 illo
300 2141 512 2192 tempore:
530 2141 726 2182 Perrexit
740 2141 764 2181 J
766 2153 864 2182 esus
883 2141 926 2181 in

176 2200 369 2237 montem
390 2197 559 2247 Oliveti,
580 2202 623 2239 et
643 2196 832 2239 diluculo
851 2199 925 2238 ite·

113 2264 208 2292 rum
226 2252 343 2294 venit
362 2252 404 2293 in
423 2254 644 2306 templum.
675 2254 731 2294 Et
751 2252 925 2305 reliqua.

114 2329 300 2371 Homilia
315 2331 453 2372 sancti
463 2330 693 2382 Augustini
707 2330 926 2382 Episcopi.

169 2394 291 2430 Tract.
315 2397 366 2431 33
391 2398 428 2431 in
449 2398 646 2434 Joanncm,
671 2402 759 2440 post
784 2398 860 2431 init.

125 2493 135 2502 Ι,
195 2462 294 2491 esus
325 2451 516 2503 perrexit
547 2451 589 2491 in
620 2455 810 2492 montem
840 2450 924 2491 Oli-

125 2503 133 2511 “
216 2507 316 2556 veti,
352 2507 394 2547 in
424 2512 616 2548 montem
647 2507 924 2555 fructuosum,

111 2561 155 2602 in
185 2567 376 2604 montem
410 2563 632 2613 unguenti,
662 2563 705 2603 in
734 2566 924 2602 montem

112 2616 364 2660 chrismatis.
398 2619 482 2660 Ubi
507 2619 618 2660 enim
643 2618 825 2659 decebat
849 2617 923 2658 do-

111 2674 209 2714 cere
233 2674 467 2724 Christum,
494 2675 577 2715 nisi
601 2674 645 2715 in
669 2678 817 2715 monte
837 2672 923 2715 Oli-

1734 169 1794 206 171

986 259 1095 300 veti?
1132 259 1291 301 Christi
1319 262 1431 303 enim
1458 276 1613 306 nomen
1637 278 1661 306 a
1686 266 1792 307 chri-

986 320 1123 356 smate
1147 315 1310 357 dictum
1334 323 1411 359 est:
1440 319 1624 362 chrisma
1652 327 1792 364 autem

986 383 1144 421 graece,
1188 372 1319 414 latine
1359 376 1504 416 finctio
1540 378 1794 420 nominatur.

985 426 1092 468 Ideo
1117 432 1261 469 autem
1286 442 1364 470 nos
1387 431 1523 481 unxit,
1550 434 1647 484 quia
1664 434 1794 475 lucta—

985 485 1103 524 tores
1123 489 1273 525 contra
1291 485 1510 527 diabolum
1530 489 1638 530 fecit.
1661 490 1716 531 Et
1734 490 1793 532 di-

985 539 1128 580 luculo
1146 542 1301 581 iterum
1317 542 1434 584 venit
1452 543 1495 583 in
1515 545 1732 597 templum,
1751 552 1793 588 et

986 596 1124 636 omnis
1156 597 1344 649 pdpulus
1378 599 1494 641 venit
1524 600 1579 641 ad
1611 614 1720 642 eum:
1752 607 1794 644 et

986 651 1141 693 sedens
1167 652 1353 695 docebat
1375 667 1469 704 5:05,
1504 661 1546 697 et
1569 669 1655 698 non
1680 662 1793 700 tene-

985 707 1127 757 batur,
1153 709 1253 760 quia
1276 710 1466 752 nondum
1485 713 1575 764 pati
1594 713 1793 763 dignaba-

985 769 1065 804 tur.
1109 764 1235 806 Nunc
1267 766 1349 817 jam
1382 768 1605 818 attendite,
1635 769 1708 810 ubi
1740 769 1793 811 ab

986 820 1167 861 inimicis
1199 824 1364 863 tentata
1396 823 1451 864 sit
1477 824 1650 865 Domini
1681 838 1794 866 man-

985 876 1180 918 suetudo.

1043 939 1091 989 Rg.
1111 933 1265 975 Merito
1286 934 1389 976 haec.
1409 937 1494 976 163.

1297 998 1442 1038 Lectio
1464 999 1501 1038 ii.

1062 1046 1255 1087 dducunt
1289 1052 1432 1088 autem
1468 1048 1528 1088 illi
1565 1048 1717 1090 scribae
1750 1055 1791 1091 et

1086 1102 1285 1154 pharisaei
1312 1103 1534 1145 mulierem
1561 1105 1603 1144 in
1631 1104 1790 1146 adulte-

984 1159 1048 1199 rio
1091 1158 1417 1211 deprehensam,
1467 1165 1510 1201 et
1554 1162 1791 1202 statuerunt

984 1228 1079 1256 eam
1098 1215 1139 1255 in
1158 1215 1316 1265 medio,
1343 1221 1386 1257 et
1409 1216 1608 1258 dixerunt
1630 1217 1681 1258 ei:
1706 1217 1791 1257 Ma—

982 1274 1131 1323 gister,
1169 1271 1263 1313 haec
1294 1272 1447 1313 mulier
1478 1272 1610 1314 modo
1642 1273 1791 1325 depre-

982 1329 1116 1370 hensa
1135 1333 1201 1369 est
1220 1328 1262 1368 in
1286 1327 1512 1369 adulterio:
1539 1328 1582 1369 in
1604 1328 1697 1380 lege
1722 1342 1791 1370 au·

982 1391 1070 1427 tem
1084 1385 1258 1436 Moyses
1276 1384 1494 1425 mandavit
1512 1385 1636 1426 nobis
1652 1385 1790 1437 hujus-

982 1441 1099 1482 modi
1118 1440 1325 1493 lapidare:
1346 1446 1394 1481 tu
1414 1453 1516 1491 ergo
1538 1440 1640 1492 quid
1660 1440 1788 1482 dicis?

982 1498 1090 1539 Haec
1137 1502 1280 1538 autem
1330 1497 1532 1539 dicebant
1575 1499 1789 1539 tentantes

983 1567 1095 1595 eum:
1139 1558 1186 1594 ut
1225 1558 1403 1606 possent
1439 1556 1641 1594 accusare
1682 1566 1789 1595 eum.

982 1609 1106 1652 Unde
1138 1609 1363 1651 accusare?
1399 1608 1619 1661 Numquid
1649 1610 1789 1661 ipsum

981 1667 1023 1707 in
1043 1666 1188 1718 aliquo
1203 1666 1393 1707 facinore
1409 1665 1789 1717 deprehenderant,

982 1727 1055 1764 aut
1078 1722 1150 1763 illa
1173 1722 1325 1763 mulier
1349 1721 1404 1763 ad
1424 1734 1520 1762 eum
1539 1721 1682 1773 aliquo
1702 1734 1788 1762 mo—

982 1779 1039 1820 do
1058 1778 1316 1831 pertinuisse
1336 1775 1581 1819 dicebatur?

1036 1839 1084 1889 R.
1107 1834 1226 1875 Dixit
1245 1833 1408 1875 Ruben.
1427 1834 1511 1874 163.

1278 1895 1426 1934 Lectio
1448 1896 1501 1934 iii.

1029 1946 1319 1997 ntelligeimus,
1356 1946 1524 1996 fratres,
1562 1944 1786 1986 admirabi—

1045 2003 1130 2044 lem
1148 2001 1520 2043 mansuetudinem
1538 2002 1581 2041 in
1599 2000 1785 2041 Domino

979 2059 1120 2100 fuisse.
1162 2057 1570 2099 Animadverterunt
1600 2069 1696 2097 eum
1727 2057 1784 2095 ni-

978 2115 1110 2155 mium
1146 2126 1241 2156 esse
1277 2114 1439 2163 mitem,
1482 2113 1655 2153 nimium
1690 2123 1784 2152 esse

978 2172 1257 2211 mansuetum.
1289 2169 1356 2211 De
1374 2169 1448 2210 illo
1470 2169 1626 2220 quippe
1647 2167 1785 2207 fuerat

978 2231 1077 2268 ante
1095 2225 1366 2278 praedictum:
1384 2226 1621 2274 Accingere
1638 2221 1783 2286 glndio

977 2287 1053 2323 tuo
1069 2283 1182 2323 circa
1196 2281 1331 2322 femur
1346 2285 1465 2321 tuum
1478 2279 1783 2331 potentisslme.

977 2338 1131 2390 Specie
1148 2342 1222 2379 tua
1242 2343 1284 2379 et
1301 2334 1616 2389 pulchritudine
1634 2338 1707 2374 tua
1724 2333 1782 2374 in-

976 2394 1117 2443 tende,
1135 2396 1344 2446 pr6spere
1362 2389 1560 2444 procede,
1580 2394 1622 2430 et
1637 2402 1782 2440 regna:

976 2454 1156 2502 propter
1174 2449 1412 2495 veritatem,
1435 2450 1477 2487 et
1495 2444 1781 2486 mansuetudi-

976 2519 1089 2555 nem,
1114 2510 1157 2547 et
1174 2504 1385 2556 justitiam.
1418 2502 1533 2551 Ergo
1554 2500 1695 2542 Attulit
1714 2513 1780 2542 ve-

976 2562 1146 2602 ritatem
1164 2565 1211 2601 ut
1230 2560 1392 2606 doctor,
1409 2556 1780 2599 mansuetudinem

976 2620 1023 2658 ut
1040 2617 1258 2663 liberator,
1283 2613 1484 2665 justitiam
1506 2618 1552 2654 ut
1575 2612 1780 2664 cdgnitor.

975 2673 1158 2726 Propter
1172 2671 1265 2712 haec
1284 2681 1380 2711 eum
1396 2680 1490 2711 esse
1505 2670 1779 2720 regnaturum
