2028 2892
742 190 847 223 Furia
874 187 982 221 tertia
1009 186 1055 219 ad
1083 183 1315 218 Matutinum.

243 289 551 331 Verumtamen
600 287 643 327 in
663 285 873 338 ,imagine
913 296 1006 337 per-

190 345 343 387 transit
361 344 506 386 homo:
526 345 548 368 *
570 343 649 385 sed
669 348 713 384 et
731 342 889 383 frustra
909 353 1006 381 con-

191 401 398 443 turbatur.

242 456 538 498 Thesaurizat:
555 456 578 481 *
596 459 639 497 et
649 454 819 506 ignorat
830 452 898 494 cui
909 465 1007 494 con-

190 511 387 564 gregabit
414 525 475 553 ea.

243 569 297 610 Et
340 581 452 610 nunc
496 580 592 621 quae
633 572 699 609 est
739 564 1007 618 exspectatio

192 623 309 666 mea?
337 623 493 666 Nonne
516 622 750 664 Dominus?
777 623 801 648 *
830 622 884 663 Et
911 620 1007 661 sub-

192 680 349 722 stantia
376 693 472 722 mea
499 679 616 733 apud
643 685 686 721 te
714 685 790 721 est.

245 736 314 778 Ab
344 736 542 778 omnibus
573 734 868 788 iniquitatibus
901 733 1008 774 meis

194 794 295 834 erue
323 805 406 834 me:
433 793 455 818 *
485 792 768 846 opprobrium
794 789 1009 843 insipienti

194 848 352 891 dedisti
378 862 458 890 me.

246 904 462 955 Obmutui‚
479 910 522 946 et
531 917 617 946 non
633 904 780 957 aperui
792 916 841 944 os
855 915 1009 951 meum,

196 962 398 1014 quoniam
424 967 471 1003 tu
498 961 650 1003 fecisti:
667 962 689 986 *
707 962 860 1001 amove
889 972 913 1000 a
940 970 1009 999 me

193 1017 343 1070 plagas
370 1023 477 1059 tuas

246 1074 287 1114 A
305 1073 555 1115 fortitudine
574 1086 724 1115 manus
739 1077 826 1114 tuae
843 1085 924 1123 ego
940 1071 1010 1113 de-

196 1130 277 1171 feci
304 1130 346 1170 in
373 1129 753 1183 increpationibus:
780 1130 803 1154 *
830 1134 1011 1182 propter

195 1186 464 1238 iniquitatem
492 1186 739 1239 corripuisti
765 1185 993 1226 hominem.

247 1242 302 1284 Et
323 1241 546 1283 tabescere
570 1242 709 1284 fecisti
731 1242 841 1283 sicut
865 1244 1010 1282 arane-

196 1311 266 1339 am
299 1298 484 1339 animam
518 1300 623 1350 ejus:
659 1299 682 1323 *
715 1301 1011 1340 verumtamen

196 1367 305 1396 vane
333 1354 614 1396 conturbatur
642 1355 780 1395 omnis
807 1354 949 1396 homo.

246 1409 415 1452 Exaudi
461 1410 701 1452 oraticnem
739 1423 881 1452 meam
925 1410 1011 1451 Do-

195 1466 324 1516 mine,
358 1472 402 1508 et
429 1466 779 1519 deprecationem
807 1479 961 1508 meam:
988 1467 1011 1492 *

196 1522 370 1564 auribus
397 1523 573 1575 percipe
600 1523 799 1564 lacrimas
825 1536 955 1565 meas.

247 1578 315 1619 Ne
342 1578 483 1620 sileas:
512 1580 714 1631 quoniam
735 1579 902 1621 advena
930 1592 1011 1631 ego

197 1647 292 1675 sum
313 1634 428 1687 apud
447 1640 501 1684 te,
521 1641 564 1677 et
576 1638 840 1688 peregrinus,
860 1637 883 1661 '⁸‘
903 1636 1013 1677 sicut

198 1703 348 1731 omnes
376 1696 522 1743 patres
549 1692 644 1733 mei.

249 1746 439 1788 Remitte
466 1746 579 1797 mihi,
607 1752 654 1789 ut
681 1748 910 1799 refrigerer
931 1748 1014 1801 pri-

199 1805 381 1855 usquam
412 1802 579 1853 abeam,
604 1804 627 1829 *
652 1810 695 1846 et
720 1804 903 1857 amplius
928 1817 1013 1846 non

199 1870 286 1899 ero.
465 1902 656 1942 Psalmus
685 1903 748 1942 39.

199 1956 512 2062 Exspectans
567 1972 816 2024 exspectavi
871 1972 1016 2014 Domi-

302 2040 419 2076 num,
446 2028 470 2052 *
498 2032 541 2068 et
567 2027 749 2070 intendit
775 2028 888 2069 mihi.

251 2083 307 2124 Et
333 2082 551 2125 exaudivit
582 2096 734 2136 preces
762 2097 895 2126 meas:
922 2085 945 2111 *
974 2091 1017 2127 et

201 2138 350 2181 eduxit
376 2152 445 2181 me
475 2138 530 2181 de
555 2139 652 2181 lacu
674 2140 868 2191 miseriae,
897 2147 940 2183 et
964 2141 1018 2183 dc

201 2194 292 2237 luto
321 2195 449 2236 faecis.

254 2251 310 2292 Et
342 2251 491 2293 statuit
525 2265 655 2305 super
687 2258 855 2305 petram
883 2253 1018 2306 pedes

203 2319 339 2348 meos:
366 2309 389 2332 ¹⁸¹
418 2314 460 2350 et
488 2307 644 2350 direxit
669 2322 842 2360 gressus
870 2323 1001 2351 meos.

256 2363 311 2404 Et
343 2363 517 2406 immisit
555 2365 597 2405 in
633 2377 682 2406 os
713 2378 855 2407 meum
890 2367 1019 2408 canti—

206 2432 302 2460 cum
324 2431 491 2469 novum,
506 2422 528 2445 *
548 2433 721 2462 carmen
741 2421 837 2462 Deo
859 2428 1020 2463 nostro.

256 2473 476 2517 Videbunt
503 2476 642 2527 multi,
676 2483 719 2518 et
745 2477 970 2519 timebunt:
998 2480 1020 2503 *

206 2535 250 2571 et
277 2530 512 2582 sperabunt
539 2533 580 2573 in
609 2533 808 2574 Domino.

259 2586 418 2628 Beatus
438 2587 511 2637 vir,
538 2590 654 2640 cujus
675 2595 740 2631 est
759 2603 916 2631 nomen
935 2590 1021 2631 Do·

206 2642 309 2682 mini
336 2655 435 2695 spes
464 2644 567 2694 ejus:
594 2646 616 2670 *
645 2650 687 2687 et
714 2658 801 2687 non
831 2647 1022 2698 respexit

207 2698 250 2738 in
278 2699 488 2740 vanitates
517 2705 560 2742 et
586 2701 772 2743 insanias
800 2702 939 2743 falsas.

1110 281 1247 323 Multa
1283 281 1423 322 fecisti
1458 285 1507 322 tu
1538 278 1726 320 Domine
1762 276 1883 318 Deus

1059 351 1180 380 meus
1209 337 1423 379 mirabilia
1449 341 1538 378 tua:
1565 336 1589 361 *
1616 339 1660 377 et
1688 332 1884 385 cogitati-

1060 394 1214 436 onibus
1238 394 1323 436 tuis
1350 406 1438 435 non
1466 397 1533 434 est
1556 391 1630 444 qui
1653 389 1805 432 similis
1828 389 1885 431 sit

1059 451 1147 493 tibi.

1112 511 1377 554 Annuntiavi
1387 515 1430 552 et
1439 511 1613 552 locutus
1622 521 1736 550 sum.
1727 508 1769 534 ·*
1778 507 1884 549 mul-

1060 569 1242 621 tiplicati
1270 573 1370 610 sunt
1398 579 1528 620 super
1556 569 1795 607 numerum.

1111 629 1378 671 Sacrificium
1407 633 1451 670 et
1476 627 1743 669 oblationem
1764 625 1885 667 nolu-

1061 686 1146 727 isti:
1165 687 1188 711 *
1207 699 1334 727 aures
1357 690 1502 727 autem
1526 682 1749 737 perfecisti
1770 681 1886 723 mihi.

1112 746 1430 788 Holocaustum
1481 750 1524 787 et
1567 757 1649 797 pro
1699 744 1885 796 peccam

1061 816 1148 844 non
1175 803 1421 856 postulasti:
1448 803 1472 829 *
1497 807 1602 844 tunc
1634 800 1738 842 dixi:
1770 799 1886 854 Ecce

1062 872 1199 901 venlo.

1113 921 1162 961 In
1192 920 1335 973 capite
1368 919 1466 962 libri
1493 918 1704 971 scriptum
1737 922 1804 959 est
1831 916 1887 959 de

1062 990 1131 1018 me
1158 982 1206 1018 ut
1233 977 1422 1018 facerem
1454 975 1726 1018 voluntatem
1751 979 1887 1016 tuam:

1062 1034 1084 1058 *
1104 1033 1223 1075 Deus
1242 1046 1364 1075 meus
1386 1048 1413 1075 v
1402 1033 1514 1083 olui,
1539 1037 1583 1074 et
1602 1031 1746 1083 legem
1767 1035 1888 1103 tuam

1063 1090 1105 1130 in
1132 1089 1276 1132 medio
1305 1089 1450 1132 cordis
1476 1089 1573 1131 mei.

1116 1151 1380 1192 Annuntiavi
1396 1150 1602 1203 justitiam
1619 1154 1741 1192 tuam
1757 1149 1803 1190 in
1821 1161 1888 1190 ec·

1065 1207 1195 1248 clesia
1212 1220 1379 1258 magna,
1395 1208 1418 1233 *
1429 1219 1531 1249 ecce
1549 1206 1667 1248 labia
1683 1218 1783 1248 mea
1799 1217 1888 1247 non

1063 1263 1323 1315 prohibebo:
1350 1264 1536 1305 Domine
1563 1268 1612 1305 tu
1639 1262 1770 1304 scisti.

1115 1324 1139 1365 J
1142 1325 1332 1366 ust1t1am
1354 1330 1474 1367 tuam
1497 1337 1585 1366 non
1607 1322 1819 1366 abscondi
1844 1321 1889 1364 in

1065 1380 1199 1422 corde
1231 1394 1346 1423 meo:
1379 1382 1403 1407 *
1436 1381 1667 1423 veritatem
1697 1384 1818 1422 tuam
1845 1383 1890 1420 et

1065 1436 1253 1479 salutare
1280 1443 1402 1480 tuum
1430 1437 1530 1480 dixi.

1115 1498 1216 1539 Non
1236 1498 1446 1540 abscondi
1465 1497 1811 1540 misericerdiam
1825 1501 1889 1539 tu-

1064 1567 1134 1595 am
1163 1559 1206 1596 et
1239 1555 1468 1598 veritatem
1494 1561 1615 1598 tuam
1641 1555 1666 1581 *
1693 1567 1719 1596 a
1747 1555 1889 1596 conci-

1064 1610 1122 1652 lio
1150 1611 1297 1653 multo.

1117 1671 1186 1713 Tu
1213 1678 1357 1714 autern
1375 1673 1563 1715 Domine
1590 1685 1645 1714 ne
1671 1672 1802 1723 longe
1830 1670 1889 1712 fa-

1067 1727 1155 1768 cias
1175 1729 1475 1771 miserationes
1499 1735 1597 1772 tuas
1617 1742 1644 1770 a
1664 1741 1752 1770 me:
1770 1727 1889 1768 *mi-

1066 1784 1304 1827 sericordia
1328 1791 1402 1828 tua
1430 1791 1474 1829 et
1497 1786 1658 1828 veritas
1681 1790 1757 1828 tua
1781 1797 1891 1826 sem-

1067 1853 1146 1892 per
1163 1844 1448 1895 susceperunt
1473 1856 1555 1885 me.

1120 1902 1333 1952 Quoniam
1388 1903 1769 1946 circumdederunt
1821 1913 1892 1942 me

1067 1957 1190 2009 mala,
1216 1972 1400 2011 quorum
1423 1974 1511 2002 non
1537 1965 1604 2003 est
1627 1962 1850 2001 numerus:
1867 1957 1892 1983 *

1069 2015 1492 2067 comprehenderunt
1527 2030 1597 2059 me
1641 2015 1893 2069 iniquitates

1068 2083 1187 2120 meae,
1215 2077 1258 2113 et
1285 2086 1371 2114 non
1399 2074 1522 2127 potui
1552 2079 1600 2115 ut
1627 2072 1833 2115 viderem.

1121 2131 1419 2185 Multiplicatae
1441 2140 1540 2176 sunt
1559 2147 1691 2187 super
1711 2131 1894 2186 capillos

1070 2188 1224 2239 capitis
1252 2189 1352 2230 mei:
1378 2190 1401 2216 *
1425 2196 1468 2232 et
1495 2204 1572 2233 cor
1598 2203 1745 2232 meum
1772 2188 1893 2231 dere-

1070 2243 1194 2295 liquit
1220 2258 1300 2286 me.

1122 2304 1404 2357 Complaceat
1417 2307 1495 2349 tibi
1506 2309 1694 2350 Domine
1709 2313 1757 2350 ut
1767 2309 1894 2349 eruas

1070 2373 1154 2401 me:
1174 2362 1197 2386 *
1217 2361 1414 2413 Domine,
1434 2363 1490 2405 ad
1511 2364 1804 2416 adjuvandum
1823 2375 1894 2405 me

1071 2416 1250 2469 respice.

1125 2476 1452 2521 Confundantur
1472 2486 1514 2522 et
1536 2484 1818 2524 revereantur
1842 2481 1894 2522 si—

1072 2532 1170 2581 mul,
1200 2534 1273 2585 qui
1302 2542 1500 2586 quaerunt
1529 2538 1715 2580 animam
1741 2551 1895 2588 meam,

1072 2589 1095 2612 *
1123 2594 1170 2630 ut
1197 2589 1395 2633 auferant
1424 2605 1530 2633 eam.

1126 2649 1443 2693 Convertantur
1470 2656 1727 2705 retrorsum,
1761 2660 1805 2697 et
1833 2667 1896 2696 re-

1075 2707 1342 2748 vereantur*
1363 2708 1436 2760 qui
1462 2709 1614 2752 volunt
1640 2711 1746 2753 mihi
1771 2711 1897 2753 mala.
