2028 2892
741 185 781 218 In
811 186 1048 221 Asccnsione
1071 188 1236 222 Domini.

191 277 469 320 Desiderium
492 278 639 320 cordis
664 280 754 331 ejus
772 280 962 322 tribuisti

141 334 195 376 ei:
228 336 252 362 *
283 340 327 376 et
358 334 584 376 voluntate
620 335 835 377 labiorum
872 338 961 389 ejus

139 403 225 432 non
243 390 455 432 fraudasti
477 404 586 432 eum.

192 452 406 503 Quoniam
431 453 683 504 praevenisti
709 465 806 494 eum
827 453 870 494 in
889 453 960 495 be-

139 507 462 550 nedictionibus
494 508 754 550 dulcedinis:
782 511 805 536 *
832 523 960 562 posu—

138 565 210 606 isti
233 564 278 605 in
301 565 445 617 capite
470 565 560 616 ejus
586 567 796 606 coronam
823 566 877 608 de
903 567 960 607 la-

138 620 242 674 pide
260 622 468 674 pretioso.

190 681 337 723 Vitam
361 682 487 734 petiit
515 695 539 723 a
566 687 624 723 te:
650 683 674 709 *
701 687 744 723 et
769 682 960 723 tribuisti

139 738 178 779 ei
204 737 523 789 longitudinem
555 738 724 780 dierum
758 739 801 779 in
829 741 960 780 saecu-

138 794 239 844 lum,
259 800 303 836 et
322 794 366 835 in
385 795 594 836 saeculum
612 795 773 836 saeculi.

113 889 120 896 .
189 855 347 907 Magna
366 861 433 897 est
452 856 591 907 gloria
611 857 700 908 ejus
720 856 764 896 in
781 855 962 896 salutari

138 916 231 953 tuo:
254 913 278 939 *
300 911 485 963 gloriam
520 917 563 953 et
595 925 800 964 magnum
835 911 960 953 deco-

139 981 231 1009 rem
248 969 447 1021 impones
467 982 598 1021 super
619 982 727 1010 eum.

192 1029 408 1079 Quoniam
436 1028 561 1071 dabis
591 1042 689 1071 eum
717 1030 761 1070 in
786 1029 961 1070 benedi-

139 1085 329 1127 ctionem
356 1085 400 1126 in
427 1086 636 1127 saeculum
662 1085 826 1127 saeculi:
845 1087 868 1113 ¹⁸¹
891 1085 962 1126 lae-

138 1141 328 1184 tificabis
355 1154 453 1183 eum
477 1142 521 1182 in
539 1142 701 1194 gaudio
722 1155 820 1184 cum
839 1141 963 1183 vultu

139 1202 229 1240 tuo.

190 1255 407 1305 Quoniam
425 1268 503 1297 rex
523 1260 671 1308 sperat
694 1255 737 1296 in
756 1255 963 1296 Domino:

138 1313 162 1339 *
181 1317 226 1354 et
247 1312 292 1352 in
315 1311 618 1354 misericordia
637 1311 853 1353 Altissimi
875 1324 963 1352 non

137 1368 500 1410 commovebitur.

189 1429 444 1471 Inveniatur
475 1441 629 1469 manus
657 1432 732 1469 tua
760 1427 962 1468 omnibus

138 1485 323 1527 inimicis
350 1485 455 1526 tuis:
482 1486 506 1511 ¹⁸¹
535 1484 716 1526 dextera
744 1488 820 1525 tua
847 1484 961 1524 inve-

137 1542 228 1583 niat
247 1554 410 1591 omnes,
430 1541 504 1594 qui
522 1545 566 1582 te
585 1539 782 1582 oderunt.

188 1603 333 1644 Pones
360 1614 437 1644 eos
464 1606 512 1643 ut
540 1601 758 1642 clibanum
781 1600 892 1651 ignis
917 1600 961 1641 in

137 1661 338 1712 tempore
360 1658 506 1700 vultus
532 1658 610 1699 tui:
631 1658 655 1685 *
679 1656 893 1698 Dominus
919 1657 962 1697 in

136 1716 202 1757 ira
220 1728 298 1757 sua
317 1713 596 1757 conturbabit
615 1726 703 1763 eos
723 1718 766 1755 et
781 1712 961 1754 devora-

137 1771 204 1815 bit
223 1785 300 1814 eos
318 1771 440 1823 ignis.

187 1832 396 1874 Fructum
415 1833 566 1874 eorum
585 1830 641 1872 de
656 1835 774 1872 terra
787 1829 961 1882 perdes:

138 1890 162 1917 *
177 1893 220 1931 et
240 1901 389 1930 semen
405 1890 558 1930 eorum
572 1900 598 1928 a
612 1886 711 1928 filiis
726 1885 961 1928 hominum.

190 1949 407 1999 Quoniam
456 1948 783 1990 declinaverunt
829 1946 874 1986 in
917 1951 961 1988 te

137 2005 264 2047 mala:
283 2007 307 2033 *
326 2006 628 2057 cogitaverunt
647 2002 838 2054 consilia,
863 2015 960 2055 quae

138 2074 226 2103 non
244 2063 481 2114 potuerunt
501 2060 706 2102 stabilire.

191 2122 407 2173 Quoniam
437 2134 577 2174 pones
611 2133 686 2162 eos
720 2118 910 2160 dorsum:
937 2118 960 2144 *

137 2179 183 2220 in
214 2178 408 2231 reliquiis
445 2178 531 2219 tuis
569 2174 841 2230 praeparabis
871 2174 959 2216 vul-

137 2240 230 2277 tum
254 2237 415 2276 eorum.

187 2291 395 2333 Exaltare
415 2290 602 2331 Domine
621 2289 666 2330 in
685 2289 847 2330 virtute
871 2292 958 2328 tua:

138 2349 162 2375 *
189 2347 460 2389 cantabimus
494 2351 537 2387 et
563 2344 801 2398 psallemus
829 2344 958 2384 virtu-

137 2408 204 2445 tes
225 2409 333 2446 tuas.

190 2470 288 2510 Ant.
317 2468 521 2509 Exaltare
539 2466 725 2507 Domine
743 2465 786 2505 in
802 2464 958 2505 virtute

137 2530 227 2566 tua:
256 2523 541 2572 cantabimus,
568 2528 611 2564 et
634 2521 878 2574 psallemus,
902 2518 958 2559 al-

138 2580 278 2632 leli'ija.

190 2644 288 2684 Ant.
314 2642 532 2684 Exaltabo
547 2648 591 2684 te
605 2642 628 2668 *
643 2641 838 2688 Domine,
855 2641 957 2690 quo-

138 2700 253 2740 niam
271 2699 501 2752 suscepisti
518 2711 598 2747 me,
619 2696 798 2748 alleluja.

1766 187 1829 222 321

1288 286 1477 326 psalmus
1505 291 1567 326 29.

1017 338 1274 444 Exaltabo
1310 350 1354 386 te
1397 346 1580 388 DOmine
1627 350 1829 400 quoniam

1013 453 1021 461 ⁸
1058 454 1065 461 .
1107 401 1337 452 suscepisti
1355 414 1442 443 me:
1461 403 1484 427 *
1503 416 1584 444 nec
1603 403 1829 447 delectasti

1010 457 1207 495 mimicos
1225 469 1346 497 meos
1365 470 1494 510 super
1512 472 1591 500 me.

1063 515 1248 557 Domine
1270 517 1389 558 Deus
1416 531 1537 559 meus
1565 520 1745 562 clamavi
1773 521 1828 562 ad

1011 576 1064 620 te,
1085 571 1107 595 *
1128 576 1170 612 et
1191 573 1352 614 sanasti
1371 586 1450 614 me.

1062 627 1248 669 Domine
1269 627 1454 671 eduxisti
1477 630 1531 671 ab
1555 630 1718 671 inferno
1744 631 1828 671 ani-

1011 696 1126 723 mam
1140 697 1296 725 meam:
1310 685 1333 709 *
1345 685 1520 727 salvasti
1535 699 1603 728 me
1620 700 1643 727 a
1655 685 1828 728 descen-

1012 738 1213 781 dentibus
1232 741 1274 780 in
1293 740 1444 782 lacum.

1068 796 1245 837 Psallite
1264 798 1452 838 Domino
1474 798 1607 839 sancti
1629 799 1731 850 ejus:
1746 799 1768 823 *
1788 804 1829 840 et

1012 852 1274 893 confitemini
1319 854 1540 895 memoriae
1591 854 1829 895 sanctitatis

1012 921 1112 959 ejus.

1063 965 1275 1014 Quoniam
1290 966 1352 1006 ira
1366 966 1409 1006 in
1423 965 1716 1015 indignatione
1728 966 1830 1018 ejus:

1011 1021 1035 1046 *
1055 1026 1097 1062 et
1115 1021 1203 1062 vita
1222 1021 1265 1062 in
1284 1021 1506 1063 voluntate
1525 1022 1626 1073 ejus.

1063 1080 1134 1122 Ad
1146 1083 1376 1133 vesperum
1388 1080 1682 1123 demorabitur
1691 1082 1830 1123 fletus:

1013 1138 1036 1162 *
1056 1142 1099 1178 et
1118 1136 1173 1178 ad
1192 1139 1448 1178 matutinum
1467 1137 1627 1178 laetitia.

1065 1198 1159 1248 Ego
1197 1203 1339 1239 autem
1374 1197 1461 1239 dixi
1493 1198 1537 1238 in
1569 1197 1831 1239 abundantia

1012 1267 1125 1295 mea:
1145 1254 1168 1279 *
1187 1254 1289 1295 Non
1311 1253 1521 1295 movebor
1545 1254 1587 1293 in
1614 1255 1831 1295 aeternum.

1065 1314 1250 1356 Domine
1268 1315 1311 1354 in
1331 1314 1554 1355 voluntate
1573 1320 1661 1363 tua,
1681 1314 1704 1339 *
1723 1327 1831 1367 prae-

1015 1371 1159 1412 stitisti
1180 1369 1326 1411 decori
1346 1383 1443 1411 meo
1464 1370 1676 1411 virtutem.

1065 1431 1273 1472 Avertisti
1292 1430 1445 1471 faciem
1464 1435 1581 1471 tuam
1601 1442 1625 1469 a
1643 1441 1727 1474 me,
1748 1429 1770 1453 *
1791 1433 1833 1469 et

1013 1488 1151 1528 tactus
1171 1500 1265 1527 sum
1286 1485 1578 1527 conturbatus.

1064 1546 1136 1589 Ad
1153 1553 1196 1588 te
1216 1546 1402 1588 Domine
1426 1545 1639 1587 clamabo:
1662 1545 1685 1569 *
1710 1549 1752 1585 et
1777 1542 1831 1584 ad

1012 1604 1155 1644 Deum
1172 1616 1315 1644 meum
1335 1601 1617 1654 deprecabor.

1065 1665 1172 1714 Quae
1196 1663 1357 1705 utilitas
1382 1663 1425 1702 in
1449 1662 1656 1712 sanguine
1680 1672 1790 1708 mec,
1809 1660 1831 1684 *

1014 1719 1116 1762 dum
1136 1719 1355 1762 descendo
1374 1719 1417 1759 in
1434 1715 1778 1770 corruptionem?

1064 1779 1287 1832 Numquid
1299 1778 1574 1821 confitebitur
1590 1777 1667 1819 tibi
1677 1775 1829 1829 pulvis,

1012 1837 1036 1862 *
1055 1842 1128 1878 aut
1152 1834 1420 1877 annuntiabit
1440 1834 1665 1875 veritatem
1690 1830 1828 1873 tuam?

1063 1896 1242 1938 Audivit
1279 1895 1509 1943 Dominus,
1550 1900 1592 1935 et
1631 1893 1829 1933 misertus

1013 1959 1079 1995 est
1101 1953 1203 1994 mei:
1226 1953 1250 1978 *
1268 1951 1480 1993 Dominus
1505 1950 1643 1991 factus
1669 1953 1734 1989 est
1758 1946 1828 1988 ad-

1012 2010 1126 2061 jutor
1150 2021 1283 2050 meus.

1068 2064 1328 2106 Convertisti
1361 2062 1581 2115 planctum
1613 2072 1754 2100 meum
1785 2058 1828 2097 in

1011 2120 1217 2173 gaudium
1250 2119 1368 2160 mihi:
1402 2119 1425 2143 *
1457 2114 1706 2158 conscidisti
1738 2126 1827 2154 sac-

1012 2191 1111 2219 cum
1142 2189 1300 2224 meum,
1335 2180 1377 2216 et
1411 2169 1730 2215 circumdedisti
1759 2181 1827 2209 me

1011 2233 1172 2275 laetitia.

1063 2289 1121 2331 Ut
1141 2293 1283 2331 cantet
1301 2286 1378 2328 tibi
1397 2284 1533 2336 gloria
1550 2294 1656 2330 mea,
1676 2286 1719 2322 et
1740 2293 1827 2321 non

1012 2347 1295 2397 compungar:
1319 2343 1343 2367 *
1362 2339 1547 2382 Domine
1564 2338 1683 2378 Deus
1705 2349 1827 2377 meus

1011 2401 1054 2441 in
1074 2402 1282 2442 aeternum
1301 2394 1542 2438 confitebor
1559 2392 1648 2434 tibi.

1065 2462 1161 2502 Ant.
1196 2456 1408 2500 Exaltabo
1432 2460 1475 2495 te
1497 2452 1698 2501 Domine,
1724 2453 1827 2503 quo-

1011 2517 1125 2558 niam
1145 2512 1373 2566 suscepisti
1390 2523 1469 2557 me,
1489 2508 1669 2560 alleluja.

997 2621 1000 2625 ,
1064 2580 1160 2621 Ant.
1191 2575 1399 2619 Ascendit
1422 2574 1542 2614 Deus
1564 2573 1587 2599 *
1613 2573 1656 2613 in
1681 2572 1825 2624 jubila-

1010 2637 1143 2685 tione,
1175 2641 1217 2676 et
1244 2631 1455 2674 Dominus
1482 2630 1527 2670 in
1554 2642 1663 2671 voce
1696 2628 1824 2670 tubae.

1011 2692 1190 2744 alleluja.
