2060 2886
780 156 1299 207 KALENDARIUM.

711 284 820 309 Mensis.

1215 262 1240 270 1

195 512 261 538 xxix

166 589 172 593 ·
197 581 282 607 xxviii

195 650 271 690 xxvii

196 693 262 712 xxm

165 758 208 785 25.
228 764 282 782 xxv

195 790 262 817 xxiv

196 825 264 852 xxiii

196 860 253 887 xxii

196 895 243 922 xxi

197 939 233 956 xx

197 1000 263 1040 '‘ix...

176 1056 178 1058 ,
198 1042 263 1061 xvni

202 2410 266 2436 xxix

182 2466 186 2472 .
201 2444 286 2470 xxviii

201 2479 277 2504 xxvii

182 2515 224 2542 25.
237 2514 301 2540 xxvi

174 2555 232 2571 xxv.
245 2549 303 2571 xxiv

201 2579 267 2605 xxiii

201 2649 256 2688 xxii

201 2691 247 2708 xxi

647 416 675 456 J
677 417 888 457 anuarius.

509 476 689 503 circumcisio
698 476 818 504 Domini.
831 476 906 511 dupl.
914 477 938 504 2.
946 477 1026 504 class.

509 511 616 539 Octava
629 511 657 538 S.
671 510 814 545 Stephani,
832 513 906 546 dupl.
926 521 1025 539 comm.

543 546 722 574 Octavamm.

508 580 615 608 Octava
621 581 648 609 S.
655 581 674 608 J
675 581 774 608 oannis
780 580 879 615 Apost.
886 585 915 608 et
921 581 1026 615 Evang.

542 615 618 648 dupl.
633 617 703 641 com.
720 615 779 643 Oct.
791 615 1026 643 Ss.1fi00entium.

508 650 615 678 Octava
621 649 663 678 Ss.
671 650 865 677 Innocentium
875 652 940 678 Mm.
950 651 1025 684 dupl.

507 685 875 747 VigiliaEgiiph.,se1nidupi.
884 693 945 711 cum
954 685 1025 711 comss

543 727 623 745 mem.
650 741 655 746 .
689 720 829 755 elesphori
834 720 875 747 Pa
897 723 938 746 .et
944 720 1026 747 Mart.

510 754 664 787 Epiphania
680 754 802 780 Domini.
817 755 874 790 dup
886 775 892 781 .
909 756 932 782 1.
945 755 1026 782 class.

508 790 552 817 De
566 789 673 817 Octava
686 789 860 824 Epiphaniae.

507 825 552 852 De
567 824 680 852 Octava.

508 860 552 886 De
567 860 681 887 Octava.

507 895 552 921 De
566 894 679 922 Octava.

508 930 552 956 De
562 930 677 992 Offavffl
686 938 745 956 eom
751 938 784 955 m.
794 929 822 957 S.
829 929 933 964 Hygini
940 930 1026 963 Papae

542 968 570 992 et
613 969 665 992 art.

508 1000 552 1026 De
566 1000 680 1027 Octava.

509 1034 615 1062 Octava
628 1035 652 1062 Ε
673 1034 804 1069 iphaniae,
820 1035 930 1068 duplex.

511 1071 620 1099 Domin.
638 1043 672 1095 li'.
688 1074 751 1102 post
768 1070 865 1103 Epiph.
880 1070 920 1096 ὃς.
934 1068 1026 1095 Nomi-

451 755 485 921 ''Senon-⁴0³
468 649 485 711 συιδ
468 580 485 606 ω
469 475 486 536 100-

452 930 485 1060 &SR-3:

544 1107 587 1132 nis
601 1106 617 1131 J
620 1113 677 1131 esu.
691 1104 767 1139 dupl.
782 1104 807 1131 2.
821 1103 911 1137 class„
927 1110 1025 1129 comm.

543 1139 708 1166 Dominieae.

508 1173 535 1201 S.
550 1174 651 1201 Hilarii
663 1175 714 1209 Ep.
725 1173 806 1201 Conf.
821 1176 849 1200 et
862 1173 935 1200 Eecl.
945 1173 1027 1199 Doct.

545 1210 620 1243 dupl.
640 1215 738 1234 comm.
750 1208 777 1235 S.
792 1208 892 1235 Felicis
907 1207 1027 1241 Presby-

543 1245 596 1271 teri
611 1248 638 1271 et
652 1244 733 1271 Mart.

507 1279 536 1307 S.
549 1279 632 1307 Pauli
650 1278 735 1314 primi
753 1278 886 1306 Eremitae
900 1276 1026 1304 Confess

546 1313 621 1347 dupl.
637 1319 734 1338 comm·
751 1313 778 1341 S.
793 1313 884 1340 Mauri
898 1311 1027 1339 Abbatis.

508 1348 536 1376 S.
545 1349 674 1411 guiarxeelli
684 1349 705 1376 Ι.
720 1349 807 1383 Papae
816 1351 845 1375 et
853 1348 934 1375 Mart.
948 1347 1026 1372 semi-

565 1392 583 1410 u
614 1393 656 1411 ex.

509 1418 538 1447 S.
551 1393 669 1447 Allitonii
683 1418 813 1450 Abtmtis,
826 1417 935 1451 duplex.

510 1454 650 1481 Cathedra
664 1453 690 1479 S.
709 1453 783 1479 Petri
801 1454 905 1480 Romae.
925 1451 962 1478 du
982 1450 1029 1477 lex

544 1489 615 1550 niagi
626 1496 770 1550 eoinmem.
790 1487 817 1515 S.
833 1486 938 1514 Priscae
978 1485 1028 1519 irg.

545 1531 560 1550 e
615 1531 630 1550 a
661 1543 667 1550 .

511 1558 613 1586 Canuti
626 1558 711 1592 Regis
726 1558 807 1585 Mart.
827 1556 971 1589 semidupl.
992 1555 1026 1581 ad

544 1593 666 1622 libitum.
687 1599 865 1619 commemor.
886 1590 928 1618 Ss.
948 1589 1028 1616 Marii

545 1631 573 1655 et
586 1627 647 1655 Soc.
661 1628 727 1655 Mm.

511 1662 553 1690 Ss.
573 1662 690 1690 Fabiani
714 1663 800 1696 Papae
825 1665 853 1688 et
872 1658 1029 1688 sebastiani

546 1698 611 1724 Mm.
632 1695 742 1729 duplex.

511 1732 538 1761 S.
553 1731 579 1759 A
598 1733 670 1759 netis
684 1731 760 1766 Virg.
775 1733 803 1757 et
816 1730 897 1757 Mart.
911 1728 986 1761 dupl.

511 1767 554 1796 Ss.
603 1766 717 1794 ineentii
743 1769 771 1792 et
797 1764 939 1792 Anastasii
963 1765 1028 1791 Mm.

545 1799 727 1832 semiduplex.

510 1837 538 1865 s.
546 1833 1028 1902 sissffi¹2¹f5³202³5m331¹3³sf⁰ssmfissgfz

545 1905 629 1933 tiauae
642 1905 719 1939 Virg.
734 1908 761 1932 et
774 1905 855 1932 Mart.

454 1941 488 1968 24
510 1940 538 1969 S.
553 1940 693 1968 Timothei
707 1940 731 1967 E
773 1943 800 1966 et
813 1940 894 1966 Mart.
907 1938 982 1971 dupl.

454 1976 488 2002 25
511 1973 665 2000 Conversio
675 1972 702 1999 s.
738 1961 792 1999 a'uli
805 1973 866 2006 Ap..
877 1973 954 2008 dupl.
964 1972 1027 2006 maj.

391 2009 408 2015 '⁸
454 2011 488 2038 26
510 2009 537 2037 S.
552 2009 701 2046 Polyi-,arpi
717 2010 768 2044 Ep.
783 2012 811 2035 et
823 2008 904 2035 Mart.
919 2006 996 2039 dupl.

392 2044 398 2049 ’
454 2046 487 2074 27
510 2044 537 2072 S.
548 2045 566 2073 J
567 2045 666 2072 oannis
677 2043 871 2079 Chrysostomi
884 2043 936 2076 Ep.
947 2041 1027 2069 Conf.

545 2084 573 2107 et
586 2080 660 2107 Ecel.
675 2079 756 2106 Doet.
771 2076 846 2109 dupl-

453 2115 488 2143 28
510 2114 538 2142 8.
552 2114 670 2149 Agnetis
684 2113 822 2141 Secundo.

453 2150 488 2177 29
510 2149 537 2177 S.
552 2149 693 2176 Francisci
711 2147 811 2176 Salesii
829 2147 880 2181 Ep.
900 2145 980 2172 Conf.
1001 2147 1029 2170 et

545 2184 618 2211 Eccl.
633 2184 714 2210 Doct.
732 2181 806 2215 dupl.

393 2218 398 2224 ”
453 2221 488 2247 30
510 2219 538 2246 S.
552 2219 681 2246 Martinae
694 2218 771 2251 Virg.
789 2219 817 2243 et
830 2216 911 2243 Mart.
929 2216 1026 2242 semid.

407 2254 411 2258 '
436 2255 487 2282 .31
510 2254 538 2282 S.
552 2253 631 2280 Petri
644 2252 765 2280 Nolasco
779 2251 860 2278 Conf.
874 2251 948 2284 dupl.

641 2339 902 2379 Februarius.

510 2408 538 2436 S.
553 2408 653 2448 Ignatii
667 2408 690 2435 E
710 2407 758 2434 isc.
772 2410 800 2433 et
813 2406 894 2432 Mart.
908 2405 983 2439 dupl.

512 2442 674 2469 Punficatio
710 2462 714 2467 .
728 2442 821 2468 Maria·
829 2441 860 2466 V.
873 2439 948 2473 dupl.
959 2439 982 2464 2.
993 2438 1026 2464 el.

510 2477 537 2505 S.
552 2477 639 2504 Blasii
654 2476 746 2511 Episc.
760 2479 788 2502 et
801 2476 880 2502 Mart.

509 2511 536 2539 S.
552 2512 675 2538 Andreae
690 2510 800 2538 Corsini
814 2510 865 2543 Ep.
880 2509 923 2536 Cf.
939 2508 1014 2541 dupl.

509 2546 536 2574 S.
551 2546 669 2580 Agathae
678 2545 753 2579 Virg.
768 2548 795 2571 et
808 2544 888 2570 Mart.
905 2543 979 2576 dupl.

509 2580 536 2608 S.
545 2581 602 2607 Titi
613 2580 704 2614 Episc.
716 2583 743 2606 et
749 2578 829 2605 Conf.
841 2578 916 2611 dupl.
928 2585 1026 2614 comm.

544 2614 571 2642 S.
585 2615 737 2642 Dorotheae
751 2613 826 2647 Virg.
841 2616 868 2639 et
881 2612 962 2639 Mart.

509 2650 536 2677 S.
551 2649 703 2676 Romualdi
716 2648 844 2677 Abbatis.
862 2645 937 2680 dupl.

509 2685 536 2712 S.
551 2683 670 2711 Joannis
683 2683 719 2714 de
732 2682 827 2709 Matha
841 2681 923 2709 Conf.
939 2679 1014 2714 dupl.

1090 1642 1107 1659 ἃ

1091 1676 1175 1716 xxii..

1090 1718 1176 1750 XXVHI

1091 1753 1164 1771 XXVH

1089 1814 1154 1841 xxvi

1062 1851 1103 1878 25.
1120 1856 1175 1888 xxv

1090 1891 1155 1910 XXIV

1090 1989 1155 2015 xxiii
1203 2008 1205 2019 ἱ

1090 2024 1146 2050 xxii

1090 2058 1136 2085 xxi
1160 2089 1162 2091 Ι

1091 2101 1126 2119 xx

1091 2128 1136 2153 xix

1091 2197 1155 2222 xviii

1091 2231 1146 2257 xvii

1090 2266 1135 2291 xvi

1090 2309 1125 2326 xv

1090 2335 1134 2360 xiv

1090 2370 1136 2396 xiii

1089 2439 1125 2464 xii

1090 2509 1116 2534 xi

1091 2551 1107 2568 x

1091 2578 1117 2603 ix

1090 2687 1116 2705 Vl

1216 969 1232 988 o
1202 865 1235 918 rsso
1212 760 1237 849 eumn
1216 691 1233 744 mo
1211 474 1237 674 noema.

1215 379 1231 397 a
1214 276 1240 334 ss..

1212 1065 1238 1232 Oo‘boet-vz

1351 262 1376 287 :l

1351 291 1376 330 13
1584 288 1706 319 ‚Mensis

1360 372 1376 398 9

1398 371 1426 398 S.
1440 371 1537 405 cyrilli
1551 372 1642 406 Episc.
1657 371 1850 406 Alexandrini,
1869 372 1912 399 Cf.

1433 409 1461 433 et
1471 406 1544 432 Eecl.
1555 404 1751 441 Doctduplex,
1766 414 1907 433 commem.

1434 440 1460 468 S.
1474 441 1631 475 Apolloniae
1640 441 1715 476 Virg.
1730 444 1757 468 et
1771 441 1852 468 Mart.

1345 475 1378 536 h)
1399 475 1426 503 S.
1441 475 1618 503 Scholastieae
1631 476 1707 510 Virg.
1719 477 1793 509 dupl.

1322 544 1378 570 ,12

1323 579 1378 605 ,13

1345 614 1378 640 14
1400 612 1427 641 S.
1442 614 1582 642 Valentini
1596 614 1692 641 Presb.
1707 617 1734 641 et
1748 615 1827 641 Mart.

1346 649 1378 710 {g
1401 648 1442 676 Ss.
1457 649 1583 676 Faustini
1597 652 1624 675 et
1637 649 1655 676 J
1658 649 1740 676 ovitae
1754 649 1819 676 Mm.

1346 718 1378 744 17

1346 752 1379 779 18
1401 752 1428 780 S.
1442 753 1579 781 Simeonis
1592 753 1683 788 Episc.
1696 756 1723 780 et
1736 754 1816 780 Mart.

1283 788 1378 814 ’19

1345 822 1379 848 20

1345 857 1378 882 21

1345 891 1379 917 22
1400 893 1538 919 Cathedra
1553 893 1579 919 S.
1596 892 1669 918 Petri
1685 893 1848 923 Antiochiae,
1864 892 1913 918 du-

1435 926 1500 961 plex
1514 927 1610 961 majus.

1283 960 1299 967 '⁶
1345 961 1379 988 23
1401 961 1429 989 S.
1443 962 1520 988 Petri
1534 961 1664 988 Damiani
1683 961 1774 996 Episc.
1788 961 1868 989 Conf.
1887 965 1914 988 et

1435 996 1508 1023 Eccl.
1518 997 1598 1023 Doct.
1607 997 1716 1030 duplex.
1727 1004 1823 1022 comm.
1833 996 1913 1030 Vigil.

1435 1031 1463 1058 S.
1478 1031 1598 1058 Mathiae.

1283 1065 1289 1071 ⁸
1345 1064 1379 1091 24
1398 1066 1424 1091 S.
1440 1066 1550 1091 Mathia:
1566 1066 1701 1099 Apostoli,
1719 1065 1794 1100 dupl.
1804 1066 1828 1092 2.
1838 1066 1870 1092 cl.

1345 1100 1378 1126 25

1345 1134 1378 1161 26

1345 1169 1378 1196 27

1324 1203 1379 1231 ,28

1445 1251 1473 1274 In
1496 1258 1560 1274 anno
1581 1251 1703 1274 bissextili
1725 1251 1816 1273 mensis
1836 1250 1908 1273 Febr.

1400 1287 1435 1305 est
1453 1282 1549 1305 dierum
1572 1279 1610 1303 29.
1622 1286 1643 1304 et
1663 1282 1751 1304 festum
1768 1282 1792 1304 S.
1809 1280 1907 1303 Mathia.-

1399 1312 1539 1335 cclcbratur
1550 1312 1589 1335 die
1603 1309 1721 1334 25.Febr.
1735 1316 1757 1334 et
1770 1312 1807 1334 bis·
1819 1311 1908 1334 dicitur

1402 1344 1472 1364 sexto
1484 1339 1620 1370 Kalendas,
1635 1342 1657 1365 id
1675 1346 1711 1364 est
1727 1342 1765 1364 dic
1780 1340 1818 1363 24.
1831 1347 1852 1363 et
1870 1341 1908 1363 die

1401 1372 1466 1395 25.et
1479 1373 1559 1395 littera
1571 1372 1742 1397 Dominiealis,
1755 1379 1808 1402 quae
1819 1379 1909 1394 assum>

1398 1408 1440 1438 pta
1456 1403 1500 1426 fuit
1518 1403 1542 1425 in
1560 1410 1642 1425 mense
1654 1403 1783 1430 danum-io,
1802 1407 1908 1424 mutatur

1398 1441 1422 1455 in
1437 1434 1629 1463 proeeedentem3
1642 1438 1667 1455 ut
1677 1433 1696 1455 si
1708 1433 1730 1455 in
1741 1432 1860 1455 Janunrio
1871 1432 1907 1454 lit-

1398 1469 1449 1486 tera
1460 1463 1625 1486 Dominicalis
1638 1463 1709 1485 fuerit
1725 1461 1756 1490 A,
1765 1468 1871 1485 mutatur
1884 1463 1906 1484 in

1398 1495 1587 1524 praecedentem,
1603 1501 1657 1523 qua·
1670 1496 1706 1516 cst
1727 1497 1813 1520 g.ctc.:
1834 1498 1854 1514 et
1870 1492 1907 1514 lit·

1399 1530 1449 1547 tera
1461 1523 1478 1547 f.
1490 1525 1527 1547 bis
1539 1524 1623 1552 servit,
1638 1522 1703 1546 24.et
1720 1522 1758 1546 25.

1563 1589 1749 1629 Martius.

1364 1640 1378 1666 1

1363 1675 1379 1700 2

1363 1710 1380 1736 3

1362 1744 1379 1770 4
1402 1743 1429 1771 S.
1448 1743 1576 1771 Casimiri
1595 1742 1674 1769 Conf.
1690 1741 1792 1768 semid..
1811 1748 1907 1766 eomm.

1436 1778 1464 1806 S.
1478 1777 1558 1805 Lucii
1575 1778 1593 1803 Ι.
1607 1778 1692 1811 Papae
1706 1780 1734 1802 et
1747 1776 1826 1802 Mart.

1363 1849 1379 1875 6

1364 1883 1379 1910 7

1402 1883 1429 1910 S.
1453 1883 1568 1909 Thomae
1591 1882 1625 1908 de
1647 1880 1760 1915 Aquino
1782 1879 1862 1906 Conf.
1885 1882 1911 1905 et

1436 1917 1507 1944 Eecl.
1515 1917 1595 1943 Doet.
1604 1917 1679 1950 dupl.
1689 1923 1785 1942 comm.
1799 1913 1840 1941 Ss.
1848 1915 1912 1941 Per-

1436 1955 1528 1986 petuae
1542 1954 1570 1977 et
1583 1949 1732 1977 Felicitatis
1746 1949 1810 1975 Mm.

1303 1985 1308 1991 ”
1363 1987 1380 2013 8
1402 1986 1429 2013 S.
1442 1985 1559 2013 ,Ioannis
1573 1986 1608 2012 de
1621 1985 1682 2011 Deo
1696 1983 1775 2011 Conf.
1789 1983 1862 2017 dupl.

1363 2022 1380 2048 9
1401 2021 1429 2048 S.
1440 2020 1595 2048 Franciscae
1607 2020 1741 2046 Romanae
1752 2017 1822 2050 Vid.‚
1834 2017 1908 2050 dupl.

1248 2096 1249 2104 ἵ
1283 2054 1289 2060 '
1347 2055 1380 2082 10
1402 2055 1444 2083 Ss.
1459 2054 1647 2089 Quadraginta
1660 2053 1724 2080 Μαι.
1736 2051 1879 2085 semidupl.

1347 2090 1380 2151 i}
1401 2124 1429 2153 S.
1439 2123 1568 2159 Gregorii
1576 2123 1597 2150 1.
1607 2123 1700 2156 Papae,
1713 2120 1794 2148 Conf.
1803 2123 1831 2147 et
1839 2118 1912 2147 Eecl.

1436 2159 1517 2186 Doct.
1528 2158 1638 2193 duplex.

1284 2194 1290 2200 ”
1346 2194 1379 2220 13

1296 2230 1301 2235 ’
1325 2250 1330 2255 .
1346 2228 1379 2255 14

1346 2263 1379 2289 15

1302 2331 1308 2337 '
1346 2297 1378 2358 ἒξ
1400 2331 1427 2358 S.
1443 2329 1551 2358 Patr-itii
1566 2329 1615 2363 Ep.
1630 2331 1658 2355 et
1671 2327 1751 2355 Conf.
1765 2327 1838 2360 dupl.

1346 2366 1378 2392 18
1400 2364 1539 2399 S.·Cyrilli
1553 2364 1576 2390 E
1597 2363 1644 2389 isc.
1658 2359 1912 2395 Hierosolymitani,

1434 2399 1514 2427 Conf.
1528 2401 1556 2425 et
1624 2397 1642 2424 l.
1655 2398 1736 2424 Doet.
1748 2396 1858 2430 duplex.

1282 2435 1288 2442 ⁴
1346 2435 1377 2461 19
1399 2435 1425 2461 S.
1439 2434 1543 2468 Joseph
1559 2434 1647 2463 Cous..
1667 2431 1767 2466 Sponsi
1783 2431 1812 2456 Β.
1827 2430 1861 2455 Μ.
1877 2429 1907 2454 V.

1435 2466 1538 2502 duplex
1552 2467 1575 2493 1.
1589 2465 1693 2493 classis.

1343 2503 1378 2564 ἐξ
1398 2504 1426 2530 S.
1440 2502 1580 2529 Benedicti
1597 2502 1722 2532 Abbatis.
1738 2497 1812 2532 dupl.
1826 2497 1888 2531 maj.

1281 2573 1287 2578 '
1343 2571 1377 2598 22

1218 2633 1287 2669 f'ix

1343 2605 1377 2632 23

1343 2640 1377 2666 24

1213 2685 1230 2710 g
1259 2674 1307 2701 viii
1343 2674 1377 2701 25
1396 2675 1579 2702 Annuntiatio
1595 2675 1623 2701 B.
1636 2674 1669 2699 M.
1680 2673 1711 2699 V.
1732 2669 1808 2704 dupl.
1817 2669 1841 2695 2.
1850 2667 1883 2695 cl.
