2066 2904
176 179 244 214 518

179 273 381 320 induens,
408 275 530 312 tanto
556 269 735 322 pietatis
761 268 918 309 ardore
946 267 1005 308 di-

179 332 291 369 vinae
324 326 542 375 maiestati
574 324 870 372 deserviebat,
903 328 950 364 ut
983 336 1007 363 a

179 384 340 425 sanctis
370 382 565 433 ejusdem
593 380 785 422 coenobii
809 379 1007 433 patribus

180 441 305 480 Prior
331 440 387 480 sit
413 438 589 480 electus.
625 436 711 478 Sed
737 436 883 477 divina
907 448 1006 488 pro-

180 496 371 536 videntia
398 495 563 545 majora
587 493 643 534 de
668 506 721 534 eo
747 492 1008 544 disponente

179 552 221 591 in
257 551 442 592 saltitem
478 550 766 602 plurimorum
802 548 1008 588 Cluniaco

180 606 365 649 eductus
384 604 728 652 Hildebrandus‚
754 603 906 644 Abbas
925 604 1008 655 pri-

179 677 299 704 mum
330 662 585 703 monasterii
619 661 759 701 sancti
786 659 910 700 Pauli
938 672 1007 700 ex-

180 727 247 760 tra
274 731 424 759 muros
444 718 576 759 Urbis
603 717 783 764 electus,
812 728 863 756 ac
889 717 1008 767 post-

182 774 361 816 modum
387 775 602 815 Romanae
626 772 836 814 Ecclesiae
861 770 1009 812 Cardi-

181 832 292 872 nalis
311 833 499 879 creatus,
525 829 605 871 sub
625 828 812 869 Summis
831 827 1010 868 Pontifi-

183 886 316 934 cibus,
340 886 489 931 Leone
508 897 637 933 nono,
656 884 840 925 Victore
860 886 1010 924 secan-

183 943 252 990 do,
271 942 493 994 Stephano
508 953 637 989 nono,
655 940 841 981 Nicolao
860 943 1010 980 secan-

183 998 257 1048 do,
282 1003 325 1039 et
344 996 598 1039 Alexandro
623 996 833 1046 secando,
857 998 1009 1048 praeci-

183 1055 281 1107 puis
330 1053 581 1094 muneribus
632 1057 675 1093 et
720 1051 1012 1102 legationibus

184 1110 438 1162 perfunctus
459 1114 543 1157 est,
570 1108 846 1156 sanctissimi,
872 1113 915 1148 et
934 1122 1009 1160 pu-

184 1166 343 1206 rissimi
372 1164 541 1206 consilii
571 1165 635 1205 vir
664 1177 689 1205 a
717 1164 851 1205 beato
878 1166 1011 1205 Petro

183 1221 399 1261 Damiano
431 1222 717 1272 nuncupatus.
762 1221 802 1260 Α
830 1221 1013 1261 Victore

183 1277 304 1329 Papa
332 1275 527 1317 secundo
558 1276 731 1325 legatus
756 1288 780 1316 a
806 1276 944 1317 latere
969 1276 1013 1316 in

185 1332 373 1373 Galliam
406 1332 581 1381 missus,
614 1331 817 1382 Lugduni
846 1335 1013 1384 episco-

183 1402 287 1440 pum
319 1388 557 1429 simoniaca
589 1388 688 1428 labe
718 1388 926 1429 infectum
958 1388 1014 1429 ad

185 1444 251 1484 sui
265 1444 454 1485 criminis
467 1444 790 1485 confessionem
798 1444 1013 1485 miraculo

184 1499 340 1551 adegit.
395 1499 711 1550 Berengarium
746 1500 789 1539 in
827 1500 1013 1541 concilio

183 1556 427 1596 Turonensi
447 1555 503 1596 ad
521 1556 723 1596 iteratam
740 1555 922 1597 haeresis
942 1556 1014 1597 ab·

184 1612 441 1661 iurationem
461 1611 682 1663 compulit.
706 1611 887 1652 Cadaloi
909 1625 1013 1663 quo-

186 1680 270 1720 que
282 1667 470 1709 schisma
482 1680 559 1707 sua
568 1667 728 1708 virtfite
740 1668 1014 1719 compressit.

240 1724 289 1774 R.
315 1724 466 1764 Inveni
489 1722 635 1764 David
660 1736 835 1764 servum
859 1736 1015 1774 meum,

188 1779 286 1820 oleo
312 1783 462 1820 sancto
489 1791 588 1820 meo
613 1780 718 1819 unxi
744 1792 858 1820 eum:
878 1781 899 1803 *
926 1780 1015 1820 Ma-

186 1849 267 1876 nus
287 1836 402 1877 enim
420 1847 518 1876 mea
538 1835 816 1876 auxiliabitur
836 1835 890 1884 ei,
915 1835 1015 1876 alle-

186 1891 284 1943 luja.
321 1886 372 1937 V.
395 1890 513 1932 Nihil
531 1891 734 1942 proficiet
752 1891 954 1931 inimicus
972 1891 1016 1931 in

188 1960 257 1996 eo,
278 1952 322 1988 et
340 1946 455 1987 filius
474 1946 714 1998 iniquitatis
733 1959 821 1987 non
839 1946 1017 1988 nocebit

188 2004 240 2045 ei.
267 2004 434 2044 Manus.

501 2062 651 2102 Lectio
671 2075 708 2099 v.

291 2120 420 2159 ortuo
440 2117 696 2159 Alexandro
718 2116 929 2168 secando,
956 2118 1016 2158 in-

308 2177 441 2223 vitus,
486 2179 531 2215 et
574 2186 782 2223 moerens,
827 2174 1018 2215 unanimi

191 2231 383 2271 omnium
409 2231 640 2278 consensu,
668 2229 840 2271 decimo
858 2230 1018 2271 Kalen-

191 2286 269 2327 das
296 2286 416 2337 Maii,
448 2298 562 2326 anno
595 2284 757 2326 Christi
787 2285 1018 2327 millesimo

191 2342 514 2393 septuagesimo
529 2340 671 2390 tertio,
690 2341 893 2382 Summus
908 2342 1018 2382 Pon-

191 2397 299 2437 tifex
326 2397 508 2446 electus,
549 2396 663 2438 sicut
692 2396 759 2438 sol
787 2396 949 2438 effalsit
976 2398 1019 2438 in

193 2451 325 2493 domo
353 2453 451 2502 Dei3
482 2465 584 2493 nam
615 2457 775 2504 potens
809 2455 942 2504 opere
977 2459 1020 2495 et

193 2510 410 2557 sermone,
439 2508 751 2549 ecclesiasticae
776 2507 1020 2561 disciplinae

193 2563 470 2614 reparandae,
499 2564 602 2605 fidei
626 2564 945 2616 propagandae,
973 2565 1019 2605 li-

191 2617 355 2658 bertati
379 2618 590 2659 Ecclesiae
619 2619 921 2669 restituendae,
951 2632 1020 2661 ex-

193 2672 429 2725 stirpandis
447 2674 686 2724 erroribus,
699 2680 743 2717 et
757 2675 1021 2727 corruptelis

526 181 594 213 Die
619 180 670 212 25.
696 180 795 219 Maii.
844 179 878 211 S.
904 177 1082 217 (ira-gorii
1108 176 1189 209 VII.
1213 176 1331 218 Papae
1359 180 1394 208 ct
1420 173 1529 207 Conf.

1059 271 1184 308 tanto
1210 265 1358 308 stadio
1382 266 1595 314 incabuit‚
1623 271 1672 307 ut
1697 279 1752 307 ex
1771 266 1890 319 Apo-

1061 322 1275 364 stolorum
1301 325 1432 364 aetate
1459 322 1604 363 nullus
1629 322 1892 364 Pontificum

1061 380 1194 420 fuisse
1225 377 1443 428 tradatur,
1482 379 1559 431 qui
1589 380 1778 429 maiores
1809 390 1892 430 pro

1060 434 1258 476 Ecclesia
1275 434 1358 475 Dei
1374 434 1560 483 labores,
1578 434 1895 486 molestiasque

1061 491 1310 544 pertinent,
1341 495 1416 531 aut
1442 490 1516 542 qui
1541 503 1624 543 pro
1651 492 1742 542 ejus
1766 490 1894 531 liber·

1060 550 1152 589 tate
1198 547 1342 588 acrius
1383 546 1656 599 pugnaverit.
1712 546 1896 598 Aliquot

1061 604 1313 657 provincias
1333 617 1359 645 a
1378 604 1618 644 simoniaca
1631 602 1732 644 labe
1747 615 1898 655 expur-

1063 661 1193 712 gavit.
1229 661 1395 701 Contra
1414 659 1595 700 Henrici
1614 659 1896 711 imperatoris

1063 717 1223 769 impios
1256 718 1440 757 conatus
1474 715 1600 756 fortis
1636 727 1718 767 per
1751 714 1897 755 omnia

1064 773 1230 815 athleta
1261 770 1509 824 impavidus
1539 771 1798 823 permansit,
1832 783 1896 812 se-

1066 842 1151 881 que
1171 842 1254 882 pro
1270 841 1397 869 muro
1414 828 1563 869 domui
1578 827 1716 883 Israel
1731 829 1897 879 ponere

1066 898 1154 927 non
1173 885 1331 932 timuit,
1355 897 1406 925 ac
1432 883 1637 925 eamdem
1655 884 1898 924 Henricum

1065 942 1107 981 in
1127 939 1396 993 profandum
1411 940 1626 981 malorum
1640 939 1898 993 prolapsum

1065 997 1260 1039 fidelium
1302 997 1627 1045 communione,
1671 998 1898 1047 regnoque

1066 1053 1272 1105 privavit,
1305 1058 1437 1104 atque
1471 1051 1672 1093 subditos
1705 1051 1898 1104 populos

1066 1109 1154 1151 fide
1174 1109 1213 1150 ei
1234 1108 1336 1150 data
1355 1108 1570 1150 liberavit.

1118 1179 1169 1230 Rv.
1200 1178 1335 1219 Posui
1368 1177 1632 1228 adjutorium
1661 1189 1794 1228 super
1821 1189 1899 1229 po-

1065 1237 1242 1283 tentem,
1263 1238 1307 1275 et
1326 1233 1515 1274 exaltavi
1535 1232 1723 1274 electum
1738 1232 1794 1274 de
1808 1232 1898 1285 ple—

1066 1291 1121 1332 be
1149 1303 1261 1331 mea:
1280 1291 1303 1313 *
1326 1290 1482 1330 Manus
1511 1289 1626 1330 enim
1653 1301 1752 1330 mea
1779 1288 1897 1329 auxi-

1066 1346 1243 1388 liabitur
1263 1346 1319 1395 ei,
1344 1345 1526 1397 alleluja.
1562 1340 1612 1391 V.
1642 1345 1796 1386 Inveni
1813 1344 1899 1385 Da-

1067 1403 1141 1444 vid
1157 1415 1333 1443 servum
1347 1414 1505 1451 meum,
1521 1401 1621 1442 oleo
1635 1406 1787 1442 sancto
1797 1413 1899 1442 meo

1066 1459 1172 1499 unxi
1191 1471 1301 1499 eum.
1330 1458 1486 1499 Manus
1507 1457 1633 1498 enim.

1370 1549 1523 1589 Lectio
1545 1548 1598 1588 vi.

1070 1615 1228 1720 Dum
1243 1613 1479 1653 Missarum
1495 1611 1708 1652 solemnia
1721 1614 1901 1664 perage-

1163 1675 1241 1719 ret,
1263 1669 1357 1710 visa
1377 1672 1445 1709 est
1464 1668 1569 1709 viris
1589 1668 1676 1720 piis
1696 1667 1902 1710 columba

1069 1740 1092 1768 e
1103 1726 1218 1768 coelo
1230 1725 1424 1777 delapsa,
1439 1724 1623 1765 humero
1638 1724 1730 1775 ejus
1742 1722 1900 1765 dextro

1067 1782 1282 1832 insidens,
1319 1781 1399 1822 alis
1427 1779 1620 1822 extensis
1647 1783 1782 1832 caput
1809 1780 1901 1831 ejus

1068 1838 1227 1886 velare,
1251 1850 1339 1889 quo
1359 1835 1654 1886 significatum
1671 1840 1750 1885 est,
1769 1835 1901 1888 Spiri-

1068 1900 1140 1936 tus
1176 1894 1317 1935 sancti
1352 1893 1522 1941 afflatu,
1566 1904 1655 1933 non
1697 1891 1902 1933 humanae

1069 1950 1316 2003 prudentiae
1346 1948 1592 1990 rationibus
1622 1948 1768 2000 ipsum
1801 1947 1903 1989 duci

1069 2007 1112 2047 in
1131 2006 1345 2047 Ecclesiae
1363 2004 1586 2055 regimine.
1621 2004 1731 2046 Cum
1751 2003 1806 2045 ab
1826 2004 1903 2045 ini-

1072 2063 1146 2115 qui
1170 2061 1351 2103 Henrici
1381 2060 1577 2102 exercitu
1599 2060 1758 2102 Romae
1781 2062 1903 2111 gravi

1071 2119 1304 2160 obsidione
1339 2118 1628 2170 premeretur,
1665 2116 1903 2158 excitatum

1074 2174 1129 2216 ab
1152 2174 1354 2216 hostibus
1381 2172 1633 2214 incendium
1658 2172 1782 2223 signo
1811 2184 1903 2227 cru-

1073 2231 1136 2272 cis
1164 2230 1383 2272 exstinxit.
1423 2229 1492 2271 De
1525 2230 1617 2281 ejus
1648 2241 1782 2269 manu
1812 2233 1904 2269 tan-

1072 2286 1174 2328 dem
1211 2299 1236 2327 a
1268 2285 1470 2327 Roberto
1505 2282 1905 2326 Guiscardo'duce

1071 2342 1379 2384 Northmanno
1398 2342 1588 2393 ereptus,
1608 2340 1837 2381 Cassinum
1857 2352 1904 2380 se

1072 2398 1271 2448 contulit;
1303 2402 1437 2448 atque
1463 2396 1566 2437 inde
1592 2395 1819 2436 Salernum
1848 2394 1905 2436 ad

1073 2453 1365 2495 dedicandam
1384 2451 1618 2493 ecclesiam
1638 2451 1778 2491 sancti
1796 2447 1907 2491 Mat-.

1072 2510 1178 2551 thaei
1197 2507 1404 2561 Apostoli
1425 2506 1667 2549 contendit-
1696 2506 1806 2547 Cum
1831 2506 1904 2547 ali-

1074 2565 1253 2617 quando
1285 2565 1329 2604 in
1363 2576 1415 2604 ea
1447 2562 1624 2604 civitate
1657 2563 1906 2603 sermonem

1073 2621 1299 2662 habuisset
1335 2618 1393 2660 ad
1430 2617 1661 2671 populum,
1699 2618 1905 2658 aeramnis

1075 2677 1301 2719 confectus
1322 2675 1367 2716 in
1389 2673 1593 2716 morbum
1617 2673 1786 2723 incidit,
1815 2685 1904 2725 quo
