2028 2892
742 178 850 212 Feria
876 180 987 213 tertia
1014 180 1062 214 ad
1086 181 1289 224 Vesperas.

215 268 265 318 V.
303 271 483 312 Salvum
518 272 588 313 fac
622 272 838 324 populum
872 277 996 314 tuum

166 328 375 378 Domine,
427 332 470 369 et
513 328 701 370 benedic
746 329 996 371 haereditati

166 388 265 425 tuae.
305 385 356 435 R.
394 384 451 426 Et
484 398 587 436 rege
622 397 718 435 eos,
757 390 801 426 et
834 386 996 427 extolle

165 439 264 482 illos
291 453 433 492 usque
460 441 505 482 in
530 443 753 482 aeternum.

202 493 263 547 'V
282 501 507 543 Memento
525 502 878 553 congregationis
895 508 995 544 tuae.

162 559 211 610 R.
235 558 378 607 Quam
395 557 639 613 possedisti
660 558 714 599 ab
734 559 872 600 initio.

211 616 261 667 V.
285 618 384 660 Fiat
402 632 491 672 pax
510 619 555 659 in
571 619 735 660 virtute
755 623 840 660 tua.
864 622 913 672 R.
938 621 994 662 Et
1057 652 1060 658 .
1091 615 1157 686 ζ,

165 673 434 716 abundantia
451 675 496 716 in
516 675 712 716 turribus
731 676 831 716 tuis.

211 733 261 784 V.
295 735 482 777 Oremus
506 749 588 789 pro
613 736 817 778 fidelibus
845 737 993 778 defun-

165 791 258 832 ctis.
310 795 359 846 R.
389 792 608 844 Requiem
637 795 848 834 aeternam
877 793 994 835 dona

165 847 227 888 eis
255 848 461 899 Domine,
497 853 540 890 et
574 849 649 890 lux
683 851 898 902 perpetua
931 850 992 891 lu-

163 908 262 945 ceat
290 904 364 945 eis.

212 965 261 1014 V.
277 965 577 1017 Requiescant
587 966 631 1006 in
642 979 763 1018 pace.
774 970 822 1020 R.
838 966 992 1008 Amen.

211 1023 261 1075 V.
292 1026 379 1067 Pro
408 1026 618 1067 fratribus
647 1027 814 1068 nostris
840 1026 992 1068 absen-

161 1081 291 1123 tibus.
331 1086 381 1137 R.
415 1082 572 1124 Salvos
600 1083 670 1124 fae
697 1096 850 1125 servos
878 1088 992 1134 tuos,

161 1138 283 1179 Deus
311 1151 446 1188 meus,
476 1141 706 1192 sperantes
734 1140 779 1180 in
806 1144 862 1181 te.

172 1198 259 1248 V.
281 1199 369 1240 Pro
387 1199 562 1241 afflictis
579 1204 623 1241 et
637 1201 836 1252 captivis.
856 1205 905 1256 R.
924 1201 991 1241 Li-

160 1228 267 1296 bera
295 1268 371 1297 eos
392 1256 515 1297 Deus
539 1256 678 1297 Israel
706 1269 760 1298 ex
788 1257 991 1298 omnibus

159 1311 519 1353 tribulationibus
540 1313 641 1353 suis.

210 1369 260 1421 V.
298 1372 426 1414 Mitte
461 1373 524 1414 eis
556 1373 748 1414 Domine
782 1374 991 1415 auxilium

161 1427 216 1470 de
238 1433 402 1470 saneto.
430 1433 479 1483 R.
500 1430 557 1470 Et
576 1429 631 1470 de
645 1429 751 1470 Sion
764 1431 889 1471 tuere
903 1443 990 1471 eos.

210 1487 260 1539 V.
306 1489 497 1530 Domine
541 1489 701 1531 exaudi
743 1490 989 1531 orationem

159 1557 314 1586 meam.
350 1549 399 1600 R.
428 1545 487 1587 Et
515 1545 680 1587 clamor
707 1559 831 1587 meus
860 1546 917 1588 ad
945 1551 989 1588 te

158 1601 316 1642 veniat.

200 1675 350 1711 Deinde
376 1677 516 1711 dicitur

211 1735 279 1775 Ps.
299 1736 371 1775 50.
399 1732 622 1774 Miserere.
649 1743 693 1777 ut
714 1751 856 1790 supra.
878 1734 944 1775 52-

200 1805 329 1839 Finito
351 1805 518 1843 Psalmo.
545 1805 686 1840 dieitur

208 1860 258 1911 V.
287 1861 479 1904 Domine
501 1863 622 1904 Deus
645 1863 859 1905 virtutum
888 1876 988 1904 eon-

157 1918 281 1958 verte
308 1930 401 1959 nos.
455 1923 504 1973 R
532 1919 590 1960 Et
619 1919 804 1961 ostende
831 1920 988 1961 faciem

157 1977 288 2022 tuam,
318 1978 362 2015 et
380 1974 491 2016 salvi
510 1975 683 2016 erimus.

208 2029 257 2081 V.
286 2033 487 2087 Exsurge
510 2035 694 2086 Christe,
718 2036 876 2089 adjuva
894 2049 986 2078 nos.

156 2091 206 2141 R.
241 2089 299 2130 Et
328 2090 468 2132 libera
500 2105 581 2134 nos
614 2097 798 2145 propter
827 2105 987 2134 nomen

156 2149 292 2186 tuum.

207 2206 256 2255 V.
277 2207 375 2248 Dfie
391 2208 551 2250 exaudi
569 2209 815 2250 orationem
834 2222 986 2250 meam.

156 2265 204 2316 R.
234 2262 292 2303 Et
311 2262 478 2304 clamor
496 2277 619 2306 meus
640 2265 697 2306 ad
716 2270 761 2306 te
780 2265 936 2306 veniat.

207 2322 256 2371 V.
291 2323 508 2365 Dominus
546 2325 786 2366 vobiscum.
839 2329 888 2379 R.
929 2326 986 2366 Et

157 2390 256 2419 cum
283 2379 442 2430 spiritu
469 2385 557 2422 tuo.

209 2460 358 2494 Oratio.
397 2461 552 2503 quando
586 2462 743 2504 propria
780 2471 852 2495 uon
888 2461 981 2494 assi-

153 2512 305 2549 gnatur.
342 2509 482 2542 dieitur
511 2509 557 2542 de
590 2509 697 2543 Dom.
731 2509 908 2551 praeeed..
944 2514 981 2542 ut

153 2555 316 2590 habetur
343 2556 380 2590 in
404 2556 568 2599 Proprio
594 2557 640 2590 de
667 2557 866 2599 Tempore.

413 2639 623 2667 .--DQ

1099 295 1248 337 Feria
1275 297 1433 340 tertia
1462 299 1528 339 ad
1553 299 1819 350 vesperas.

1100 367 1198 407 Ant.
1234 368 1281 407 In
1301 365 1480 408 domum
1498 368 1686 410 Domini.

1100 436 1252 488 Temp.
1281 438 1488 479 Paschali.
1517 441 1613 480 Ant.
1647 437 1839 489 Alleluja.

1315 508 1510 548 Psalmus
1532 511 1606 549 121.

1059 568 1150 619 232¹,
1166 567 1323 607 aetatus
1344 579 1439 607 sum
1456 566 1499 606 in
1519 566 1602 616 his,
1632 580 1731 618 quae
1751 566 1870 608 dieta

1183 627 1284 663 sunt
1311 623 1431 663 mihi:
1455 623 1479 648 *
1504 624 1546 663 in
1580 623 1756 664 domum
1782 624 1869 664 Do-

1181 678 1286 719 mini
1304 678 1475 720 ibimus.

1098 733 1272 775 Stantes
1301 740 1424 776 erant
1450 735 1587 787 pedes
1615 735 1765 785 nostri,
1785 736 1870 775 *in

1046 790 1167 831 atriis
1187 791 1274 831 tuis
1293 791 1546 833 Jerusalem.

1097 846 1350 897 Jerusalem,
1370 861 1468 899 quae
1486 848 1728 889 aedificatur
1745 852 1794 889 ut
1813 849 1866 888 ei-

1045 902 1172 943 vitas:
1197 903 1221 928 *
1250 904 1370 955 eujus
1399 905 1678 957 participatio
1708 905 1797 956 eius
1824 904 1868 944 in

1045 958 1246 1010 idipsum.

1096 1015 1208 1056 Illuc
1242 1016 1356 1056 enim
1390 1017 1681 1058 ascenderunt
1714 1015 1867 1065 tribus,

1045 1070 1186 1112 tribus
1210 1071 1405 1113 Domini:
1433 1073 1457 1098 *
1485 1073 1784 1114 testimonium
1806 1073 1867 1112 Is-

1044 1127 1136 1168 rael
1158 1128 1214 1170 ad
1232 1129 1527 1170 confitendum
1546 1130 1711 1170 nomini
1731 1129 1827 1169 Dffi.

1098 1184 1209 1234 Quia
1237 1185 1327 1226 illic
1356 1185 1564 1227 sederunt
1592 1185 1720 1227 sedes
1744 1185 1789 1225 in
1811 1186 1867 1236 ju-

1046 1239 1174 1290 dicio,
1189 1242 1213 1266 *
1227 1241 1356 1283 sedes
1374 1255 1504 1294 super
1521 1241 1699 1283 domum
1713 1240 1867 1282 David.

1097 1297 1270 1348 Rogate
1300 1311 1397 1349 quae
1427 1298 1484 1339 ad
1507 1311 1661 1350 pacem
1683 1302 1782 1338 sunt
1802 1297 1826 1337 J
1829 1310 1867 1337 e-

1046 1353 1250 1394 rusalem:
1265 1354 1288 1379 *
1306 1359 1349 1395 et
1368 1354 1634 1395 abundantia
1654 1353 1867 1405 diligenti-

1045 1409 1126 1450 bus
1144 1414 1206 1450 te:

1095 1465 1194 1506 Fiat
1221 1479 1309 1518 pax
1329 1467 1372 1506 in
1392 1468 1554 1508 virtute
1571 1471 1661 1507 tua:
1681 1467 1703 1492 *
1725 1470 1767 1507 et
1794 1465 1866 1506 ab·

1043 1521 1254 1563 undantia
1273 1523 1316 1563 in
1338 1522 1532 1564 turribus
1550 1523 1648 1563 tuis.

1094 1578 1284 1630 Propter
1303 1579 1459 1620 fratres
1483 1591 1623 1628 meos,
1652 1583 1695 1619 et
1720 1577 1864 1630 proxi-

1042 1646 1139 1674 mos
1155 1647 1290 1685 meos,
1303 1635 1327 1660 *
1341 1635 1555 1686 loquebar
1569 1647 1724 1687 pacem
1739 1633 1793 1675 de
1808 1638 1866 1674 te:

1094 1690 1282 1742 Propter
1305 1690 1484 1732 domum
1499 1691 1676 1732 Domini
1690 1690 1774 1731 Dei
1792 1701 1866 1730 no-

1043 1746 1134 1796 stri,
1154 1747 1177 1772 *
1196 1747 1379 1798 quaesivi
1398 1747 1515 1789 bona
1533 1747 1625 1788 tibi.

1096 1820 1194 1860 Ant.
1232 1819 1280 1857 In
1309 1816 1487 1857 domum
1514 1816 1691 1857 Domini
1718 1816 1864 1857 laetan-

1042 1875 1109 1912 tes
1129 1871 1300 1913 ibimus.

1096 1940 1195 1980 Ant.
1225 1937 1309 1987 Qui
1328 1937 1510 1978 habitas.

1302 2008 1498 2048 psalmus
1527 2010 1605 2047 122.

1113 2067 1142 2109 (1
1168 2073 1213 2109 te
1239 2067 1383 2109 levavi
1411 2068 1563 2108 oculos
1590 2078 1727 2115 meos,
1746 2066 1769 2091 *
1788 2063 1862 2115 qui

1143 2124 1316 2165 habitas
1343 2124 1388 2164 in
1412 2123 1547 2165 coelis.

1091 2181 1207 2222 Eece
1236 2180 1349 2221 sicut
1377 2179 1492 2220 oculi
1517 2179 1757 2226 servorum,
1776 2177 1799 2202 *
1818 2176 1863 2216 in

1038 2236 1240 2278 manibus
1263 2236 1539 2277 dominorum
1555 2235 1742 2281 suorum,

1091 2293 1213 2334 Sicut
1245 2292 1362 2333 oculi
1390 2290 1558 2332 ancillae
1590 2290 1636 2329 in·
1661 2287 1860 2330 manibus

1040 2349 1231 2390 dominae
1259 2361 1366 2388 suae:
1384 2347 1407 2373 *
1426 2347 1487 2387 ita
1511 2345 1627 2386 oculi
1645 2344 1785 2385 nostri
1804 2343 1860 2384 ad

1038 2405 1277 2445 Dominum
1309 2404 1451 2444 Deum
1486 2405 1685 2441 nostrum
1721 2399 1861 2441 donec
1880 2414 1891 2421 ·

1038 2461 1299 2501 misereatur
1317 2457 1466 2499 nostri.

1090 2516 1297 2557 Miserere
1329 2513 1468 2554 nostri
1495 2512 1700 2560 Domine,
1732 2511 1859 2552 mise-

1038 2574 1134 2613 rere
1155 2571 1311 2612 nostri:
1330 2570 1353 2595 *
1372 2569 1473 2620 quia
1493 2567 1677 2608 multum
1699 2566 1857 2618 repleti

994 2621 997 2624 ’
1038 2640 1187 2668 sumus
1208 2625 1507 2677 despectione:

1089 2683 1201 2733 Quia
1227 2681 1411 2723 multum
1439 2679 1607 2733 repleta
1627 2683 1692 2721 est
1715 2679 1859 2721 anima
