2066 2956
753 201 970 234 Gratiarum
995 200 1094 233 actio
1121 205 1208 241 post
1236 199 1402 233 Missam.

222 297 350 333 emnia
374 297 553 340 operetur
574 295 615 331 in
635 295 801 338 laudem,
825 298 863 330 et
886 294 1049 339 gleriam

221 346 387 382 neminis
403 346 470 389 tui,
494 356 581 381 cum
606 345 821 380 humilitate
845 348 882 380 et
906 344 1049 379 discre-

220 398 339 440 ti6ne‚
371 407 457 432 cum
486 395 691 431 dilectiene
721 399 758 430 et
782 394 1049 438 delectatione,

221 457 307 483 cum
330 446 514 481 facilitAte
539 450 576 481 et
595 445 743 488 affectu,
768 455 855 480 cum
870 454 1050 489 perseve-

219 497 344 533 rantia
367 506 490 541 usque
512 496 552 531 in
574 496 704 531 finem:
735 500 772 531 et
794 499 837 531 tu
860 496 915 531 sis
940 496 1049 531 solus

220 558 373 592 semper
403 557 494 592 spes
529 557 631 590 mea,
668 550 751 581 tota
781 546 925 581 fiducia
952 556 1049 590 mea,

221 599 368 634 divitiae
391 608 503 640 meae,
528 597 733 632 delectatio
750 607 853 641 mea,
875 596 1050 641 jucundi-

220 653 280 684 tas
314 658 415 692 mea,
459 647 644 691 gaudium
677 656 820 691 meum,
866 646 977 691 quies
1013 651 1051 682 et

220 698 479 743 tranquillitas
507 707 609 740 mea,
641 707 721 741 pax
744 706 845 740 mea,
876 696 1049 731 suavitas

220 759 320 792 mea,
344 748 443 783 odor
464 757 591 791 meus,
619 747 783 782 dulcedo
806 757 909 790 mea,
939 746 1049 782 cibus

220 808 346 841 meus,
378 797 535 833 refectio
564 807 664 840 mea,
696 796 889 841 refugium
911 807 1050 840 meum,

222 849 407 885 auxilium
428 857 565 890 meum,
589 847 780 891 sapientia
800 857 896 891 mea,
920 847 1049 891 pertio

220 910 320 943 mea,
348 898 549 943 possessio
571 908 670 941 mea,
699 897 906 932 thesaurus
929 907 1049 941 meus,

221 950 261 984 in
290 959 366 994 quo
390 948 484 991 fixa,
518 952 555 982 et
581 947 705 991 firma,
738 951 775 982 et
803 947 1051 983 immobiliter

222 1009 374 1043 semper
396 998 447 1034 sit
466 997 639 1033 radicata
661 1008 769 1033 mens
793 1008 894 1041 mea,
923 1002 960 1033 et
984 1009 1051 1034 eor

221 1062 357 1088 meum.
387 1051 522 1086 Amen.

380 1164 621 1217 Rhythmus
650 1164 691 1204 S.
722 1163 887 1204 Thomae

330 1233 382 1265 ud
415 1242 583 1265 sacram
611 1230 947 1264 [melun-istium.

488 1306 589 1336 Indulg.
610 1308 656 1330 ltu,
672 1306 786 1331 dierum

417 1353 772 1378 11e‹›1’1’.X111.2‹1.1›cc.
793 1355 863 1379 1554.

226 1394 362 1481 Ᾰίότο
384 1398 420 1429 te
445 1394 594 1438 devote,
617 1394 742 1429 latens
765 1393 910 1438 Deitas,

302 1445 397 1487 Quae
421 1444 492 1480 sub
517 1444 579 1479 his
607 1444 740 1489 figuris
764 1454 855 1480 vere
879 1444 1026 1480 latitas:

279 1495 370 1530 Tibi
393 1505 435 1530 se
460 1505 527 1531 cor
549 1505 676 1530 meum
695 1499 819 1530 totum
840 1495 1006 1539 subjicit,

282 1546 380 1588 Quia
403 1550 439 1581 te
464 1545 745 1590 contemplans,
769 1549 892 1581 totum
912 1546 1050 1582 deficit.

226 1610 352 1655 Visus,
374 1615 510 1654 tactus,
533 1615 670 1655 gustus
694 1611 734 1646 in
758 1616 796 1647 te
819 1612 976 1657 fallitur,

282 1661 360 1697 Sed
383 1661 516 1697 auditu
539 1662 625 1698 solo
650 1666 732 1697 tuto
757 1662 934 1698 creditur.

282 1712 408 1748 Credo
438 1712 631 1758 quidquid
654 1712 754 1748 dixit
776 1712 850 1748 Dei
872 1714 1006 1758 Filius,

281 1762 347 1797 Nil
370 1762 446 1798 hoc
468 1762 589 1798 verbo
613 1762 788 1798 veritatis
813 1763 953 1799 verius.

226 1828 269 1863 In
291 1838 402 1863 cruce
425 1828 569 1863 latebat
592 1828 678 1863 sola
700 1828 845 1872 Deitas,

282 1878 334 1913 At
350 1877 414 1913 hic
429 1878 522 1914 latet
537 1878 653 1913 simul
669 1882 706 1914 et
722 1878 958 1914 humanitas:

281 1928 408 1965 Ambo
436 1933 564 1964 tamen
593 1929 769 1974 credens,
800 1934 916 1974 atque
937 1930 1051 1965 cdnfi-

278 2028 375 2064 Peto
399 2029 505 2074 quod
527 1983 665 2074 ἑῑῗίὃῑῖἰῒ
686 2029 785 2065 latro
809 2030 1014 2074 poenitens.

227 2092 375 2137 magas,
397 2093 498 2128 sicut
520 2093 702 2137 Thomas,
726 2104 805 2129 non
828 2094 995 2130 intueor:

281 2143 405 2179 Deum
426 2148 555 2179 tamen
575 2154 702 2179 meum
724 2149 762 2180 te
785 2145 981 2181 confiteor.

280 2194 358 2230 Fac
379 2205 440 2230 me
462 2195 535 2230 tibi
560 2205 712 2239 semper
734 2196 859 2240 magis
884 2196 1050 2240 credere,

280 2244 325 2280 In
346 2249 384 2280 te
407 2255 517 2290 spem
539 2245 692 2290 habere,
715 2250 752 2281 te
777 2246 947 2290 diligere.

227 2310 261 2344 O
281 2312 502 2347 memoriale
525 2312 661 2347 mortis
684 2311 852 2357 Demini,

282 2361 399 2397 Panis
416 2362 531 2398 vivus
546 2363 667 2398 vitam
682 2368 875 2407 praestans
892 2364 1050 2409 hemini,

286 2410 433 2447 Praesta
455 2423 552 2447 meae
574 2413 693 2448 menti
717 2413 765 2449 de
789 2418 827 2449 te
850 2414 992 2459 vivere,

282 2459 330 2496 Et
352 2466 388 2496 te
412 2461 469 2496 illi
493 2472 646 2507 semper
669 2463 780 2499 dulce
805 2466 952 2509 sepere.

231 2525 296 2560 Pie
321 2526 507 2570 pellicane
530 2527 626 2563 Jesu
646 2528 822 2572 Demine,

284 2575 344 2611 Me
362 2576 597 2613 immundum
611 2579 754 2614 munda
765 2584 832 2615 tuo
847 2580 1049 2624 sanguine:

285 2625 403 2670 Cujus
425 2637 503 2661 una
526 2627 630 2662 stilla
654 2629 805 2664 salvum
828 2629 954 2665 fecere

278 2675 419 2712 Totum
445 2678 629 2713 mundum
655 2680 738 2723 quit
762 2680 812 2715 ab
840 2681 945 2716 omni
971 2683 1050 2717 sce-

534 2728 622 2763 lere.

1106 280 1217 337 .1esu‚⁴
1233 303 1348 338 quem
1370 293 1541 329 veletum
1563 303 1665 328 nunc
1689 292 1855 337 aspicio:

1161 344 1238 380 Oro
1262 344 1328 379 fiat
1352 343 1459 388 illud,
1484 343 1591 388 quod
1613 348 1692 379 tam
1715 343 1820 378 sitio:

1160 395 1212 430 Ut
1234 399 1272 430 te
1294 395 1466 430 reveleta
1490 404 1651 430 cernens
1675 393 1785 437 fecie,

1159 444 1258 479 Visu
1282 444 1356 479 sim
1378 445 1515 480 beatus
1538 448 1617 479 tuae
1639 443 1786 488 gldriae.

1426 1745 1458 1785 O
1467 1757 1491 1785 r
1500 1745 1614 1786 atio

1253 1816 1382 1841 coram
1407 1804 1574 1847 imagine
1601 1804 1795 1840 Crucifixi.

1405 1871 1511 1903 Indulg.
1531 1871 1635 1905 plenar.
1691 1910 1693 1913 v

1333 1919 1401 1945 Pius
1422 1918 1469 1945 lX.
1488 1918 1529 1944 31.
1550 1918 1618 1944 Julii
1640 1918 1714 1944 1858.

1108 1973 1183 2050 En
1212 1986 1302 2021 ego,
1336 1987 1359 2012 o
1388 1977 1491 2012 bone
1519 1981 1557 2012 et
1580 1977 1803 2012 dulcissime
1826 1977 1933 2022 Jesu,

1183 2030 1271 2062 ante
1288 2027 1539 2071 conspectum
1558 2031 1667 2062 tuum
1685 2028 1849 2072 genibus
1872 2037 1933 2062 me

1102 2077 1296 2121 provelvo
1323 2087 1368 2112 ac
1391 2077 1561 2112 maximo
1590 2077 1710 2112 animi
1734 2077 1872 2114 ardere
1895 2082 1933 2113 te

1103 2136 1172 2162 oro
1202 2131 1317 2171 atque
1348 2127 1536 2171 obtestor,
1569 2130 1611 2162 ut
1640 2137 1770 2162 meum
1797 2127 1838 2163 in
1867 2137 1935 2164 eor

1102 2177 1258 2212 vividos
1283 2177 1392 2222 fidei,
1417 2177 1504 2222 spei
1527 2181 1565 2212 et
1588 2177 1761 2213 caritatis
1784 2188 1933 2222 sensuS,

1103 2231 1218 2272 atque
1242 2238 1376 2263 veram
1398 2229 1646 2272 peccaterum
1664 2229 1837 2264 meerum
1852 2239 1935 2273 poe-

1102 2277 1318 2321 nitentiam‚
1351 2279 1472 2322 eaque
1502 2278 1734 2313 emendandi
1762 2278 1934 2314 firmissi-

1102 2339 1204 2364 mam
1219 2328 1458 2364 voluntatem
1474 2328 1574 2364 velis
1591 2329 1824 2373 imprImere:
1842 2329 1934 2364 dum

1102 2389 1243 2423 magno
1259 2379 1378 2414 animi
1391 2378 1529 2414 affectu
1543 2383 1581 2414 et
1596 2379 1730 2414 dolere
1745 2383 1812 2415 tua
1824 2380 1933 2425 quin-

1103 2440 1177 2474 que
1193 2429 1355 2464 Vlilnera
1375 2439 1526 2464 mecum
1541 2429 1627 2473 ipse
1642 2430 1863 2474 considero,
1888 2441 1934 2466 ac

1101 2483 1228 2515 mente
1245 2479 1496 2523 contemplor,
1514 2479 1612 2514 illud
1627 2489 1710 2523 prae
1727 2479 1851 2515 deuiis
1866 2480 1933 2514 ha-

1101 2529 1209 2572 bens,
1229 2528 1335 2573 quod
1351 2529 1428 2573 iam
1444 2529 1484 2563 in
1501 2538 1567 2564 ore
1583 2529 1754 2572 ponebat
1770 2539 1841 2564 suo
1858 2529 1933 2564 Da—

1102 2579 1171 2614 vid
1191 2579 1387 2624 Propheta
1411 2579 1458 2614 de
1483 2583 1535 2623 te,
1559 2589 1583 2614 o
1607 2579 1709 2615 bone
1725 2579 1836 2616 Jesu:
1860 2580 1933 2616 Fo-

1103 2629 1240 2664 derunt
1255 2639 1393 2664 manus
1410 2639 1516 2664 meas
1534 2633 1571 2664 et
1585 2629 1707 2673 pedes
1724 2640 1848 2666 meos:
1868 2630 1934 2666 Di-

1102 2681 1401 2716 numeraverunt
1421 2681 1550 2716 emnia
1567 2689 1659 2715 ossa
1675 2690 1771 2716 mea.
1803 2679 1866 2715 Ps.
1882 2678 1934 2715 21.
