2028 2892
721 180 725 185 .
755 156 925 190 Sabbato
951 157 1001 190 ad
1022 156 1259 191 Matutinum.

199 252 304 310 ‘Ant
346 247 459 298 Quia
498 246 715 288 mirabilia
750 247 853 288 fecit
890 248 977 288 Do-

150 315 304 343 mIUUS.

199 376 372 420 Sequens
412 376 498 410 Ant.
540 381 575 410 et
614 376 674 410 Ps.
711 376 879 411 Jubilate
920 379 982 413 hic

151 424 466 468 praetermittitur,
486 424 641 467 quando
657 424 796 458 dicitur
810 425 845 458 in
866 426 980 459 Laud.

152 476 192 506 ut
217 472 254 505 in
278 472 476 513 Sabbatis‚
511 472 549 505 in
577 472 717 514 quibus
740 472 779 505 fit
804 472 908 507 Offie.
934 474 981 508 dc

152 519 186 554 S.
213 519 345 562 Maria,
369 524 405 554 et
430 520 511 560 cius
538 519 624 553 loco
650 519 791 553 dicitur

204 574 303 616 Ant.
321 580 363 616 et
382 576 447 615 Ps.
467 576 641 614 Bonum
657 579 723 615 est
739 574 761 599 *
778 575 978 615 confiteri

149 630 353 671 Demino.
372 637 419 671 ut
438 631 559 671 infra.

206 703 304 740 Ant.
335 699 533 740 Jubilate.

425 768 624 808 Psalmus
644 770 710 808 99.

152 825 388 932 Jubilate
406 828 503 869 Deo
529 828 671 869 omnis
696 832 828 868 terra:
847 828 870 853 *
891 841 978 868 ser-

235 888 325 927 vite
343 884 536 926 Demino
556 884 600 923 in
619 883 782 924 laetitia.

200 947 388 988 Introite
417 945 461 985 in
490 948 731 998 conspectu
761 945 866 996 ejus,
890 946 978 985 *in

150 1002 454 1044 exsultatiOne.

201 1063 369 1104 Scitote
398 1063 606 1115 queniam
633 1062 849 1103 Dominus
883 1062 979 1114 ipse

150 1123 218 1160 est
236 1119 376 1160 Deus:
395 1120 418 1145 *
438 1120 534 1172 ipse
562 1119 665 1160 fecit
692 1131 789 1168 nOS‚
818 1123 862 1159 et
890 1130 978 1158 non

149 1188 235 1227 1psi
254 1187 351 1216 nos:

200 1235 398 1288 Populus
436 1236 547 1287 ejus,
584 1240 628 1276 et
666 1247 772 1275 oves
800 1236 978 1286 pascuae

151 1292 255 1343 ejus:
274 1292 495 1333 *introite
518 1297 673 1344 portas
697 1292 787 1343 ejus
815 1290 858 1330 in
878 1302 977 1331 con-

149 1347 351 1396 fessione,
371 1348 482 1388 atria
503 1348 594 1399 ejus
613 1347 658 1387 in
672 1347 859 1399 hymnis:
879 1359 977 1387 con-

148 1403 332 1444 fitemini
351 1402 425 1444 illi.

201 1462 401 1504 Laudate
434 1475 594 1504 nomen
629 1464 735 1514 ejus:
771 1462 978 1513 queniam

149 1520 296 1561 suavis
325 1524 392 1560 est
419 1519 652 1568 DOminus,
686 1519 731 1559 in
763 1520 978 1559 aeternum

149 1574 453 1616 misericordia
467 1575 569 1626 ejus,
584 1575 607 1600 *
622 1580 665 1616 et
686 1587 826 1626 usque
844 1575 889 1615 in
907 1587 977 1625 ge-

149 1631 424 1673 neratis'mem
448 1636 491 1672 et
514 1631 844 1682 generationem
868 1631 976 1671 veri-

149 1691 218 1728 tas
240 1687 341 1739 ejus.

377 1760 461 1800 Vel
482 1760 683 1800 Psalmus
702 1760 759 1798 91.

153 1814 373 1919 Bonum
391 1820 458 1857 est
491 1815 690 1857 confiteri
718 1815 926 1856 Demino:
954 1815 977 1840 *

251 1877 294 1914 et
320 1872 511 1925 psallere
545 1872 712 1913 nomini
739 1876 816 1912 tuo
845 1871 976 1912 Altis-

150 1941 268 1970 sime.

200 1984 274 2026 Ad
293 1984 640 2026 annuntiandum
664 1997 792 2024 mane
810 1984 976 2024 miseri—

150 2040 348 2082 cordiam
362 2045 498 2082 tuam:
514 2041 537 2066 *
554 2045 596 2081 et
612 2040 842 2081 veritatem
855 2044 976 2080 tuam

148 2109 229 2148 per
248 2101 435 2138 noctem.

201 2153 252 2193 In
272 2152 569 2201 decach6rdo,
588 2151 815 2204 psalterio:
834 2151 857 2177 *
877 2163 976 2192 cum

150 2209 334 2258 cantico,
353 2208 398 2248 in
415 2207 592 2249 cithara.

201 2265 314 2314 Quia
347 2264 578 2305 delectasti
611 2276 682 2304 me
709 2263 898 2303 Domine
931 2263 976 2302 in

149 2321 318 2362 factura
345 2326 436 2361 tua:
463 2320 487 2345 *
515 2324 559 2360 et
583 2320 626 2359 in
653 2318 861 2371 operibus
888 2320 975 2358 ma-

149 2390 283 2417 nuum
301 2379 475 2418 tuarum
496 2374 737 2416 exsultabo.

202 2433 342 2483 Quam
381 2431 659 2482 magnificata
698 2435 800 2470 sunt
841 2431 975 2480 Opera

149 2493 225 2529 tua
244 2487 448 2529 Domine!
468 2488 491 2513 *
511 2487 640 2527 nimis
666 2484 897 2538 profundae
916 2485 974 2525 fa-

150 2548 234 2585 etae
253 2549 354 2585 sunt
374 2543 666 2594 cogitationes
686 2546 790 2582 tuae:

201 2600 282 2641 Vir
311 2600 522 2651 insipiens
549 2610 638 2638 non
670 2598 923 2647 cognescet:
949 2596 997 2625 *‹

151 2661 194 2696 et
213 2656 374 2697 stultus
393 2668 481 2696 non
500 2653 713 2704 intelliget
731 2652 836 2692 haec.

1810 154 1854 189 95

1081 247 1190 287 Cum
1225 248 1366 288 exorti
1402 248 1561 289 fuerint
1595 251 1852 300 peccatores

1029 303 1142 344 sieut
1171 303 1349 343 foenum:
1378 304 1399 328 *
1428 308 1470 344 et
1498 305 1781 356 apparuerint
1809 318 1852 346 o-

1029 372 1172 407 mnes,
1201 359 1274 410 qui
1301 361 1539 411 operantur
1562 361 1853 411 iniquitatem:

1081 415 1140 456 Ut
1159 415 1376 456 intereant
1395 415 1438 455 in
1461 416 1667 456 saeculum
1689 417 1853 457 saeculi:

1029 472 1052 497 *
1072 476 1119 511 tu
1141 476 1287 512 autem
1309 471 1560 512 Altissimus
1581 472 1623 512 in
1641 474 1852 513 aeternum

1030 527 1228 568 Domine.

1083 583 1299 633 Quoniam
1319 595 1421 623 ecce
1441 583 1602 623 inimici
1622 584 1685 624 tui
1706 584 1852 624 Domi-

1030 653 1102 688 ne,
1132 639 1339 690 queniam
1365 651 1467 679 ecce
1490 639 1650 680 inimici
1670 640 1734 680 tui
1758 652 1852 691 per-

1031 695 1172 736 ibunt:
1210 695 1233 720 *
1268 700 1311 736 et
1344 694 1648 747 dispergentur
1685 707 1852 744 omnes,

1032 752 1106 802 qui
1126 753 1364 803 operantur
1383 751 1668 802 iniquitatem.

1082 807 1139 848 Et
1175 806 1440 847 exaltabitur
1484 807 1595 847 sicut
1631 807 1852 847 uniCOrnis

1032 876 1168 904 cornu
1187 875 1347 903 meum:
1366 863 1388 887 *
1410 868 1453 903 et
1473 864 1673 904 senectus
1693 876 1789 904 mea
1810 863 1852 902 in

1031 918 1333 960 misericordia
1351 918 1485 959 uberi.

1083 975 1138 1015 Et
1167 974 1367 1026 despexit
1396 974 1547 1015 oculus
1574 987 1696 1015 meus
1718 974 1853 1014 ininn'-

1032 1043 1108 1071 cos
1132 1043 1269 1071 meos:
1288 1031 1311 1055 *
1331 1035 1374 1071 et
1398 1031 1442 1070 in
1465 1030 1787 1081 insurgentibus
1811 1031 1852 1070 in

1031 1099 1101 1127 me
1145 1086 1483 1137 malignantibus
1534 1085 1682 1127 aiidiet
1736 1086 1852 1126 auris

1031 1155 1138 1183 mea.

1082 1200 1106 1239 J
1108 1204 1243 1248 ustus,
1263 1203 1310 1239 ut
1329 1198 1473 1250 palma
1494 1198 1683 1239 florebit:
1700 1200 1723 1225 *
1741 1198 1853 1239 sicut

1031 1256 1189 1297 cedrus
1209 1255 1364 1296 Libani
1383 1254 1754 1306 multiplicabitur.

1082 1311 1274 1353 Plantati
1301 1311 1344 1350 in
1374 1310 1505 1351 domo
1534 1311 1730 1359 Demini,
1759 1311 1781 1337 *
1809 1310 1852 1350 in

1031 1368 1153 1408 atriis
1173 1367 1331 1408 domus
1352 1366 1433 1407 Dei
1458 1365 1598 1406 nostri
1624 1366 1852 1406 florebunt.

1081 1423 1241 1464 Adhuc
1270 1421 1675 1473 multiplicabuntur
1708 1422 1751 1461 in
1789 1434 1851 1462 se-

1029 1481 1156 1520 necta
1191 1478 1334 1519 uberi:
1361 1479 1385 1504 *
1414 1482 1457 1518 et
1489 1477 1600 1518 bene
1635 1477 1851 1528 patientes

1031 1539 1167 1584 erunt,
1186 1539 1234 1575 ut
1254 1533 1524 1575 annuntient:

1082 1591 1299 1640 Quoniam
1327 1594 1472 1630 rectus
1496 1589 1709 1629 Dominus
1730 1588 1851 1628 Deus

1030 1652 1197 1688 noster:
1211 1648 1235 1673 *
1250 1651 1293 1687 et
1313 1657 1402 1686 non
1421 1650 1488 1686 est
1507 1644 1713 1696 iniquitas
1728 1644 1771 1684 in
1787 1656 1850 1684 eo.

1290 1720 1488 1760 Psalmus
1511 1721 1605 1759 loo.

1035 1781 1453 1886 Misericordiam,
1500 1791 1543 1827 et
1578 1785 1783 1837 judicium
1827 1786 1850 1811 *

1158 1843 1345 1885 cantabo
1374 1842 1455 1883 tibi
1482 1841 1685 1882 Demine:

1080 1904 1282 1953 Psallam,
1305 1908 1348 1944 et
1367 1902 1606 1953 intelligam
1625 1901 1668 1941 in
1687 1902 1756 1942 via
1775 1901 1848 1941 im-

1029 1961 1257 2009 maculata,
1275 1961 1298 1986 *
1319 1957 1495 2010 quando
1519 1957 1666 1998 venies
1695 1956 1751 1997 ad
1770 1969 1848 1997 me.

1080 2017 1848 2062 perambulabamininnoeentiacor-

1030 2077 1098 2119 dis
1118 2076 1215 2125 mei,
1232 2077 1256 2103 *
1274 2077 1319 2115 in
1338 2072 1483 2114 medio
1502 2072 1655 2113 domus
1674 2084 1794 2112 meae.

1079 2137 1181 2177 Non
1217 2132 1520 2188 proponebam
1557 2136 1657 2172 ante
1697 2130 1847 2171 oculos

1028 2205 1152 2234 meos
1194 2205 1287 2232 rem
1328 2189 1546 2240 injustam:
1582 2189 1605 2214 *
1638 2187 1847 2227 facientes

1028 2247 1413 2301 praevaricationes
1441 2244 1569 2285 odivi.

1078 2309 1180 2349 Non
1208 2307 1395 2348 adhaesit
1421 2305 1525 2346 mihi
1551 2315 1628 2344 cor
1651 2314 1848 2354 pravum:

1028 2366 1051 2391 *
1067 2363 1358 2405 declinantem
1376 2375 1401 2402 a
1418 2373 1488 2402 me
1506 2358 1742 2409 malignum
1761 2370 1847 2398 non

1028 2418 1360 2471 cognoscebam.

1080 2478 1393 2520 Detrahentem
1435 2476 1604 2515 secreto
1643 2473 1845 2525 pr6ximo

1027 2548 1119 2585 suo,
1146 2537 1170 2562 *
1197 2534 1310 2574 hunc
1337 2529 1642 2583 persequebar.

1078 2593 1276 2646 Superbo
1322 2590 1471 2639 oculo,
1522 2594 1566 2630 et
1610 2587 1845 2629 insatiabili

1026 2649 1170 2698 corde,
1194 2650 1217 2675 *
1245 2659 1343 2688 cum
1370 2645 1455 2686 hoe
1482 2657 1570 2686 non
1599 2644 1792 2686 edebam.
