2066 2956
843 206 1006 241 Litaniae
1030 205 1268 240 Sanctorum.

202 310 242 349 A
271 309 498 350 subitanea
529 312 572 349 et
603 307 844 360 improvisa
874 311 1027 356 morte,

252 365 390 406 libera
408 378 489 406 nos
507 364 705 406 Domine.

202 422 271 463 Ab
290 421 459 463 insidiis
478 420 654 470 diaboli,
879 419 1028 461 libera.

200 478 270 520 Ab
290 479 371 528 ira,
398 483 441 520 et
465 477 584 528 odio,
610 483 654 519 et
679 477 798 519 omni
820 476 935 518 mala
953 489 1026 517 vo-

251 535 430 585 luntate,
878 532 1027 574 libera.

200 591 241 632 A
260 592 415 645 spiritu
435 590 743 639 fomicatffinis,
877 588 1026 630 libera.

201 648 240 688 A
260 648 429 699 fulgure
449 654 493 690 et
511 649 786 700 tempestate,
878 645 1027 687 libera.

201 706 241 746 A
260 705 434 756 flagello
453 705 742 752 terraemotuS,
879 702 1028 744 libera.

200 761 241 802 A
260 767 396 814 peste,
417 761 529 803 fame
549 765 593 802 et
611 759 739 810 bello,
878 758 1027 800 libera.

201 818 241 858 A
260 823 401 860 morte
420 819 646 871 perpetua,
879 815 1028 857 libera.

199 875 284 916 Per
302 874 557 926 mysterium
579 876 744 914 sanctae
763 872 1027 914 Incarnatio-

251 932 317 972 nis
335 936 434 981 tuae,
879 928 1028 970 libera.

200 989 285 1030 Per
303 988 540 1030 adventum
558 991 691 1036 tuum,
879 985 1027 1027 libera.

200 1046 284 1086 Per
303 1045 574 1087 nativitatem
594 1048 725 1092 tuam,
880 1041 1028 1083 libera.

200 1102 284 1143 Per
322 1101 587 1154 baptismum
625 1105 668 1141 et
700 1103 898 1140 sanctum
928 1099 1027 1150 jeju-

251 1159 371 1200 nium
388 1163 522 1207 tuum,
878 1155 1027 1196 libera.

199 1216 283 1256 Per
297 1228 470 1256 crucem
487 1220 530 1256 et
542 1213 794 1267 passionem
808 1218 939 1262 tuam,
956 1211 1028 1253 lib.

200 1272 284 1313 Per
302 1277 489 1313 mortem
508 1276 552 1312 et
571 1269 842 1322 sepulturam
858 1275 989 1318 tuam,

270 1349 274 1351 ·
879 1325 1028 1368 libera.

200 1386 283 1427 Per
301 1390 495 1426 sanctam
514 1384 880 1425 resurrectiOnem
898 1387 1029 1431 tuam,

879 1439 1029 1480 libera.

200 1499 285 1540 Per
313 1497 615 1540 admirabilem
640 1497 942 1538 ascensionem
965 1500 1029 1537 tu-

253 1568 333 1604 am,
880 1553 1029 1594 libera.

200 1613 285 1653 Per
310 1611 545 1654 adventum
571 1611 759 1664 Spiritus
788 1610 927 1652 sancti
950 1610 1028 1651 Pa-

253 1669 405 1719 racliti,
880 1666 1029 1708 libera.

202 1726 253 1766 In
271 1725 342 1769 die
362 1725 520 1778 judicii,
882 1723 1030 1764 libera.

202 1783 475 1832 Peccatores,
493 1787 537 1823 te
556 1783 761 1831 rogamus
782 1779 885 1821 audi
901 1792 993 1820 nos.

202 1839 261 1881 Ut
284 1838 411 1880 nobis
430 1852 604 1891 parcas,
628 1843 672 1880 te
698 1839 903 1888 rogamus
925 1835 1027 1877 audi

254 1908 347 1937 nos.

203 1952 262 1994 Ut
297 1952 425 1994 nobis
461 1951 703 2003 indulgeas,
744 1955 789 1992 te
825 1951 1031 2001 rogamus

255 2009 356 2051 audi
380 2021 472 2050 nos.

204 2066 262 2107 Ut
281 2066 339 2108 ad
352 2078 502 2108 veram
521 2063 826 2118 poenitentiam
839 2075 920 2104 nos
935 2075 1030 2115 per-

255 2122 416 2165 ducere
467 2122 674 2173 digneris,
729 2125 772 2162 te
824 2122 1031 2171 rogamus

256 2179 358 2222 audi
376 2192 470 2221 nos.

208 2236 264 2277 Ut
299 2236 541 2278 Ecclesiam
578 2239 698 2276 tuam
734 2238 929 2274 sanctam
967 2234 1030 2273 re-

255 2306 359 2343 gere
389 2299 432 2335 et
460 2293 721 2334 conservare
747 2289 956 2340 digneris,
988 2294 1032 2331 te

258 2351 462 2399 rogamus
482 2347 584 2390 audi
603 2360 695 2388 nos.

206 2405 263 2446 Ut
279 2405 485 2447 domnum
500 2403 807 2457 Apostoficum
823 2407 867 2444 et
882 2415 1032 2443 omnes

259 2462 581 2504 ecclesiasticos
609 2459 787 2502 ordines
812 2459 855 2499 in
884 2464 1034 2500 sancta

259 2518 466 2569 religione
487 2518 748 2560 conservare
769 2514 971 2567 digneris,
990 2521 1033 2557 te

260 2577 464 2625 rogamus
484 2574 587 2616 audi
605 2586 698 2614 nos.

209 2629 267 2670 Ut
294 2629 492 2672 inimicos
526 2635 690 2672 sanctae
718 2627 930 2670 Ecclesiae
958 2627 1033 2668 hu·

259 2685 425 2727 miliare
476 2686 680 2738 digneris,
737 2690 781 2726 te
830 2686 1034 2735 rogamus

261 2742 362 2784 audi
381 2756 471 2784 nos.

1080 306 1139 348 Ut
1156 306 1332 357 regibus
1357 311 1400 348 et
1418 306 1690 360 principibus
1710 306 1905 349 christia-

1133 363 1199 404 nis
1218 375 1374 416 pacem
1393 369 1437 405 et
1455 376 1604 405 veram
1625 363 1907 406 concordiam

1132 418 1298 461 donare
1348 418 1554 471 digneriS,
1609 424 1654 462 te
1702 421 1908 471 rogamus

1132 475 1234 518 audi
1251 489 1344 518 nos.

1079 537 1139 579 Ut
1171 542 1339 579 cuncto-
1361 536 1529 590 pOpulo
1561 536 1802 579 christiano
1833 550 1907 590 pa-

1132 606 1227 635 cem
1247 598 1290 636 et
1308 594 1523 635 unitatem
1539 593 1687 644 largiri
1706 593 1908 645 digneris,

1131 655 1175 692 te
1194 652 1400 701 rogamus
1419 649 1522 691 audi
1539 662 1632 691 nos.

1081 712 1140 754 Ut
1162 714 1459 764 nosmetipsos
1484 711 1527 751 in
1546 715 1624 752 tuo
1649 715 1801 752 sancto
1821 723 1907 753 ser-

1133 769 1239 810 vitio
1278 768 1527 810 confortare
1565 772 1610 809 et
1647 769 1908 809 conservare

1133 824 1339 877 digneris,
1358 830 1402 867 te
1422 826 1627 876 rogamus
1646 823 1747 866 audi
1766 836 1857 866 nos.

1081 886 1140 928 Ut
1157 891 1326 928 mentes
1345 891 1520 927 nostras
1543 885 1600 928 ad
1619 885 1817 928 coelestia
1836 885 1907 928 de-

1133 942 1294 985 sideria
1319 943 1476 993 erigas,
1504 947 1549 984 te
1575 945 1781 994 rogamus
1807 941 1910 984 audi

1133 1013 1226 1042 nos.

1080 1061 1139 1103 Ut
1159 1061 1361 1102 omnibus
1376 1060 1732 1102 benefactoribus
1746 1060 1908 1102 nostris

1133 1118 1399 1170 sempiterna
1434 1117 1551 1159 bona
1589 1117 1823 1167 retribuas,
1863 1121 1909 1159 te

1133 1177 1339 1226 rogamus
1358 1173 1462 1216 audi
1479 1187 1572 1215 nos,

1080 1235 1139 1277 Ut
1171 1235 1337 1276 animas
1361 1239 1550 1284 nostras,
1581 1234 1779 1284 fratrum,
1810 1247 1909 1288 pro-

1132 1292 1399 1345 pinquorum
1418 1296 1462 1333 et
1484 1290 1815 1333 benefactorum
1833 1304 1908 1333 no-

1134 1350 1326 1390 strorum
1356 1347 1411 1390 ab
1439 1348 1604 1389 aeterna
1629 1346 1909 1390 damnatiOne

1134 1405 1306 1458 eripias,
1329 1410 1373 1446 te
1393 1406 1599 1456 rogamus
1619 1402 1722 1445 audi
1739 1417 1832 1446 nos.

1081 1467 1140 1509 Ut
1171 1466 1339 1507 fructus
1371 1470 1502 1507 terrae
1530 1463 1637 1506 dare
1665 1469 1709 1507 et
1737 1477 1910 1507 conser-

1134 1524 1238 1564 vare
1268 1522 1476 1573 digneris,
1503 1526 1547 1563 te
1573 1523 1780 1573 rogamus
1808 1521 1911 1564 audi

1133 1592 1227 1621 nos.

1083 1642 1142 1684 Ut
1161 1639 1364 1683 Omnibus
1387 1639 1590 1682 fidelibus
1610 1638 1827 1682 defunctis
1846 1641 1910 1682 re-

1136 1698 1281 1751 quiem
1299 1698 1508 1739 aeternam
1524 1696 1691 1739 donare
1707 1695 1911 1748 digneris,

1134 1759 1179 1796 te
1198 1756 1404 1806 rogamus
1424 1753 1527 1795 audi
1543 1766 1636 1795 nos.

1086 1817 1142 1859 Ut
1160 1829 1243 1858 nos
1263 1814 1471 1858 exaudire
1491 1813 1697 1866 digneris,
1722 1818 1768 1856 te
1786 1815 1910 1865 roga-

1134 1886 1231 1914 mus
1251 1871 1354 1914 audi
1371 1884 1463 1913 nos.

1084 1933 1167 1974 Fili
1184 1933 1278 1983 Dei,
1298 1937 1342 1974 te
1361 1933 1569 1983 rogamus
1591 1931 1693 1973 audi
1710 1943 1803 1972 nos.

1084 1999 1237 2050 Agnus
1282 1997 1384 2047 Dei,
1436 1997 1511 2049 qui
1559 1996 1678 2038 tollis
1726 1997 1912 2050 peccata

1135 2054 1297 2105 mundi,
1317 2065 1450 2107 parce
1468 2053 1596 2096 nobis
1616 2053 1816 2095 Domine.

1085 2122 1237 2173 Agnus
1285 2121 1387 2170 Dei,
1440 2120 1514 2173 qui
1562 2119 1680 2162 tollis
1728 2120 1912 2171 peccata

1137 2177 1297 2228 mundi,
1317 2177 1477 2219 exaudi
1495 2189 1578 2218 nos
1596 2175 1796 2218 Domine.

1087 2245 1238 2296 Agnus
1283 2244 1381 2293 Dei,
1435 2243 1509 2295 qui
1558 2242 1677 2284 tollis
1728 2241 1911 2294 peccata

1136 2300 1303 2350 mundi,
1327 2300 1535 2341 miserere
1555 2298 1693 2341 nobis.

1087 2366 1258 2408 Christe
1278 2365 1379 2407 audi
1397 2377 1490 2406 nos.

1086 2432 1258 2474 Christe
1281 2430 1440 2472 exaudi
1459 2442 1552 2472 nos.

1086 2497 1222 2550 Kyrie
1238 2496 1413 2538 ele'ison.
1437 2494 1608 2536 Christe
1624 2492 1800 2535 eleison.
1823 2493 1911 2545 Ky-

1138 2554 1200 2596 rie
1221 2553 1397 2595 eleison.

1143 2617 1270 2660 Pater
1289 2622 1450 2659 noster.
1472 2618 1655 2654 secreto.

1143 2676 1192 2727 V·
1220 2684 1277 2725 Et
1304 2695 1359 2724 ne
1386 2694 1468 2722 nos
1495 2679 1676 2722 inducas
1704 2679 1748 2720 in
1775 2683 1912 2721 tenta·

1087 2741 1263 2782 ti6nem.
1301 2737 1350 2788 R:-
1368 2738 1456 2780 Sed
1479 2737 1617 2779 libera
1638 2749 1720 2778 nos
1741 2749 1767 2777 a
1785 2734 1913 2776 malo.
