2066 2956
216 212 310 256 [168]

716 212 891 246 Officium
916 222 1076 255 parvum
1104 212 1142 245 B.
1169 212 1299 245 Maria:
1325 212 1427 253 Virg.

551 307 713 347 Oratio.

220 364 454 469 Protege
474 371 660 413 Domine
675 372 888 425 populum
905 378 1039 422 tuum,

319 432 362 469 et
385 427 702 480 ApostolOrum
728 431 903 471 tuorum
922 429 1041 471 Petri

217 489 260 526 et
279 483 419 534 Pauli,
449 490 492 526 et
516 484 700 526 aliorum
723 486 1040 538 Apostolorum

215 540 459 593 patrocinio
488 540 801 592 confidentem,
828 544 1042 595 perpetua

217 596 470 638 defensione
489 599 712 639 conserva.

299 683 423 712 mnes
437 670 582 713 Sancti
596 671 669 722 tui,
690 674 938 723 quaesumus
953 671 1040 712 Do-

317 727 446 777 mine,
469 740 550 769 nos
569 727 731 780 ubique
751 727 968 779 adiuvent:
994 733 1042 770 ut

217 783 321 825 dum
344 786 495 825 eorum
518 784 672 825 merita
695 783 942 831 recolimus,
967 797 1040 837 pa-

216 840 400 882 trocinia
418 840 668 882 sentiamus:
688 846 731 882 et
749 853 906 893 pacem
922 845 1042 881 tuam

217 896 378 938 nostris
401 895 594 937 concede
615 895 900 949 temporibuS‚
924 902 968 938 et
986 895 1041 938 ab

216 952 413 994 Ecclesia
440 958 516 994 tua
548 957 748 994 cunctam
779 952 943 1005 repelle
971 965 1040 994 ne-

218 1009 412 1060 quitiam:
438 1009 534 1059 iter,
562 1015 699 1059 aetus,
725 1014 769 1051 et
793 1009 1041 1051 voluntates

216 1070 400 1115 nostras,
418 1071 461 1107 et
476 1066 669 1107 omnium
683 1065 943 1107 famulorum
956 1069 1043 1108 tuo-

217 1135 331 1172 rum,
366 1123 409 1162 in
443 1122 594 1163 salutis
627 1128 715 1163 tuae
748 1123 1041 1175 prosperitate

218 1178 425 1231 dispone:
478 1178 831 1220 benefactoribus
881 1179 1058 1220 nostris*

218 1235 480 1287 sempiterna
494 1234 611 1276 bona
626 1234 829 1285 retribue,
849 1240 892 1276 et
908 1235 1040 1275 omni-

216 1290 298 1332 bus
341 1290 542 1332 fidelibus
587 1289 803 1333 defunctis
847 1291 1042 1343 requiem

218 1349 426 1389 aeternam
454 1347 658 1388 concede.
691 1347 774 1389 Per
795 1347 1042 1388 Dominum.

379 1432 458 1474 Ad
477 1433 880 1484 completorium.

272 1503 362 1542 Ave
382 1500 529 1541 Maria.
555 1506 599 1540 ut
620 1514 760 1551 supra.

275 1562 323 1613 Ψ.
348 1566 566 1607 Converte
593 1577 674 1606 nos
697 1564 817 1606 Deus
841 1565 1043 1607 salutaris

218 1627 378 1720 ἓὲἒξὲτ.
420 1625 465 1675 Rg.
493 1621 550 1662 Et
574 1622 721 1663 averte
744 1621 853 1662 iram
875 1626 996 1663 tuam
1019 1635 1044 1664 a

273 1741 320 1789 V.
346 1739 467 1781 Deus
486 1738 529 1779 in
548 1737 819 1790 adjutorium.

477 1815 509 1854 I
514 1829 546 1854 s
537 1815 674 1855 [lmus
703 1817 713 1854 1
722 1817 784 1854 28

227 1880 422 1933 κ’(ἥεερθ
451 1875 809 1925 expugnaverunt
834 1886 905 1915 me
933 1887 958 1915 a
985 1875 1043 1926 ju-

227 1928 313 1995 K]
343 1932 521 2026 {Seggte
556 1941 672 1979 mea,
713 1930 736 1955 ’⁸‘
777 1929 895 1972 dicat
930 1943 1044 1972 nunc

270 2046 398 2100 Saepe
433 2048 791 2099 expugnaverunt
823 2059 894 2088 me
928 2060 952 2088 a
984 2049 1042 2100 ju-

219 2106 398 2145 ventute
418 2116 530 2145 mea:
552 2104 575 2129 *
599 2103 759 2144 etenim
781 2115 867 2144 non
890 2106 1042 2156 potue-

219 2165 319 2202 runt
336 2159 452 2201 mihi.

270 2221 411 2274 Supra
435 2220 614 2263 dorsum
639 2233 785 2262 meum
809 2220 1043 2263 fabricave-

222 2282 320 2319 runt
338 2279 608 2330 peccatores:
631 2278 655 2304 *
673 2275 1045 2330 prolongaverunt

221 2333 492 2385 iniquitatem
513 2347 646 2375 suam.

298 2394 512 2436 Dominus
535 2396 672 2447 justus
698 2395 889 2437 concidit
912 2398 1045 2437 cervi-

224 2461 295 2490 ces
330 2453 632 2502 peccatorum:
667 2452 690 2477 *
727 2450 1047 2494 confundantur

224 2510 267 2546 et
290 2509 600 2548 convertantur
622 2510 862 2549 retrorsum
884 2520 1045 2558 omnes,

226 2561 297 2612 qui
318 2561 502 2604 oderunt
521 2563 636 2605 Sion.

277 2621 401 2664 Fiant
429 2623 539 2665 sicut
567 2624 730 2665 foenum
757 2627 992 2667 tectorum:
1022 2626 1045 2651 *

226 2677 345 2729 quod
359 2679 612 2731 priusquam
628 2681 848 2731 evellatur,
864 2681 1046 2723 exaruit:

275 2737 342 2779 De
381 2751 467 2790 quo
509 2752 594 2781 non
635 2741 832 2793 implevit
871 2754 1046 2783 manum

1093 324 1216 353 suam
1243 312 1317 364 qui
1340 313 1479 363 metit,
1506 314 1530 340 *
1558 312 1768 354 et‘sinum
1792 325 1918 354 suum

1094 367 1168 420 qui
1187 369 1432 422 manipulos
1451 368 1626 420 colligit.

1144 425 1201 467 Et
1215 437 1303 466 non
1318 425 1522 467 dixerunt
1535 425 1609 478 qui
1622 424 1919 478 praeteribant:

1095 480 1351 523 Benedictio
1385 481 1563 523 Domini
1595 494 1728 534 super
1760 493 1860 523 vos:
1894 482 1919 508 *

1093 536 1396 579 benediximus
1419 537 1546 579 vobis
1567 537 1611 579 in
1628 537 1803 580 nomine
1822 537 1919 578 Dfii.

1149 593 1300 635 Gloria
1324 594 1454 636 Patri.

1360 653 1557 694 Psalmus
1580 654 1663 693 129.

1098 705 1208 811 De
1224 707 1455 761 profundis
1472 708 1657 750 clamavi
1674 709 1731 751 ad
1750 714 1793 751 te
1808 710 1920 751 Dfie:

1188 766 1212 791 *
1225 764 1413 806 Domine
1429 764 1587 807 exaudi
1598 777 1754 808 vocem
1762 778 1920 815 meam:

1145 821 1272 863 Fiant
1299 834 1426 863 aures
1452 826 1541 863 tuae
1573 822 1870 873 intendentes,
1896 823 1921 850 *

1095 878 1139 918 in
1157 890 1315 919 vocem
1334 877 1658 930 deprecationis
1676 892 1798 921 meae.

1146 934 1191 976 Si
1217 934 1471 986 iniquitates
1499 934 1805 977 observaveris
1832 935 1920 977 Do-

1095 991 1226 1032 mine:
1245 991 1269 1017 *
1286 991 1475 1033 Domine
1496 991 1592 1044 quis
1611 991 1861 1035 sustinebit?

1148 1047 1259 1098 Quia
1288 1047 1406 1100 apud
1432 1052 1477 1090 te
1504 1048 1760 1101 propitiatio
1790 1053 1870 1090 est:
1897 1049 1921 1076 *

1096 1109 1140 1145 et
1163 1108 1345 1156 propter
1368 1104 1510 1156 legem
1534 1109 1654 1146 tuam
1674 1105 1858 1147 sustinui
1876 1109 1921 1147 te

1095 1160 1294 1202 Domine.
1351 1202 1356 1208 ,

1147 1216 1359 1258 Sustinuit
1396 1217 1541 1258 anima
1575 1230 1673 1259 mea
1708 1217 1752 1258 in
1785 1216 1921 1259 verbo

1096 1274 1201 1325 ejus:
1220 1274 1243 1300 *
1258 1273 1453 1325 speravit
1473 1274 1615 1315 anima
1632 1286 1731 1316 mea
1746 1273 1791 1314 in
1809 1273 1921 1315 Dfio.

1147 1330 1189 1370 A
1222 1329 1424 1371 custodia
1455 1333 1669 1372 matutina
1698 1342 1836 1382 usque
1865 1329 1922 1371 ad

1096 1390 1284 1427 noctem:
1301 1387 1325 1414 *
1341 1391 1489 1439 speret
1506 1387 1644 1428 Israel
1659 1387 1702 1428 in
1719 1386 1922 1427 Domino.

1149 1442 1261 1492 Quia
1284 1442 1403 1496 apud
1420 1443 1658 1484 Dominum
1679 1442 1922 1484 misericor-

1097 1498 1183 1540 dia:
1210 1500 1234 1526 *
1262 1505 1306 1541 et
1339 1499 1520 1552 copiosa
1551 1499 1670 1553 apud
1697 1512 1796 1541 eum
1823 1498 1921 1541 red-

1098 1555 1272 1608 emptio.

1148 1612 1205 1653 Et
1218 1612 1314 1665 ipse
1326 1611 1514 1654 redimet
1526 1611 1673 1662 Israel,
1683 1614 1708 1640 *
1719 1625 1773 1654 ex
1787 1611 1922 1654 omni-

1098 1668 1181 1710 bus
1199 1668 1502 1720 iniquitatibus
1522 1669 1623 1721 ejus.

1150 1725 1301 1766 Gloria
1325 1725 1455 1767 Patri.

1359 1787 1554 1827 psalmus
1576 1789 1665 1826 130.

1190 1838 1335 1881 omine
1365 1851 1453 1880 non
1486 1843 1553 1880 est
1584 1838 1822 1881 exaltatum
1846 1850 1923 1880 cor

1198 1908 1358 1937 meum:
1376 1897 1400 1923 *
1418 1907 1560 1947 neque
1577 1895 1678 1936 elati
1693 1899 1793 1937 sunt
1808 1894 1923 1936 oculi

1095 1965 1191 1994 me1.

1138 2009 1303 2061 >Neque
1319 2007 1540 2050 ambulavi
1553 2008 1596 2049 in
1610 2008 1791 2059 magnis:
1810 2009 1832 2033 '⁸‘
1850 2019 1921 2048 ne-

1098 2078 1182 2118 que
1202 2066 1245 2106 in
1263 2064 1534 2107 mirabilibus
1553 2078 1685 2118 super
1702 2077 1784 2106 me.

1148 2122 1193 2163 Si
1229 2134 1317 2163 non
1349 2120 1569 2163 humiliter
1602 2120 1862 2163 sentiebam:
1899 2121 1922 2145 *

1097 2178 1177 2220 sed
1196 2178 1385 2220 exaltavi
1404 2178 1593 2219 animam
1611 2190 1769 2219 meam:

1149 2235 1269 2277 Sicut
1288 2234 1531 2277 ablactatus
1549 2239 1615 2277 est
1634 2246 1767 2288 super
1785 2238 1922 2275 matre

1098 2305 1187 2342 sua,
1210 2293 1233 2318 '⁸¹
1256 2292 1316 2334 ita
1338 2291 1568 2333 retributio
1591 2291 1634 2331 in
1655 2291 1797 2332 anima
1814 2302 1923 2331 mea.

1147 2348 1304 2402 Speret
1331 2348 1466 2389 Israel
1498 2348 1542 2388 in
1571 2348 1782 2397 Domino,
1814 2348 1838 2374 *
1870 2359 1923 2387 ex

1098 2405 1183 2447 hoc
1202 2417 1316 2446 nunc
1336 2409 1379 2445 et
1397 2417 1539 2456 usque
1557 2404 1602 2445 in
1621 2403 1840 2445 saeculum.

1153 2460 1304 2503 Gloria
1330 2460 1460 2502 Patri

1408 2519 1616 2569 Ilymnus.

1233 2575 1416 2623 emente,
1436 2586 1580 2614 rerum
1601 2571 1823 2622 Conditor,

1252 2629 1405 2671 Nostri
1425 2628 1546 2681 quod
1565 2628 1669 2670 olim
1689 2628 1898 2681 corporis,

1176 2686 1355 2727 Sacrata
1373 2685 1427 2727 ab
1448 2684 1546 2727 alvo
1567 2684 1760 2735 Virginis

1178 2741 1412 2784 Nascendo
1434 2741 1617 2783 formam
1635 2741 1885 2794 sumpseris.
