2028 2892
562 183 658 216 Infra
688 183 978 220 llcbdomudam
1006 188 1041 221 ii.
1068 194 1155 230 post
1182 192 1260 222 Oct.
1289 190 1456 224 vast-luc.

147 282 263 311 reor:
281 284 363 312 nec
381 271 496 314 facio
517 274 706 315 animam
724 289 867 317 meam
881 291 976 330 pre-

146 326 373 368 tiosiorem
419 341 550 380 quam
595 343 688 379 me,
736 331 975 375 dummodo

147 386 448 425 consummem
468 398 642 427 cursum
661 400 817 437 meum,
839 394 882 430 et
901 391 976 430 mi-

146 438 372 480 nisterium
389 440 523 491 verbi,
544 442 664 494 quod
680 445 829 496 accepi
849 458 873 485 a
888 446 974 486 Do—

145 494 263 535 mino
289 495 311 535 J
317 507 410 545 esu,
438 498 665 539 testificari
691 500 975 551 Evangelium

144 551 298 600 gratiae
316 551 412 593 Dei.

196 615 245 664 R.
273 612 466 663 Surgens
485 614 623 656 Jesus.
649 617 744 657 265.

454 688 605 729 Lectio
627 689 664 727 ii.

140 743 243 848 Et
264 761 379 790 nunc
403 763 506 793 ecce
527 763 609 801 ego
632 753 739 802 scio,
765 754 866 805 quia
886 757 972 795 am-

242 804 357 856 plius
379 820 467 848 non
488 807 692 849 videbitis
712 809 868 851 faciem
887 824 972 852 me-

143 872 214 900 am
242 873 321 902 vos
349 875 519 913 omnes,
547 876 627 916 per
654 877 763 916 quos
790 868 973 908 transivi

141 916 390 968 praedicans
421 932 603 970 regnum
631 921 725 962 Dei.
775 923 971 974 Quapro-

141 976 242 1024 pter
276 976 503 1016 contestor
534 988 615 1017 vos
647 976 860 1018 hodierna
890 978 971 1029 die,

142 1029 244 1080 quia
272 1030 463 1072 mundus
497 1045 593 1073 sum
625 1045 650 1073 a
685 1035 894 1084 sanguine
927 1038 969 1075 ό-

139 1085 316 1126 mnium.
341 1087 443 1128 Non
459 1088 576 1129 enim
591 1088 844 1140 subterfugi,
866 1093 969 1143 quo-

139 1141 282 1183 minus
324 1144 628 1185 annuntiarem
667 1157 795 1187 omne
833 1150 970 1187 consi-

139 1196 245 1238 lium
271 1198 356 1240 Dei
385 1199 524 1241 vobis.
574 1201 803 1243 Attendite
831 1202 970 1252 vobis,

140 1258 184 1294 et
207 1254 413 1296 universo
437 1257 574 1307 gregi,
600 1257 643 1297 in
665 1270 752 1308 quo
778 1271 857 1299 vos
877 1259 969 1311 Spi-

138 1309 247 1351 ritus
270 1316 449 1353 sanctus
473 1313 623 1364 posuit
646 1315 882 1366 episcopos
905 1317 968 1356 re-

137 1378 241 1416 gere
265 1367 510 1408 Ecclesiam
534 1368 636 1418 Dei,
666 1382 796 1420 quam
823 1371 968 1422 acqui-

138 1422 240 1463 sivit
262 1423 471 1474 sanguine
495 1437 587 1465 suo.
626 1425 721 1475 Ego
745 1426 837 1467 scio
863 1429 967 1478 quo-

136 1477 252 1518 niam
275 1478 500 1520 intrabunt
523 1485 626 1532 post
651 1480 967 1523 discessiOnem

135 1546 279 1575 meam
293 1534 385 1587 lupi
399 1538 582 1588 rapaces
598 1537 642 1577 in
656 1549 747 1587 vos,
766 1550 854 1578 non
868 1551 966 1591 par-

136 1591 286 1632 centes
303 1592 437 1642 gregi.
471 1592 529 1633 Et
548 1605 603 1634 ex
621 1592 747 1634 vobis
767 1594 875 1646 ipsis
895 1607 966 1636 ex-

135 1648 316 1696 surgent
333 1647 415 1688 viri
434 1647 665 1700 loquentes
679 1651 899 1701 perversa,
918 1656 967 1692 ut

135 1701 358 1744 abducant
382 1703 622 1756 discipulos
642 1710 744 1757 post
766 1719 824 1747 se.
860 1707 965 1748 Pro-

134 1762 234 1810 pter
267 1759 389 1810 quod
421 1760 598 1811 Vigilate
628 1763 840 1803 memoria
867 1764 964 1804 reti·
1028 1766 1030 1768 ’

134 1815 302 1856 nentes:
323 1817 530 1867 quoniam
545 1829 625 1869 per
643 1817 875 1859 triennium
890 1832 965 1860 no-

135 1874 204 1911 cte
220 1874 263 1911 et
279 1870 349 1912 die
363 1884 451 1913 non
467 1873 646 1922 cessavi,
662 1885 761 1914 cum
775 1873 964 1916 lacrimis

134 1938 317 1968 monens
336 1930 692 1981 unumquemque
712 1935 916 1972 vestrum.

188 1988 238 2038 R1.
264 1987 527 2040 Expurgate.
554 1990 649 2030 266.

440 2065 588 2104 Lectio
611 2065 662 2103 iii.

214 2126 238 2163 t>
255 2136 371 2164 nunc
395 2124 656 2165 commendo
680 2136 760 2164 vos
781 2125 894 2174 Deo,
919 2131 963 2167 et

227 2178 364 2221 verbo
379 2180 533 2230 gratiae
548 2180 697 2232 ipsius,
713 2179 786 2230 qui
801 2185 961 2232 potens

133 2239 200 2276 est
219 2234 450 2285 aedificare,
469 2241 513 2277 et
531 2236 636 2277 dare
655 2235 959 2278 haereditatem

131 2290 176 2330 in
210 2291 495 2332 sanctificatis
531 2291 742 2333 omnibus.
796 2292 960 2341 Argen-

131 2350 239 2396 tum,
264 2351 308 2388 et
326 2360 494 2397 aurum,
519 2352 595 2389 aut
614 2353 782 2390 vestem
801 2348 959 2388 nullius

132 2403 383 2454 concupivi,
418 2404 531 2444 sicut
563 2403 647 2455 ipsi
679 2405 817 2445 scitis:
855 2405 958 2454 quo—

131 2457 248 2498 niam
271 2457 328 2499 ad
349 2471 413 2508 ea,
440 2471 538 2510 quae
562 2459 667 2499 mihi
689 2472 799 2511 opus
824 2463 958 2507 erant,

132 2518 175 2554 et
197 2513 280 2563 his,
311 2514 384 2565 qui
406 2527 577 2555 mecum
603 2519 719 2564 sunt,
747 2515 957 2555 ministra-

131 2570 286 2610 verunt
305 2582 459 2610 manus
475 2570 584 2611 istae.
613 2571 769 2611 Omnia
785 2569 957 2610 ostendi

1786 193 1855 229 287

1028 280 1206 323 minisse
1237 284 1358 326 verbi
1386 286 1563 327 Domini
1593 288 1716 338 Jesu,
1749 291 1852 341 que-

1029 335 1147 377 niam
1166 337 1261 390 ipse
1281 339 1405 382 dixit:
1431 342 1609 384 Beatius
1629 349 1695 385 est
1714 346 1853 395 magis

1029 391 1146 442 dare,
1169 406 1299 445 quam
1319 400 1529 449 accipere.
1564 399 1621 440 Et
1640 412 1739 440 cum
1757 400 1853 441 haec

1029 447 1222 499 dixisset,
1242 452 1397 502 positis
1412 454 1593 504 genibus
1609 456 1698 496 suis
1711 457 1852 498 oravit

1029 516 1128 544 cum
1149 507 1351 548 Omnibus
1372 509 1467 549 illis.
1505 510 1687 561 Magnus
1706 517 1851 553 autem

1027 559 1157 601 fletus
1185 562 1325 604 factus
1354 569 1420 605 est
1448 567 1656 607 omnium:
1685 572 1728 608 et
1753 581 1850 620 pro-

1027 616 1282 659 cumbentes
1303 632 1435 671 super
1454 621 1614 662 collum
1631 623 1764 673 Pauli,
1785 636 1851 665 os—

1029 672 1288 715 culabantur
1308 688 1421 726 eum,
1446 676 1645 719 dolentes
1664 680 1850 721 maxime

1028 728 1072 767 in
1100 729 1254 779 verbo,
1284 731 1403 783 quod
1433 732 1618 782 dixerat,
1648 736 1851 786 queniam

1028 784 1214 836 amplius
1234 786 1389 828 faciem
1410 789 1499 839 ejus
1523 802 1609 830 non
1630 796 1774 831 essent
1794 792 1850 831 vi-

1027 840 1127 880 suri.
1142 841 1200 882 Et
1214 841 1490 885 deducebant
1504 857 1602 886 eum
1617 845 1673 887 ad
1685 859 1850 888 navem.

1078 902 1143 942 Te
1161 901 1304 943 Deum
1324 903 1563 946 laudamus.
1586 906 1644 946 15.

1078 969 1149 1008 Ad
1175 970 1335 1009 Bened.
1362 971 1460 1010 Ant.
1497 972 1574 1018 Ite,
1602 971 1797 1012 nuntiate
1827 974 1849 998 *

1026 1021 1233 1062 fratribus
1251 1024 1376 1073 meis,
1404 1024 1591 1077 allehija:
1618 1031 1665 1067 ut
1689 1032 1788 1068 eant
1806 1027 1847 1067 in

1026 1077 1263 1127 Galilaeam,
1279 1079 1463 1131 allehija:
1478 1081 1536 1122 ibi
1548 1094 1617 1122 me
1628 1082 1848 1131 videbunt,

1024 1132 1205 1185 alleluja,
1226 1134 1407 1186 alleluja,
1426 1136 1606 1188 alleluja.

1076 1200 1146 1240 Ad
1169 1201 1340 1248 Magnis.
1368 1202 1463 1241 Ant.
1492 1202 1612 1242 Sicut
1635 1203 1757 1243 novit
1779 1215 1848 1243 me

1022 1255 1167 1303 Pater,
1195 1256 1218 1281 *
1243 1260 1286 1297 et
1311 1270 1391 1308 ego
1418 1260 1637 1307 cognosco
1663 1259 1847 1307 Patrem,

1022 1315 1066 1351 et
1084 1311 1272 1352 animam
1291 1325 1433 1354 meam
1453 1326 1571 1365 pono
1592 1326 1673 1365 pro
1693 1314 1847 1355 evibus

1020 1367 1139 1416 meis,
1159 1367 1339 1419 alleluja.

1218 1488 1388 1524 Feria
1423 1488 1645 1535 Quinta.

1118 1550 1183 1589 De
1211 1548 1395 1589 Actibus
1423 1548 1752 1600 Apostolorum.

1144 1618 1292 1658 Lectio
1322 1620 1343 1657 i.
1485 1622 1586 1672 (lap.
1607 1622 1669 1659 24.
1692 1635 1723 1660 c.

1028 1694 1031 1706 ⁴
1087 1681 1316 1733 {aspendit
1335 1686 1481 1723 autem
1498 1682 1673 1732 Paulus,
1698 1684 1842 1733 (annu-

1089 1744 1099 1766 ·1
1133 1739 1232 1778 ente
1261 1737 1345 1778 sibi
1372 1737 1562 1789 praeside
1591 1738 1749 1790 dicere)
1778 1740 1843 1780 Ex

1017 1792 1166 1833 multis
1189 1793 1313 1834 annis
1331 1798 1376 1834 te
1401 1806 1498 1834 esse
1517 1793 1704 1845 judicem
1724 1796 1842 1845 genti

1016 1847 1116 1889 huic
1144 1849 1304 1898 sciens,
1336 1849 1456 1890 bono
1490 1850 1634 1891 animo
1663 1863 1744 1902 pro
1772 1864 1842 1892 me

1018 1905 1292 1946 satisfaciam.
1322 1906 1453 1946 Potes
1474 1906 1587 1946 enim
1608 1909 1840 1957 cognosce-

1017 1972 1082 2009 re,
1115 1961 1216 2012 quia
1243 1973 1332 2001 non
1359 1961 1458 2012 plus
1487 1966 1587 2002 sunt
1613 1961 1718 2001 mihi
1747 1961 1839 2003 dies

1017 2029 1148 2067 quam
1176 2015 1428 2066 duodecim,
1463 2030 1516 2058 ex
1545 2030 1631 2068 quo
1663 2017 1839 2058 ascendi

1015 2071 1203 2113 adorare
1227 2071 1272 2112 in
1289 2072 1544 2114 Jerusalem:
1573 2077 1615 2113 et
1635 2085 1775 2123 neque
1794 2072 1837 2112 in

1015 2127 1181 2179 templo
1205 2127 1463 2169 invenerunt
1480 2141 1550 2168 me
1572 2140 1668 2168 cum
1688 2127 1836 2178 aliquo

1014 2181 1330 2234 disputantem,
1370 2188 1445 2224 aut
1485 2185 1742 2223 concursum
1777 2182 1835 2222 fa-

1013 2238 1201 2279 cientem
1228 2238 1388 2287 turbae,
1415 2250 1556 2289 neque
1583 2238 1625 2277 in
1653 2239 1836 2288 synago-

1011 2294 1093 2343 gis,
1118 2307 1261 2345 neque
1284 2294 1327 2334 in
1351 2293 1543 2334 civitate:
1570 2304 1712 2343 neque
1735 2305 1834 2344 pro-

1011 2349 1117 2390 bare
1139 2354 1323 2401 possunt
1345 2348 1440 2397 tibi,
1465 2346 1519 2388 de
1541 2347 1698 2399 quibus
1720 2361 1834 2389 nunc

1010 2417 1081 2445 me
1101 2408 1317 2446 accusant.
1347 2404 1568 2444 Confiteor
1587 2407 1734 2444 autem
1748 2403 1834 2445 hoc

1010 2459 1100 2509 tibi,
1121 2460 1238 2512 quod
1253 2458 1492 2500 secundum
1507 2463 1682 2506 sectam,
1703 2471 1832 2510 quam

1010 2514 1162 2556 dicunt
1178 2515 1388 2562 haeresim,
1408 2513 1470 2553 sic
1485 2512 1686 2554 deservio
1701 2514 1831 2562 Patri,

1009 2575 1053 2611 et
1066 2571 1163 2612 Deo
1178 2583 1286 2618 meo,
1306 2568 1488 2610 credens
1503 2568 1714 2618 Omnibus,
1733 2582 1830 2621 quae

131 2623 273 2674 vobis,
300 2625 506 2676 quoniam
530 2626 593 2666 sic
617 2625 885 2673 laborantes,
911 2637 955 2664 0-
991 2620 1051 2666 'in
1078 2626 1174 2676 lege
1203 2630 1246 2666 et
1268 2623 1498 2675 Prophetis
1526 2625 1690 2676 scripta
1714 2630 1830 2665 sunt:

129 2681 278 2731 portet
303 2683 526 2733 suscipere
553 2681 765 2729 infirmos,
793 2692 843 2720 ac
869 2693 954 2721 me·
1007 2694 1132 2733 spem
1150 2680 1315 2721 habens
1335 2679 1377 2718 in
1397 2679 1549 2728 Deum,
1575 2692 1704 2731 quam
1724 2684 1767 2720 et
1785 2679 1828 2719 hi
