2066 2904
710 157 917 190 Commune
941 156 1127 188 ‹lonso-<so

225 260 335 300 mnis
370 263 487 299 terra
519 256 719 298 doctrina
754 256 843 307 ejus
878 252 1043 306 repleta

225 321 304 358 est:
324 321 342 341 *
370 316 471 367 Ipse
492 312 732 355 intercedat
750 324 831 365 pro
850 310 1043 364 peccatis

225 372 414 413 omnium
451 370 725 423 populorum.
764 368 813 419 δ”,
851 368 941 409 Iste
978 371 1044 408 est

226 429 298 480 qui
331 426 594 479 contempsit
626 426 759 467 vitam
792 423 960 473 mundi,
1001 428 1044 464 et

223 484 420 537 pervenit
447 483 502 524 ad
524 482 719 524 coelestia
746 493 887 531 regna.
930 480 1042 532 Ipse.

228 541 372 582 Gloria
390 540 521 582 Patri.
557 539 670 591 Ipse.

442 626 489 663 In
509 626 578 663 ΙΙΙ.
600 626 818 664 Nocturno.

277 696 373 734 Ant.
404 693 600 742 Domine,
619 693 643 719 *
666 692 748 733 iste
772 695 947 732 sanctus
970 689 1041 732 ha·

221 750 378 792 bitabit
403 750 445 791 in
469 748 749 791 tabernaculo
774 752 861 797 tuo,
890 749 1040 799 opera-

221 812 292 849 tus
335 812 401 848 est
440 805 664 858 justitiam,
714 804 958 857 requiescet
998 804 1041 844 in

221 869 368 905 monte
397 868 548 904 sancto
575 867 663 903 tuo.

495 936 559 974 l's
552 935 689 974 llmus
719 936 775 974 14.

233 1011 330 1052 ,Γῆ
351 994 492 1034 omine
509 993 605 1044 quis
620 991 861 1033 habitabit
850 1006 893 1032 1n
907 991 1042 1034 taber-

232 1040 311 1105 :24-‘1‘
375 1050 529 1091 naculo
563 1047 661 1090 tuo?
691 1051 714 1075 *
742 1054 815 1090 aut
849 1049 944 1101 quis
978 1061 1040 1090 re-

232 1105 236 1118 '
273 1106 337 1192 33*
376 1107 570 1159 quiescet
614 1106 657 1146 in
699 1111 848 1147 monte
889 1110 1040 1147 sancto

221 1167 318 1204 tuo.

274 1225 357 1275 Qui
376 1223 614 1275 ingreditur
634 1223 725 1265 sine
743 1224 928 1275 macula,
950 1225 974 1250 *
998 1218 1056 1266 et*

222 1283 429 1334 operatur
448 1280 666 1333 justitiam:

273 1343 355 1393 Qui
378 1343 570 1395 loquitur
589 1344 817 1386 veritatem
839 1343 882 1383 in
907 1341 1040 1384 corde

222 1411 319 1448 suo,
347 1399 369 1424 *
399 1399 471 1452 qui
498 1412 585 1442 non
610 1401 697 1452 egit
723 1399 871 1442 dolum
898 1399 941 1440 in
965 1399 1040 1440 lin-

221 1468 305 1506 gua
324 1469 416 1496 sua:

272 1517 366 1558 Nec
385 1517 486 1559 fecit
503 1519 704 1570 proximo
725 1530 804 1559 suo
823 1517 999 1567 malum,
1018 1518 1040 1543 *

222 1578 265 1614 et
289 1573 574 1626 opprobrium
597 1587 684 1616 non
703 1574 871 1627 accepit
891 1573 1040 1615 adver-

222 1643 294 1671 sus
314 1631 538 1683 proximos
558 1644 670 1673 suos.

273 1691 346 1733 Ad
363 1691 542 1734 nihilum
562 1692 775 1735 deductus
796 1697 862 1734 est
881 1692 924 1733 in
943 1704 1041 1733 con-

223 1750 377 1800 spectu
404 1749 493 1800 ejus
522 1750 753 1800 malignus:
785 1749 808 1774 *
840 1749 1041 1790 timentes

222 1809 367 1846 autem
385 1805 621 1847 Dominum
640 1805 870 1857 glorificat:

274 1866 358 1916 Qui
383 1866 494 1918 jurat
521 1867 721 1919 proximo
750 1873 849 1916 suo,
882 1871 925 1908 et
954 1879 1041 1908 non

224 1921 400 1974 decipit,
424 1923 446 1948 *
476 1923 549 1976 qui
566 1924 795 1976 pecliniam
814 1932 936 1964 suam
956 1935 1042 1964 non

224 1977 344 2020 dedit
363 1978 420 2020 ad
438 1983 627 2030 usuram,
651 1985 694 2022 et
711 1983 891 2021 munera
910 1992 1041 2033 super

222 2035 497 2078 innocentem
515 2049 601 2077 non
620 2037 798 2089 accepit.

274 2097 357 2147 Qui
375 2096 477 2139 facit
496 2097 609 2144 haec,
636 2099 659 2123 *
687 2110 773 2139 non
796 2097 1042 2140 movebitur

223 2153 265 2193 in
285 2155 505 2195 aeternum.

277 2226 374 2265 Ant.
404 2224 599 2273 Domine,
627 2224 709 2265 iste
730 2229 905 2266 sanctus
924 2224 1041 2266 habi-

224 2279 335 2322 tabit
352 2280 396 2321 in
415 2279 696 2322 tabernaculo
718 2285 806 2330 tuo,
835 2284 1042 2332 operatus

228 2340 293 2377 est
311 2337 533 2387 justitiam,
566 2337 812 2389 requiescet
832 2337 875 2378 in
894 2343 1042 2380 monte

226 2397 377 2434 sancto
397 2398 485 2435 tuo.

280 2457 375 2497 Ant
407 2458 551 2499 Vitam
575 2458 701 2511 petiit
724 2460 748 2486 *
769 2471 795 2500 a
817 2463 878 2508 te,
906 2464 949 2501 et
970 2460 1042 2500 tri-

226 2511 358 2553 buisti
383 2514 421 2555 ei
449 2514 649 2557 Domine:
679 2515 861 2567 gloriam
889 2521 933 2557 et
956 2529 1043 2557 ma-

227 2581 356 2619 gnum
394 2570 596 2612 decorem
630 2572 875 2625 imposuisti
913 2585 1044 2640 super

229 2637 341 2666 eum:
367 2628 551 2678 posuisti
573 2628 617 2668 in
639 2629 784 2681 capite
809 2629 898 2681 ejus
922 2631 1043 2670 coro-

227 2693 328 2722 nam
347 2680 401 2723 de
419 2681 564 2735 lapide
583 2685 790 2736 pretioso.

1134 156 1183 187 ris
1211 154 1415 188 I‘ontificis.

1368 250 1561 289 l'salmus
1581 251 1650 288 2⁴⁷).

1185 309 1327 350 omine
1350 309 1393 350 in
1415 309 1574 350 virtute
1599 314 1673 350 tua
1697 308 1916 351 laetabitur

1214 378 1304 407 rex:
1328 366 1351 392 *
1375 371 1419 408 et
1437 379 1568 418 super
1587 365 1775 408 salutare
1794 370 1916 408 tuum

1096 421 1329 464 exsultabit
1347 422 1635 464 vehementer.

1146 478 1421 520 Desiderium
1446 478 1590 520 cordis
1615 479 1705 530 ejus
1727 479 1915 522 tribuisti

1095 535 1148 576 ei:
1162 535 1185 561 *
1201 540 1244 577 et
1258 535 1480 577 voluntate
1495 534 1709 577 labiorum
1724 536 1813 588 ejus
1828 549 1915 578 non

1094 591 1304 633 fraudasti
1323 605 1432 634 eum.

1146 649 1359 699 Quoniam
1380 648 1632 701 praevenisti
1656 661 1755 690 eum
1778 649 1821 690 in
1842 648 1914 691 be·

1093 705 1410 747 nedictionibus
1424 704 1678 746 dulcedinis:
1691 705 1715 731 *
1730 706 1914 758 posuisti

1093 762 1136 803 in
1164 762 1307 815 capite
1334 762 1424 814 ejus
1452 764 1660 803 coronam
1687 761 1742 804 de
1768 761 1914 815 lapide

1094 819 1299 871 pretioso.

1143 875 1292 917 Vitam
1310 875 1435 928 petiit
1453 887 1478 915 a
1497 879 1555 916 te:
1573 875 1597 900 *
1616 880 1659 916 et
1673 874 1861 916 tribuisti
1876 876 1914 917 ei

1093 931 1406 982 longitudinem
1430 930 1598 973 dierum
1624 932 1667 972 in
1696 931 1914 982 saeculum,

1093 994 1136 1030 et
1154 989 1197 1029 in
1216 988 1424 1029 saeculum
1448 988 1607 1030 saeculi.

1143 1045 1301 1096 Magna
1325 1050 1392 1086 est
1409 1045 1547 1096 gloria
1566 1045 1656 1096 ejus
1675 1045 1717 1086 in
1736 1044 1914 1087 salutari

1092 1107 1183 1143 tuo:
1198 1103 1220 1127 *
1235 1101 1418 1152 gloriam
1433 1107 1476 1143 et
1490 1114 1695 1152 magnum
1709 1101 1915 1144 decorem

1092 1159 1291 1211 impones
1311 1171 1441 1210 super
1461 1171 1571 1199 eum.

1144 1215 1359 1266 Quoniam
1391 1214 1515 1256 dabis
1545 1227 1644 1256 eum
1671 1215 1714 1255 in
1740 1214 1913 1256 benedi-

1093 1272 1282 1313 ctionem
1300 1271 1343 1312 in
1363 1270 1571 1312 saecfflum
1587 1270 1749 1312 saeculi:
1767 1272 1790 1297 *
1809 1270 1914 1313 laeti-

1092 1328 1244 1370 ficabis
1271 1341 1370 1385 eum
1399 1328 1442 1368 in
1473 1327 1633 1378 gaudio
1667 1341 1766 1369 cum
1793 1327 1915 1370 vultu

1092 1389 1180 1426 tuo.

1145 1441 1359 1492 Quoniam
1382 1454 1461 1483 rex
1484 1445 1631 1494 sperat
1648 1441 1691 1482 in
1710 1441 1916 1483 Domino:

1093 1498 1116 1524 *
1141 1503 1184 1540 et
1206 1498 1249 1539 in
1272 1497 1569 1539 misericordia
1592 1497 1805 1539 Altissimi
1827 1510 1912 1539 non

1094 1554 1449 1596 commovebitur.

1113 1646 1115 1649 .
1144 1612 1394 1653 Inveniatur
1424 1624 1577 1652 manus
1609 1616 1684 1652 tua
1715 1610 1916 1653 omnibus

1092 1668 1275 1710 inimicis
1289 1668 1389 1710 tuis:
1403 1669 1427 1694 *
1442 1667 1622 1710 dextera
1635 1672 1711 1709 tua
1724 1667 1915 1709 inveniat

1093 1737 1255 1774 omnes,
1276 1725 1349 1777 qui
1367 1730 1411 1766 te
1430 1724 1626 1766 oderunt.

1143 1781 1287 1823 Pones
1315 1794 1391 1823 eos
1418 1786 1466 1822 ut
1493 1780 1711 1823 clibanum
1737 1780 1847 1832 ignis
1869 1780 1914 1822 in

1093 1839 1290 1891 tempore
1314 1837 1458 1879 vultus
1481 1837 1558 1879 tui:
1581 1837 1605 1863 *
1628 1838 1843 1879 Dominus
1870 1837 1915 1879 in

1092 1895 1156 1936 ira
1176 1907 1253 1936 sua
1273 1893 1550 1937 conturbabit
1568 1907 1655 1944 eos
1675 1899 1719 1936 et
1734 1894 1914 1936 devora-

1093 1950 1158 1993 bit
1176 1963 1252 1993 eos
1270 1951 1392 2002 ignis.

1144 2008 1353 2049 Fructum
1372 2010 1523 2050 eorum
1542 2007 1598 2050 de
1611 2012 1728 2050 terra
1741 2007 1915 2061 perdes:

1093 2065 1116 2091 *
1132 2070 1175 2107 et
1194 2077 1342 2107 semen
1361 2067 1512 2107 eorum
1527 2077 1552 2106 a
1566 2064 1666 2106 filiis
1680 2064 1914 2106 hominum.

1145 2121 1359 2172 Quoniam
1411 2120 1737 2163 declinaverunt
1780 2121 1825 2162 in
1870 2125 1914 2163 te

1092 2178 1221 2219 mala:
1239 2179 1262 2204 *
1282 2178 1584 2229 cogitaverunt
1602 2177 1792 2228 consilia,
1817 2190 1914 2231 quae

1098 2247 1186 2277 non
1203 2237 1440 2288 potuerunt
1459 2234 1663 2277 stabilire.

1146 2291 1359 2342 Quoniam
1394 2303 1533 2344 pones
1569 2303 1645 2333 eos
1677 2290 1869 2332 dorsum:
1891 2292 1916 2317 *

1094 2348 1137 2389 in
1155 2347 1347 2400 reliquiis
1365 2348 1452 2389 tuis
1465 2347 1736 2401 praeparabis
1750 2347 1916 2389 vultum

1095 2407 1256 2447 eorum.

1146 2460 1350 2502 Exaltare
1368 2460 1590 2502 Domine
1579 2474 1622 2502 1n
1646 2460 1805 2502 virtute
1827 2465 1916 2502 tua.

1094 2517 1118 2543 *
1133 2516 1403 2559 cantabimus
1423 2521 1466 2558 et
1484 2517 1718 2569 psallemus
1733 2517 1916 2558 virtutes

1095 2579 1202 2616 tuas.

1102 2659 1107 2662 .
1153 2631 1248 2684 *3¹¹1-
1273 2629 1416 2671 Vitam
1436 2630 1561 2683 petiit
1579 2642 1604 2671 a
1622 2634 1681 2678 te,
1706 2634 1749 2671 et
1768 2629 1916 2671 tribui-

1096 2687 1151 2728 sti
1173 2687 1212 2729 ei
1230 2687 1430 2728 Domine:
1449 2686 1633 2738 gloriam
1652 2691 1696 2728 et
1713 2699 1916 2738 magnum
1982 2721 1985 2724 .
