<?xml version="1.0" encoding="UTF-8"?>
<!DOCTYPE html PUBLIC "-//W3C//DTD XHTML 1.0 Transitional//EN"
    "http://www.w3.org/TR/xhtml1/DTD/xhtml1-transitional.dtd">
<html xmlns="http://www.w3.org/1999/xhtml" xml:lang="en" lang="en">
 <head>
  <title>
</title>
<meta http-equiv="Content-Type" content="text/html;charset=utf-8" />
  <meta name='ocr-system' content='tesseract 3.04.00' />
  <meta name='ocr-capabilities' content='ocr_page ocr_carea ocr_par ocr_line ocrx_word'/>
</head>
<body>
  <div class='ocr_page' id='page_1' title='image "./p2breviariumroma00cathuoft_0559.png"; bbox 0 0 2066 2904; ppageno 0'>
   <div class='ocr_carea' id='block_1_1' title="bbox 562 161 1478 203">
    <p class='ocr_par' dir='ltr' id='par_1_1' title="bbox 562 161 1478 203">
     <span class='ocr_line' id='line_1_1' title="bbox 562 161 1478 203; baseline -0.003 -7"><span class='ocrx_word' id='word_1_1' title='bbox 562 163 633 197; x_wconf 88' lang='lat' dir='ltr'>Die</span> <span class='ocrx_word' id='word_1_2' title='bbox 657 164 687 196; x_wconf 91' lang='lat'>·3.</span> <span class='ocrx_word' id='word_1_3' title='bbox 712 163 828 196; x_wconf 81' lang='lat' dir='ltr'>Junii.</span> <span class='ocrx_word' id='word_1_4' title='bbox 877 163 911 196; x_wconf 65' lang='lat' dir='ltr'>S.</span> <span class='ocrx_word' id='word_1_5' title='bbox 938 162 1130 196; x_wconf 81' lang='lat' dir='ltr'>Bonifacii</span> <span class='ocrx_word' id='word_1_6' title='bbox 1156 161 1283 203; x_wconf 71' lang='lat' dir='ltr'>Episc.</span> <span class='ocrx_word' id='word_1_7' title='bbox 1310 167 1345 194; x_wconf 80' lang='lat' dir='ltr'>ct</span> <span class='ocrx_word' id='word_1_8' title='bbox 1373 161 1478 194; x_wconf 74' lang='lat' dir='ltr'>Mart.</span> 
     </span>
    </p>
   </div>
   <div class='ocr_carea' id='block_1_2' title="bbox 164 258 1000 1109">
    <p class='ocr_par' dir='ltr' id='par_1_2' title="bbox 502 258 983 298">
     <span class='ocr_line' id='line_1_2' title="bbox 502 258 983 298; baseline -0.004 0"><span class='ocrx_word' id='word_1_9' title='bbox 502 258 665 298; x_wconf 81' lang='lat' dir='ltr'>Oratio.</span> <span class='ocrx_word' id='word_1_10' title='bbox 981 288 983 290; x_wconf 22' lang='lat' dir='ltr'>v</span> 
     </span>
    </p>

    <p class='ocr_par' dir='ltr' id='par_1_3' title="bbox 253 319 996 373">
     <span class='ocr_line' id='line_1_3' title="bbox 253 319 996 373; baseline 0 -11"><span class='ocrx_word' id='word_1_11' title='bbox 253 333 346 371; x_wconf 88' lang='lat' dir='ltr'>eus,</span> <span class='ocrx_word' id='word_1_12' title='bbox 375 320 451 373; x_wconf 92' lang='lat' dir='ltr'>qui</span> <span class='ocrx_word' id='word_1_13' title='bbox 467 319 793 362; x_wconf 80' lang='lat' dir='ltr'>multitudinem</span> <span class='ocrx_word' id='word_1_14' title='bbox 810 320 996 373; x_wconf 74' lang='lat' dir='ltr'>populc-</span> 
     </span>
    </p>

    <p class='ocr_par' dir='ltr' id='par_1_4' title="bbox 268 376 998 429">
     <span class='ocr_line' id='line_1_4' title="bbox 268 376 998 429; baseline -0.001 -11"><span class='ocrx_word' id='word_1_15' title='bbox 268 390 365 418; x_wconf 91' lang='lat' dir='ltr'>rum</span> <span class='ocrx_word' id='word_1_16' title='bbox 395 376 515 418; x_wconf 75' lang='lat' dir='ltr'>beati</span> <span class='ocrx_word' id='word_1_17' title='bbox 546 376 763 418; x_wconf 78' lang='lat' dir='ltr'>Bonifacii</span> <span class='ocrx_word' id='word_1_18' title='bbox 791 376 998 429; x_wconf 76' lang='lat' dir='ltr'>Martyris</span> 
     </span>
    </p>

    <p class='ocr_par' dir='ltr' id='par_1_5' title="bbox 167 431 998 485">
     <span class='ocr_line' id='line_1_5' title="bbox 167 431 998 485; baseline -0.001 -10"><span class='ocrx_word' id='word_1_19' title='bbox 167 433 231 475; x_wconf 81' lang='lat' dir='ltr'>tui</span> <span class='ocrx_word' id='word_1_20' title='bbox 255 437 388 485; x_wconf 90' lang='lat' dir='ltr'>atque</span> <span class='ocrx_word' id='word_1_21' title='bbox 406 433 633 474; x_wconf 87' lang='lat' dir='ltr'>Pontificis</span> <span class='ocrx_word' id='word_1_22' title='bbox 655 432 770 483; x_wconf 89' lang='lat' dir='ltr'>zelo,</span> <span class='ocrx_word' id='word_1_23' title='bbox 797 431 854 475; x_wconf 91' lang='lat' dir='ltr'>ad</span> <span class='ocrx_word' id='word_1_24' title='bbox 881 434 998 484; x_wconf 85' lang='lat' dir='ltr'>agni-</span> 
     </span>
    </p>

    <p class='ocr_par' dir='ltr' id='par_1_6' title="bbox 167 489 998 540">
     <span class='ocr_line' id='line_1_6' title="bbox 167 489 998 540; baseline -0.001 -9"><span class='ocrx_word' id='word_1_25' title='bbox 167 490 332 531; x_wconf 72' lang='lat' dir='ltr'>ticnem</span> <span class='ocrx_word' id='word_1_26' title='bbox 358 489 423 530; x_wconf 83' lang='lat' dir='ltr'>tui</span> <span class='ocrx_word' id='word_1_27' title='bbox 448 489 636 530; x_wconf 71' lang='lat' dir='ltr'>ndminis</span> <span class='ocrx_word' id='word_1_28' title='bbox 659 491 823 531; x_wconf 77' lang='lat' dir='ltr'>vocare</span> <span class='ocrx_word' id='word_1_29' title='bbox 850 489 998 540; x_wconf 82' lang='lat' dir='ltr'>digna-</span> 
     </span>
    </p>

    <p class='ocr_par' dir='ltr' id='par_1_7' title="bbox 164 544 998 598">
     <span class='ocr_line' id='line_1_7' title="bbox 164 544 998 598; baseline -0.001 -11"><span class='ocrx_word' id='word_1_30' title='bbox 164 550 236 587; x_wconf 86' lang='lat' dir='ltr'>tus</span> <span class='ocrx_word' id='word_1_31' title='bbox 256 557 318 587; x_wconf 88' lang='lat' dir='ltr'>es:</span> <span class='ocrx_word' id='word_1_32' title='bbox 337 544 533 586; x_wconf 77' lang='lat' dir='ltr'>concede</span> <span class='ocrx_word' id='word_1_33' title='bbox 550 545 786 598; x_wconf 88' lang='lat' dir='ltr'>propitius;</span> <span class='ocrx_word' id='word_1_34' title='bbox 808 550 858 587; x_wconf 87' lang='lat' dir='ltr'>ut</span> <span class='ocrx_word' id='word_1_35' title='bbox 877 547 998 598; x_wconf 89' lang='lat' dir='ltr'>cujus</span> 
     </span>
    </p>

    <p class='ocr_par' dir='ltr' id='par_1_8' title="bbox 166 601 999 699">
     <span class='ocr_line' id='line_1_8' title="bbox 166 601 999 655; baseline 0 -13"><span class='ocrx_word' id='word_1_36' title='bbox 166 601 376 642; x_wconf 79' lang='lat' dir='ltr'>solemnia</span> <span class='ocrx_word' id='word_1_37' title='bbox 395 601 590 652; x_wconf 74' lang='lat' dir='ltr'>cdlimus,</span> <span class='ocrx_word' id='word_1_38' title='bbox 609 602 740 643; x_wconf 80' lang='lat' dir='ltr'>etiam</span> <span class='ocrx_word' id='word_1_39' title='bbox 754 602 999 655; x_wconf 89' lang='lat' dir='ltr'>patrocinia</span> 
     </span>
     <span class='ocr_line' id='line_1_9' title="bbox 166 657 795 699; baseline 0.002 -1"><span class='ocrx_word' id='word_1_40' title='bbox 166 657 416 699; x_wconf 78' lang='lat' dir='ltr'>sentiamus.</span> <span class='ocrx_word' id='word_1_41' title='bbox 443 658 529 699; x_wconf 90' lang='lat' dir='ltr'>Per</span> <span class='ocrx_word' id='word_1_42' title='bbox 545 658 795 699; x_wconf 67' lang='lat' dir='ltr'>Dominum.</span> 
     </span>
    </p>

    <p class='ocr_par' dir='ltr' id='par_1_9' title="bbox 215 721 737 764">
     <span class='ocr_line' id='line_1_10' title="bbox 215 721 737 764; baseline 0.002 -10"><span class='ocrx_word' id='word_1_43' title='bbox 215 721 262 754; x_wconf 83' lang='lat' dir='ltr'>Et</span> <span class='ocrx_word' id='word_1_44' title='bbox 286 721 326 754; x_wconf 82' lang='lat' dir='ltr'>fit</span> <span class='ocrx_word' id='word_1_45' title='bbox 352 730 548 755; x_wconf 83' lang='lat' dir='ltr'>commem.</span> <span class='ocrx_word' id='word_1_46' title='bbox 573 722 737 764; x_wconf 83' lang='lat' dir='ltr'>praeced.</span> 
     </span>
    </p>

    <p class='ocr_par' dir='ltr' id='par_1_10' title="bbox 164 770 998 936">
     <span class='ocr_line' id='line_1_11' title="bbox 218 770 998 823; baseline -0.001 -10"><span class='ocrx_word' id='word_1_47' title='bbox 218 775 318 814; x_wconf 86' lang='lat' dir='ltr'>Ant.</span> <span class='ocrx_word' id='word_1_48' title='bbox 339 770 424 812; x_wconf 90' lang='lat' dir='ltr'>Hic</span> <span class='ocrx_word' id='word_1_49' title='bbox 438 770 504 812; x_wconf 89' lang='lat' dir='ltr'>vir</span> <span class='ocrx_word' id='word_1_50' title='bbox 524 770 772 823; x_wconf 89' lang='lat' dir='ltr'>despiciens</span> <span class='ocrx_word' id='word_1_51' title='bbox 786 770 998 813; x_wconf 93' lang='lat' dir='ltr'>mundum</span> 
     </span>
     <span class='ocr_line' id='line_1_12' title="bbox 166 826 997 880; baseline 0 -12"><span class='ocrx_word' id='word_1_52' title='bbox 166 830 211 868; x_wconf 91' lang='lat' dir='ltr'>et</span> <span class='ocrx_word' id='word_1_53' title='bbox 228 828 402 868; x_wconf 81' lang='lat' dir='ltr'>terrena</span> <span class='ocrx_word' id='word_1_54' title='bbox 414 826 701 880; x_wconf 79' lang='lat' dir='ltr'>triumphans,</span> <span class='ocrx_word' id='word_1_55' title='bbox 721 826 896 869; x_wconf 88' lang='lat' dir='ltr'>divitias</span> <span class='ocrx_word' id='word_1_56' title='bbox 913 840 997 869; x_wconf 88' lang='lat' dir='ltr'>coe-</span> 
     </span>
     <span class='ocr_line' id='line_1_13' title="bbox 164 881 899 936; baseline 0.001 -12"><span class='ocrx_word' id='word_1_57' title='bbox 164 882 209 924; x_wconf 96' lang='lat' dir='ltr'>lo</span> <span class='ocrx_word' id='word_1_58' title='bbox 230 881 428 924; x_wconf 73' lang='lat' dir='ltr'>ccndidit</span> <span class='ocrx_word' id='word_1_59' title='bbox 447 895 535 933; x_wconf 89' lang='lat' dir='ltr'>ore,</span> <span class='ocrx_word' id='word_1_60' title='bbox 553 896 696 933; x_wconf 88' lang='lat' dir='ltr'>manu,</span> <span class='ocrx_word' id='word_1_61' title='bbox 715 883 899 936; x_wconf 81' lang='lat' dir='ltr'>alleluja.</span> 
     </span>
    </p>

    <p class='ocr_par' dir='ltr' id='par_1_11' title="bbox 167 939 1000 1109">
     <span class='ocr_line' id='line_1_14' title="bbox 215 939 1000 997; baseline 0.003 -14"><span class='ocrx_word' id='word_1_62' title='bbox 215 939 265 991; x_wconf 62' lang='lat' dir='ltr'>V.</span> <span class='ocrx_word' id='word_1_63' title='bbox 291 943 317 984; x_wconf 88' lang='lat' dir='ltr'>J</span> <span class='ocrx_word' id='word_1_64' title='bbox 318 947 466 985; x_wconf 89' lang='lat' dir='ltr'>ustum</span> <span class='ocrx_word' id='word_1_65' title='bbox 484 943 668 986; x_wconf 80' lang='lat' dir='ltr'>deduxit</span> <span class='ocrx_word' id='word_1_66' title='bbox 684 944 901 985; x_wconf 83' lang='lat' dir='ltr'>D6minus</span> <span class='ocrx_word' id='word_1_67' title='bbox 919 957 1000 997; x_wconf 92' lang='lat' dir='ltr'>per</span> 
     </span>
     <span class='ocr_line' id='line_1_15' title="bbox 167 998 998 1052; baseline 0.002 -12"><span class='ocrx_word' id='word_1_68' title='bbox 167 998 260 1040; x_wconf 88' lang='lat' dir='ltr'>vias</span> <span class='ocrx_word' id='word_1_69' title='bbox 284 1003 446 1050; x_wconf 89' lang='lat' dir='ltr'>rectas,</span> <span class='ocrx_word' id='word_1_70' title='bbox 472 999 655 1052; x_wconf 79' lang='lat' dir='ltr'>alleluia.</span> <span class='ocrx_word' id='word_1_71' title='bbox 692 1002 742 1052; x_wconf 68' lang='lat' dir='ltr'>R.</span> <span class='ocrx_word' id='word_1_72' title='bbox 773 1000 831 1042; x_wconf 91' lang='lat' dir='ltr'>Et</span> <span class='ocrx_word' id='word_1_73' title='bbox 856 1002 998 1042; x_wconf 84' lang='lat' dir='ltr'>osten-</span> 
     </span>
     <span class='ocr_line' id='line_1_16' title="bbox 167 1054 827 1109; baseline 0.002 -13"><span class='ocrx_word' id='word_1_74' title='bbox 167 1054 232 1097; x_wconf 92' lang='lat' dir='ltr'>dit</span> <span class='ocrx_word' id='word_1_75' title='bbox 250 1054 313 1096; x_wconf 89' lang='lat' dir='ltr'>illi</span> <span class='ocrx_word' id='word_1_76' title='bbox 329 1068 514 1107; x_wconf 87' lang='lat' dir='ltr'>regnum</span> <span class='ocrx_word' id='word_1_77' title='bbox 531 1056 626 1107; x_wconf 88' lang='lat' dir='ltr'>Dei,</span> <span class='ocrx_word' id='word_1_78' title='bbox 645 1056 827 1109; x_wconf 80' lang='lat' dir='ltr'>alleluia.</span> 
     </span>
    </p>
   </div>
   <div class='ocr_carea' id='block_1_3' title="bbox 163 1128 994 1221">
    <p class='ocr_par' dir='ltr' id='par_1_12' title="bbox 163 1128 994 1221">
     <span class='ocr_line' id='line_1_17' title="bbox 215 1128 994 1163; baseline -0.001 0"><span class='ocrx_word' id='word_1_79' title='bbox 215 1130 258 1163; x_wconf 90' lang='lat' dir='ltr'>In</span> <span class='ocrx_word' id='word_1_80' title='bbox 288 1130 314 1163; x_wconf 93' lang='grc' dir='ltr'>Ι.</span> <span class='ocrx_word' id='word_1_81' title='bbox 344 1130 545 1163; x_wconf 81' lang='lat' dir='ltr'>Nocturno</span> <span class='ocrx_word' id='word_1_82' title='bbox 581 1129 786 1163; x_wconf 74' lang='lat' dir='ltr'>Lectiones</span> <span class='ocrx_word' id='word_1_83' title='bbox 818 1129 865 1163; x_wconf 82' lang='lat' dir='ltr'>de</span> <span class='ocrx_word' id='word_1_84' title='bbox 896 1128 994 1163; x_wconf 87' lang='lat' dir='ltr'>Scri-</span> 
     </span>
     <span class='ocr_line' id='line_1_18' title="bbox 163 1183 534 1221; baseline -0.005 -9"><span class='ocrx_word' id='word_1_85' title='bbox 163 1183 276 1221; x_wconf 84' lang='lat' dir='ltr'>ptura</span> <span class='ocrx_word' id='word_1_86' title='bbox 300 1183 534 1211; x_wconf 79' lang='lat' dir='ltr'>occurrente.</span> 
     </span>
    </p>
   </div>
   <div class='ocr_carea' id='block_1_4' title="bbox 165 1247 1000 2726">
    <p class='ocr_par' dir='ltr' id='par_1_13' title="bbox 165 1247 1000 2726">
     <span class='ocr_line' id='line_1_19' title="bbox 388 1247 767 1287; baseline -0.005 0"><span class='ocrx_word' id='word_1_87' title='bbox 388 1249 437 1287; x_wconf 90' lang='lat' dir='ltr'>In</span> <span class='ocrx_word' id='word_1_88' title='bbox 465 1248 515 1286; x_wconf 90' lang='lat'>11.</span> <span class='ocrx_word' id='word_1_89' title='bbox 543 1247 767 1286; x_wconf 72' lang='lat' dir='ltr'>Nocturno.</span> 
     </span>
     <span class='ocr_line' id='line_1_20' title="bbox 469 1318 694 1358; baseline -0.009 0"><span class='ocrx_word' id='word_1_90' title='bbox 469 1318 620 1358; x_wconf 81' lang='lat' dir='ltr'>Lectio</span> <span class='ocrx_word' id='word_1_91' title='bbox 643 1318 694 1357; x_wconf 82' lang='lat' dir='ltr'>iv.</span> 
     </span>
     <span class='ocr_line' id='line_1_21' title="bbox 180 1382 1000 1437; baseline 0.001 -12"><span class='ocrx_word' id='word_1_92' title='bbox 180 1388 187 1430; x_wconf 70' lang='lat' dir='ltr'>Y:</span> <span class='ocrx_word' id='word_1_93' title='bbox 209 1387 229 1432; x_wconf 54' lang='grc' dir='ltr'>ᾖ.</span> <span class='ocrx_word' id='word_1_94' title='bbox 271 1382 502 1431; x_wconf 71' lang='lat' dir='ltr'>¹onii&#39;acius,</span> <span class='ocrx_word' id='word_1_95' title='bbox 522 1384 652 1424; x_wconf 80' lang='lat' dir='ltr'>antea</span> <span class='ocrx_word' id='word_1_96' title='bbox 665 1383 911 1426; x_wconf 89' lang='lat' dir='ltr'>Winfridus</span> <span class='ocrx_word' id='word_1_97' title='bbox 927 1398 1000 1437; x_wconf 88' lang='lat' dir='ltr'>ap-</span> 
     </span>
     <span class='ocr_line' id='line_1_22' title="bbox 265 1438 1000 1491; baseline 0.001 -9.901"><span class='ocrx_word' id='word_1_98' title='bbox 265 1442 273 1481; x_wconf 60' lang='grc' dir='ltr'>ἓῑ</span> <span class='ocrx_word' id='word_1_99' title='bbox 296 1438 503 1491; x_wconf 53' lang='lat' dir='ltr'>peilatus,</span> <span class='ocrx_word' id='word_1_100' title='bbox 531 1438 650 1491; x_wconf 88' lang='lat' dir='ltr'>apud</span> <span class='ocrx_word' id='word_1_101' title='bbox 674 1440 844 1491; x_wconf 88' lang='lat' dir='ltr'>Anglos</span> <span class='ocrx_word' id='word_1_102' title='bbox 870 1445 1000 1482; x_wconf 91' lang='lat' dir='ltr'>natus</span> 
     </span>
     <span class='ocr_line' id='line_1_23' title="bbox 184 1496 1000 1549; baseline 0.004 -14"><span class='ocrx_word' id='word_1_103' title='bbox 184 1498 187 1507; x_wconf 93' lang='lat'>&#39;</span> <span class='ocrx_word' id='word_1_104' title='bbox 299 1499 366 1536; x_wconf 89' lang='lat' dir='ltr'>est</span> <span class='ocrx_word' id='word_1_105' title='bbox 391 1498 580 1536; x_wconf 80' lang='lat' dir='ltr'>exeunte</span> <span class='ocrx_word' id='word_1_106' title='bbox 605 1496 770 1537; x_wconf 70' lang='lat' dir='ltr'>saeculo</span> <span class='ocrx_word' id='word_1_107' title='bbox 798 1497 1000 1549; x_wconf 80' lang='lat' dir='ltr'>septimo,</span> 
     </span>
     <span class='ocr_line' id='line_1_24' title="bbox 167 1550 1000 1603; baseline 0.002 -10"><span class='ocrx_word' id='word_1_108' title='bbox 167 1556 212 1593; x_wconf 89' lang='lat' dir='ltr'>et</span> <span class='ocrx_word' id='word_1_109' title='bbox 237 1550 292 1593; x_wconf 88' lang='lat' dir='ltr'>ab</span> <span class='ocrx_word' id='word_1_110' title='bbox 320 1551 417 1603; x_wconf 91' lang='lat' dir='ltr'>ipsa</span> <span class='ocrx_word' id='word_1_111' title='bbox 438 1551 621 1594; x_wconf 74' lang='lat' dir='ltr'>infantia</span> <span class='ocrx_word' id='word_1_112' title='bbox 643 1551 856 1594; x_wconf 92' lang='lat' dir='ltr'>mundum</span> <span class='ocrx_word' id='word_1_113' title='bbox 880 1566 1000 1595; x_wconf 88' lang='lat' dir='ltr'>aver-</span> 
     </span>
     <span class='ocr_line' id='line_1_25' title="bbox 168 1607 1000 1657; baseline 0.004 -9"><span class='ocrx_word' id='word_1_114' title='bbox 168 1609 307 1657; x_wconf 80' lang='lat' dir='ltr'>satus,</span> <span class='ocrx_word' id='word_1_115' title='bbox 343 1607 478 1649; x_wconf 90' lang='lat' dir='ltr'>vitam</span> <span class='ocrx_word' id='word_1_116' title='bbox 501 1608 793 1650; x_wconf 75' lang='lat' dir='ltr'>monasticam</span> <span class='ocrx_word' id='word_1_117' title='bbox 817 1609 861 1650; x_wconf 88' lang='lat' dir='ltr'>in</span> <span class='ocrx_word' id='word_1_118' title='bbox 885 1610 1000 1651; x_wconf 85' lang='lat' dir='ltr'>votis</span> 
     </span>
     <span class='ocr_line' id='line_1_26' title="bbox 166 1662 1000 1717; baseline 0.002 -13"><span class='ocrx_word' id='word_1_119' title='bbox 166 1662 331 1706; x_wconf 73' lang='lat' dir='ltr'>habuit.</span> <span class='ocrx_word' id='word_1_120' title='bbox 381 1663 491 1705; x_wconf 89' lang='lat' dir='ltr'>Cum</span> <span class='ocrx_word' id='word_1_121' title='bbox 523 1664 614 1716; x_wconf 86' lang='lat' dir='ltr'>ejus</span> <span class='ocrx_word' id='word_1_122' title='bbox 648 1670 775 1717; x_wconf 89' lang='lat' dir='ltr'>pater</span> <span class='ocrx_word' id='word_1_123' title='bbox 809 1665 1000 1707; x_wconf 80' lang='lat' dir='ltr'>animum</span> 
     </span>
     <span class='ocr_line' id='line_1_27' title="bbox 168 1719 1000 1773; baseline 0.004 -12"><span class='ocrx_word' id='word_1_124' title='bbox 168 1719 318 1761; x_wconf 71' lang='lat' dir='ltr'>saeculi</span> <span class='ocrx_word' id='word_1_125' title='bbox 336 1719 555 1761; x_wconf 83' lang='lat' dir='ltr'>illecebris</span> <span class='ocrx_word' id='word_1_126' title='bbox 572 1723 824 1773; x_wconf 80' lang='lat' dir='ltr'>permutare</span> <span class='ocrx_word' id='word_1_127' title='bbox 839 1722 1000 1764; x_wconf 86' lang='lat' dir='ltr'>frustra</span> 
     </span>
     <span class='ocr_line' id='line_1_28' title="bbox 165 1777 999 1829; baseline 0.001 -11"><span class='ocrx_word' id='word_1_128' title='bbox 165 1777 392 1826; x_wconf 76' lang='lat' dir='ltr'>tentasset,</span> <span class='ocrx_word' id='word_1_129' title='bbox 411 1777 726 1818; x_wconf 78' lang='lat' dir='ltr'>monasterium</span> <span class='ocrx_word' id='word_1_130' title='bbox 746 1777 999 1829; x_wconf 81' lang='lat' dir='ltr'>ingreditur,</span> 
     </span>
     <span class='ocr_line' id='line_1_29' title="bbox 168 1831 1000 1887; baseline 0.002 -14"><span class='ocrx_word' id='word_1_131' title='bbox 168 1836 212 1873; x_wconf 88' lang='lat' dir='ltr'>et</span> <span class='ocrx_word' id='word_1_132' title='bbox 235 1831 317 1874; x_wconf 92' lang='lat' dir='ltr'>sub</span> <span class='ocrx_word' id='word_1_133' title='bbox 342 1831 463 1874; x_wconf 76' lang='lat' dir='ltr'>beati</span> <span class='ocrx_word' id='word_1_134' title='bbox 480 1832 748 1885; x_wconf 76' lang='lat' dir='ltr'>Wolphardi</span> <span class='ocrx_word' id='word_1_135' title='bbox 767 1832 1000 1887; x_wconf 82' lang='lat' dir='ltr'>disciplina</span> 
     </span>
     <span class='ocr_line' id='line_1_30' title="bbox 168 1888 1000 1939; baseline 0.004 -10"><span class='ocrx_word' id='word_1_136' title='bbox 168 1888 360 1930; x_wconf 69' lang='lat' dir='ltr'>Omnium</span> <span class='ocrx_word' id='word_1_137' title='bbox 385 1888 613 1939; x_wconf 79' lang='lat' dir='ltr'>virtutum,</span> <span class='ocrx_word' id='word_1_138' title='bbox 641 1902 692 1931; x_wconf 89' lang='lat' dir='ltr'>ac</span> <span class='ocrx_word' id='word_1_139' title='bbox 719 1890 1000 1932; x_wconf 72' lang='lat' dir='ltr'>scientiarum</span> 
     </span>
     <span class='ocr_line' id='line_1_31' title="bbox 167 1944 999 1997; baseline 0.002 -12"><span class='ocrx_word' id='word_1_140' title='bbox 167 1945 326 1994; x_wconf 71' lang='lat' dir='ltr'>genere</span> <span class='ocrx_word' id='word_1_141' title='bbox 362 1944 583 1987; x_wconf 79' lang='lat' dir='ltr'>imbuitur.</span> <span class='ocrx_word' id='word_1_142' title='bbox 643 1946 821 1987; x_wconf 92' lang='lat' dir='ltr'>Annum</span> <span class='ocrx_word' id='word_1_143' title='bbox 865 1959 999 1997; x_wconf 87' lang='lat' dir='ltr'>agens</span> 
     </span>
     <span class='ocr_line' id='line_1_32' title="bbox 167 1999 999 2053; baseline 0.004 -13"><span class='ocrx_word' id='word_1_144' title='bbox 167 1999 440 2051; x_wconf 73' lang='lat' dir='ltr'>trigesimum</span> <span class='ocrx_word' id='word_1_145' title='bbox 473 2001 724 2043; x_wconf 69' lang='lat' dir='ltr'>sacerdotio</span> <span class='ocrx_word' id='word_1_146' title='bbox 758 2001 999 2053; x_wconf 81' lang='lat' dir='ltr'>insignitur,</span> 
     </span>
     <span class='ocr_line' id='line_1_33' title="bbox 168 2055 998 2109; baseline 0.004 -13"><span class='ocrx_word' id='word_1_147' title='bbox 168 2067 220 2096; x_wconf 90' lang='lat' dir='ltr'>ac</span> <span class='ocrx_word' id='word_1_148' title='bbox 254 2055 379 2097; x_wconf 89' lang='lat' dir='ltr'>verbi</span> <span class='ocrx_word' id='word_1_149' title='bbox 415 2055 551 2098; x_wconf 85' lang='lat' dir='ltr'>divini</span> <span class='ocrx_word' id='word_1_150' title='bbox 586 2056 856 2109; x_wconf 71' lang='lat' dir='ltr'>praedicator</span> <span class='ocrx_word' id='word_1_151' title='bbox 894 2061 998 2099; x_wconf 91' lang='lat' dir='ltr'>assi-</span> 
     </span>
     <span class='ocr_line' id='line_1_34' title="bbox 168 2110 999 2163; baseline 0.004 -11"><span class='ocrx_word' id='word_1_152' title='bbox 168 2110 296 2162; x_wconf 89' lang='lat' dir='ltr'>duus,</span> <span class='ocrx_word' id='word_1_153' title='bbox 319 2125 478 2163; x_wconf 87' lang='lat' dir='ltr'>magno</span> <span class='ocrx_word' id='word_1_154' title='bbox 503 2113 745 2155; x_wconf 73' lang='lat' dir='ltr'>animarum</span> <span class='ocrx_word' id='word_1_155' title='bbox 767 2113 889 2155; x_wconf 88' lang='lat' dir='ltr'>lucro</span> <span class='ocrx_word' id='word_1_156' title='bbox 913 2114 999 2155; x_wconf 93' lang='lat' dir='ltr'>hoc</span> 
     </span>
     <span class='ocr_line' id='line_1_35' title="bbox 168 2167 999 2211; baseline 0.005 -4"><span class='ocrx_word' id='word_1_157' title='bbox 168 2167 212 2207; x_wconf 92' lang='lat' dir='ltr'>in</span> <span class='ocrx_word' id='word_1_158' title='bbox 239 2170 419 2209; x_wconf 78' lang='lat' dir='ltr'>munere</span> <span class='ocrx_word' id='word_1_159' title='bbox 445 2171 658 2210; x_wconf 79' lang='lat' dir='ltr'>versatur.</span> <span class='ocrx_word' id='word_1_160' title='bbox 698 2169 907 2211; x_wconf 82' lang='lat' dir='ltr'>Attamen</span> <span class='ocrx_word' id='word_1_161' title='bbox 934 2183 999 2211; x_wconf 91' lang='lat' dir='ltr'>re-</span> 
     </span>
     <span class='ocr_line' id='line_1_36' title="bbox 166 2223 999 2276; baseline 0.004 -12"><span class='ocrx_word' id='word_1_162' title='bbox 166 2226 300 2274; x_wconf 80' lang='lat' dir='ltr'>gnum</span> <span class='ocrx_word' id='word_1_163' title='bbox 317 2223 479 2265; x_wconf 85' lang='lat' dir='ltr'>Christi</span> <span class='ocrx_word' id='word_1_164' title='bbox 497 2224 717 2276; x_wconf 79' lang='lat' dir='ltr'>adaugere</span> <span class='ocrx_word' id='word_1_165' title='bbox 731 2225 999 2276; x_wconf 88' lang='lat' dir='ltr'>desiderans,</span> 
     </span>
     <span class='ocr_line' id='line_1_37' title="bbox 169 2280 998 2332; baseline 0.004 -12"><span class='ocrx_word' id='word_1_166' title='bbox 169 2282 376 2321; x_wconf 88' lang='lat' dir='ltr'>continuo</span> <span class='ocrx_word' id='word_1_167' title='bbox 402 2280 537 2321; x_wconf 89' lang='lat' dir='ltr'>flebat</span> <span class='ocrx_word' id='word_1_168' title='bbox 559 2281 779 2332; x_wconf 73' lang='lat' dir='ltr'>ingentem</span> <span class='ocrx_word' id='word_1_169' title='bbox 806 2282 998 2323; x_wconf 79' lang='lat' dir='ltr'>multitu-</span> 
     </span>
     <span class='ocr_line' id='line_1_38' title="bbox 169 2335 999 2390; baseline 0.004 -14"><span class='ocrx_word' id='word_1_170' title='bbox 169 2335 315 2377; x_wconf 91' lang='lat' dir='ltr'>dinem</span> <span class='ocrx_word' id='word_1_171' title='bbox 333 2335 633 2387; x_wconf 67' lang='lat' dir='ltr'>barbarorum,</span> <span class='ocrx_word' id='word_1_172' title='bbox 654 2338 728 2389; x_wconf 92' lang='lat' dir='ltr'>qui</span> <span class='ocrx_word' id='word_1_173' title='bbox 741 2338 999 2390; x_wconf 77' lang='lat' dir='ltr'>ignorantiae</span> 
     </span>
     <span class='ocr_line' id='line_1_39' title="bbox 168 2392 997 2436; baseline 0.002 -3"><span class='ocrx_word' id='word_1_174' title='bbox 168 2392 359 2434; x_wconf 81' lang='lat' dir='ltr'>tenebris</span> <span class='ocrx_word' id='word_1_175' title='bbox 382 2393 575 2434; x_wconf 78' lang='lat' dir='ltr'>immersi</span> <span class='ocrx_word' id='word_1_176' title='bbox 603 2393 794 2436; x_wconf 82' lang='lat' dir='ltr'>daemoni</span> <span class='ocrx_word' id='word_1_177' title='bbox 820 2395 997 2435; x_wconf 91' lang='lat' dir='ltr'>famula-</span> 
     </span>
     <span class='ocr_line' id='line_1_40' title="bbox 167 2447 999 2500; baseline 0.002 -11"><span class='ocrx_word' id='word_1_178' title='bbox 167 2447 338 2490; x_wconf 72' lang='lat' dir='ltr'>bantur.</span> <span class='ocrx_word' id='word_1_179' title='bbox 370 2449 453 2498; x_wconf 82' lang='lat' dir='ltr'>Qui</span> <span class='ocrx_word' id='word_1_180' title='bbox 473 2449 652 2500; x_wconf 89' lang='lat' dir='ltr'>quidem</span> <span class='ocrx_word' id='word_1_181' title='bbox 671 2451 914 2492; x_wconf 78' lang='lat' dir='ltr'>animarum</span> <span class='ocrx_word' id='word_1_182' title='bbox 932 2463 999 2491; x_wconf 87' lang='lat' dir='ltr'>ze-</span> 
     </span>
     <span class='ocr_line' id='line_1_41' title="bbox 166 2503 998 2558; baseline 0.004 -14"><span class='ocrx_word' id='word_1_183' title='bbox 166 2503 235 2544; x_wconf 90' lang='lat' dir='ltr'>lus</span> <span class='ocrx_word' id='word_1_184' title='bbox 261 2517 361 2545; x_wconf 91' lang='lat' dir='ltr'>cum</span> <span class='ocrx_word' id='word_1_185' title='bbox 385 2504 431 2545; x_wconf 92' lang='lat' dir='ltr'>in</span> <span class='ocrx_word' id='word_1_186' title='bbox 455 2504 549 2546; x_wconf 88' lang='lat' dir='ltr'>dies</span> <span class='ocrx_word' id='word_1_187' title='bbox 572 2506 915 2558; x_wconf 82' lang='lat' dir='ltr'>inexstinguibili</span> <span class='ocrx_word' id='word_1_188' title='bbox 935 2519 998 2547; x_wconf 93' lang='lat' dir='ltr'>ar-</span> 
     </span>
     <span class='ocr_line' id='line_1_42' title="bbox 168 2558 999 2611; baseline 0.004 -11"><span class='ocrx_word' id='word_1_189' title='bbox 168 2558 276 2601; x_wconf 83' lang='lat' dir='ltr'>d6re</span> <span class='ocrx_word' id='word_1_190' title='bbox 308 2562 596 2611; x_wconf 80' lang='lat' dir='ltr'>accresceret,</span> <span class='ocrx_word' id='word_1_191' title='bbox 640 2561 789 2603; x_wconf 81' lang='lat' dir='ltr'>divino</span> <span class='ocrx_word' id='word_1_192' title='bbox 822 2562 999 2603; x_wconf 80' lang='lat' dir='ltr'>mimine</span> 
     </span>
     <span class='ocr_line' id='line_1_43' title="bbox 167 2615 998 2669; baseline 0.005 -14"><span class='ocrx_word' id='word_1_193' title='bbox 167 2627 247 2667; x_wconf 91' lang='lat' dir='ltr'>per</span> <span class='ocrx_word' id='word_1_194' title='bbox 277 2615 481 2657; x_wconf 79' lang='lat' dir='ltr'>lacrimas</span> <span class='ocrx_word' id='word_1_195' title='bbox 514 2622 558 2658; x_wconf 88' lang='lat' dir='ltr'>et</span> <span class='ocrx_word' id='word_1_196' title='bbox 593 2618 817 2659; x_wconf 69' lang='lat' dir='ltr'>oraticnes</span> <span class='ocrx_word' id='word_1_197' title='bbox 849 2617 998 2669; x_wconf 85' lang='lat' dir='ltr'>explo-</span> 
     </span>
     <span class='ocr_line' id='line_1_44' title="bbox 167 2671 998 2726; baseline 0.004 -15"><span class='ocrx_word' id='word_1_198' title='bbox 167 2672 278 2721; x_wconf 78' lang='lat' dir='ltr'>rato,</span> <span class='ocrx_word' id='word_1_199' title='bbox 296 2671 551 2714; x_wconf 75' lang='lat' dir='ltr'>facultatem</span> <span class='ocrx_word' id='word_1_200' title='bbox 570 2685 596 2713; x_wconf 90' lang='lat' dir='ltr'>a</span> <span class='ocrx_word' id='word_1_201' title='bbox 613 2673 869 2714; x_wconf 80' lang='lat' dir='ltr'>monasterii</span> <span class='ocrx_word' id='word_1_202' title='bbox 887 2686 998 2726; x_wconf 80' lang='lat' dir='ltr'>prae-</span> 
     </span>
    </p>
   </div>
   <div class='ocr_carea' id='block_1_5' title="bbox 1047 252 1891 2717">
    <p class='ocr_par' dir='ltr' id='par_1_14' title="bbox 1047 252 1885 363">
     <span class='ocr_line' id='line_1_45' title="bbox 1047 252 1885 306; baseline 0 -12"><span class='ocrx_word' id='word_1_203' title='bbox 1047 253 1196 306; x_wconf 85' lang='lat' dir='ltr'>p6sito</span> <span class='ocrx_word' id='word_1_204' title='bbox 1212 252 1402 294; x_wconf 92' lang='lat' dir='ltr'>obtinuit</span> <span class='ocrx_word' id='word_1_205' title='bbox 1417 253 1474 295; x_wconf 88' lang='lat' dir='ltr'>ad</span> <span class='ocrx_word' id='word_1_206' title='bbox 1486 254 1771 295; x_wconf 79' lang='lat' dir='ltr'>Germanicas</span> <span class='ocrx_word' id='word_1_207' title='bbox 1784 266 1885 294; x_wconf 91' lang='lat' dir='ltr'>oras</span> 
     </span>
     <span class='ocr_line' id='line_1_46' title="bbox 1048 308 1371 363; baseline 0 -13"><span class='ocrx_word' id='word_1_208' title='bbox 1048 308 1371 363; x_wconf 76' lang='lat' dir='ltr'>proficiscendi.</span> 
     </span>
    </p>

    <p class='ocr_par' dir='ltr' id='par_1_15' title="bbox 1049 374 1886 714">
     <span class='ocr_line' id='line_1_47' title="bbox 1101 374 1886 429; baseline 0.001 -14"><span class='ocrx_word' id='word_1_209' title='bbox 1101 378 1152 429; x_wconf 69' lang='lat' dir='ltr'>R.</span> <span class='ocrx_word' id='word_1_210' title='bbox 1180 374 1278 415; x_wconf 83' lang='lat' dir='ltr'>Lux</span> <span class='ocrx_word' id='word_1_211' title='bbox 1301 376 1517 428; x_wconf 78' lang='lat' dir='ltr'>perpetua</span> <span class='ocrx_word' id='word_1_212' title='bbox 1539 374 1704 417; x_wconf 81' lang='lat' dir='ltr'>lucebit</span> <span class='ocrx_word' id='word_1_213' title='bbox 1723 375 1886 417; x_wconf 87' lang='lat' dir='ltr'>sanctis</span> 
     </span>
     <span class='ocr_line' id='line_1_48' title="bbox 1049 431 1885 480; baseline 0 -7"><span class='ocrx_word' id='word_1_214' title='bbox 1049 431 1136 474; x_wconf 76' lang='lat' dir='ltr'>tuis</span> <span class='ocrx_word' id='word_1_215' title='bbox 1160 431 1364 480; x_wconf 84' lang='lat' dir='ltr'>D6mine‚</span> <span class='ocrx_word' id='word_1_216' title='bbox 1390 433 1411 455; x_wconf 89' lang='lat'>*</span> <span class='ocrx_word' id='word_1_217' title='bbox 1434 432 1491 473; x_wconf 89' lang='lat' dir='ltr'>Et</span> <span class='ocrx_word' id='word_1_218' title='bbox 1524 432 1747 473; x_wconf 73' lang='lat' dir='ltr'>aeternitas</span> <span class='ocrx_word' id='word_1_219' title='bbox 1779 434 1885 473; x_wconf 82' lang='lat' dir='ltr'>tem-</span> 
     </span>
     <span class='ocr_line' id='line_1_49' title="bbox 1049 486 1886 541; baseline 0.002 -13"><span class='ocrx_word' id='word_1_220' title='bbox 1049 500 1225 541; x_wconf 91' lang='lat' dir='ltr'>porum,</span> <span class='ocrx_word' id='word_1_221' title='bbox 1250 487 1438 540; x_wconf 81' lang='lat' dir='ltr'>alleluja,</span> <span class='ocrx_word' id='word_1_222' title='bbox 1465 488 1648 540; x_wconf 79' lang='lat' dir='ltr'>alleluia.</span> <span class='ocrx_word' id='word_1_223' title='bbox 1685 486 1735 537; x_wconf 61' lang='lat' dir='ltr'>Y.</span> <span class='ocrx_word' id='word_1_224' title='bbox 1756 488 1886 530; x_wconf 85' lang='lat' dir='ltr'>Laeti-</span> 
     </span>
     <span class='ocr_line' id='line_1_50' title="bbox 1050 544 1886 598; baseline 0 -12"><span class='ocrx_word' id='word_1_225' title='bbox 1050 545 1112 586; x_wconf 88' lang='lat' dir='ltr'>tia</span> <span class='ocrx_word' id='word_1_226' title='bbox 1147 544 1416 597; x_wconf 80' lang='lat' dir='ltr'>sempiterna</span> <span class='ocrx_word' id='word_1_227' title='bbox 1454 544 1535 586; x_wconf 88' lang='lat' dir='ltr'>erit</span> <span class='ocrx_word' id='word_1_228' title='bbox 1568 557 1702 597; x_wconf 89' lang='lat' dir='ltr'>super</span> <span class='ocrx_word' id='word_1_229' title='bbox 1739 546 1886 598; x_wconf 82' lang='lat' dir='ltr'>capita</span> 
     </span>
     <span class='ocr_line' id='line_1_51' title="bbox 1052 599 1886 651; baseline 0 -9"><span class='ocrx_word' id='word_1_230' title='bbox 1052 602 1220 642; x_wconf 82' lang='lat' dir='ltr'>e6rum:</span> <span class='ocrx_word' id='word_1_231' title='bbox 1244 599 1454 651; x_wconf 81' lang='lat' dir='ltr'>gaudium</span> <span class='ocrx_word' id='word_1_232' title='bbox 1478 605 1522 642; x_wconf 84' lang='lat' dir='ltr'>et</span> <span class='ocrx_word' id='word_1_233' title='bbox 1545 601 1886 643; x_wconf 78' lang='lat' dir='ltr'>exsultatis&#39;mem</span> 
     </span>
     <span class='ocr_line' id='line_1_52' title="bbox 1052 656 1429 714; baseline 0.005 -16"><span class='ocrx_word' id='word_1_234' title='bbox 1052 656 1324 699; x_wconf 78' lang='lat' dir='ltr'>obtinebunt.</span> <span class='ocrx_word' id='word_1_235' title='bbox 1351 657 1429 714; x_wconf 22' lang='lat' dir='ltr'>Et.-</span> 
     </span>
    </p>

    <p class='ocr_par' dir='ltr' id='par_1_16' title="bbox 1362 740 1571 780">
     <span class='ocr_line' id='line_1_53' title="bbox 1362 740 1571 780; baseline -0.005 -1"><span class='ocrx_word' id='word_1_236' title='bbox 1362 740 1513 780; x_wconf 82' lang='lat' dir='ltr'>Lectio</span> <span class='ocrx_word' id='word_1_237' title='bbox 1535 753 1571 778; x_wconf 84' lang='lat' dir='ltr'>v.</span> 
     </span>
    </p>

    <p class='ocr_par' dir='ltr' id='par_1_17' title="bbox 1050 806 1888 911">
     <span class='ocr_line' id='line_1_54' title="bbox 1050 806 1888 911; baseline 0 -61"><span class='ocrx_word' id='word_1_238' title='bbox 1050 806 1162 911; x_wconf 87' lang='lat' dir='ltr'>Ex</span> <span class='ocrx_word' id='word_1_239' title='bbox 1176 809 1335 861; x_wconf 90' lang='lat' dir='ltr'>Anglia</span> <span class='ocrx_word' id='word_1_240' title='bbox 1355 808 1529 851; x_wconf 85' lang='lat' dir='ltr'>du6bus</span> <span class='ocrx_word' id='word_1_241' title='bbox 1549 822 1649 850; x_wconf 91' lang='lat' dir='ltr'>cum</span> <span class='ocrx_word' id='word_1_242' title='bbox 1669 809 1801 850; x_wconf 72' lang='lat' dir='ltr'>scciis</span> <span class='ocrx_word' id='word_1_243' title='bbox 1815 822 1888 850; x_wconf 90' lang='lat' dir='ltr'>na-</span> 
     </span>
    </p>

    <p class='ocr_par' dir='ltr' id='par_1_18' title="bbox 1049 864 1891 2484">
     <span class='ocr_line' id='line_1_55' title="bbox 1143 864 1888 914; baseline -0.001 -7"><span class='ocrx_word' id='word_1_244' title='bbox 1143 879 1243 908; x_wconf 89' lang='lat' dir='ltr'>vem</span> <span class='ocrx_word' id='word_1_245' title='bbox 1271 865 1466 914; x_wconf 82' lang='lat' dir='ltr'>solvens,</span> <span class='ocrx_word' id='word_1_246' title='bbox 1493 864 1811 907; x_wconf 79' lang='lat' dir='ltr'>Dorestadium</span> <span class='ocrx_word' id='word_1_247' title='bbox 1843 866 1888 906; x_wconf 90' lang='lat' dir='ltr'>in</span> 
     </span>
     <span class='ocr_line' id='line_1_56' title="bbox 1052 922 1889 975; baseline -0.001 -11"><span class='ocrx_word' id='word_1_248' title='bbox 1052 923 1205 964; x_wconf 88' lang='lat' dir='ltr'>Frisiae</span> <span class='ocrx_word' id='word_1_249' title='bbox 1225 922 1441 975; x_wconf 71' lang='lat' dir='ltr'>Oppidum</span> <span class='ocrx_word' id='word_1_250' title='bbox 1455 922 1584 964; x_wconf 89' lang='lat' dir='ltr'>venit.</span> <span class='ocrx_word' id='word_1_251' title='bbox 1613 922 1723 963; x_wconf 92' lang='lat' dir='ltr'>Cum</span> <span class='ocrx_word' id='word_1_252' title='bbox 1742 927 1889 964; x_wconf 86' lang='lat' dir='ltr'>autem</span> 
     </span>
     <span class='ocr_line' id='line_1_57' title="bbox 1052 979 1887 1030; baseline 0 -10"><span class='ocrx_word' id='word_1_253' title='bbox 1052 979 1217 1021; x_wconf 93' lang='lat' dir='ltr'>bellum</span> <span class='ocrx_word' id='word_1_254' title='bbox 1253 979 1561 1030; x_wconf 91' lang='lat' dir='ltr'>gravissimum</span> <span class='ocrx_word' id='word_1_255' title='bbox 1598 979 1711 1020; x_wconf 88' lang='lat' dir='ltr'>inter</span> <span class='ocrx_word' id='word_1_256' title='bbox 1743 980 1887 1020; x_wconf 89' lang='lat' dir='ltr'>Friso-</span> 
     </span>
     <span class='ocr_line' id='line_1_58' title="bbox 1052 1035 1889 1086; baseline 0.001 -10"><span class='ocrx_word' id='word_1_257' title='bbox 1052 1049 1157 1076; x_wconf 92' lang='lat' dir='ltr'>num</span> <span class='ocrx_word' id='word_1_258' title='bbox 1188 1048 1339 1086; x_wconf 88' lang='lat' dir='ltr'>regem</span> <span class='ocrx_word' id='word_1_259' title='bbox 1366 1035 1653 1085; x_wconf 69' lang='lat' dir='ltr'>Radbcdum,</span> <span class='ocrx_word' id='word_1_260' title='bbox 1687 1041 1731 1077; x_wconf 92' lang='lat' dir='ltr'>et</span> <span class='ocrx_word' id='word_1_261' title='bbox 1760 1036 1889 1077; x_wconf 82' lang='lat' dir='ltr'>Caro-</span> 
     </span>
     <span class='ocr_line' id='line_1_59' title="bbox 1051 1092 1889 1141; baseline 0.001 -9"><span class='ocrx_word' id='word_1_262' title='bbox 1051 1092 1143 1133; x_wconf 94' lang='lat' dir='ltr'>lum</span> <span class='ocrx_word' id='word_1_263' title='bbox 1157 1092 1407 1133; x_wconf 81' lang='lat' dir='ltr'>Martellum</span> <span class='ocrx_word' id='word_1_264' title='bbox 1427 1094 1675 1141; x_wconf 84' lang='lat' dir='ltr'>exarsisset,</span> <span class='ocrx_word' id='word_1_265' title='bbox 1695 1092 1788 1133; x_wconf 92' lang='lat' dir='ltr'>sine</span> <span class='ocrx_word' id='word_1_266' title='bbox 1804 1093 1889 1133; x_wconf 90' lang='lat' dir='ltr'>fru-</span> 
     </span>
     <span class='ocr_line' id='line_1_60' title="bbox 1053 1147 1889 1200; baseline 0.001 -11"><span class='ocrx_word' id='word_1_267' title='bbox 1053 1153 1127 1189; x_wconf 91' lang='lat' dir='ltr'>ctu</span> <span class='ocrx_word' id='word_1_268' title='bbox 1153 1148 1443 1198; x_wconf 81' lang='lat' dir='ltr'>Evangelium</span> <span class='ocrx_word' id='word_1_269' title='bbox 1470 1147 1749 1200; x_wconf 80' lang='lat' dir='ltr'>praedicavit:</span> <span class='ocrx_word' id='word_1_270' title='bbox 1787 1161 1889 1200; x_wconf 93' lang='lat' dir='ltr'>qua-</span> 
     </span>
     <span class='ocr_line' id='line_1_61' title="bbox 1052 1204 1890 1257; baseline 0.001 -12"><span class='ocrx_word' id='word_1_271' title='bbox 1052 1206 1240 1257; x_wconf 84' lang='lat' dir='ltr'>pr6pter</span> <span class='ocrx_word' id='word_1_272' title='bbox 1266 1205 1311 1245; x_wconf 92' lang='lat' dir='ltr'>in</span> <span class='ocrx_word' id='word_1_273' title='bbox 1338 1204 1546 1255; x_wconf 87' lang='lat' dir='ltr'>Angliam</span> <span class='ocrx_word' id='word_1_274' title='bbox 1578 1206 1799 1254; x_wconf 80' lang='lat' dir='ltr'>reversus,</span> <span class='ocrx_word' id='word_1_275' title='bbox 1833 1204 1890 1246; x_wconf 89' lang='lat' dir='ltr'>ad</span> 
     </span>
     <span class='ocr_line' id='line_1_62' title="bbox 1054 1259 1889 1311; baseline 0 -10"><span class='ocrx_word' id='word_1_276' title='bbox 1054 1273 1181 1302; x_wconf 93' lang='lat' dir='ltr'>suum</span> <span class='ocrx_word' id='word_1_277' title='bbox 1198 1259 1358 1303; x_wconf 89' lang='lat' dir='ltr'>redivit</span> <span class='ocrx_word' id='word_1_278' title='bbox 1377 1262 1711 1311; x_wconf 82' lang='lat' dir='ltr'>monasterium,</span> <span class='ocrx_word' id='word_1_279' title='bbox 1737 1261 1807 1302; x_wconf 93' lang='lat' dir='ltr'>cui</span> <span class='ocrx_word' id='word_1_280' title='bbox 1829 1261 1889 1301; x_wconf 91' lang='lat' dir='ltr'>in-</span> 
     </span>
     <span class='ocr_line' id='line_1_63' title="bbox 1052 1317 1891 1370; baseline -0.001 -12"><span class='ocrx_word' id='word_1_281' title='bbox 1052 1319 1168 1358; x_wconf 88' lang='lat' dir='ltr'>vitus</span> <span class='ocrx_word' id='word_1_282' title='bbox 1179 1317 1436 1369; x_wconf 72' lang='lat' dir='ltr'>praeficitur:</span> <span class='ocrx_word' id='word_1_283' title='bbox 1451 1323 1556 1370; x_wconf 91' lang='lat' dir='ltr'>post</span> <span class='ocrx_word' id='word_1_284' title='bbox 1567 1317 1769 1370; x_wconf 82' lang='lat' dir='ltr'>elapsum</span> <span class='ocrx_word' id='word_1_285' title='bbox 1779 1317 1891 1358; x_wconf 84' lang='lat' dir='ltr'>bien-</span> 
     </span>
     <span class='ocr_line' id='line_1_64' title="bbox 1052 1373 1890 1426; baseline 0.001 -12"><span class='ocrx_word' id='word_1_286' title='bbox 1052 1373 1173 1414; x_wconf 88' lang='lat' dir='ltr'>nium</span> <span class='ocrx_word' id='word_1_287' title='bbox 1192 1386 1247 1415; x_wconf 88' lang='lat' dir='ltr'>ex</span> <span class='ocrx_word' id='word_1_288' title='bbox 1271 1375 1491 1415; x_wconf 78' lang='lat' dir='ltr'>consensu</span> <span class='ocrx_word' id='word_1_289' title='bbox 1515 1374 1716 1426; x_wconf 90' lang='lat' dir='ltr'>episcopi</span> <span class='ocrx_word' id='word_1_290' title='bbox 1735 1374 1890 1415; x_wconf 92' lang='lat' dir='ltr'>Vinto-</span> 
     </span>
     <span class='ocr_line' id='line_1_65' title="bbox 1053 1429 1888 1479; baseline 0.002 -10"><span class='ocrx_word' id='word_1_291' title='bbox 1053 1429 1216 1470; x_wconf 83' lang='lat' dir='ltr'>niensis</span> <span class='ocrx_word' id='word_1_292' title='bbox 1248 1443 1406 1471; x_wconf 90' lang='lat' dir='ltr'>munus</span> <span class='ocrx_word' id='word_1_293' title='bbox 1440 1429 1680 1479; x_wconf 77' lang='lat' dir='ltr'>abdicavit,</span> <span class='ocrx_word' id='word_1_294' title='bbox 1726 1434 1769 1471; x_wconf 89' lang='lat' dir='ltr'>et</span> <span class='ocrx_word' id='word_1_295' title='bbox 1801 1430 1888 1471; x_wconf 89' lang='lat' dir='ltr'>Ro-</span> 
     </span>
     <span class='ocr_line' id='line_1_66' title="bbox 1052 1486 1890 1539; baseline 0.001 -13"><span class='ocrx_word' id='word_1_296' title='bbox 1052 1498 1170 1526; x_wconf 85' lang='lat' dir='ltr'>mam</span> <span class='ocrx_word' id='word_1_297' title='bbox 1196 1486 1424 1538; x_wconf 73' lang='lat' dir='ltr'>profectus</span> <span class='ocrx_word' id='word_1_298' title='bbox 1454 1492 1538 1536; x_wconf 89' lang='lat' dir='ltr'>est,</span> <span class='ocrx_word' id='word_1_299' title='bbox 1566 1491 1615 1527; x_wconf 91' lang='lat' dir='ltr'>ut</span> <span class='ocrx_word' id='word_1_300' title='bbox 1642 1486 1890 1539; x_wconf 69' lang='lat' dir='ltr'>apostoliea</span> 
     </span>
     <span class='ocr_line' id='line_1_67' title="bbox 1053 1542 1889 1584; baseline 0 -1"><span class='ocrx_word' id='word_1_301' title='bbox 1053 1542 1317 1583; x_wconf 77' lang='lat' dir='ltr'>auctoritate</span> <span class='ocrx_word' id='word_1_302' title='bbox 1351 1542 1409 1583; x_wconf 90' lang='lat' dir='ltr'>ad</span> <span class='ocrx_word' id='word_1_303' title='bbox 1438 1542 1677 1584; x_wconf 89' lang='lat' dir='ltr'>Gentilium</span> <span class='ocrx_word' id='word_1_304' title='bbox 1709 1555 1889 1584; x_wconf 92' lang='lat' dir='ltr'>conver-</span> 
     </span>
     <span class='ocr_line' id='line_1_68' title="bbox 1053 1597 1888 1649; baseline 0 -10"><span class='ocrx_word' id='word_1_305' title='bbox 1053 1599 1223 1639; x_wconf 79' lang='lat' dir='ltr'>sic&#39;mem</span> <span class='ocrx_word' id='word_1_306' title='bbox 1252 1597 1542 1649; x_wconf 78' lang='lat' dir='ltr'>delegaretur.</span> <span class='ocrx_word' id='word_1_307' title='bbox 1587 1599 1696 1640; x_wconf 92' lang='lat' dir='ltr'>Cum</span> <span class='ocrx_word' id='word_1_308' title='bbox 1724 1599 1782 1640; x_wconf 91' lang='lat' dir='ltr'>ad</span> <span class='ocrx_word' id='word_1_309' title='bbox 1809 1599 1888 1640; x_wconf 89' lang='lat' dir='ltr'>Ur-</span> 
     </span>
     <span class='ocr_line' id='line_1_69' title="bbox 1052 1654 1889 1706; baseline 0 -10"><span class='ocrx_word' id='word_1_310' title='bbox 1052 1654 1154 1696; x_wconf 91' lang='lat' dir='ltr'>bem</span> <span class='ocrx_word' id='word_1_311' title='bbox 1186 1657 1480 1706; x_wconf 81' lang='lat' dir='ltr'>pervenisset,</span> <span class='ocrx_word' id='word_1_312' title='bbox 1513 1668 1539 1696; x_wconf 90' lang='lat' dir='ltr'>a</span> <span class='ocrx_word' id='word_1_313' title='bbox 1572 1655 1791 1706; x_wconf 70' lang='lat' dir='ltr'>Gregcrio</span> <span class='ocrx_word' id='word_1_314' title='bbox 1825 1668 1889 1696; x_wconf 91' lang='lat' dir='ltr'>se-</span> 
     </span>
     <span class='ocr_line' id='line_1_70' title="bbox 1054 1709 1889 1764; baseline 0 -12"><span class='ocrx_word' id='word_1_315' title='bbox 1054 1709 1200 1752; x_wconf 80' lang='lat' dir='ltr'>cundo</span> <span class='ocrx_word' id='word_1_316' title='bbox 1222 1710 1411 1762; x_wconf 91' lang='lat' dir='ltr'>benigne</span> <span class='ocrx_word' id='word_1_317' title='bbox 1426 1712 1654 1764; x_wconf 82' lang='lat' dir='ltr'>excipitur,</span> <span class='ocrx_word' id='word_1_318' title='bbox 1674 1724 1755 1763; x_wconf 92' lang='lat' dir='ltr'>pro</span> <span class='ocrx_word' id='word_1_319' title='bbox 1768 1712 1889 1752; x_wconf 89' lang='lat' dir='ltr'>Win-</span> 
     </span>
     <span class='ocr_line' id='line_1_71' title="bbox 1052 1766 1888 1809; baseline 0.001 -2"><span class='ocrx_word' id='word_1_320' title='bbox 1052 1766 1168 1808; x_wconf 84' lang='lat' dir='ltr'>frido</span> <span class='ocrx_word' id='word_1_321' title='bbox 1188 1767 1443 1809; x_wconf 82' lang='lat' dir='ltr'>Bonifacius</span> <span class='ocrx_word' id='word_1_322' title='bbox 1468 1781 1493 1809; x_wconf 89' lang='lat' dir='ltr'>a</span> <span class='ocrx_word' id='word_1_323' title='bbox 1510 1767 1726 1809; x_wconf 89' lang='lat' dir='ltr'>Pontifice</span> <span class='ocrx_word' id='word_1_324' title='bbox 1752 1768 1888 1809; x_wconf 90' lang='lat' dir='ltr'>nomi-</span> 
     </span>
     <span class='ocr_line' id='line_1_72' title="bbox 1051 1823 1888 1874; baseline 0.001 -10"><span class='ocrx_word' id='word_1_325' title='bbox 1051 1825 1194 1865; x_wconf 83' lang='lat' dir='ltr'>natur.</span> <span class='ocrx_word' id='word_1_326' title='bbox 1253 1824 1305 1864; x_wconf 90' lang='lat' dir='ltr'>In</span> <span class='ocrx_word' id='word_1_327' title='bbox 1350 1824 1633 1866; x_wconf 78' lang='lat' dir='ltr'>Germaniam</span> <span class='ocrx_word' id='word_1_328' title='bbox 1679 1823 1888 1874; x_wconf 82' lang='lat' dir='ltr'>directus,</span> 
     </span>
     <span class='ocr_line' id='line_1_73' title="bbox 1053 1879 1888 1933; baseline 0.001 -13"><span class='ocrx_word' id='word_1_329' title='bbox 1053 1879 1308 1931; x_wconf 83' lang='lat' dir='ltr'>Thuringiae</span> <span class='ocrx_word' id='word_1_330' title='bbox 1361 1881 1654 1932; x_wconf 69' lang='lat' dir='ltr'>Saxoniaeque</span> <span class='ocrx_word' id='word_1_331' title='bbox 1708 1880 1888 1933; x_wconf 65' lang='lat' dir='ltr'>pepulis</span> 
     </span>
     <span class='ocr_line' id='line_1_74' title="bbox 1053 1935 1887 1979; baseline 0 -2"><span class='ocrx_word' id='word_1_332' title='bbox 1053 1935 1276 1979; x_wconf 87' lang='lat' dir='ltr'>Christum</span> <span class='ocrx_word' id='word_1_333' title='bbox 1300 1937 1586 1979; x_wconf 80' lang='lat' dir='ltr'>annuntiavit.</span> <span class='ocrx_word' id='word_1_334' title='bbox 1625 1938 1734 1979; x_wconf 91' lang='lat' dir='ltr'>Cum</span> <span class='ocrx_word' id='word_1_335' title='bbox 1757 1937 1887 1978; x_wconf 81' lang='lat' dir='ltr'>inter-</span> 
     </span>
     <span class='ocr_line' id='line_1_75' title="bbox 1054 1992 1886 2035; baseline 0 -2"><span class='ocrx_word' id='word_1_336' title='bbox 1054 2005 1106 2033; x_wconf 89' lang='lat' dir='ltr'>ea</span> <span class='ocrx_word' id='word_1_337' title='bbox 1132 1992 1381 2035; x_wconf 70' lang='lat' dir='ltr'>Radbddus</span> <span class='ocrx_word' id='word_1_338' title='bbox 1409 1994 1564 2034; x_wconf 89' lang='lat' dir='ltr'>Frisiae</span> <span class='ocrx_word' id='word_1_339' title='bbox 1597 2006 1676 2035; x_wconf 85' lang='lat' dir='ltr'>rex</span> <span class='ocrx_word' id='word_1_340' title='bbox 1705 2006 1756 2034; x_wconf 91' lang='lat' dir='ltr'>ac</span> <span class='ocrx_word' id='word_1_341' title='bbox 1783 1993 1886 2033; x_wconf 87' lang='lat' dir='ltr'>infe-</span> 
     </span>
     <span class='ocr_line' id='line_1_76' title="bbox 1054 2049 1888 2092; baseline -0.001 -2"><span class='ocrx_word' id='word_1_342' title='bbox 1054 2049 1271 2090; x_wconf 87' lang='lat' dir='ltr'>stissimus</span> <span class='ocrx_word' id='word_1_343' title='bbox 1291 2049 1518 2092; x_wconf 80' lang='lat' dir='ltr'>christiani</span> <span class='ocrx_word' id='word_1_344' title='bbox 1536 2050 1725 2091; x_wconf 82' lang='lat' dir='ltr'>n6n1inis</span> <span class='ocrx_word' id='word_1_345' title='bbox 1745 2049 1888 2090; x_wconf 90' lang='lat' dir='ltr'>hostis</span> 
     </span>
     <span class='ocr_line' id='line_1_77' title="bbox 1055 2104 1886 2155; baseline -0.002 -9"><span class='ocrx_word' id='word_1_346' title='bbox 1055 2105 1351 2155; x_wconf 87' lang='lat' dir='ltr'>occubuisset,</span> <span class='ocrx_word' id='word_1_347' title='bbox 1379 2106 1634 2148; x_wconf 82' lang='lat' dir='ltr'>Bonifacius</span> <span class='ocrx_word' id='word_1_348' title='bbox 1661 2104 1717 2146; x_wconf 89' lang='lat' dir='ltr'>ad</span> <span class='ocrx_word' id='word_1_349' title='bbox 1743 2105 1886 2145; x_wconf 91' lang='lat' dir='ltr'>Friso-</span> 
     </span>
     <span class='ocr_line' id='line_1_78' title="bbox 1052 2159 1887 2211; baseline -0.001 -9"><span class='ocrx_word' id='word_1_350' title='bbox 1052 2174 1131 2203; x_wconf 89' lang='lat' dir='ltr'>nes</span> <span class='ocrx_word' id='word_1_351' title='bbox 1158 2161 1305 2211; x_wconf 76' lang='lat' dir='ltr'>rediit,</span> <span class='ocrx_word' id='word_1_352' title='bbox 1337 2162 1413 2204; x_wconf 92' lang='lat' dir='ltr'>ubi</span> <span class='ocrx_word' id='word_1_353' title='bbox 1442 2163 1582 2204; x_wconf 90' lang='lat' dir='ltr'>sancti</span> <span class='ocrx_word' id='word_1_354' title='bbox 1610 2159 1887 2203; x_wconf 72' lang='lat' dir='ltr'>Willibrcrdi</span> 
     </span>
     <span class='ocr_line' id='line_1_79' title="bbox 1053 2218 1886 2271; baseline 0 -13"><span class='ocrx_word' id='word_1_355' title='bbox 1053 2218 1199 2258; x_wconf 72' lang='lat' dir='ltr'>sccius</span> <span class='ocrx_word' id='word_1_356' title='bbox 1236 2232 1317 2271; x_wconf 88' lang='lat' dir='ltr'>per</span> <span class='ocrx_word' id='word_1_357' title='bbox 1354 2219 1590 2260; x_wconf 77' lang='lat' dir='ltr'>triennium</span> <span class='ocrx_word' id='word_1_358' title='bbox 1628 2222 1752 2259; x_wconf 88' lang='lat' dir='ltr'>tanto</span> <span class='ocrx_word' id='word_1_359' title='bbox 1786 2230 1886 2258; x_wconf 91' lang='lat' dir='ltr'>cum</span> 
     </span>
     <span class='ocr_line' id='line_1_80' title="bbox 1052 2273 1888 2326; baseline 0.002 -13"><span class='ocrx_word' id='word_1_360' title='bbox 1052 2273 1196 2316; x_wconf 85' lang='lat' dir='ltr'>fructu</span> <span class='ocrx_word' id='word_1_361' title='bbox 1223 2274 1512 2326; x_wconf 84' lang='lat' dir='ltr'>Evangelium</span> <span class='ocrx_word' id='word_1_362' title='bbox 1535 2273 1812 2326; x_wconf 80' lang='lat' dir='ltr'>praedicavit,</span> <span class='ocrx_word' id='word_1_363' title='bbox 1839 2278 1888 2315; x_wconf 91' lang='lat' dir='ltr'>ut</span> 
     </span>
     <span class='ocr_line' id='line_1_81' title="bbox 1053 2328 1886 2379; baseline -0.001 -9"><span class='ocrx_word' id='word_1_364' title='bbox 1053 2328 1290 2372; x_wconf 81' lang='lat' dir='ltr'>destructis</span> <span class='ocrx_word' id='word_1_365' title='bbox 1310 2330 1532 2372; x_wconf 86' lang='lat' dir='ltr'>id016rum</span> <span class='ocrx_word' id='word_1_366' title='bbox 1552 2329 1807 2379; x_wconf 77' lang='lat' dir='ltr'>simulacris,</span> <span class='ocrx_word' id='word_1_367' title='bbox 1826 2329 1886 2370; x_wconf 93' lang='lat' dir='ltr'>in-</span> 
     </span>
     <span class='ocr_line' id='line_1_82' title="bbox 1049 2386 1886 2428; baseline 0.001 -2"><span class='ocrx_word' id='word_1_368' title='bbox 1049 2388 1247 2428; x_wconf 82' lang='lat' dir='ltr'>numerae</span> <span class='ocrx_word' id='word_1_369' title='bbox 1265 2400 1372 2428; x_wconf 89' lang='lat' dir='ltr'>vero</span> <span class='ocrx_word' id='word_1_370' title='bbox 1389 2387 1485 2428; x_wconf 90' lang='lat' dir='ltr'>Deo</span> <span class='ocrx_word' id='word_1_371' title='bbox 1506 2386 1706 2428; x_wconf 81' lang='lat' dir='ltr'>ecclesiae</span> <span class='ocrx_word' id='word_1_372' title='bbox 1727 2386 1886 2427; x_wconf 87' lang='lat' dir='ltr'>excita-</span> 
     </span>
     <span class='ocr_line' id='line_1_83' title="bbox 1052 2443 1212 2484; baseline 0.013 -3"><span class='ocrx_word' id='word_1_373' title='bbox 1052 2443 1212 2484; x_wconf 81' lang='lat' dir='ltr'>rentur.</span> 
     </span>
    </p>

    <p class='ocr_par' dir='ltr' id='par_1_19' title="bbox 1052 2506 1886 2717">
     <span class='ocr_line' id='line_1_84' title="bbox 1103 2506 1885 2560; baseline -0.003 -12"><span class='ocrx_word' id='word_1_374' title='bbox 1103 2509 1154 2560; x_wconf 73' lang='lat' dir='ltr'>R.</span> <span class='ocrx_word' id='word_1_375' title='bbox 1178 2508 1229 2548; x_wconf 93' lang='lat' dir='ltr'>In</span> <span class='ocrx_word' id='word_1_376' title='bbox 1248 2507 1386 2548; x_wconf 87' lang='lat' dir='ltr'>servis</span> <span class='ocrx_word' id='word_1_377' title='bbox 1406 2506 1506 2555; x_wconf 88' lang='lat' dir='ltr'>suis,</span> <span class='ocrx_word' id='word_1_378' title='bbox 1527 2506 1710 2558; x_wconf 83' lang='lat' dir='ltr'>alleluja,</span> <span class='ocrx_word' id='word_1_379' title='bbox 1727 2514 1750 2537; x_wconf 85' lang='lat'>*</span> <span class='ocrx_word' id='word_1_380' title='bbox 1774 2506 1885 2547; x_wconf 91' lang='lat' dir='ltr'>Con-</span> 
     </span>
     <span class='ocr_line' id='line_1_85' title="bbox 1052 2561 1883 2614; baseline -0.002 -10"><span class='ocrx_word' id='word_1_381' title='bbox 1052 2563 1267 2606; x_wconf 80' lang='lat' dir='ltr'>solabitur</span> <span class='ocrx_word' id='word_1_382' title='bbox 1293 2564 1432 2611; x_wconf 87' lang='lat' dir='ltr'>Deus,</span> <span class='ocrx_word' id='word_1_383' title='bbox 1462 2562 1645 2614; x_wconf 81' lang='lat' dir='ltr'>alleluja.</span> <span class='ocrx_word' id='word_1_384' title='bbox 1684 2562 1735 2613; x_wconf 65' lang='lat' dir='ltr'>V.</span> <span class='ocrx_word' id='word_1_385' title='bbox 1765 2561 1883 2603; x_wconf 87' lang='lat' dir='ltr'>Judi-</span> 
     </span>
     <span class='ocr_line' id='line_1_86' title="bbox 1052 2618 1886 2671; baseline -0.001 -11"><span class='ocrx_word' id='word_1_386' title='bbox 1052 2618 1170 2661; x_wconf 78' lang='lat' dir='ltr'>cabit</span> <span class='ocrx_word' id='word_1_387' title='bbox 1193 2619 1409 2660; x_wconf 84' lang='lat' dir='ltr'>D6minus</span> <span class='ocrx_word' id='word_1_388' title='bbox 1433 2618 1649 2671; x_wconf 81' lang='lat' dir='ltr'>p6pulum</span> <span class='ocrx_word' id='word_1_389' title='bbox 1674 2631 1816 2668; x_wconf 86' lang='lat' dir='ltr'>suum;</span> <span class='ocrx_word' id='word_1_390' title='bbox 1843 2623 1886 2659; x_wconf 89' lang='lat' dir='ltr'>et</span> 
     </span>
     <span class='ocr_line' id='line_1_87' title="bbox 1052 2674 1729 2717; baseline 0 -2"><span class='ocrx_word' id='word_1_391' title='bbox 1052 2675 1097 2715; x_wconf 89' lang='lat' dir='ltr'>in</span> <span class='ocrx_word' id='word_1_392' title='bbox 1116 2675 1256 2717; x_wconf 88' lang='lat' dir='ltr'>servis</span> <span class='ocrx_word' id='word_1_393' title='bbox 1276 2675 1378 2715; x_wconf 89' lang='lat' dir='ltr'>suis.</span> <span class='ocrx_word' id='word_1_394' title='bbox 1406 2674 1729 2717; x_wconf 76' lang='lat' dir='ltr'>Consolabitur,</span> 
     </span>
    </p>
   </div>
   <div class='ocr_carea' id='block_1_6' title="bbox 104 104 1944 2777">
    <p class='ocr_par' dir='ltr' id='par_1_20' title="bbox 104 104 1944 2777">
     <span class='ocr_line' id='line_1_88' title="bbox 104 104 1944 2777; baseline 0 0"><span class='ocrx_word' id='word_1_395' title='bbox 104 104 1944 2777; x_wconf 95' lang='lat' dir='ltr'> </span> 
     </span>
    </p>
   </div>
  </div>
 </body>
</html>
