2028 2892
792 165 995 201 Dominica
1018 167 1231 202 Passionis

150 264 241 301 tam
265 272 371 310 ergo
391 263 600 309 vestram,
629 260 786 302 fratres
812 264 980 304 carissi-

150 315 227 365 mi,
259 320 360 357 ante
383 315 544 357 mentis
574 316 727 357 oculos
756 321 980 368 revocate,

151 375 195 412 et
211 371 300 412 alta
315 371 668 413 consideratione
682 373 980 424 pertimescite

150 426 236 468 hoc
265 426 386 479 quod
415 440 469 468 ex
498 440 574 468 ore
599 428 812 470 Veritatis
838 436 980 472 sonat:

149 482 394 535 Propterea
426 496 507 524 vos
539 496 628 524 non
661 484 838 534 auditis,
879 487 980 537 quia

150 550 204 578 ex
223 538 322 580 Deo
342 551 430 579 non
450 539 566 580 estis.

205 596 257 647 Ιζι.
289 594 357 635 Ne
394 597 570 636 avertas
608 595 764 637 faciem
798 602 918 638 tuam
955 611 980 639 a

149 652 289 701 puero
309 654 386 691 tuo
406 651 610 692 Domine:
635 653 658 677 *
672 653 890 702 Quoniam
907 656 979 695 tri-

149 705 292 755 bulor,
316 706 529 748 velociter
549 707 710 748 exandi
728 721 810 750 me.
839 704 888 755 V.
912 711 979 750 In-

149 762 283 803 tende
308 763 464 803 animae
485 776 612 814 meae,
639 769 682 805 et
706 763 845 805 libera
869 778 979 806 eam:

148 822 330 870 propter
360 818 561 860 inimicos
594 833 718 861 meos
751 821 872 872 eripe
898 834 979 862 me.

152 874 381 923 Quoniam.

455 927 608 968 Lectio
630 928 684 968 ix.

221 985 277 1027 ed
302 986 386 1027 hoc
414 986 533 1037 quod
559 986 614 1028 de
635 987 837 1038 reprobis
856 987 977 1028 Veri-

226 1046 293 1083 tas
313 1041 522 1093 loquitur,
542 1043 627 1094 ipsi
646 1042 732 1084 hoc
750 1043 806 1084 de
825 1049 979 1085 semet-

148 1098 257 1150 ipsis
281 1097 459 1150 reprobi
483 1098 643 1150 iniquis
663 1099 754 1139 suis
774 1099 980 1151 operibus

149 1153 403 1195 ostendunt:
422 1166 523 1194 nam
542 1155 754 1206 sequitur:
780 1155 980 1207 Respon-

149 1209 308 1251 derunt
327 1210 457 1260 igitur
474 1210 498 1250 J
500 1209 616 1251 udaei
636 1215 679 1251 et
699 1210 904 1252 dixerunt
924 1212 979 1252 ei:

147 1266 307 1307 Nonne
327 1265 440 1307 bene
460 1265 645 1307 dicimus
664 1280 760 1315 nos,
788 1268 888 1318 quia
907 1268 979 1308 Sa-

148 1322 390 1363 maritanus
410 1335 457 1363 es
476 1327 536 1372 tu,
559 1327 603 1363 et
622 1322 889 1364 daemonium
908 1323 980 1364 ha-

149 1376 252 1419 bes?
289 1378 486 1430 Accepta
510 1382 658 1419 autem
682 1383 804 1420 tanta
832 1385 981 1420 contu-

148 1434 293 1483 melia,
326 1433 431 1486 quid
457 1434 673 1474 Dominus
702 1435 981 1486 respondeat,

150 1489 392 1530 audiamus:
411 1489 507 1540 Ego
526 1489 792 1531 daemonium
806 1503 895 1531 non
907 1490 980 1531 ha-

149 1545 246 1595 beo,
266 1545 346 1587 sed
364 1545 609 1586 honorifico
628 1546 806 1587 Patrem
823 1558 981 1595 meum,

150 1606 195 1643 et
213 1614 292 1642 vos
310 1601 605 1642 inhonorastis
624 1614 706 1642 me.
737 1602 849 1651 Quia
868 1603 982 1643 enim

149 1658 450 1699 Samaritanus
471 1657 789 1709 interpretatur
816 1663 981 1699 custos:

151 1718 195 1754 et
214 1713 310 1766 ipse
327 1713 542 1755 veraciter
558 1717 707 1754 custos
723 1718 800 1762 est,
821 1713 876 1755 de
893 1727 980 1766 quo

150 1769 384 1811 Psalmista
401 1769 474 1811 ait:
493 1769 589 1810 Nisi
603 1769 818 1810 Dominus
839 1774 981 1811 custo-

152 1825 282 1867 dierit
301 1825 539 1874 civitatem,
559 1825 602 1865 in
623 1838 784 1866 vanum
803 1825 983 1875 vigilant

153 1882 227 1934 qui
249 1881 502 1923 custodiunt
522 1893 633 1922 eam:
653 1886 696 1922 et
715 1881 785 1922 cui
800 1894 879 1933 per
894 1882 981 1922 Isa-

150 1939 238 1978 iam
257 1937 429 1979 dicitur:
452 1937 612 1978 Custos
633 1937 739 1988 quid
760 1936 815 1978 de
829 1935 981 1978 nocte?

152 1997 302 2035 custos
329 1992 434 2045 quid
458 1993 514 2034 de
533 1991 687 2033 nocte?
712 1992 982 2044 respondere

151 2049 292 2090 noluit
314 2049 553 2090 Dominusr
573 2049 871 2089 Samaritanus
892 2060 982 2089 non

153 2117 265 2154 sum3
290 2104 384 2153 sed,
404 2105 498 2155 Ego
520 2104 785 2145 daemonium
803 2115 890 2144 non
909 2103 982 2144 ha-

152 2159 248 2201 beo.
279 2160 382 2200 Duo
408 2160 572 2212 quippe
597 2159 637 2200 ei
655 2159 775 2200 illata
794 2159 982 2200 fuerunt:

152 2229 285 2256 unum
304 2215 495 2265 negavit,
523 2214 642 2256 aliud
666 2214 854 2256 tacendo
882 2227 981 2255 con-

153 2272 301 2312 sensit.

205 2329 256 2380 R.
275 2328 381 2377 Quis
401 2326 522 2368 dabit
541 2326 676 2379 capiti
695 2338 794 2367 meo
813 2338 982 2377 aquam,

154 2388 197 2424 et
217 2383 356 2424 oculis
379 2383 487 2424 meis
510 2383 677 2424 fontem
695 2382 982 2429 lacrimarum,

154 2443 198 2479 et
216 2438 402 2490 plorabo
429 2438 500 2479 die
526 2451 578 2479 ac
600 2436 753 2479 nocte?
782 2437 882 2489 quia
900 2436 981 2476 fra·

154 2499 221 2535 ter
239 2497 516 2547 propinquus
536 2493 835 2546 supplantavit
853 2505 938 2540 me,
956 2498 978 2521 *

154 2550 210 2591 Et
235 2551 376 2591 omnis
401 2552 566 2591 amicus
598 2547 893 2590 fraudulenter
921 2547 980 2587 in-

155 2606 286 2646 cessit
308 2606 352 2646 in
375 2619 457 2647 me.
491 2600 540 2651 V.
569 2606 696 2646 Fiant
722 2604 804 2645 viae
831 2604 999 2643 eorum·

154 2661 349 2702 tenebrae
383 2667 426 2702 et
454 2661 684 2702 lubricum:
717 2664 760 2700 et
786 2657 981 2708 Angelus

1034 265 1213 306 Domini
1231 269 1501 319 persequens
1522 281 1610 309 eos.
1637 269 1694 310 Et
1708 270 1859 311 omnis.

1042 321 1150 369 Quis
1170 321 1301 364 dabit.

1297 404 1375 444 Ad
1394 405 1600 448 Laudes.

1091 463 1190 503 Ant.
1211 464 1239 502 1.
1268 463 1379 506 Vide
1401 466 1590 508 Domine
1615 469 1638 494 *
1663 469 1858 511 afflictio-

1033 531 1134 559 nem
1160 532 1318 569 meam,
1353 522 1558 572 quoniam
1590 525 1760 566 erectus
1793 531 1859 567 est

1033 574 1232 616 inimicus
1251 589 1384 617 meus.

1091 635 1158 691 Ps.
1187 636 1402 678 Miserere.
1427 649 1525 677 cum
1545 637 1790 690 reliqu.134.

1090 696 1126 734 2.
1147 696 1192 735 In
1211 696 1493 738 tribulatione
1511 698 1535 723 *
1553 697 1754 740 invocavi
1772 700 1858 740 Do-

1033 751 1213 800 minum,
1242 757 1285 793 et
1310 752 1533 794 exaudivit
1557 766 1626 794 me
1651 754 1693 794 in
1717 754 1858 796 latitu-

1034 806 1146 848 dine.

1088 868 1125 907 3.
1166 867 1378 909 Judicasti
1410 868 1598 911 Domine
1626 870 1649 895 *
1682 882 1858 911 causam

1034 924 1189 964 animae
1216 937 1343 974 meae,
1376 923 1580 966 defensor
1607 926 1708 967 vitae
1736 939 1856 975 meae,

1032 980 1223 1020 Domine
1240 980 1362 1020 Deus
1381 992 1514 1021 meus.

1088 1040 1125 1078 4.
1156 1039 1320 1092 Popule
1345 1052 1468 1081 meus
1487 1041 1510 1065 *
1531 1039 1635 1092 quid
1659 1041 1742 1082 feci
1764 1041 1858 1090 tibi,

1034 1100 1109 1136 aut
1143 1094 1247 1147 quid
1278 1095 1490 1137 molestus
1522 1094 1603 1137 fui?
1636 1097 1854 1148 responde

1034 1151 1148 1192 mihi.

1087 1211 1125 1251 5.
1143 1211 1367 1264 Numquid
1386 1212 1583 1254 redditur
1601 1213 1625 1238 *
1644 1225 1725 1264 pro
1740 1212 1858 1254 bono

1034 1268 1210 1318 malum,
1237 1269 1339 1320 quia
1359 1267 1563 1309 foderunt
1582 1269 1753 1309 foveam
1773 1269 1858 1309 ani-

1033 1337 1117 1365 mae
1139 1324 1274 1365 meae?

1090 1391 1348 1443 Capitulum.
1563 1391 1697 1432 Hebr.
1717 1392 1753 1431 9.
1774 1404 1808 1432 c.

1112 1461 1267 1497 ratres:
1294 1456 1492 1497 Christus
1515 1459 1723 1498 assistens
1747 1458 1856 1498 Pon-

1124 1512 1230 1553 tifex
1254 1512 1497 1553 futurorum
1521 1512 1754 1561 bonorum,
1779 1526 1857 1564 per

1033 1568 1219 1620 amplius
1256 1573 1299 1609 et
1335 1568 1570 1620 perfectius
1603 1567 1856 1609 tabernacu-

1033 1624 1124 1665 lum
1143 1637 1231 1664 non
1247 1636 1378 1664 manu
1397 1624 1575 1673 factum,
1600 1623 1645 1664 id
1665 1628 1747 1672 est,
1771 1637 1857 1664 non

1034 1679 1159 1731 hujus
1196 1679 1443 1720 creationis:
1479 1691 1620 1731 neque
1653 1692 1731 1731 per
1765 1681 1857 1720 san-

1034 1736 1209 1787 guinem
1246 1735 1465 1776 hircorum
1506 1740 1580 1776 aut
1614 1735 1857 1784 vitulorum,

1035 1791 1115 1833 sed
1145 1804 1225 1843 per
1256 1791 1484 1844 proprium
1516 1791 1769 1840 sanguinem
1798 1791 1856 1830 in-

1034 1848 1185 1889 troivit
1221 1847 1357 1888 semel
1395 1847 1438 1887 in
1474 1847 1649 1895 Sancta,
1694 1848 1857 1887 aeterna

1034 1903 1337 1955 redemptione
1356 1903 1541 1944 inventa.

1344 1970 1554 2020 Hymnus.

1129 2037 1249 2074 ustra
1269 2044 1346 2072 sex
1367 2031 1440 2083 qui
1459 2031 1542 2081 jam
1561 2030 1737 2082 peregit,

1153 2088 1348 2139 Tempus
1366 2086 1550 2138 implens
1570 2085 1778 2137 corporis,

1111 2145 1278 2196 Sponte
1298 2142 1436 2183 libera
1456 2141 1728 2191 Redemptor

1111 2198 1311 2240 Passioni
1332 2197 1516 2245 deditus,

1111 2255 1264 2306 Agnus
1282 2254 1325 2294 in
1344 2252 1492 2293 Crucis
1511 2251 1679 2292 levatur

1111 2307 1410 2351 Immolandus
1429 2306 1586 2358 stipite.

1061 2377 1176 2420 Felle
1195 2382 1326 2430 potus
1347 2387 1448 2416 ecce
1468 2373 1656 2423 languet:

1110 2435 1256 2486 Spina,
1276 2431 1398 2479 clavi,
1416 2430 1567 2469 lancea

1110 2489 1217 2530 Mite
1236 2499 1393 2538 corpus
1412 2484 1702 2536 perforarunt:

1110 2544 1238 2586 Unda
1255 2546 1411 2589 manat,
1430 2545 1474 2580 et
1493 2552 1636 2580 cruor:

1110 2601 1257 2647 Terra,
1276 2601 1448 2649 pontus,
1467 2599 1596 2644 astra,
1614 2594 1812 2643 mundus,

1112 2657 1209 2705 Quo
1228 2654 1426 2694 lavantur
1446 2650 1636 2691 flumine!

1587 2778 1648 2810 13*
