2066 2956
460 191 527 225 Die
551 193 580 224 (Β.
605 191 713 225 Febr.
760 193 794 225 S.
822 192 1048 234 Ilyacinthoe
1074 192 1119 225 dc
1146 192 1376 226 Mariscottis
1404 194 1503 234 Virg.

138 284 223 335 jam
258 282 302 323 in
337 284 519 334 puteum
555 281 816 333 prolapsura
850 294 959 333 prae-

139 338 251 379 senti
291 337 375 379 Dei
414 336 627 378 beneficio
669 339 842 379 servata
883 342 959 378 est.

138 393 384 436 Viterbium
401 393 533 434 missa
557 392 614 434 ad
632 393 844 434 moniales
866 406 958 434 san—

139 451 198 493 cti
221 448 496 498 Bernardini,
525 454 572 491 ut
596 449 650 490 ab
676 449 728 490 iis
756 449 958 491 educare-

138 511 224 556 tur,
246 506 307 548 ibi
325 505 463 547 Tertii
489 504 652 546 ordinis
672 506 810 546 sancti
828 506 958 546 Fran-

138 563 242 604 cisci
267 562 512 603 institutum
537 561 792 603 adolescens
818 563 958 603 susce-

137 619 216 671 pit,
248 631 337 660 non
368 618 430 659 ita
460 622 606 659 tamen
631 622 680 659 ut
707 631 831 659 sacra
861 631 959 659 cum

138 679 260 716 veste
297 674 526 725 religiosos
562 686 707 715 mores
742 674 958 724 indueret3

136 731 310 783 pompis
338 730 452 772 enim
479 742 531 771 ac
558 729 724 771 deliciis
753 730 957 782 aliquam-

139 786 212 828 diu
227 786 416 835 indulsit,
436 785 577 827 donec
593 799 646 828 ex
660 785 771 827 febri
787 786 957 827 decum-

136 842 260 893 bens,
288 843 417 884 acciti
444 841 500 884 ad
529 855 576 884 se
603 842 857 883 confessarii
883 855 957 895 op-

135 902 326 952 portuna
367 898 702 940 commonitione
738 899 958 951 perculsa,

137 955 255 996 omni
304 955 484 996 vanitati
532 955 730 997 nuntium
780 956 957 996 remisit.

135 1011 290 1063 Itaque
310 1013 524 1052 anteactae
543 1011 645 1052 vitae
667 1011 848 1052 maculis
867 1024 957 1063 poe-

135 1067 328 1108 nitentiae
361 1068 633 1108 sacramento
673 1067 875 1119 expiatis,
914 1067 958 1107 in

136 1123 355 1165 communi
373 1122 560 1165 triclinio
585 1123 629 1163 in
648 1125 789 1174 genua
807 1123 957 1164 humil-

135 1179 236 1221 lime
266 1178 516 1232 provoluta,
555 1178 746 1220 lacrimis
782 1191 828 1220 se
859 1181 957 1231 pro-

136 1235 275 1285 luens,
294 1248 345 1277 ac
364 1235 536 1287 flagello
555 1235 599 1275 in
618 1236 808 1287 seipsam
825 1235 957 1275 anim-

136 1291 393 1342 advertens,
452 1291 623 1332 veniam
668 1303 693 1331 a
732 1291 957 1332 sororibus

137 1347 370 1400 deprecata
396 1351 476 1398 est3
505 1352 598 1389 tum
623 1349 809 1388 annuam
828 1350 957 1399 pecu-

135 1404 267 1454 niam,
295 1416 346 1445 ac
366 1402 640 1457 splendidam
659 1408 790 1455 atque
810 1405 957 1455 super-

137 1460 268 1501 fluam
286 1459 619 1513 supellectilem,
647 1459 796 1501 mundi
821 1472 872 1500 ac
891 1460 958 1500 sui

137 1516 428 1568 contemptrix
472 1515 705 1558 abdicavit:
751 1515 957 1568 deinceps

136 1584 241 1613 vero
261 1571 387 1614 nudis
405 1571 605 1624 pedibus,
625 1571 708 1621 vel,
729 1585 827 1613 cum
845 1584 957 1613 mor-

135 1627 217 1670 bus
245 1630 437 1679 cogeret,
469 1627 663 1679 subjecta
689 1628 809 1669 solea
838 1628 956 1670 obte-

136 1684 236 1734 ctis,
263 1697 315 1726 ac
341 1685 468 1739 unica
490 1684 793 1734 tantummodo
812 1685 958 1726 tunica

137 1742 350 1790 contenta,
376 1743 514 1793 eaque
537 1740 645 1791 rudi,
677 1740 886 1790 obsoleta,
915 1746 958 1782 et

136 1796 179 1837 in
207 1796 528 1849 eleemosynam
555 1798 752 1849 accepta,
779 1809 831 1838 ac
858 1797 957 1838 fune

136 1855 383 1905 praecincta,
403 1851 548 1906 quoad
567 1853 684 1902 vixit,
704 1853 889 1894 incessit.

194 1929 242 1979 Ru
275 1927 463 1979 Propter
489 1926 735 1975 veritatem,
768 1931 811 1967 et
841 1939 957 1967 man—

138 1982 427 2032 suetudinem,
455 1987 498 2024 et
523 1982 743 2034 justitiam:
765 1991 784 2010 *
804 1982 860 2024 Et
886 1982 957 2024 de-

83 2085 85 2087 ,
140 2037 270 2080 ducet
303 2043 348 2080 te
380 2038 635 2085 mirabiliter
667 2038 847 2080 dextera
873 2043 957 2079 tua.

140 2091 189 2143 V.
207 2094 361 2147 Specie
380 2100 455 2136 tua
475 2099 518 2137 et
542 2093 864 2147 pulchritudine
884 2100 958 2135 tua

138 2150 329 2200 intende,
356 2153 567 2204 prespere
591 2150 796 2203 procede,
826 2155 869 2192 et
894 2163 957 2191 re-

139 2219 234 2256 gna.
261 2207 317 2249 Et
336 2207 534 2249 deducet.
774 2208 776 2211 ’

379 2296 381 2299 “
447 2291 598 2332 Lectio
620 2306 655 2330 v.

140 2353 351 2458 Praeter
385 2359 589 2410 asperum
621 2359 840 2406 vestitum,
873 2356 958 2397 cili-

232 2414 316 2464 cio,
348 2413 522 2464 vigiliis,
554 2413 776 2454 laboribus
813 2413 958 2461 fracta,

137 2469 410 2522 assiduisque
424 2469 589 2522 jejuniis
606 2471 847 2517 extenuata,
867 2481 958 2509 cor-

136 2539 219 2577 pus
256 2526 386 2567 etiam
422 2525 586 2567 crebris
618 2524 873 2566 verberibus
908 2536 959 2564 ac

137 2582 360 2632 spinarum
379 2581 612 2634 manipulis
630 2579 863 2628 lacerabat,
887 2578 958 2620 ad-

138 2636 275 2678 hibito
311 2637 529 2679 interdum
570 2637 747 2678 alterius
785 2647 959 2687 quoque

140 2693 340 2734 monialis
367 2693 547 2734 brachio
575 2692 631 2734 ad
659 2692 865 2743 majorem
893 2691 959 2731 sui
981 2717 999 2748 ,-

1741 186 1833 230 [281]

1012 281 1210 333 cerporis
1247 281 1591 331 afflictationem3
1631 280 1750 333 quod
1785 286 1834 322 ut

1010 337 1149 388 magis
1172 339 1397 389 magisque
1422 339 1645 387 attereret,
1672 336 1832 378 lectulo

1011 406 1066 434 ex
1084 393 1318 443 asseribus,
1342 393 1526 445 soloque
1544 393 1619 434 vili
1639 392 1832 443 stragulo

1010 450 1223 491 instructo
1244 449 1461 499 utebatur,
1481 462 1532 490 ac
1549 462 1631 501 pro
1650 449 1832 501 pulvillo

1011 518 1163 547 saxum
1179 505 1425 555 adhibebat,
1446 505 1565 558 quod
1583 507 1626 545 in
1644 511 1833 547 stramen

1013 575 1066 603 ex
1085 561 1335 603 obedientia
1354 562 1650 611 commutavit,
1678 562 1722 602 in
1745 574 1832 612 quo

1012 618 1219 660 alterutro
1247 618 1361 670 pede
1385 617 1442 659 ad
1468 630 1639 659 crucem
1664 617 1708 657 in
1732 630 1832 659 con-

1011 676 1166 727 spectu
1199 675 1405 726 positam,
1450 675 1603 715 catena
1639 673 1832 724 alligato,

1010 730 1315 772 brevissimum
1366 743 1566 771 somnum
1622 729 1832 781 capiebat.

1011 786 1083 828 Ad
1127 786 1222 828 haec
1267 786 1542 839 absynthium
1586 785 1832 836 herbasque

1010 843 1302 883 amarissimas
1330 842 1553 891 mandere,
1581 841 1833 882 monialium

1011 899 1173 948 ulcera,
1202 911 1253 940 ac
1271 898 1501 951 pannicula
1520 898 1639 939 sanie
1659 897 1832 938 maden-

1009 955 1070 996 tia
1103 954 1348 996 exosculari
1380 967 1468 995 non
1500 954 1655 994 renuit:
1692 953 1831 994 scalas

1008 1011 1276 1060 monasterii,
1314 1013 1470 1051 onusta
1500 1010 1662 1061 ingenti
1692 1022 1831 1058 cruce,

1009 1067 1191 1118 genibus
1219 1066 1456 1108 ascendere
1477 1065 1711 1117 aliquando
1732 1077 1830 1106 con-

1010 1123 1165 1172 suevit;
1192 1135 1306 1164 nunc
1326 1134 1500 1174 quoque
1518 1124 1695 1171 urticas,
1718 1134 1832 1162 nunc

1010 1191 1133 1219 ceras
1148 1178 1347 1230 liquatas,
1366 1177 1499 1219 modo
1518 1178 1663 1219 nivem
1683 1182 1726 1219 et
1744 1177 1831 1227 gla-

1010 1235 1131 1284 ciem,
1145 1234 1278 1276 modo
1295 1235 1443 1276 alveos
1459 1234 1688 1285 rigentium
1704 1235 1831 1285 aqua-

1010 1303 1107 1331 rum
1149 1290 1205 1332 ad
1245 1290 1583 1332 maceratiOnem
1625 1289 1832 1331 adhibuit.

1011 1347 1171 1388 Christi
1203 1347 1379 1388 Demini
1405 1347 1669 1399 passionem,
1703 1358 1833 1397 quam

1011 1405 1286 1456 summopere
1322 1402 1628 1457 venerabatur,
1669 1407 1771 1453 apte
1808 1414 1832 1441 a

1011 1472 1058 1501 se
1086 1460 1331 1511 excogitata
1354 1458 1723 1501 atrocissimarum
1742 1471 1832 1510 poe-

1011 1518 1165 1557 narum
1184 1516 1294 1557 serie
1313 1515 1481 1565 imitari,
1499 1515 1542 1555 in
1562 1514 1713 1564 majeri
1731 1513 1832 1554 heb-

1011 1570 1215 1621 domada,
1255 1571 1519 1622 singulisque
1553 1570 1685 1611 sextis
1716 1569 1832 1610 feriis

1011 1628 1140 1669 solita
1166 1628 1256 1669 fuit.
1273 1650 1276 1653 >
1296 1627 1511 1668 Patientia
1542 1627 1585 1666 in
1616 1626 1832 1678 perferen-

1012 1683 1079 1725 dis
1112 1684 1294 1735 injuriis,
1337 1683 1570 1724 christiana
1603 1681 1833 1730 humilitas,

1011 1740 1231 1791 virginalis
1265 1738 1543 1789 verecundia,
1580 1751 1631 1779 ac
1666 1751 1833 1779 summa

1012 1795 1221 1837 sedulitas
1247 1796 1290 1836 in
1318 1795 1510 1844 novitiis,
1540 1794 1695 1847 quibus
1723 1796 1832 1846 prae-

1013 1858 1123 1902 erat,
1159 1851 1216 1893 ad
1247 1851 1561 1904 perfectionem
1594 1849 1832 1903 provehen-

1013 1908 1095 1958 dis,
1122 1909 1165 1949 in
1190 1921 1241 1950 ea
1258 1908 1438 1949 mirifice
1458 1907 1696 1949 eluxerunt.
1732 1906 1832 1946 Ani-

1011 1968 1180 2006 marum
1204 1977 1378 2017 quoque
1403 1964 1498 2005 zelo
1523 1964 1715 2012 incensa,
1742 1961 1833 2014 plu-

1013 2034 1083 2063 res
1107 2021 1351 2062 inimicitias
1379 2020 1566 2070 sustulit3
1590 2018 1832 2071 periclitan-

1013 2082 1080 2119 tes
1099 2077 1268 2130 puellas
1287 2077 1329 2117 in
1352 2081 1447 2118 tuto
1468 2075 1716 2123 collocavit,
1741 2073 1832 2126 plu-

1012 2134 1131 2174 rimis
1159 2132 1216 2174 ad
1241 2133 1466 2174 meliorem
1494 2132 1662 2182 frugem
1687 2128 1832 2171 tradu-

1013 2190 1109 2239 ctis;
1135 2189 1180 2229 in
1200 2189 1500 2241 proximorum
1521 2186 1660 2228 sallite
1677 2198 1832 2237 procu-

1012 2245 1166 2295 randa,
1204 2258 1289 2297 qua
1322 2242 1608 2291 orationibus,
1646 2254 1732 2294 qua
1759 2254 1833 2283 vo-

1012 2301 1208 2342 luntariis
1220 2300 1419 2352 corporis
1430 2298 1703 2347 cruciatibus,
1717 2298 1834 2339 omni

1013 2357 1200 2409 denique
1219 2358 1378 2397 conatu
1397 2354 1550 2406 jugiter
1568 2353 1773 2395 incubuit.

1064 2414 1113 2464 R'·
1145 2411 1346 2453 Dilexisti
1380 2410 1594 2462 justitiam,
1631 2414 1675 2451 et
1702 2410 1834 2452 odisti

1012 2469 1299 2520 iniquitatem:
1325 2470 1346 2490 ’⁸‘
1373 2467 1613 2518 Propterea
1637 2466 1759 2507 unxit
1789 2471 1833 2514 te

1011 2525 1149 2573 Deus,
1194 2525 1313 2564 Deus
1356 2527 1472 2571 tuus,
1517 2521 1616 2563 eleo
1658 2521 1832 2563 laetitiae.

1011 2573 1061 2625 V.
1090 2581 1275 2631 Propter
1299 2578 1541 2627 veritatem,
1570 2582 1613 2619 et
1635 2590 1830 2619 mansue-

1012 2635 1222 2684 tudinem,
1257 2639 1300 2676 et
1332 2634 1548 2686 justitiam.
1592 2634 1832 2686 Propterea

1012 2692 1143 2732 unxit.
1465 2715 1470 2718 -
