2066 2956
215 195 305 240 [324]

214 304 294 344 per
311 290 519 343 Spiritum
538 294 735 330 sanctum
754 289 1036 339 semetipsum

217 346 372 388 obtulit
399 345 721 386 immaculatum
748 344 863 393 Deo,
892 355 1035 385 emun-

217 403 338 444 dabit
383 401 691 443 conscientiam
740 404 936 442 nostram
981 397 1035 439 ab

216 458 421 511 operibus
446 458 644 506 mortuis,
677 457 734 498 ad
760 454 1036 498 serviendum

216 515 311 556 Deo
339 512 523 556 viventi?
566 514 623 555 Et
650 512 751 555 ideo
779 512 880 553 novi
906 515 1036 553 testa-

216 571 349 612 menti
362 569 578 612 mediator
594 574 675 611 est:
692 574 739 610 ut
753 573 894 610 morte
908 568 1036 608 inter-

217 626 416 676 cedente,
445 626 488 667 in
515 625 860 678 redemptionem
887 625 1036 665 earum

217 682 639 735 praevaricationum,
672 694 769 733 quae
802 684 925 722 erant
957 678 1037 720 sub

218 739 351 791 priori
365 740 635 787 testamento,
655 736 1038 790 repromissionem

219 795 433 847 accipiant
461 794 535 846 qui
563 794 707 835 vocati
734 798 833 835 sunt
863 793 1038 834 aetemae

219 850 496 892 haereditatis.

275 914 325 963 Ιζν.
342 907 367 947 J
369 920 479 955 esus,
497 912 544 948 ut
562 905 855 948 sanctificaret
874 917 953 957 per
972 917 1038 945 su-

218 978 291 1005 um
306 963 557 1014 sanguinem
571 962 794 1015 populum,
811 966 934 1003 extra
948 973 1041 1013 por-

218 1026 307 1062 tam
334 1032 489 1073 passus
518 1024 600 1060 est:
626 1024 646 1047 *
662 1019 880 1060 Exeamus
909 1018 1038 1068 igitur

220 1076 276 1118 ad
295 1089 394 1118 eum
413 1081 535 1117 extra
554 1079 707 1124 castra,
728 1073 1041 1127 improperium

221 1134 310 1184 ejus
334 1134 572 1185 portantes.
619 1130 666 1180 V.
694 1131 902 1172 Nondum
926 1130 1040 1171 enim

221 1202 358 1240 usque
378 1188 434 1230 ad
454 1187 706 1238 sanguinem
729 1187 948 1229 restitistis
970 1185 1041 1227 ad-

222 1247 370 1286 versus
389 1246 618 1297 peccatum
637 1246 941 1296 repugnantes.
958 1243 1040 1283 Ex-

221 1303 370 1343 eamus
389 1301 528 1352 igitur.

529 1357 679 1398 Lectio
700 1357 739 1397 ii.

228 1410 355 1515 Ubi
375 1414 487 1455 enim
502 1414 810 1455 testamentum
826 1415 903 1461 est,
922 1423 1043 1452 mors

328 1472 506 1511 necesse
527 1474 592 1511 est
606 1467 848 1510 intercedat
862 1469 1042 1509 testato-

223 1526 292 1567 ris.
319 1526 647 1567 Testamentum
666 1524 779 1566 enim
797 1524 841 1565 in
859 1524 1043 1565 mortuis

223 1583 526 1624 confirmatum
545 1587 625 1624 est:
644 1580 835 1633 alioquin
850 1579 1045 1622 nondum

224 1639 352 1689 valet,
385 1638 487 1680 dum
516 1638 622 1679 vivit
653 1637 726 1690 qui
753 1639 940 1679 testatus
968 1642 1045 1679 est.

224 1695 349 1737 Unde
390 1708 469 1736 nec
509 1695 697 1747 primum
736 1692 912 1746 quidem
953 1693 1045 1734 sine

225 1751 433 1801 sanguine
478 1749 728 1792 dedicatum
774 1754 851 1791 est.
907 1749 1045 1791 Lecto

227 1807 340 1848 enim
360 1807 476 1847 omni
494 1806 700 1848 mandato
719 1805 829 1856 legis
849 1818 874 1846 a
892 1805 1045 1857 Moyse

227 1863 428 1904 universo
445 1862 624 1915 populo:
643 1862 862 1914 accipiens
877 1861 1046 1913 sangui-

228 1931 326 1960 nem
353 1919 601 1968 vitulorum,
630 1923 673 1960 et
699 1918 920 1959 hircorum
948 1930 1046 1959 cum

227 1988 341 2027 aqua
361 1980 403 2016 et
421 1975 520 2016 lana
540 1977 753 2023 coccinea,
774 1979 817 2015 et
835 1973 1047 2027 hyssopo:

227 2032 370 2084 ipsum
400 2043 573 2084 quoque
599 2030 775 2080 librum,
804 2035 847 2072 et
874 2043 1046 2072 omnem

229 2087 438 2140 populum
453 2087 651 2140 aspersit,
670 2086 831 2128 dicens:
850 2086 935 2128 Hic
954 2100 1047 2129 san-

229 2144 322 2194 guis
340 2142 598 2191 testamenti,
618 2142 738 2194 quod
751 2142 975 2185 mandavit
992 2143 1048 2185 ad

231 2212 308 2240 vos
327 2200 457 2241 Deus.
491 2199 634 2241 Etiam
656 2198 984 2240 tabernaculum
1005 2205 1048 2241 et

231 2256 375 2296 omnia
394 2269 497 2297 vasa
520 2255 746 2296 ministerii
766 2256 973 2306 sanguine
997 2257 1048 2297 si·
1111 2261 1113 2265 ·

232 2311 387 2353 militer
406 2312 604 2364 aspersit:
631 2316 674 2353 et
700 2311 844 2352 omnia
868 2324 980 2364 pene
1006 2313 1049 2353 in

232 2368 438 2418 sanguine
475 2366 714 2410 secundum
754 2367 895 2419 legem
931 2381 1049 2409 mun—

233 2422 404 2465 dantur:
428 2430 470 2466 et
489 2425 582 2466 sine
601 2423 822 2475 sanguinis
841 2423 1049 2467 effusione

233 2491 319 2520 non
337 2479 385 2521 fit
402 2481 611 2522 remissio.

291 2537 336 2587 Ru
360 2535 535 2588 Moyses
558 2542 779 2589 sumptum
797 2537 1051 2588 sanguinem

234 2591 439 2643 respersit
458 2592 501 2633 in
516 2593 741 2646 populum:
759 2597 781 2620 *
803 2594 859 2635 Et
874 2593 948 2634 ait:
967 2593 1051 2635 Hic

234 2651 301 2687 est
325 2647 496 2697 sanguis
521 2648 714 2698 foederis,
743 2648 862 2701 quod
886 2649 1052 2702 pepigit

235 2702 446 2743 Dominus
465 2703 700 2746 vobiscum.
734 2703 782 2754 W.
812 2704 920 2747 Fide
942 2705 1051 2747 cele·

672 199 947 233 Pretiosissimi
972 199 1179 241 Sanguinis
1205 198 1248 232 D.
1274 198 1318 231 N.
1343 197 1376 231 J.
1402 197 1441 232 C.

1087 284 1231 326 bravit
1249 283 1419 325 Pascha
1437 287 1481 324 et
1500 280 1721 332 sanguinis
1740 279 1910 322 effusio-

1089 353 1158 389 ne,
1176 352 1231 381 ne
1251 339 1325 392 qui
1344 337 1547 380 vastabat
1565 336 1801 390 primitiva,
1818 337 1910 378 tan-

1088 401 1211 447 geret
1230 407 1317 437 eos.
1344 395 1411 436 Et.

1197 466 1347 507 Lectio
1368 466 1422 506 iii.
1568 467 1671 516 Cap.
1692 466 1754 504 10.
1775 462 1814 504 d.

1094 520 1364 629 Habentes
1378 523 1526 573 itaque
1541 519 1696 561 fratres
1709 517 1915 560 fiduciam

1198 578 1242 619 in
1266 578 1447 619 introitu
1466 577 1724 618 Sanctorum
1748 576 1794 616 in
1819 577 1914 616 san-

1090 635 1218 685 guine
1239 634 1409 683 Christi,
1432 645 1563 684 quam
1583 631 1769 674 initiavit
1786 631 1914 673 nobis

1090 692 1204 732 viam
1227 703 1403 738 novam,
1434 694 1478 731 et
1502 689 1721 730 viventem
1742 699 1823 741 per
1844 699 1915 729 ve-

1090 747 1249 797 lamen,
1267 747 1313 788 id
1332 751 1415 796 est,
1435 757 1611 788 carnem
1630 757 1768 793 suam,
1787 748 1832 786 et
1850 756 1914 785 sa-

1092 803 1317 845 cerdotem
1343 815 1549 853 magnum
1577 813 1710 854 super
1737 799 1917 842 domum

1091 860 1189 901 Dei:
1226 859 1487 901 accedamus
1523 870 1622 899 cum
1649 869 1755 898 vero
1783 854 1917 898 eorde

1091 916 1135 957 in
1153 915 1424 969 plenitudine
1445 914 1566 964 fidei,
1592 913 1760 966 aspersi
1782 911 1918 954 corda

1093 986 1117 1014 a
1142 972 1408 1014 conscientia
1434 970 1566 1021 mala,
1594 975 1638 1012 et
1661 969 1799 1012 abluti
1823 981 1917 1012 cor-

1093 1042 1175 1082 pus
1207 1041 1321 1081 aqua
1352 1027 1531 1078 munda,
1565 1029 1792 1069 teneamus
1823 1027 1918 1080 spei

1093 1090 1256 1127 nostrae
1290 1084 1609 1126 confessionem
1638 1082 1918 1125 indeclinabi-

1093 1141 1194 1191 lem,
1220 1140 1376 1191 (fidelis
1396 1141 1511 1182 enim
1532 1145 1599 1182 est
1618 1139 1693 1192 qui
1710 1141 1917 1192 repromi-

1094 1197 1164 1249 sit)
1206 1203 1250 1240 et
1290 1197 1616 1239 consideremus
1652 1196 1839 1238 invicem
1875 1196 1919 1236 in

1094 1254 1454 1307 provocationem
1478 1253 1690 1302 caritatis,
1717 1257 1760 1294 et
1782 1252 1917 1294 bono-

1094 1324 1191 1352 rum
1210 1314 1404 1364 operum.

1152 1377 1202 1428 R.
1239 1372 1351 1421 Vos,
1399 1370 1473 1424 qui
1513 1368 1749 1422 aliquando
1786 1368 1920 1410 eratis

1094 1427 1241 1479 longe,
1271 1428 1374 1469 facti
1401 1427 1507 1469 estis
1524 1438 1667 1479 prope
1685 1425 1729 1466 in
1749 1425 1919 1476 sangui-

1095 1497 1149 1525 ne
1186 1484 1361 1526 Christi:
1394 1487 1416 1511 *
1439 1484 1541 1536 Ipse
1580 1482 1695 1524 enim
1731 1486 1799 1524 est
1831 1494 1920 1535 pax

1095 1546 1263 1591 nostra,
1308 1541 1382 1593 qui
1417 1539 1520 1581 fecit
1555 1542 1741 1591 utraque
1776 1551 1920 1579 unum.

1101 1596 1151 1647 V.
1182 1596 1459 1649 Complacuit
1489 1609 1569 1649 per
1601 1608 1701 1637 eum
1727 1594 1920 1636 reconci-

1096 1653 1204 1695 liare
1236 1653 1381 1694 omnia
1411 1653 1456 1694 in
1487 1653 1648 1705 ipsum,
1683 1651 1921 1704 pacificans

1096 1722 1176 1762 per
1211 1710 1466 1761 sanguinem
1501 1709 1642 1751 crucis
1675 1709 1786 1761 ejus,
1828 1707 1921 1749 sive

1099 1779 1197 1818 quae
1224 1767 1267 1806 in
1294 1766 1440 1815 terris,
1479 1765 1571 1807 sive
1600 1777 1699 1818 quae
1725 1765 1770 1806 in
1797 1763 1921 1806 coelis

1098 1827 1208 1863 sunt.
1235 1823 1349 1875 Ipse.
1380 1822 1528 1866 Gloria
1546 1821 1677 1864 Patri.
1705 1821 1819 1874 Ipse.

1330 1907 1379 1947 In
1403 1907 1453 1947 11.
1478 1905 1702 1946 Nocturno.

1154 1971 1254 2011 Ant.
1286 1970 1451 2012 Pilatus
1478 1969 1631 2012 volens
1662 1967 1829 2022 populo
1858 1980 1921 2010 sa-

1098 2027 1317 2077 tisfacere,
1348 2025 1531 2069 tradidit
1559 2025 1645 2067 illis
1672 2025 1822 2068 Jesum
1848 2024 1922 2066 fla-

1098 2083 1222 2134 gellis
1242 2096 1415 2125 caesum.

1376 2143 1574 2185 Psalmus
1592 2143 1656 2184 22.

1175 2205 1186 2235 ἰ
1204 2201 1399 2243 ominus
1417 2200 1528 2252 regit
1542 2213 1623 2250 me,
1638 2204 1682 2242 et
1699 2197 1805 2240 nihil
1818 2197 1925 2240 mihi

1136 2277 1163 2309 s
1197 2267 1198 2273 ’
1220 2287 1222 2293 ι
1255 2257 1408 2300 deerit:
1431 2258 1452 2282 ²⁸¹
1475 2257 1518 2298 in
1540 2256 1641 2298 loco
1663 2258 1842 2309 pascuae
1861 2253 1924 2297 ibi

1254 2326 1324 2355 me
1352 2313 1598 2355 collocavit.

1152 2370 1291 2422 Super
1314 2382 1473 2422 aquam
1496 2369 1744 2412 refectionis
1768 2366 1924 2410 educa-

1100 2427 1163 2468 vit
1181 2439 1266 2468 me:
1288 2426 1312 2452 *
1333 2426 1520 2467 animam
1537 2438 1681 2468 meam
1699 2424 1925 2467 convertit.

1151 2481 1344 2524 Deduxit
1364 2494 1434 2523 me
1456 2495 1588 2534 super
1611 2481 1787 2524 semitas
1809 2481 1925 2534 justi-

1100 2539 1185 2588 tiae,
1205 2540 1228 2566 *
1247 2543 1432 2592 propter
1450 2550 1610 2580 nomen
1629 2551 1766 2580 suum.

1152 2595 1276 2644 Nam,
1300 2599 1343 2636 et
1361 2594 1398 2635 si
1418 2593 1698 2635 ambulavero
1717 2594 1761 2635 in
1779 2592 1925 2635 medio

1102 2650 1269 2692 umbrae
1288 2649 1452 2699 mortis,
1470 2662 1559 2691 non
1576 2649 1740 2692 timebo
1755 2649 1884 2691 mala:
1901 2651 1926 2676 *

1104 2707 1309 2758 quoniam
1325 2711 1374 2748 tu
1391 2718 1563 2748 mecum
1582 2717 1640 2747 es.
