2066 2956
636 204 706 237 Die
729 203 780 236 27.

201 299 270 340 vel
293 298 449 339 haeresi
471 298 654 339 infectas
678 297 906 339 catholicae
926 296 1030 337 fidei

201 355 399 397 restituit.
424 355 474 395 In
490 354 802 395 Ratisbonensi
822 358 866 395 et
884 354 928 393 in
944 353 1030 393 Au-

200 413 385 462 gustano
402 412 619 452 conventu
635 410 806 463 imperii
821 411 1030 463 proceres

201 467 257 508 ad
283 468 375 518 jura
393 467 604 508 Ecclesiae
628 465 791 508 tuenda
817 471 861 507 et
884 478 1031 506 mores

201 523 467 576 populorum
488 522 787 564 emendandos
808 521 1031 564 excitavit:

163 592 166 595 ⁴
200 580 243 619 in
276 579 571 620 Vormatiensi
608 578 926 620 insolescentes
955 577 1031 617 im-

201 635 376 686 pietatis
396 636 630 685 magistros
651 634 706 675 ad
723 633 942 675 silentium
958 632 1030 674 ad-

203 691 301 741 egit.
323 691 565 742 Collegium
577 690 898 739 Germanicum,
911 688 1032 741 quod

203 747 359 788 Romae
393 747 681 788 constitatum
713 746 873 794 fuerat,
915 745 1032 786 omni

203 816 290 856 ope
322 803 566 856 provehere
599 808 731 854 atque
763 801 1032 854 amplificare

203 859 384 909 studuit3
403 860 447 900 in
467 858 702 900 academiis
718 860 942 899 sacrarum
956 856 1032 898 hu-

203 918 517 967 manarl'lmque
533 914 861 967 disciplinarum
876 912 1032 962 studia,

203 971 499 1013 miserandum
531 971 574 1011 in
607 970 790 1012 modum
825 970 1033 1022 collapsa,

203 1028 478 1078 instauravit3
517 1032 669 1069 contra
705 1026 1033 1068 Centuriatores

203 1084 606 1136 Magdeburgenses
618 1083 746 1136 plura
757 1083 930 1134 egregie
941 1094 1035 1123 con-

206 1141 396 1193 scripsit:
451 1145 494 1182 et
545 1140 768 1181 Summam
819 1138 1034 1179 doctrinae

207 1197 468 1245 christianae,
487 1196 797 1246 theologorum
815 1193 976 1246 judicio
993 1199 1035 1235 et

203 1251 382 1305 pablico
402 1266 483 1293 usu
499 1251 842 1304 comprobatam,
863 1250 1035 1301 aliaque

205 1308 261 1349 ad
280 1307 506 1349 rudiorum
527 1308 846 1349 institutionem
865 1306 1034 1358 aptissi—

205 1377 275 1405 ma
290 1364 332 1404 in
348 1365 504 1415 vulgus
520 1363 668 1405 edidit.
690 1363 730 1404 A
746 1368 899 1404 sancto
910 1363 1034 1413 Igna-

204 1421 266 1461 tio
301 1420 576 1461 Germanicae
614 1419 854 1472 provinciae
886 1418 1034 1460 mode-

205 1476 355 1517 randae
375 1476 628 1529 praefectuS,
659 1475 818 1517 domos
843 1479 886 1516 et
906 1474 1035 1516 colle-

206 1533 277 1583 gia
294 1533 442 1574 multis
462 1533 505 1573 in
524 1532 633 1573 locis
653 1530 867 1580 condidit,
897 1536 941 1572 et
966 1544 1036 1572 ev-

207 1589 427 1639 angelicos
443 1588 672 1640 operarios
688 1588 732 1628 in
747 1600 922 1628 omnem
938 1587 1037 1628 Ger-

208 1645 395 1686 maniam
420 1645 536 1685 misit
560 1643 616 1685 ad
641 1646 812 1685 errores
837 1644 1036 1695 stirpitus

209 1701 470 1750 evellendos,
485 1700 804 1751 serendamque
816 1700 1037 1752 pietatem.

209 1757 348 1806 Quam
381 1757 438 1798 ob
471 1770 564 1797 rem
597 1756 905 1797 haereticorum
931 1755 1036 1796 mal-

209 1812 303 1853 leus
323 1818 366 1854 et
382 1813 630 1854 Germaniae
644 1812 872 1864 apostolus
888 1811 1035 1864 appel-

208 1868 341 1918 latus,
370 1875 412 1911 et
438 1869 567 1922 plane
587 1869 743 1919 dignus
763 1868 940 1909 habitus
959 1872 1037 1916 est,

210 1925 284 1976 qui
303 1923 360 1966 ad
379 1924 604 1966 tutandam
624 1925 667 1965 in
687 1924 922 1965 Germania
940 1924 1036 1965 reli-

209 1981 384 2030 gionem
436 1980 563 2022 datus
610 1979 817 2021 divinitus
864 1982 1035 2032 putare-

210 2042 290 2077 tur.

263 2107 312 2157 R:-
339 2106 515 2147 Amavit
536 2118 635 2147 eum
654 2105 887 2154 Dominus,
908 2109 951 2146 et
970 2118 1035 2146 or-

211 2161 331 2202 navit
364 2174 478 2203 eum:
518 2161 678 2203 stolam
714 2160 866 2211 gloriae
899 2160 1039 2202 induit

212 2229 320 2266 eum,
339 2218 361 2242 *
378 2217 435 2259 Et
455 2217 510 2259 ad
530 2222 682 2270 portas
701 2216 894 2281 paradisi
914 2229 1037 2258 coro·

211 2273 330 2314 navit
350 2286 459 2323 eum,
479 2274 660 2326 alleluja.
700 2267 750 2319 Ψ.
773 2273 920 2315 Induit
939 2286 1037 2314 eum

212 2328 424 2370 Dominus
447 2305 629 2371 loricam
654 2329 773 2380 fidei,
800 2334 843 2371 et
867 2329 1039 2371 ornavit

214 2395 321 2424 eum.
348 2385 404 2427 Et
423 2385 479 2427 ad
498 2390 661 2438 portas

515 2468 662 2508 Lectio
683 2468 734 2507 vi.

213 2527 356 2631 Inter
388 2537 484 2579 haec
518 2539 772 2591 precatione
809 2538 963 2580 crebra
995 2544 1038 2580 et

266 2593 441 2633 assidua
459 2606 602 2635 rerum
618 2597 906 2647 supernarum
922 2606 1037 2635 com-

214 2648 479 2690 mentatione
500 2650 595 2691 Deo
620 2663 667 2691 se
687 2652 950 2702 conjungere
971 2652 1037 2690 so-

213 2703 316 2745 litus
337 2708 443 2745 erat:
470 2706 571 2756 quin
595 2706 725 2747 etiam
743 2711 896 2747 noctes
916 2717 1038 2758 saepe

804 202 962 245 Aprilis.
1011 203 1050 235 13.
1079 202 1177 235 Petri
1204 202 1351 236 Canisii
1377 202 1485 235 (lons.

1083 296 1514 348 integrasperfusus
1546 294 1737 336 lacrimis
1770 298 1815 336 et
1841 293 1914 335 ab·

1084 351 1218 393 dacto
1255 365 1281 392 a
1313 351 1514 393 sensibus
1547 352 1692 392 animo
1727 349 1916 392 orationi

1084 407 1229 450 dabat.
1283 407 1325 448 A
1360 408 1464 448 viris
1500 406 1772 460 principibus
1810 410 1854 448 et
1890 419 1917 447 a

1085 467 1275 516 quatuor
1303 464 1483 505 summis
1507 462 1798 505 Pontificibus
1826 474 1915 503 ma-

1083 533 1170 570 gno
1191 520 1235 561 in
1253 519 1423 562 honore
1442 519 1633 569 habituS,
1653 518 1767 560 adeo
1792 518 1848 560 de
1868 530 1917 560 se

1084 576 1275 618 demisse
1304 575 1537 626 sentiebat,
1575 581 1624 617 ut
1655 587 1702 617 se
1722 575 1917 616 omnium

1083 632 1308 673 minimum
1355 637 1399 674 et
1441 631 1608 673 diceret
1644 635 1688 673 et
1721 630 1916 672 haberet.

1085 689 1381 730 Viennensem
1422 688 1730 740 episcopatum
1766 686 1919 736 semel,

1085 747 1243 786 iterum
1263 757 1314 786 ac
1333 744 1463 786 tertio
1483 743 1718 785 recusavit:
1735 755 1818 784 nec
1837 743 1919 784 nisi

1086 801 1313 852 aegerrime
1339 800 1500 842 adduci
1528 800 1691 852 potuit,
1721 804 1771 842 ut
1801 799 1917 840 illius

1085 857 1298 899 Ecclesiae
1334 857 1694 910 procurationem
1729 869 1810 909 per
1846 868 1918 897 an-

1087 927 1191 954 num
1207 915 1442 955 exerceret.
1461 912 1819 955 Moderatoribus
1831 911 1920 953 suis

1087 969 1527 1022 obsequentissimus,
1546 971 1728 1023 paratus
1749 973 1844 1011 erat
1863 967 1920 1010 ad

1085 1026 1284 1079 ipsorum
1308 1031 1462 1068 nutum
1489 1026 1634 1068 omnia
1661 1025 1920 1077 relinquere,

1087 1088 1162 1124 aut
1181 1082 1372 1134 aggredi,
1393 1083 1525 1124 etiam
1544 1095 1644 1124 cum
1657 1079 1920 1123 valetudinis

1088 1143 1132 1180 et
1177 1139 1279 1181 vitae
1328 1139 1537 1191 periculo.
1600 1137 1921 1190 Virginitatem,

1089 1207 1220 1246 quam
1239 1194 1499 1236 adolescens
1517 1195 1616 1236 Deo
1635 1196 1829 1244 voverat,
1848 1205 1922 1235 vo-

1087 1251 1274 1293 luntaria
1295 1251 1362 1292 sui
1379 1250 1805 1304 ipsiuscoercitione
1823 1261 1919 1302 per-

1087 1309 1224 1360 petuo
1271 1308 1420 1360 sepsit.
1484 1307 1674 1349 Demum
1717 1304 1922 1356 Fribi'lrgi

1088 1363 1411 1413 Helvetiorum,
1452 1363 1529 1405 ubi
1564 1363 1803 1416 plurimum
1837 1373 1921 1414 pro

1088 1419 1171 1460 Dei
1194 1419 1335 1470 gloria
1359 1424 1402 1461 et
1426 1419 1568 1461 salute
1587 1419 1830 1460 animarum
1849 1417 1921 1459 de-

1088 1475 1335 1526 sudaverat,
1355 1475 1558 1527 migravit
1572 1475 1630 1517 ad
1643 1475 1800 1524 Deum,
1815 1473 1921 1516 duo-

1089 1530 1261 1573 decimo
1301 1532 1517 1574 Calendas
1554 1531 1766 1580 Januarii‚
1805 1542 1921 1572 anno

1088 1588 1320 1652 millesimo
1356 1588 1706 1640 quingentesimo
1733 1587 1922 1638 nonage-

1090 1643 1201 1685 simo
1223 1645 1429 1697 septimo,
1457 1645 1601 1686 aetatis
1621 1657 1713 1686 suae
1734 1642 1923 1696 septimo

1091 1713 1224 1752 supra
1235 1701 1619 1753 septuagesimum,
1633 1701 1811 1742 Mortuo
1825 1703 1926 1741 tam-

1092 1769 1223 1808 quam
1247 1757 1419 1809 parenti
1444 1757 1625 1810 publico
1653 1756 1808 1798 civitas
1833 1755 1923 1796 uni-

1090 1813 1218 1853 versa
1254 1816 1472 1854 concursu
1503 1826 1645 1866 prope
1677 1811 1925 1854 incredibili

1092 1873 1135 1909 et
1160 1868 1308 1910 multis
1332 1868 1527 1910 lacrimis
1554 1868 1816 1922 parentavit.
1850 1868 1923 1909 Se-

1090 1923 1322 1976 pulchrum
1356 1926 1448 1977 ejus
1474 1924 1780 1978 prodigiorum
1807 1923 1923 1965 fama

1091 1979 1264 2021 duobus
1290 1981 1479 2034 amplius
1505 1981 1678 2022 saeculis
1701 1985 1796 2022 tota
1815 1979 1922 2022 Ger-

1090 2036 1234 2076 mania
1257 2036 1472 2078 inclaruit:
1498 2049 1522 2078 e
1547 2036 1706 2090 quibus
1733 2037 1924 2088 quatuor

1091 2091 1172 2132 rite
1191 2092 1408 2144 probatis,
1432 2093 1536 2134 Pius
1557 2105 1699 2134 nonus
1718 2091 1923 2133 Pontifex

1090 2147 1307 2189 Maximus
1344 2148 1648 2190 strenuissimo
1691 2147 1923 2189 catholicae

1091 2203 1287 2245 veritatis
1305 2204 1624 2258 propugnatori
1640 2203 1837 2246 coelitum
1850 2202 1923 2245 be·
1948 2236 1953 2238 ψ

1090 2261 1263 2301 atorum
1281 2260 1474 2303 honores
1493 2261 1701 2303 decrevit.

1146 2332 1196 2383 Rz.
1220 2333 1310 2375 Iste
1329 2333 1475 2376 homo.
1494 2334 1579 2387 [89]

1146 2422 1188 2455 In
1212 2421 1276 2456 III.
1298 2421 1497 2455 Nocturno
1522 2421 1693 2455 Homilia
1718 2421 1757 2454 in
1776 2420 1922 2462 Evang.

1093 2469 1218 2505 Nolite
1252 2470 1396 2505 timere.
1436 2469 1483 2503 de
1515 2469 1660 2504 Comm.
1696 2468 1805 2503 Conf.
1845 2478 1922 2502 non

1094 2516 1232 2551 Pontis.
1256 2517 1285 2551 2.
1311 2517 1408 2551 loco.
1431 2518 1503 2562 [96]

1297 2627 1710 2657 —ffi-W„
