2066 2956
649 183 752 217 Ordo
777 183 1134 217 Commendationis
1158 183 1320 217 Animae.

139 285 302 327 Omnes
320 284 458 326 sancti
471 283 675 325 Monachi
689 287 732 325 et
745 283 962 333 Eremitae,

827 341 962 381 orate.

138 398 297 440 Sancta
314 397 451 438 Maria
469 396 739 448 Magdalena,
874 409 963 437 ora.

137 454 296 497 Sancta
313 453 458 504 Lucia,
875 465 964 495 ora.

139 511 302 553 Omnes
321 514 485 552 sanctae
503 510 708 561 Virgines
731 514 775 552 et
792 509 964 559 Viduae,

828 568 964 608 orate.

139 623 303 665 Omnes
329 623 478 665 Sancti
505 627 550 665 et
576 623 748 665 Sanctae
775 623 875 674 Dei,
903 623 963 663 in-

187 679 400 722 tercedite
418 692 502 733 pro
521 692 585 722 eo.

137 736 360 789 Propitius
379 740 485 787 esto,
505 749 638 790 parce
657 737 697 778 ei
714 737 914 779 Domine.

137 793 360 845 Propitius
376 798 483 844 esto,
497 792 636 835 libera
651 806 749 835 eum
764 794 964 835 Domine.

138 849 362 902 Propitius
382 854 490 900 esto,

138 905 209 947 Ab
227 906 293 947 ira
309 910 396 956 tua,

137 962 180 1002 A
198 962 394 1015 periculo
414 962 578 1014 mortis,

138 1018 180 1059 A
198 1018 313 1060 mala
331 1023 485 1070 morte,

139 1075 181 1116 A
198 1075 344 1128 poenis
362 1076 529 1126 inferni,

138 1131 209 1174 Ab
230 1132 347 1174 omni
364 1132 492 1182 malo,

138 1189 180 1231 A
199 1191 421 1242 potestate
441 1188 617 1240 diaboli,
815 1190 965 1232 libera.

137 1245 222 1287 Per
240 1245 514 1287 nativitatem
531 1250 662 1295 tuam,
817 1246 964 1288 libera.

137 1302 223 1344 Per
242 1314 416 1344 crucem
435 1306 479 1344 et
496 1302 748 1355 passionem
766 1306 898 1354 tuam,
918 1303 965 1344 li-

190 1358 297 1400 bera
315 1371 414 1401 eum
431 1359 630 1401 Domine.

139 1415 224 1457 Per
241 1419 427 1457 mortem
447 1420 490 1458 et
509 1415 779 1469 sepulturam
796 1420 926 1514 tuzm,

817 1472 848 1513 li
881 1485 965 1514 era.

138 1528 224 1570 Per
248 1527 487 1579 gloriosam
510 1529 875 1570 resurrectionem
902 1533 965 1570 tu-

189 1597 270 1635 am,
817 1585 965 1627 libera.

138 1640 224 1682 Per
248 1639 550 1683 admirabilem
575 1641 877 1684 ascensionem
901 1646 965 1683 tu-

190 1710 271 1749 am,
816 1698 965 1740 libera.

139 1753 224 1795 Per
250 1754 435 1805 gratiam
459 1754 646 1808 Spiritus
673 1755 812 1796 sancti
835 1755 964 1796 Para-

190 1809 291 1861 cliti,
310 1810 449 1853 libera
467 1824 567 1853 eum
586 1811 785 1854 Domine.

138 1866 190 1906 In
211 1866 283 1908 die
301 1867 458 1920 judicii,
815 1867 964 1910 libera.

137 1922 412 1975 Peccatores,
430 1929 475 1966 te
493 1926 698 1976 rogamus
718 1924 820 1967 audi
837 1937 930 1967 nos.

139 1976 199 2020 Ut
219 1979 259 2020 ei
275 1992 443 2032 parcaS,
462 1985 506 2022 te
523 1983 741 2032 rogamus.

139 2035 277 2087 Kyrie
292 2035 467 2078 eleison.
491 2036 661 2079 Christe
676 2036 851 2079 eleison.
875 2037 963 2089 Ky-

192 2092 254 2133 rie
275 2091 450 2134 eleison.

196 2154 364 2198 Deinde,
400 2165 485 2189 cum
516 2155 555 2189 in
589 2165 712 2197 agone
749 2155 810 2189 sui
839 2155 966 2189 exitus

144 2203 271 2286 gnima
310 2203 505 2246 anxiatur,
544 2203 723 2238 dicuntur
761 2207 966 2246 sequentes

177 2252 356 2286 rationes.

478 2303 640 2345 Oratio.

224 2374 472 2415 roficiscere
492 2374 635 2415 anima
654 2374 890 2417 christiana
909 2375 964 2417 de

235 2429 320 2472 hoc
338 2430 514 2481 mundo,
532 2431 576 2471 in
594 2432 768 2474 nomine
787 2432 871 2473 Dei
886 2433 964 2473 Pa-

141 2486 222 2527 tris
250 2488 578 2540 omnipotentis,
612 2489 686 2540 qui
714 2494 758 2530 te
785 2489 964 2530 creavit:

142 2542 186 2582 in
218 2543 393 2585 nomine
425 2544 450 2585 J
452 2557 529 2586 esu
562 2544 722 2586 Christi
752 2545 851 2586 Filii
882 2545 965 2587 Dei

815 850 963 892 libera.

815 907 964 948 libera.

815 963 964 1005 libera.

816 1019 965 1062 libera.

815 1077 964 1119 libera.

815 1133 965 1176 libera.

141 2598 243 2649 vivi,
272 2600 346 2652 qui
367 2613 450 2653 pro
474 2606 517 2643 te
536 2614 692 2654 passus
713 2606 794 2643 est:
821 2602 865 2642 in
889 2604 964 2643 no-

142 2655 256 2697 mine
271 2656 455 2709 Spiritus
475 2658 623 2708 sancti,
644 2659 718 2711 qui
736 2658 780 2698 in
798 2663 842 2699 te
861 2657 964 2699 effu-

142 2724 216 2752 sus
242 2717 323 2754 est:
354 2713 398 2754 in
424 2714 599 2756 nomine
624 2714 893 2766 Angelorum
921 2719 965 2756 et

1016 282 1406 334 Archangelorum:
1434 282 1478 322 in
1502 281 1678 323 nomine
1703 280 1841 321 Thro-

1014 341 1171 381 norum
1205 343 1248 381 et
1279 338 1652 380 Dominationum:
1691 337 1735 378 in
1767 339 1841 378 no-

1014 396 1130 437 mine
1143 395 1476 448 Principatuum
1496 399 1539 436 et
1552 395 1843 436 Potestatum:

1015 453 1059 493 in
1082 452 1258 494 nomine
1279 451 1514 493 Cherubim
1538 455 1582 493 et
1601 450 1843 504 seraphim:

1016 509 1061 550 in
1085 509 1261 550 nomine
1286 507 1640 549 Patriarcharum
1670 512 1714 549 et
1739 507 1842 549 Pro-

1016 564 1262 618 phetarum:
1299 565 1343 605 in
1378 564 1553 605 nomine
1591 566 1844 605 sanctorum

1018 621 1337 675 Apostolorum
1373 625 1418 662 et
1449 620 1843 671 Evangelistarum:

1016 679 1060 720 in
1078 678 1252 720 nomine
1272 679 1524 719 sanctorum
1542 677 1782 730 Martyrum
1801 681 1844 718 et

1018 735 1348 777 Confessorum:
1382 734 1427 775 in
1462 734 1638 775 nomine
1676 735 1843 775 sancto-

1017 805 1114 834 rum
1131 791 1450 833 Monachorum
1474 795 1518 833 et
1536 791 1844 832 Eremitarum:

1016 850 1061 890 in
1078 850 1254 891 nomine
1272 850 1522 890 sanctarum
1540 848 1781 899 Virginum,
1802 852 1845 889 et

1019 906 1211 947 omnium
1235 905 1495 947 Sanctorum
1522 909 1565 946 et
1588 905 1844 946 Sanctarum

1017 963 1114 1004 Dei:
1142 962 1276 1004 hodie
1302 962 1358 1004 sit
1382 962 1427 1003 in
1452 974 1562 1014 pace
1584 961 1709 1003 locus
1732 966 1844 1011 tuus,

1018 1023 1063 1061 et
1100 1018 1314 1061 habitatio
1351 1023 1427 1060 tua
1462 1018 1506 1059 in
1543 1023 1694 1059 sancta
1729 1018 1844 1059 Sion.

1017 1076 1101 1117 Per
1131 1075 1334 1117 eumdem
1362 1075 1583 1117 Christum
1606 1075 1845 1116 Dominum

1017 1137 1225 1174 nostrum.
1256 1133 1304 1183 Rg.
1323 1133 1476 1174 Amen.
1892 1137 1893 1145 ¹

1349 1214 1513 1254 Oratio.

1109 1293 1186 1323 eus
1208 1281 1472 1331 misericors,
1498 1281 1619 1323 Deus
1643 1281 1845 1331 clemens,

1124 1338 1261 1388 Deus,
1291 1338 1364 1390 qui
1391 1338 1632 1380 secandum
1656 1337 1844 1379 multitu-

1020 1392 1165 1436 dinem
1190 1395 1517 1436 miserationum
1545 1396 1719 1436 tuarum
1745 1407 1844 1446 pec-

1020 1451 1117 1491 cata
1148 1451 1455 1503 poenitentium
1487 1450 1625 1501 deles,
1659 1455 1703 1492 et
1734 1464 1844 1503 prae-

1017 1507 1249 1549 teritorum
1280 1507 1509 1550 criminum
1539 1507 1690 1560 culpas
1719 1508 1846 1549 venia

1018 1564 1287 1606 remissionis
1316 1566 1517 1606 evacuas:
1545 1564 1717 1617 respice
1745 1577 1844 1617 pro-

1017 1620 1152 1673 pitius
1181 1634 1313 1674 super
1344 1621 1460 1663 hunc
1487 1621 1695 1663 famulum
1721 1626 1845 1662 tuum

1020 1678 1060 1719 N
1064 1709 1083 1727 .,
1103 1682 1146 1719 et
1162 1677 1464 1720 remissionem
1484 1678 1675 1720 omnium
1693 1690 1845 1731 pecca-

1018 1735 1166 1776 torum
1189 1737 1368 1776 suorum
1391 1739 1486 1777 tota
1509 1734 1657 1776 cordis
1677 1734 1844 1776 confes—

1018 1790 1141 1832 sione
1178 1793 1437 1844 poseentem
1473 1790 1736 1844 deprecatus
1774 1803 1844 1832 ex-

1021 1847 1134 1889 audi.
1174 1848 1357 1890 Renova
1380 1848 1425 1888 in
1451 1860 1520 1898 eo,
1546 1847 1742 1900 piissime
1766 1847 1844 1888 Pa-

1023 1908 1110 1955 ter,
1155 1903 1370 1957 quidquid
1405 1906 1579 1946 terrena
1611 1904 1845 1956 fragilitate

1018 1964 1285 2014 corruptum,
1304 1960 1375 2003 vel
1395 1960 1609 2014 quidquid
1627 1960 1845 2002 diabolica

1017 2017 1171 2059 fraude
1188 2017 1401 2059 violatum
1419 2022 1499 2060 est:
1519 2022 1563 2059 et
1581 2018 1736 2059 unitati
1751 2019 1843 2058 cor-

1016 2074 1137 2126 poris
1164 2074 1375 2116 Ecclesiae
1402 2074 1646 2116 membrum
1677 2073 1843 2115 redem-

1016 2130 1180 2182 ptionis
1198 2133 1392 2173 annecte.
1428 2131 1637 2172 Miserere
1655 2130 1844 2172 Domine

1016 2189 1272 2238 gemituum,
1316 2187 1523 2228 miserere
1566 2186 1844 2227 lacrimarum

1018 2244 1122 2295 ejus:
1159 2248 1203 2285 et
1234 2257 1323 2286 non
1355 2243 1590 2286 habentem
1620 2242 1842 2293 fiduciam,

1016 2300 1100 2340 nisi
1132 2300 1177 2341 in
1208 2305 1284 2342 tua
1316 2299 1630 2349 misericordia,
1664 2298 1722 2341 ad
1752 2304 1841 2341 tuae

1017 2358 1336 2398 sacramentum
1371 2355 1737 2398 reconciliationis
1770 2355 1842 2398 ad-

1016 2415 1150 2455 mitte.
1174 2413 1260 2455 Per
1279 2412 1498 2454 Christum
1512 2412 1750 2454 Dominum
1767 2426 1842 2454 no-

1017 2473 1165 2511 strum.
1197 2469 1247 2519 Rz.
1262 2469 1414 2510 Amen.

1022 2537 1328 2645 Commendo
1352 2551 1397 2589 te
1421 2547 1711 2600 omnipotenti
1734 2548 1843 2598 Deo,

1108 2603 1330 2645 carissime
1354 2603 1502 2654 frater,
1527 2608 1571 2645 et
1591 2604 1630 2646 ei
1654 2605 1775 2656 cujus
1795 2617 1842 2646 es

1017 2663 1217 2701 creatura
1237 2662 1479 2701 committo:
1498 2664 1557 2710 ut,
1576 2673 1676 2701 cum
1693 2660 1842 2702 huma-

1015 2715 1164 2757 nitatis
1184 2715 1379 2757 debitum
1397 2720 1539 2758 morte
1555 2716 1842 2759 intervenien-
