2028 2892
728 193 836 227 Feria
860 198 968 227 sextu
993 192 1041 226 acl
1066 191 1300 226 Matutinurn.

219 295 433 336 Dominus
481 293 606 346 quasi
652 293 719 334 vir
761 293 989 345 pugnator,

167 350 454 404 Omnipotens
482 362 642 392 nomen
665 350 767 402 ejus.
781 349 805 376 *
826 348 988 390 Currus

164 407 402 449 Pharaonis
434 412 478 449 et
505 407 744 449 exercitum
772 406 861 458 eius
888 416 986 457 pro-

163 464 263 515 iecit
289 463 333 504 in
359 476 490 506 mare.

213 520 354 561 Electi
388 520 609 573 principes
646 520 736 571 eius
773 518 986 560 submersi

163 582 262 618 sunt
289 577 333 617 in
360 577 471 618 Mari
498 576 649 618 rubro:
671 578 695 603 *
713 575 858 628 abyssi
885 587 984 627 ope-

162 635 340 675 ruerunt
369 646 455 683 eos,
483 632 802 675 descenderunt
823 632 866 673 in
885 643 982 684 pro-

162 689 343 732 fundum
372 690 495 742 quasi
521 689 643 742 lapis.

212 746 404 788 Dextera
418 751 493 787 tua
509 746 695 788 Domine
708 744 984 797 magnificata

162 806 229 844 est
251 803 294 843 in
313 802 582 844 fortitudine:
606 802 785 844 dextera
803 806 878 843 tua
895 801 982 842 Do-

160 859 276 900 mine
303 859 519 912 permissit
547 859 777 900 inimicum.
804 859 828 885 *
855 859 913 900 Et
939 858 983 899 in

160 915 436 957 multitudine
454 915 605 967 gloriae
627 920 715 956 tuae
739 915 982 967 deposuisti

160 971 436 1013 adversarios
463 976 575 1013 tuos:

210 1027 365 1069 Misisti
379 1028 487 1069 iram
501 1033 631 1078 tuam,
644 1040 742 1080 quae
754 1028 980 1070 devoravit

159 1095 236 1125 eos
263 1084 376 1126 sicut
403 1084 618 1137 stipulam.
639 1086 662 1111 *
681 1084 738 1126 Et
759 1085 802 1125 in
824 1085 980 1138 spiritu

158 1139 317 1182 furoris
336 1141 399 1182 tui
424 1142 701 1192 congregatae
722 1146 822 1182 sunt
839 1154 979 1194 aquae:

208 1196 337 1239 Stetit
360 1196 476 1239 unda
496 1197 644 1247 fluens,
663 1198 687 1224 *
704 1200 980 1250 congregatae

156 1258 256 1295 sunt
279 1253 426 1306 abyssi
453 1253 497 1294 in
525 1253 670 1295 medio
698 1254 818 1295 mari.

154 1365 432 1418 prehendam,
454 1367 478 1393 *
505 1366 695 1408 dividam
723 1367 875 1419 spolia,
901 1368 976 1409 im-

154 1422 343 1474 plebitur
370 1423 512 1466 anima
538 1435 649 1464 mea:

205 1478 457 1529 Evaginabo
480 1478 670 1530 gladium
694 1492 849 1531 meum,
867 1481 891 1507 *
917 1482 976 1522 in-

153 1534 338 1577 terficiet
356 1548 433 1577 eos
451 1548 604 1577 manus
623 1548 730 1578 mea.

205 1591 347 1633 Flavit
373 1592 552 1644 spiritus
580 1597 698 1642 tuus,
733 1598 775 1635 et
803 1594 978 1646 operuit

155 1659 231 1689 eos
258 1660 394 1689 mare:
425 1650 449 1676 *
486 1648 699 1690 submersi
726 1654 827 1691 sunt
855 1651 979 1702 quasi

154 1703 381 1756 plumbum
409 1704 453 1745 in
487 1704 610 1757 aquis
638 1704 978 1748 vehementibus.

206 1760 311 1811 Quis
338 1760 490 1802 similis
517 1762 581 1802 tui
608 1761 652 1802 in
679 1761 863 1804 fortibus
890 1763 976 1804 Do-

154 1816 290 1858 mine?
322 1818 346 1843 *
376 1817 473 1870 quis
500 1817 651 1859 similis
673 1818 754 1868 tui,
787 1819 977 1871 magnifi-

155 1884 231 1914 cus
258 1873 301 1914 in
329 1874 573 1926 sanctitate,
606 1874 812 1916 terribilis
846 1880 978 1928 atque

152 1928 393 1980 laudabilis,
417 1930 579 1972 faciens
598 1931 834 1973 mirabilia?

203 1985 449 2028 Extendisti
476 1999 651 2028 manum
677 1992 808 2038 tuam,
836 1992 879 2030 et
904 1988 974 2030 de-

152 2042 323 2084 voravit
350 2055 427 2085 eos
453 2047 579 2085 terra.
606 2045 630 2071 *
662 2044 763 2085 Dux
786 2044 905 2088 fuisti
932 2046 976 2087 in

151 2098 450 2141 misericordia
501 2105 576 2141 tua
627 2100 793 2153 populo
848 2114 976 2154 quem

152 2155 389 2198 redemisti:

202 2211 259 2253 Et
291 2213 480 2265 portasti
514 2225 612 2253 eum
643 2212 687 2253 in
721 2212 975 2257 fortitudine

150 2272 245 2317 tua,
284 2270 309 2295 ¹⁸¹
348 2267 405 2310 ad
445 2267 738 2310 habitaculum
779 2275 975 2312 sanctum

150 2327 282 2365 tuum.

202 2379 506 2423 Ascenderunt
520 2381 684 2435 populi,
696 2386 739 2423 et
749 2382 846 2424 irati
859 2388 972 2428 sunt:

149 2437 173 2463 *
201 2435 377 2478 dolores
405 2437 686 2480 obtinuerunt
704 2437 972 2482 habitatores

148 2491 420 2534 Philisthiim.

200 2548 324 2589 Tunc
349 2550 595 2592 conturbati
626 2556 726 2592 sunt
753 2552 972 2605 principes

147 2603 301 2654 Edom,
319 2604 525 2648 robustos
536 2607 666 2648 Moab
684 2606 873 2651 obtinuit
888 2615 970 2651 tre-

146 2673 257 2702 mor:
293 2662 317 2688 *
352 2661 633 2714 obriguerunt
669 2676 820 2706 omnes
854 2665 970 2707 habi-

145 2719 311 2759 tatores
341 2717 555 2761 Chanaan.

1092 291 1237 332 Irruat
1264 303 1397 344 super
1421 303 1498 333 eos
1519 289 1708 332 formido
1729 294 1774 332 et
1794 303 1867 344 pa-

1040 360 1136 397 vor,
1155 349 1179 375 *
1201 347 1245 389 in
1272 347 1570 400 magnitudine
1596 346 1764 389 brachii
1790 348 1868 390 tui:

1091 404 1217 446 Fiant
1235 404 1481 446 immobiles
1501 404 1626 457 quasi
1644 403 1768 457 lapis,
1791 403 1868 446 do-

1039 474 1119 503 nec
1145 464 1419 514 pertranseat
1441 460 1631 514 populus
1658 465 1761 502 tuus
1779 460 1868 502 Do-

1038 518 1163 568 mine,
1176 519 1200 544 *
1220 518 1360 561 donee
1381 520 1657 571 pertranseat
1674 517 1866 571 populus

1037 578 1138 616 tuus
1156 575 1249 627 iste,
1269 588 1398 628 quem
1417 574 1669 628 possedisti.

1090 632 1351 674 Introduces
1380 644 1471 682 eos,
1504 637 1547 674 et
1574 631 1794 685 plantabis
1821 632 1866 674 in

1037 693 1184 730 monte
1198 688 1467 730 haereditatis
1478 689 1602 739 tuae,*
1612 688 1864 732 firmissimo

1035 744 1286 787 habitaculo
1318 750 1395 787 tuo
1431 745 1550 798 quod
1580 747 1790 799 operatus
1818 759 1865 788 es

1035 801 1235 844 Domine:

1086 858 1388 900 Sanctuarium
1397 863 1520 901 tuum
1529 859 1729 911 Domine,
1745 860 1865 913 quod

1034 915 1317 958 firmaverunt
1347 928 1502 957 manus
1534 920 1635 958 tuae.
1661 917 1686 943 *
1714 917 1864 959 1)όωί-

1033 985 1113 1014 nus
1141 972 1340 1024 regnabit
1367 973 1411 1013 in
1439 974 1653 1015 aeternum
1676 978 1720 1016 et
1738 973 1864 1016 ultra.

1084 1030 1310 1081 Ingressus
1326 1034 1393 1071 est
1409 1030 1524 1071 enim
1538 1043 1676 1083 eques
1689 1030 1863 1074 Pharao

1033 1099 1132 1127 cum
1160 1086 1359 1128 curribus
1388 1091 1432 1129 et
1454 1086 1673 1139 equitibus
1702 1088 1792 1140 eius
1818 1088 1863 1130 in

1032 1155 1167 1184 mare:
1185 1144 1209 1170 *
1238 1148 1282 1185 et
1307 1142 1484 1185 reduxit
1511 1156 1645 1197 super
1672 1157 1750 1187 eos
1772 1145 1861 1187 Do-

1031 1212 1174 1240 m1nus
1201 1212 1338 1252 aquas
1365 1213 1512 1242 mans:

1083 1260 1180 1301 Filii
1199 1266 1344 1303 autem
1364 1261 1501 1303 Israel
1528 1261 1862 1306 ambulaverunt

1031 1330 1111 1370 per
1138 1318 1302 1359 siccum
1329 1320 1354 1346 *
1379 1319 1424 1359 in
1451 1318 1597 1361 medio
1627 1320 1729 1373 eius.

1080 1372 1178 1414 Ant.
1200 1375 1437 1416 Cantemus
1452 1375 1643 1418 Domino
1658 1376 1861 1428 gloriose.

1083 1433 1181 1475 Ant.
1228 1435 1279 1475 In
1312 1436 1474 1478 sanctis
1506 1438 1598 1490 ejus
1629 1437 1654 1464 *
1679 1437 1858 1481 laudate

1029 1491 1183 1533 Deum.
1819 1497 1821 1499 '

1078 1550 1145 1591 Ps.
1173 1551 1375 1596 Laudate
1399 1554 1638 1597 Dominum
1662 1555 1720 1597 17.

1078 1615 1118 1649 In
1143 1616 1344 1661 Quadrag,
1366 1617 1501 1662 Capit„
1522 1616 1661 1663 Hymn.
1689 1621 1726 1653 et
1747 1612 1793 1659 V.
1811 1621 1854 1653 ut

1027 1663 1063 1696 in
1088 1664 1206 1699 Laud.
1234 1666 1314 1700 Fer.
1340 1666 1385 1701 ΙΙ.
1411 1668 1464 1704 53.
1483 1670 1520 1702 et
1545 1669 1598 1704 54.

1076 1715 1139 1749 Ad
1163 1716 1406 1762 Benedictus,
1432 1718 1520 1753 Ant.
1544 1717 1720 1762 propria,
1743 1721 1785 1753 ut
1812 1714 1853 1750 in

1027 1762 1147 1798 Feriis
1172 1764 1497 1809 Quadragesimae.

1068 1815 1206 1851 Preces
1244 1819 1398 1862 quando
1432 1819 1627 1862 dicuntur,
1661 1818 1853 1854 habentur

1025 1874 1141 1908 supra
1164 1865 1202 1899 in
1226 1866 1337 1901 Feria
1362 1867 1407 1902 Π.
1432 1869 1485 1904 54.

1061 2057 1208 2100 Faria
1237 2058 1382 2100 sexta
1409 2059 1476 2101 ad
1502 2060 1821 2104 matutinum.

1078 2133 1125 2173 In
1155 2134 1371 2186 Quadrag.
1399 2137 1569 2178 Invitat.
1604 2136 1852 2181 Adoremus

1027 2188 1152 2239 Dum,
1176 2192 1199 2217 *
1231 2191 1446 2242 Quoniam
1473 2192 1569 2246 ipse
1596 2193 1701 2236 fecit
1725 2208 1819 2238 nos.

1074 2250 1141 2291 Ps.
1176 2251 1341 2302 Venite,
1369 2253 1649 2297 exsultemus.
1674 2256 1714 2298 2.

1074 2311 1231 2363 Hymn.
1259 2311 1329 2354 Ex
1354 2326 1477 2356 more
1497 2314 1627 2358 docti.
1650 2319 1698 2356 ut
1717 2326 1849 2367 supra

1023 2365 1062 2406 in
1093 2368 1265 2409 Domin.
1297 2370 1335 2411 2.

1073 2427 1224 2481 Temp.
1252 2429 1463 2472 Paschali.
1496 2433 1620 2474 Invit.
1653 2433 1853 2486 Alleluia,

1025 2484 1205 2537 alleluia,
1228 2488 1251 2511 ²⁸¹
1282 2486 1480 2540 Alleluia.

1074 2545 1229 2596 Hymn.
1250 2547 1346 2589 Rex
1361 2549 1636 2602 sempiterne.
1655 2554 1702 2591 ut
1716 2561 1849 2601 supra

1023 2599 1061 2639 in
1088 2601 1258 2642 Domin.
1285 2604 1322 2644 3.

1074 2663 1173 2703 Ant.
1202 2663 1444 2707 Exsultate.

1072 2721 1223 2775 Temp.
1254 2724 1462 2765 Paschali.
1490 2725 1589 2767 Ant.
1618 2728 1816 2782 Alleluia.
