2066 2956
641 234 919 269 Pretiosissimi
943 234 1151 277 Sanguinis
1176 234 1220 267 D.
1245 234 1289 267 N.
1315 234 1347 267 ι1.
1373 234 1412 268 C.

222 330 361 382 Virga
374 334 460 379 tua,
477 333 522 370 et
535 327 720 370 baculus
734 332 848 369 tuus:
864 327 888 353 *
903 327 1000 379 ipsa

170 399 240 428 me
259 385 488 428 consolata
506 389 617 426 sunt.

221 442 394 484 Parasti
419 442 464 483 in
492 442 732 493 conspectu
758 452 857 480 meo
882 452 999 480 men-

171 513 285 549 sam,
321 500 345 527 *
380 497 592 540 adversus
625 509 721 547 eOS,
760 496 835 548 qui
865 495 998 537 tribu-

169 556 262 598 lant
283 568 366 597 me.

221 611 511 665 Impinguasti
542 610 586 651 in
618 609 717 651 cleo
750 612 884 660 caput
913 619 999 648 me-

171 682 259 710 um:
273 670 297 696 *
313 674 356 710 et
371 667 485 710 calix
498 679 621 708 meus
635 665 854 707 inebrians
870 676 1001 716 quam

171 724 411 778 praeclarus
431 723 512 766 est!

223 782 280 823 Et
298 779 599 823 misericordia
614 784 691 821 tua
709 777 1001 829 subsequetur
1038 810 1048 821 „

172 851 242 879 me
260 840 284 865 *
305 837 507 880 omnibus
527 835 680 878 diebus
699 835 802 877 vitae
821 846 947 875 meae:

224 895 281 936 Et
294 899 343 936 ut
356 893 596 935 inhabitem
609 893 653 933 in
668 891 801 934 domo
812 889 1001 939 Domini,

172 951 196 977 *
213 952 258 992 in
276 950 594 1002 longitndinem
612 948 790 991 dierum.

226 1006 327 1046 Ant.
360 1006 525 1049 Pilatus
552 1005 707 1048 volens
739 1003 907 1058 populo
937 1015 1000 1044 sa-

173 1064 391 1114 tisfacere,
428 1062 611 1105 tradidit
637 1062 722 1104 illis
749 1061 773 1102 J
777 1073 900 1102 esum
927 1060 1000 1100 fla-

171 1121 297 1172 gellis
317 1134 491 1162 caesum.

227 1177 327 1218 Ant.
369 1176 537 1219 Videns
573 1181 720 1218 autem
758 1175 859 1227 quia
894 1173 1002 1214 nihil

174 1235 423 1287 proficeret,
442 1236 627 1286 accepta
645 1245 769 1284 aqua,
789 1231 895 1272 lavit
914 1243 1002 1271 ma-

171 1304 252 1332 nus
281 1304 431 1333 coram
457 1290 642 1344 p6pulo‚
676 1288 842 1331 dicens:
873 1288 1001 1328 Inno-

172 1361 276 1389 cens
319 1360 402 1399 ego
444 1360 541 1388 sum
581 1359 607 1387 a
643 1345 854 1396 sanguine
889 1344 914 1384 J
915 1343 1002 1384 usti

172 1404 309 1456 hujus.

444 1455 642 1496 Psalmus
670 1456 735 1495 29.

105 1542 107 1544 -
174 1511 433 1618 Exaltabo
478 1520 522 1557 te
562 1514 750 1556 Domine
797 1513 1003 1565 qu6niam

274 1572 507 1626 suscepisti
525 1584 611 1613 me:
630 1571 654 1597 *
673 1583 755 1612 nec
774 1568 1003 1611 delectasti

173 1630 374 1671 inimicos
392 1641 516 1670 meos
535 1640 669 1680 super
687 1639 768 1668 me.

226 1686 415 1727 D6mine
437 1685 560 1726 Deus
586 1696 711 1725 meus
739 1681 923 1724 clamavi
947 1681 1003 1722 ad

173 1746 229 1792 te,
247 1742 272 1768 *
292 1747 336 1784 et
355 1741 519 1783 sanasti
537 1753 619 1782 me.

226 1798 416 1840 Domine
441 1797 630 1839 eduxisti
652 1795 707 1837 ab
727 1795 897 1836 inferno
917 1793 1003 1834 ani-

174 1867 293 1896 mam
318 1867 481 1896 meam:
517 1854 541 1879 *
574 1852 752 1894 salvasti
779 1864 850 1892 me
879 1863 905 1891 a
933 1850 1004 1892 de-

175 1910 487 1953 scendentibus
505 1910 551 1950 in
569 1909 724 1950 lacum.

226 1967 406 2008 Psallite
424 1966 615 2008 Domino
635 1964 774 2006 sancti
793 1964 899 2016 ejus:
917 1963 941 1989 *
962 1967 1005 2004 et

176 2023 444 2064 confitemini
489 2021 713 2064 memoriae
761 2019 1004 2061 sanctitatis

177 2092 278 2131 ejus.

229 2136 445 2186 Quoniam
457 2135 523 2176 ira
535 2134 578 2175 in
590 2133 887 2184 indignatione
900 2132 1005 2183 ejus:

177 2193 202 2218 *
221 2197 265 2234 et
282 2192 374 2233 vita
393 2192 437 2232 in
455 2190 680 2232 voluntate
700 2190 802 2241 ejus.

228 2247 301 2290 Ad
332 2249 567 2301 vesperum
602 2245 900 2288 demorabitur
932 2245 1004 2287 fie-

176 2310 263 2346 tus:
281 2305 305 2330 *
325 2310 369 2346 et
387 2304 445 2346 ad
463 2305 725 2345 matutinum
743 2302 906 2343 laetitia.

228 2362 324 2413 Ego
356 2366 503 2403 autem
534 2358 624 2402 dixi
658 2359 704 2400 in
739 2356 1006 2399 abundantia

177 2430 288 2459 mea:
309 2419 332 2443 *
352 2417 453 2458 Non
471 2415 684 2458 movebor
702 2415 746 2456 in
766 2416 988 2456 aeternum.

229 2474 419 2516 Domine
437 2474 482 2514 in
501 2472 730 2514 voluntate
747 2476 833 2520 tua,
853 2470 877 2496 *
895 2482 1006 2523 prae-

178 2531 326 2572 stitisti
345 2529 496 2572 decori
514 2542 613 2571 meo
632 2529 849 2570 virtutem.

230 2587 443 2628 Avertisti
461 2586 619 2627 faciem
637 2590 758 2626 tuam
777 2596 803 2624 a
819 2596 900 2632 me,
920 2582 943 2608 *
963 2586 1007 2623 et

177 2643 318 2684 factus
338 2656 434 2684 sum
453 2641 752 2684 conturbatus.
785 2666 793 2670 ἢ

229 2699 303 2740 Ad
319 2703 364 2740 te
383 2699 571 2740 D6mine
596 2695 811 2739 clamabo:
834 2695 858 2721 *
883 2698 927 2735 et
950 2693 1006 2735 ad

177 2755 322 2797 Deum
339 2768 485 2797 meum
504 2752 789 2807 deprecabor.

331 2892 397 2917 Pars
411 2891 506 2917 Venia.

1105 326 1214 376 Quae
1237 326 1400 367 utilitas
1423 326 1467 366 in
1490 325 1698 377 sanguine
1717 336 1833 373 meo,
1856 323 1880 349 *

1053 382 1158 425 dum
1177 381 1398 424 descendo
1418 382 1462 422 in
1482 378 1833 434 corruptiOnem?

1103 438 1332 492 Numquid
1363 438 1643 480 confitebitur
1676 437 1756 478 tibi
1787 436 1880 489 pul-

1053 496 1140 546 vis,
1174 497 1198 522 *
1235 500 1310 537 aut
1345 494 1618 536 annuntiabit
1650 494 1881 535 veritatem

1053 550 1197 594 tuam?

1106 608 1289 650 Audivit
1299 608 1525 657 Dominus,
1541 612 1584 649 et
1598 607 1801 648 misertus
1816 611 1882 648 est

1053 666 1154 708 mei:
1177 666 1201 692 *
1220 665 1436 707 D6minus
1456 664 1598 706 factus
1622 669 1688 705 est
1710 663 1883 715 adintor

1053 735 1187 764 meus.

1107 779 1374 821 Convertisti
1404 777 1630 830 planctum
1661 788 1807 817 meum
1838 775 1883 815 in

1054 835 1262 888 gandium
1292 834 1416 875 mihi:
1450 835 1473 861 *
1507 832 1760 875 conscidisti
1793 844 1882 873 sac-

1056 905 1154 934 cum
1186 905 1348 941 meum‚
1384 895 1427 932 et
1459 887 1786 931 circumdedisti
1813 901 1883 929 me

1054 949 1222 990 laetitia:

1106 1006 1167 1048 Ut
1186 1009 1331 1047 cantet
1350 1004 1430 1046 tibi
1449 1004 1588 1055 gloria
1603 1015 1711 1053 mea,
1732 1006 1775 1043 et
1794 1014 1882 1042 non

1058 1066 1344 1115 compungar:
1366 1061 1390 1087 *
1411 1060 1600 1102 Domine
1619 1059 1741 1100 Deus
1759 1071 1883 1100 meus

1055 1119 1100 1160 in
1120 1121 1332 1160 aeternum
1351 1117 1595 1159 confitebor
1611 1115 1703 1157 tibi.

1110 1174 1210 1215 Ant.
1252 1173 1418 1216 Videns
1454 1179 1600 1215 autem
1643 1172 1744 1224 quia
1779 1170 1885 1211 nihil

1056 1232 1303 1284 proficeret,
1323 1233 1506 1283 accepta
1524 1242 1650 1282 aqua,
1672 1227 1779 1269 lavit
1796 1240 1883 1267 ma-

1055 1302 1136 1330 nus
1165 1301 1314 1330 coram
1339 1286 1523 1340 populo,
1558 1285 1724 1328 dicens:
1758 1284 1884 1324 Inno-

1057 1358 1160 1387 cens
1201 1358 1283 1396 ego
1325 1358 1421 1385 sum
1462 1357 1487 1384 a
1523 1342 1735 1393 sanguine
1771 1340 1885 1381 Justi

1055 1401 1192 1454 hujus.

1110 1459 1210 1498 Ant.
1255 1458 1310 1499 Et
1346 1454 1619 1508 respondens
1655 1454 1883 1495 universus

1056 1514 1264 1566 populus,
1288 1513 1411 1555 dixit:
1439 1512 1623 1563 Sanguis
1642 1511 1732 1562 ejus
1752 1521 1884 1561 super

1055 1584 1147 1621 nos,
1168 1576 1211 1612 et
1230 1582 1364 1623 super
1383 1569 1498 1610 filios
1516 1573 1704 1609 nostros.

1331 1626 1527 1667 Psalmus
1549 1627 1614 1666 63.

1058 1679 1272 1785 Exaudi
1307 1680 1430 1720 Deus
1466 1678 1708 1719 oraticnem
1741 1687 1883 1716 meam

1152 1750 1251 1778 cum
1280 1735 1507 1788 deprecor:
1534 1734 1558 1759 *
1586 1746 1611 1774 a
1639 1733 1796 1774 timore
1823 1730 1882 1771 in-

1056 1794 1172 1835 imici
1192 1793 1311 1845 eripe
1331 1791 1519 1833 animam
1537 1802 1692 1831 meam.
1804 1837 1807 1842 Ι

1108 1848 1345 1891 Protexisti
1370 1860 1442 1889 me
1470 1859 1496 1887 a
1523 1847 1741 1887 conventu
1764 1843 1882 1884 mali-

1056 1906 1295 1957 gnantium:
1314 1905 1337 1930 *
1357 1917 1382 1945 a
1405 1901 1681 1944 multitfidine
1701 1902 1883 1953 operan-

1057 1963 1165 2004 tium
1182 1961 1467 2013 iniquitatem.

1111 2019 1222 2069 Quia
1241 2018 1507 2059 exacuerunt
1530 2019 1578 2056 ut
1596 2012 1789 2065 gladium
1807 2011 1883 2051 lin-

1057 2088 1165 2126 guas
1205 2087 1320 2116 suas:
1356 2073 1380 2099 *
1416 2071 1694 2113 intenderunt
1735 2080 1884 2109 arcum

1057 2144 1151 2173 rem
1178 2133 1390 2179 amaram,
1424 2133 1472 2170 ut
1505 2129 1710 2178 sagittent
1741 2125 1784 2165 in
1813 2136 1883 2165 oc-

1059 2187 1186 2229 cnltis
1212 2185 1548 2228 immaculatum.

1109 2243 1262 2286 sabito
1288 2240 1555 2293 sagittabunt
1579 2251 1693 2287 eum,
1727 2241 1770 2279 et
1793 2249 1881 2278 non

1057 2299 1291 2341 timebunt:
1318 2298 1341 2323 *
1370 2297 1652 2338 firmaverunt
1683 2293 1765 2335 sibi
1797 2305 1882 2334 ser-

1057 2358 1234 2397 mossem
1251 2365 1450 2406 nequam.

1104 2411 1406 2453 Narraverunt
1463 2412 1511 2448 ut
1564 2404 1885 2447 absconderent

1056 2469 1254 2554 laqueos:
1281 2467 1304 2492 *
1333 2464 1549 2506 dixerunt:
1586 2462 1691 2513 Quis
1719 2460 1885 2503 videbit

1058 2538 1299 2623 eogerutati
1319 2580 1419 2618 sunt
1441 2574 1706 2627 iniquitates:
1725 2573 1749 2599 *
1769 2572 1883 2615 defe-

1058 2639 1210 2679 cerunt
1229 2635 1473 2675 scrutantes
1493 2630 1712 2672 scrutinio.

1109 2690 1305 2734 Accedet
1331 2688 1464 2729 homo
1493 2686 1550 2728 ad
1578 2699 1654 2728 cor
1682 2686 1832 2727 altum:
1860 2684 1884 2710 *

1058 2754 1103 2791 et
1122 2745 1383 2790 exaltabitur
1401 2744 1534 2785 Deus.

1618 2868 1673 2903 VO
