2028 2892
647 150 688 183 ln
712 151 837 186 Festis
862 163 930 196 per
953 155 1105 189 Annum
1131 157 1178 190 ad
1203 157 1376 192 Primam.
1823 159 1867 194 33

172 206 1866 227 Ἣ

223 244 326 286 Non
349 246 464 287 enim
489 247 563 299 qui
588 251 825 300 operantur
843 251 994 303 iniqui-

172 302 319 351 tatem,
339 302 362 327 *
381 302 425 342 in
444 303 524 344 viis
544 304 633 356 ejus
654 305 994 349 ambulaverunt.

222 357 291 398 Tu
314 357 532 401 mandasti
551 361 574 386 *
594 361 801 404 mandata
825 367 900 404 tua
924 377 993 405 cu-

171 413 325 455 stodiri
343 415 480 456 nimis.

222 470 396 512 Utinam
413 471 656 524 dirigantur
671 475 752 516 viae
767 489 888 526 meae,
900 478 923 502 ¹⁸¹
938 477 994 519 ad

170 526 481 570 custodiendas
499 530 826 581 justificationes
846 538 952 574 tuas.

221 583 346 625 Tunc
365 597 452 626 non
473 586 726 637 confundar,
741 589 764 614 *
780 601 878 630 curn
898 603 992 642 per-

169 641 356 692 spexero
376 641 419 682 in
440 642 642 684 omnibus
661 644 877 687 mandatis
897 647 993 687 tuis.

221 695 475 739 Confitebor
494 698 572 740 tibi
586 700 630 740 in
645 699 884 743 directione
900 715 992 744 cor-

169 751 251 794 dis:
268 753 293 779 *
310 753 355 804 in
383 766 436 795 eo
464 755 583 807 quod
608 755 740 799 didici
757 758 915 809 judicia
934 760 991 810 ju-

169 810 300 851 stitiae
320 814 419 852 tuae.

218 865 244 907 J
245 866 560 909 ustificationes
580 874 678 911 tuas
698 871 956 913 cust6diam:
968 874 991 898 *

167 934 255 963 non
274 936 344 964 me
365 922 641 977 derelinquas
666 930 991 981 usquequaque.

218 979 270 1020 In
316 993 403 1032 quo
449 982 627 1032 corrigit
671 982 991 1026 adolescentior

166 1036 282 1077 viam
306 1035 451 1078 suam?
472 1038 559 1078 *in
587 1039 876 1082 custodicndo
905 1054 990 1083 ser-

166 1094 319 1134 mones
338 1097 448 1134 tuos.

217 1149 268 1189 In
295 1154 390 1191 toto
420 1150 553 1192 corde
582 1164 680 1193 meo
701 1153 914 1205 exquisivi
932 1159 990 1195 te:

165 1204 189 1231 *
207 1218 262 1247 ne
281 1205 467 1258 repellas
487 1220 556 1248 me
576 1220 601 1248 a
620 1208 837 1250 mandatis
856 1210 951 1251 tuis.

215 1262 268 1302 In
296 1261 430 1304 corde
458 1276 556 1304 meo
585 1264 798 1306 abscondi
817 1266 991 1318 eloquia

164 1321 255 1359 tua:
273 1318 297 1344 *
315 1323 364 1359 ut
382 1331 471 1360 non
489 1332 670 1372 peccem
689 1321 778 1362 tibi.

214 1373 481 1416 Benedictus
514 1388 560 1417 es
592 1377 799 1419 DOmine:
827 1379 850 1403 *
878 1378 988 1421 doce

162 1443 234 1471 me
252 1431 581 1481 justificationes
601 1438 708 1474 tuas.

213 1486 266 1527 In
291 1486 418 1528 labiis
442 1488 566 1538 meis,
590 1489 614 1514 *
637 1491 916 1542 pronuntiavi
944 1494 986 1533 ό-

161 1543 278 1584 mnia
295 1542 453 1595 judicia
471 1544 559 1585 oris
579 1545 652 1586 tui.

212 1599 263 1639 In
278 1599 349 1640 via
362 1600 711 1642 testimoniorum
725 1605 900 1644 tuorum
915 1604 986 1646 de-

159 1654 346 1697 lectatus
375 1669 487 1707 sum,
515 1657 538 1682 *
566 1657 678 1699 sicut
709 1659 751 1699 in
785 1660 985 1702 Omnibus

161 1710 332 1753 divitiis.

210 1768 262 1809 In
279 1768 497 1811 mandatis
515 1770 601 1811 tuis
627 1771 879 1813 exercebor:
899 1773 922 1798 *
942 1778 986 1814 et

160 1824 449 1867 considerabo
469 1826 561 1867 vias
580 1831 688 1868 tuas.

209 1881 261 1922 In
287 1881 664 1933 justificationibus
692 1885 777 1926 tuis
805 1884 983 1926 medita-

158 1935 261 1978 bor:
296 1938 320 1963 *
355 1950 443 1979 non
485 1938 718 1981 obliviscar
760 1943 983 1983 sermones

159 1997 270 2034 tuos.

156 2092 413 2199 Retribue
438 2113 566 2142 servo
586 2106 678 2151 tuo,
703 2102 874 2143 vivifica
898 2116 982 2144 me:

266 2156 290 2181 *
310 2161 353 2198 et
368 2156 612 2199 custodiam
628 2160 850 2200 sermones
870 2163 980 2200 tuos.

207 2216 374 2258 Revela
399 2217 551 2259 oculos
575 2231 712 2260 meos:
730 2219 754 2244 *
774 2224 817 2260 et
844 2220 980 2260 consi-

157 2270 321 2314 derabo
341 2273 554 2315 mirabilia
574 2274 628 2316 de
648 2275 743 2326 lege
762 2280 846 2316 tua.

207 2328 357 2370 Incola
386 2342 467 2380 ego
497 2344 593 2371 sum
620 2331 663 2371 in
690 2336 820 2372 terra:
844 2332 867 2357 *
893 2344 980 2373 non

156 2382 402 2426 abscondas
423 2398 448 2426 a
467 2399 536 2427 me
555 2386 761 2428 mandata
779 2392 863 2428 tua.

208 2439 468 2494 Concupivit
505 2442 646 2483 anima
678 2456 775 2484 mea
813 2442 978 2485 deside-

155 2498 252 2538 rare
275 2497 602 2548 justificationes
621 2504 734 2548 tuas,
753 2500 776 2524 *
795 2499 838 2539 in
862 2500 978 2540 omni

154 2554 366 2605 tempore.

204 2609 447 2662 Increpasti
467 2610 696 2663 superbos:
716 2612 739 2636 *
758 2611 977 2652 maledicti

156 2665 229 2716 qui
249 2664 466 2707 declinant
485 2679 510 2707 a
528 2666 743 2708 mandatis
762 2667 858 2708 tuis.

1098 253 1234 296 Aufer
1258 268 1283 296 a
1305 269 1374 298 me
1398 258 1682 310 opprobrium
1706 264 1748 300 et
1767 272 1865 301 con-

1046 311 1274 362 temptum:
1309 312 1332 337 *
1371 314 1470 365 quia
1508 315 1755 357 testimonia
1790 321 1865 357 tua

1048 368 1270 418 exqulsivi.

1097 426 1268 469 Etenim
1305 429 1509 471 sederunt
1544 433 1776 484 principes,
1822 438 1864 474 et

1047 482 1278 525 adversum
1304 498 1374 527 me
1400 486 1702 539 loquebantur:
1731 489 1754 514 *
1778 502 1863 530 ser-

1046 552 1125 579 vus
1146 545 1288 582 autem
1315 546 1414 583 tuus
1440 543 1722 585 exercebatur
1744 545 1787 585 in
1806 546 1863 596 ju-

1046 595 1376 638 stificationibus
1396 599 1490 639 tuis.

1095 656 1209 697 Nam
1229 662 1272 699 et
1290 660 1537 700 testimonia
1551 665 1625 700 tua
1639 660 1861 703 meditatio

1044 725 1142 753 mea
1169 718 1248 755 est:
1268 715 1290 739 *
1311 720 1354 756 et
1381 715 1606 756 consilium
1635 729 1778 757 meum
1806 718 1862 768 ju-

1046 769 1328 812 stificationes
1348 776 1445 812 tuae.

1095 829 1295 872 Adhaesit
1318 832 1566 884 pavimento
1591 833 1731 874 anima
1753 847 1862 875 mea:

1044 886 1067 911 *
1100 886 1270 927 vivifica
1307 901 1377 929 me
1414 888 1652 929 secandum
1684 889 1862 931 verbum

1043 947 1176 983 tuum.

1095 1003 1202 1044 Vias
1221 1017 1340 1046 meas
1365 1005 1597 1054 enuntiavi,
1624 1011 1666 1047 et
1690 1007 1860 1048 exaudi-

1044 1059 1099 1100 sti
1126 1072 1209 1101 me:
1236 1061 1259 1086 *
1287 1060 1397 1102 doce
1433 1074 1501 1103 me
1538 1062 1861 1113 justificationes

1043 1120 1150 1156 tuas.

1095 1176 1223 1217 Viam
1243 1177 1592 1228 justificatiOnum
1616 1180 1786 1219 tuarum
1805 1181 1863 1219 in-

1043 1237 1162 1274 strue
1189 1246 1273 1274 me:
1292 1234 1315 1259 *
1335 1238 1378 1275 et
1406 1234 1643 1276 exercebor
1671 1235 1713 1275 in
1736 1235 1859 1276 mira-

1042 1288 1201 1330 bilibus
1219 1290 1315 1330 tuis.

1093 1349 1357 1391 Dormitavit
1384 1351 1525 1391 anima
1552 1364 1648 1392 mea
1672 1364 1763 1403 prae
1787 1354 1859 1392 tae-

1042 1404 1128 1446 dio:
1147 1406 1171 1430 *
1190 1406 1399 1447 confirma
1418 1419 1486 1447 me
1506 1407 1547 1447 in
1567 1406 1710 1448 verbis
1730 1408 1824 1448 tuis.

1091 1466 1220 1507 Viam
1244 1467 1481 1518 iniquitatis
1506 1469 1659 1508 amove
1685 1480 1709 1508 a
1732 1480 1816 1509 me:
1835 1469 1858 1493 *

1040 1526 1083 1563 et
1102 1521 1156 1562 de
1176 1522 1271 1573 lege
1290 1527 1363 1563 tua
1382 1523 1586 1564 miserere
1605 1523 1700 1564 mei.

1090 1582 1219 1623 Viam
1256 1583 1450 1624 veritatis
1489 1583 1616 1633 elegi:
1647 1583 1670 1608 *
1701 1582 1855 1634 judicia

1038 1643 1111 1679 tua
1131 1651 1218 1679 non
1238 1651 1333 1679 sum
1354 1638 1524 1680 oblitus.

1089 1698 1270 1740 Adha'esi
1284 1699 1541 1740 testimoniis
1556 1699 1640 1740 tuis
1656 1699 1854 1740 D6mine:

1037 1755 1060 1781 *
1079 1755 1169 1796 noli
1187 1768 1256 1796 me
1276 1755 1549 1797 confundere.

1088 1815 1218 1857 Viam
1249 1815 1552 1857 mandatorum
1580 1817 1753 1856 tuorum
1785 1827 1854 1856 cu-

1037 1872 1163 1921 curri,
1181 1872 1204 1898 *
1224 1884 1322 1913 cum
1341 1871 1532 1913 dilatasti
1552 1884 1627 1913 cor
1645 1884 1798 1912 meum.

1087 1941 1173 1975 Ant.
1199 1946 1429 1985 competens.

1088 2031 1346 2083 Capitulum.
1538 2034 1564 2072 1.
1585 2033 1692 2073 Tim.
1714 2035 1740 2072 1.
1761 2032 1797 2072 d.

1033 2090 1192 2197 Regi
1207 2096 1466 2137 saeculorum
1482 2095 1712 2137 immortali
1731 2100 1773 2136 et
1791 2095 1850 2135 in-

1140 2152 1308 2201 visibili,
1328 2152 1409 2193 soli
1424 2152 1519 2193 Deo
1535 2151 1682 2200 honor,
1701 2155 1744 2191 et
1761 2150 1849 2201 glo-

1033 2209 1097 2249 ria
1114 2208 1157 2248 in
1177 2207 1336 2249 saecula
1356 2207 1622 2248 saecu16rum.
1650 2207 1801 2247 Amen.

1085 2266 1134 2317 R.
1160 2265 1256 2305 Deo
1275 2264 1447 2314 gratias,

1084 2334 1134 2384 R.
1154 2332 1215 2373 br.
1240 2331 1408 2373 Christe
1423 2331 1502 2371 Fili
1516 2331 1597 2372 Dei
1616 2331 1712 2379 vivi,
1732 2332 1754 2355 *
1774 2331 1848 2371 Mi-

1032 2390 1177 2429 serere
1196 2387 1332 2429 nobis.
1361 2386 1414 2425 Et
1435 2384 1656 2435 repetitur:
1678 2386 1846 2427 Christe

1031 2444 1111 2484 Fili
1122 2444 1204 2485 Dei
1215 2444 1312 2492 vivi,
1331 2443 1535 2483 miserere
1549 2441 1685 2483 nobis.
1706 2439 1753 2489 V.
1765 2442 1847 2492 Qui

1031 2499 1158 2541 sedes
1183 2499 1238 2540 ad
1263 2499 1485 2540 dexteram
1504 2498 1656 2538 Patris.
1695 2499 1743 2550 R«.
1770 2498 1845 2538 Mi-

1030 2557 1174 2597 serere
1207 2554 1342 2596 nobis.
1383 2547 1431 2598 V.
1461 2553 1610 2594 Gloria
1638 2554 1770 2602 Patri,
1802 2559 1845 2594 et

1029 2611 1150 2659 Filio,
1170 2616 1213 2652 et
1226 2609 1402 2662 Spiritui
1421 2614 1582 2650 sancto.
1613 2610 1661 2661 Rz.
1676 2609 1842 2650 Christe

1028 2667 1108 2708 Fili
1126 2667 1209 2708 Dei
1228 2665 1323 2714 vivi,
1342 2665 1546 2707 miserare
1565 2665 1701 2706 nobis.
