2066 2904
532 140 601 173 Die
625 140 678 173 28.
704 139 802 179 Maii.
850 141 884 173 S.
909 139 1117 181 Augustini
1143 139 1266 181 Epise.
1293 145 1326 172 et
1353 139 1458 172 Com*⁷

195 236 269 270 Pro
295 236 434 269 Sancto
459 235 607 268 Joanne
634 234 739 276 Papa
765 240 799 267 et
826 234 929 268 Mart.

448 291 597 331 Lectio
619 291 670 330 ix.

170 371 178 393 ·:
237 347 399 386 oannes
405 345 616 386 Etri'iscus
624 344 648 385 J
650 346 794 386 ustino
807 345 979 386 seniore

165 397 228 438 ’ἴω-’ἒ-
252 402 518 454 imperatore
567 401 679 442 rexit
722 400 979 442 Ecclesiam:

156 458 212 499 ad
236 470 374 509 quem.
393 457 619 510 profectus
646 462 712 499 est
736 457 978 499 Constanti-

154 513 349 566 nopolim
373 513 519 555 auxilii
545 526 693 563 causa,
723 513 842 565 quod
867 514 978 555 The-

155 570 359 612 odoricus
384 582 461 611 rex
486 569 718 612 haereticus
744 569 980 613 divexabat

154 626 338 668 Italiam:
363 627 482 677 cujus
507 627 636 668 etiam
659 627 742 668 iter
761 627 882 668 Deus
905 627 979 667 mi-

155 682 314 724 raculis
350 682 594 724 illustravit.
655 683 769 724 Nam
805 696 903 724 cum
941 684 979 725 ei

155 739 313 780 nobilis
345 739 410 780 vir
441 738 497 780 ad
527 739 782 780 Corinthum
809 752 979 791 equum,

156 808 243 848 quo
269 796 358 847 ejus
381 808 493 836 uxor
515 797 746 837 mansueto
765 795 979 845 utebatur,

155 851 322 893 itineris
342 864 474 893 causa
499 851 793 901 comodasset,
819 852 980 894 factum

155 912 237 958 est,
279 913 327 949 ut
363 907 542 950 domino
579 910 737 960 postea
772 911 979 950 remissus

155 977 309 1017 equus,
342 964 403 1005 ita
427 964 552 1005 ferox
577 964 800 1014 evaderet,
834 970 881 1007 ut
900 965 979 1007 fre-

154 1021 262 1062 mitu
286 1026 328 1062 et
355 1023 491 1062 totius
517 1021 716 1073 corporis
741 1022 979 1072 agitatione

154 1090 326 1130 semper
354 1076 562 1130 deinceps
593 1077 814 1119 dominam
846 1082 979 1131 expu-

153 1133 264 1175 lerit:
282 1138 506 1185 tamquam
519 1132 817 1184 indignaretur
831 1134 977 1176 mulie-

153 1202 247 1231 rem
278 1192 491 1242 recipere,
523 1202 578 1231 ex
607 1202 694 1242 quo
722 1190 909 1232 sedisset
937 1192 978 1232 in

153 1259 206 1288 eo
237 1246 342 1288 Jesu
373 1245 532 1288 Christi
561 1247 774 1289 Vicarius.
821 1248 977 1298 Quam-

154 1303 307 1345 obrem
333 1302 394 1344 illi
428 1315 588 1354 equum
615 1304 817 1345 Pontifici
846 1304 976 1346 dona-

153 1361 318 1401 verunt.
339 1359 426 1401 Sed
439 1359 548 1401 illud
560 1361 697 1411 majus
710 1361 978 1410 miraculum,

155 1414 274 1468 quod
319 1415 717 1469 Constantinopoli,
769 1417 812 1457 in
858 1417 978 1458 aditu

153 1477 295 1526 portae
315 1475 471 1521 aureae,
490 1472 763 1524 inspectante
780 1473 976 1525 frequen-

151 1529 321 1570 tissimo
336 1527 515 1581 populo,
535 1529 610 1580 qui
628 1542 713 1570 una
732 1543 830 1571 cum
844 1530 976 1583 impe-

153 1587 298 1627 ratore
319 1584 523 1626 Pontifici
547 1585 725 1627 honoris
752 1599 883 1628 causa
908 1599 976 1628 oc-

153 1644 357 1690 currerat,
377 1653 496 1682 caeco
515 1641 660 1683 lumen
679 1643 878 1684 restituit.
906 1642 978 1685 Ad

153 1698 273 1749 cujus
300 1697 437 1750 pedes
464 1700 712 1750 prostratus
740 1699 871 1740 etiam
902 1699 976 1740 im-

152 1756 341 1806 perator,
361 1767 460 1796 eum
474 1757 707 1797 veneratus
723 1760 800 1797 est.
827 1755 978 1797 Rebus

153 1822 252 1851 cum
269 1810 535 1864 imperatore
556 1812 814 1864 compositis
832 1812 875 1853 in
893 1812 978 1853 Ita-

151 1866 254 1908 liam
289 1866 437 1918 rediit,
474 1869 708 1920 statimque
746 1869 979 1921 epistolam

154 1923 328 1976 scripsit
359 1922 417 1966 ad
454 1936 606 1966 omnes
638 1924 779 1966 Italiae
811 1927 977 1977 episco-

152 1991 253 2031 pOS,
281 1979 433 2031 iubens
456 1993 533 2022 eos
557 1981 820 2023 Arianorum
845 1981 978 2023 eccle-

153 2035 240 2076 sias
277 2035 334 2077 ad
369 2036 630 2079 catholicum
666 2038 797 2079 ritum
829 2050 977 2080 conse-

154 2094 287 2142 crare,
301 2092 408 2134 illud
421 2092 699 2146 subjungens:
715 2094 826 2144 Quia
840 2099 884 2136 et
897 2107 978 2135 nos

155 2147 328 2200 quando
375 2149 534 2191 fuimus
580 2150 978 2203 Constantinopoli,

153 2209 244 2246 tam
267 2218 349 2257 pro
375 2205 583 2256 religione
609 2206 824 2248 catholica
849 2220 979 2259 quam

153 2273 235 2313 pro
254 2262 369 2313 regis
389 2262 658 2304 Theodorici
677 2276 823 2314 causa,
853 2276 978 2315 quas-

88 2350 90 2353 .
154 2321 341 2370 cumque
359 2318 443 2359 illis
461 2319 504 2359 in
523 2319 723 2372 partibus
743 2322 894 2361 eorum
913 2333 978 2362 ec-

155 2373 308 2415 clesias
327 2378 520 2428 reperire
539 2376 774 2428 potuimus,
799 2376 978 2417 catholi-

155 2442 228 2471 cas
252 2443 326 2472 eas
350 2432 711 2474 consecravimus.
748 2432 878 2482 Quod
904 2433 978 2473 ini-

157 2487 365 2538 quissimo
397 2487 540 2530 animo
568 2488 712 2530 ferens
737 2488 978 2530 Theodori-

156 2555 249 2592 cus,
284 2543 388 2585 dolo
425 2547 685 2586 accersitum
720 2545 978 2586 Pontificem

156 2599 408 2641 Ravennam
443 2601 486 2641 in
523 2603 743 2643 carcerem
780 2601 978 2652 conjecit:

156 2654 230 2697 ubi
267 2655 470 2710 squalore
505 2656 739 2709 inediaque
775 2657 977 2708 afflictus,

1796 134 1861 169 523

1035 231 1187 284 paucis
1221 230 1375 273 diebus
1407 232 1538 273 cessit
1569 244 1592 272 e
1620 231 1724 281 vita,
1761 244 1860 272 cum

1031 287 1217 329 sedisset
1246 300 1382 328 annos
1410 287 1538 338 duos,
1575 300 1747 329 menses
1777 300 1852 329 no-

1031 357 1144 394 vem,
1163 343 1257 385 dies
1278 343 1622 396 quatuordecim,
1644 344 1856 386 ordinatis

1033 413 1086 442 eo
1119 402 1318 452 tempore
1354 401 1574 452 episcopis
1601 400 1860 453 quindecim.

1031 456 1168 498 Paulo
1197 462 1302 509 post
1329 457 1513 497 moritur
1539 457 1859 499 Theodericus:

1034 525 1164 566 quem
1194 513 1371 566 quidam
1394 513 1603 562 Eremita,
1632 519 1679 555 ut
1707 513 1859 555 scribit

1033 575 1209 612 sanctus
1234 570 1491 621 Gregorius,
1519 569 1629 611 vidit
1652 570 1763 611 inter
1787 570 1811 611 J
1815 583 1857 611 0-

1033 628 1188 668 annem
1206 627 1465 669 Pontificem
1490 632 1534 668 et
1552 627 1859 678 symmachum

1033 684 1279 735 patricium,
1316 696 1446 735 quem
1478 682 1594 724 idem
1626 682 1858 732 occiderat,

1035 739 1228 790 demergi
1246 740 1289 780 in
1308 740 1451 790 ignem
1470 739 1785 792 Liparitanum:
1811 745 1858 780 ut

1034 795 1236 837 videlicet
1254 796 1333 846 illi,
1361 795 1518 847 quibus
1540 800 1728 836 mortem
1748 799 1857 836 attu-

1032 851 1152 902 lerat,
1175 857 1399 904 tamquam
1418 851 1582 904 judices
1602 857 1749 893 essent
1769 852 1858 903 ejus

1031 907 1240 950 inte'ritus.
1267 909 1292 949 J
1295 908 1448 950 oannis
1470 921 1630 960 corpus
1650 908 1859 950 Ravenna

1031 964 1219 1006 Romam
1233 967 1457 1017 portatum
1473 968 1548 1014 est,
1565 964 1664 1006 etin
1679 964 1859 1006 basilica

1031 1022 1169 1063 sancti
1187 1022 1306 1067 Petri
1326 1021 1556 1074 sepultum.

1082 1089 1145 1128 Te
1163 1087 1305 1128 Deum
1323 1085 1562 1128 laudamus.
1582 1087 1640 1126 15.

1084 1164 1125 1196 In
1154 1163 1268 1196 Laud.
1299 1174 1368 1205 pro
1395 1174 1588 1198 commem.
1620 1167 1653 1198 S.
1679 1166 1852 1199 ,loannis

1086 1224 1181 1264 Ant.
1211 1221 1332 1262 Filiae
1352 1221 1605 1271 Jerusalem,
1630 1225 1789 1272 venite,
1813 1228 1857 1264 et

1032 1277 1175 1320 videte
1195 1278 1410 1330 Martyres
1431 1291 1530 1319 cum
1549 1280 1739 1329 coronis,
1766 1280 1855 1331 qui-

1031 1334 1113 1376 bus
1133 1335 1360 1376 coronavit
1383 1347 1460 1376 eos
1480 1335 1693 1376 Dominus
1718 1336 1762 1376 in
1786 1335 1855 1377 die

1031 1391 1321 1432 solemnitatis
1341 1396 1383 1433 et
1401 1391 1577 1441 laetitiae,
1597 1391 1778 1443 alleluJa,
1799 1392 1856 1432 al·

1031 1447 1170 1499 lehija.

1082 1514 1130 1565 V
1146 1514 1347 1555 Pretiosa
1360 1514 1404 1554 in
1419 1516 1657 1567 conspectu
1668 1514 1856 1565 Domini,

1032 1570 1212 1622 alleluja.
1251 1574 1300 1625 lx'g.
1327 1570 1448 1612 Mors
1477 1573 1728 1612 sanctorum
1754 1572 1855 1623 ejus,

1034 1627 1213 1679 alleluja.

1083 1697 1197 1739 Yesp.
1225 1697 1270 1730 de
1299 1707 1402 1737 sequ.
1429 1706 1623 1728 commem.
1650 1696 1811 1737 praeced.

1293 1801 1377 1843 Die
1394 1802 1460 1842 28.
1479 1802 1590 1853 Maji.

1096 1879 1138 1920 S.
1158 1878 1429 1928 Augustini
1447 1879 1590 1929 Epise.
1612 1884 1653 1918 et
1674 1880 1763 1918 Con
1772 1879 1792 1917 f.

1358 1952 1520 1995 Duplex.

1083 2022 1216 2054 Omnia
1250 2022 1295 2055 de
1327 2021 1469 2055 Comm.
1502 2021 1609 2055 Conf.
1643 2021 1750 2054 l'ont.
1783 2021 1851 2064 [66]

1031 2074 1169 2111 praeter
1191 2080 1295 2111 sequ.
1321 2070 1379 2109 (m.
1403 2073 1426 2104 t.
1450 2070 1498 2112 v.)

1364 2138 1525 2179 Oratio.

1117 2220 1204 2256 eus,
1225 2208 1299 2259 qui
1314 2208 1554 2258 Anglorum
1568 2213 1731 2258 gentes,
1746 2220 1855 2260 prae-

1132 2263 1349 2306 dicatione
1394 2270 1437 2306 et
1483 2264 1702 2306 miraculis
1738 2264 1856 2306 beati

1031 2320 1263 2371 Augustini
1300 2321 1576 2362 Confessoris
1617 2321 1681 2362 tui
1722 2325 1855 2373 atque

1030 2377 1265 2427 Pontificis,
1282 2390 1398 2418 verae
1414 2376 1516 2419 fidei
1529 2377 1626 2418 luce
1636 2377 1853 2419 illustrare

1031 2432 1234 2483 dignatus
1258 2446 1319 2475 es:
1347 2433 1553 2484 conce‘de;
1581 2438 1643 2484 ut,
1670 2434 1770 2486 ipso
1793 2434 1852 2474 in-

1029 2490 1321 2539 terveniente,
1354 2490 1591 2531 errantium
1630 2489 1766 2531 corda
1797 2490 1854 2532 ad

1030 2546 1226 2587 veritatis
1248 2551 1335 2587 tuae
1355 2545 1538 2587 redeant
1556 2546 1783 2596 unitatem,
1811 2551 1855 2588 et

1029 2615 1110 2644 nos
1130 2603 1172 2643 in
1190 2608 1267 2644 tua
1285 2602 1418 2643 simus
1434 2602 1658 2645 voluntate
1676 2605 1854 2645 concor·

1030 2657 1119 2700 des.
1146 2660 1230 2701 Per
1248 2658 1494 2700 Dominum.
