2066 2904
182 170 280 214 [110]
824 169 1034 203 Commune
1062 166 1274 209 Virginum.

182 266 376 308 Demini:
395 266 419 291 *
438 264 646 317 queniam
674 263 794 304 venit
819 262 1012 314 judicare

182 329 354 364 terram.

233 379 258 419 J
260 378 457 419 udicabit
480 376 633 418 orbem
651 378 869 417 terrarum
889 374 933 414 in
956 374 1013 424 ju-

184 435 313 484 stitia,
332 435 356 460 *
374 439 418 475 et
436 432 628 486 pepulos
647 432 692 472 in
711 431 931 483 aequitate.

240 499 339 538 Ant.
359 498 469 540 Veni
487 510 651 550 sponsa
668 496 842 545 Christi,
862 494 1014 546 accipe

183 558 404 604 corenam,
424 567 557 607 quam
574 553 655 595 tibi
670 552 887 594 Deminus
903 563 1014 603 prae—

182 612 356 664 paravit
374 611 418 651 in
438 612 663 652 aeternum.

238 670 287 722 Y.
313 676 459 726 Elegit
484 688 582 717 eam
600 675 739 724 Deus,
768 678 812 715 et
834 671 1015 725 praeele-

184 733 247 784 git
262 745 370 774 eam.
401 731 451 782 R.
467 732 519 772 In
538 729 825 772 tabernaculo
846 741 926 769 suo
942 728 1015 768 ha-

184 789 327 830 bitare
346 789 451 829 facit
471 800 578 829 eam.

245 850 368 891 Pater
387 853 548 890 noster.

242 911 489 953 Absolutio.
518 912 557 950 A
572 906 768 948 vinculis.

240 968 290 1019 Y.
314 970 338 1011 J
341 969 428 1011 ube
448 967 621 1010 domne.

243 1032 402 1074 Bencd.
430 1028 693 1080 Evangelica
711 1028 856 1070 lectio.

188 1109 342 1151 Lectio
365 1107 505 1149 sancti
522 1106 750 1157 Evangelii
773 1104 1017 1147 secundum

465 1162 736 1204 Matthaeum.

295 1232 446 1271 Lectio
468 1230 537 1270 vii.
731 1230 832 1280 Cap.
852 1230 917 1268 25.

183 1293 259 1399 In
280 1297 356 1338 illo
372 1299 587 1350 tempore:
606 1295 732 1336 Dixit
746 1295 771 1336 J
774 1308 874 1336 esus
890 1294 1018 1336 disci-

249 1353 364 1406 pulis
393 1353 483 1394 suis
512 1351 771 1405 parabolam
796 1352 925 1393 hanc:
957 1351 1018 1392 Si-

183 1410 287 1451 mile
312 1410 396 1451 erit
419 1422 603 1461 regnum
627 1408 844 1450 coelorum
864 1408 1019 1449 decem

185 1465 445 1517 virginibus:
480 1478 579 1518 quae
612 1465 881 1518 accipientes
914 1464 1018 1505 lam-

184 1522 323 1575 pades
342 1535 455 1572 suas,
476 1522 676 1563 exierunt
695 1521 873 1563 ebviam
889 1533 1018 1573 spon-

186 1592 235 1620 so
256 1584 299 1620 et
320 1591 510 1631 sponsae.
537 1579 594 1619 Et
614 1577 794 1630 reliqua.

239 1651 427 1693 llomilia
448 1652 589 1692 sancti
610 1651 815 1702 GregOrii
834 1651 981 1703 Papae.

405 1721 515 1755 Hom.
538 1722 587 1756 12.
604 1722 643 1755 in
660 1722 806 1764 Evang.

211 1799 242 1836 <³
256 1795 389 1836 aepe
408 1795 500 1831 vos,
520 1782 679 1823 fratres
699 1781 926 1831 carissimi,
946 1781 1020 1823 ad-

194 1837 285 1892 'fgg'u‘
307 1841 467 1879 meneo
505 1851 643 1891 prava
681 1840 819 1890 epera
856 1838 1020 1889 fugere,

218 1900 221 1901 ’
308 1894 460 1936 mundi
512 1894 638 1946 hujus
689 1894 1021 1946 inquinamenta

189 1950 404 1992 devitare:
432 1950 512 1992 sed
540 1950 753 1991 hodierna
776 1950 917 1991 sancti
938 1950 1020 1990 Ev-

189 2007 348 2058 angelii
374 2007 565 2048 lectiOne
591 2006 837 2059 compellor
862 2006 1021 2056 dicere,

190 2069 238 2105 ut
257 2068 302 2105 et
320 2063 438 2105 bona
457 2076 556 2116 quae
574 2063 720 2114 agitis,
745 2076 846 2104 cum
864 2075 1022 2113 magna

190 2120 362 2161 cautela
380 2119 584 2161 teneatis:
608 2132 663 2161 ne
687 2132 767 2172 per
790 2118 877 2160 hoe
901 2118 1021 2171 quod

190 2189 215 2217 a
236 2176 363 2218 vobis
387 2181 557 2218 rectum
583 2177 768 2227 geritur,
796 2176 921 2217 favor
946 2180 1021 2216 aut

190 2233 330 2283 gratia
355 2232 545 2274 humana
573 2232 839 2285 requiratur:
864 2244 920 2273 ne
949 2244 1021 2284 ap-

190 2288 529 2342 petitus01audis
561 2288 792 2341 subrepat,
827 2293 871 2330 et
902 2288 1022 2340 quod

192 2345 299 2385 foris
328 2345 591 2395 ostenditur,
619 2346 737 2387 intus
765 2358 790 2386 a
817 2344 1022 2386 mercede

193 2403 413 2442 vacuetur.
440 2402 557 2443 Ecce
577 2402 693 2443 enim
707 2401 1022 2453 Redemptoris

193 2469 304 2497 voce
322 2457 475 2499 decem
494 2458 703 2509 virgines,
723 2463 768 2499 et
787 2470 941 2499 omnes
961 2456 1022 2498 di-

196 2515 353 2553 cuntur
391 2514 598 2565 virgines,
645 2519 689 2556 et
724 2519 873 2555 tamen
909 2514 1023 2556 intra

194 2567 480 2611 beatitudinis
526 2571 698 2622 januam
743 2583 831 2611 non
869 2583 1023 2613 omnes

196 2632 297 2665 sunt
311 2628 518 2678 receptae:
535 2628 636 2679 quia
648 2629 797 2669 eerum
809 2626 1024 2679 quaedam,

196 2680 301 2722 dum
321 2680 376 2723 de
391 2682 642 2735 virginitate
661 2696 741 2725 sua
758 2683 945 2736 gleriam
963 2684 1024 2726 fo-

1066 260 1127 300 ris
1154 261 1385 312 expetunt,
1417 259 1461 300 in
1490 259 1606 300 vasis
1634 258 1724 300 suis
1752 258 1898 300 eleum

1067 315 1231 357 habere
1250 315 1495 357 noluerunt.

1126 376 1176 428 R».
1190 372 1302 413 Haec
1321 377 1389 414 est
1401 372 1540 423 Virgo
1561 372 1748 424 sapiens,
1768 384 1900 424 quam

1068 428 1283 470 Deminus
1309 428 1562 479 vigilantem
1589 429 1771 479 invenit,
1801 441 1900 481 quae

1069 485 1264 537 acceptis
1292 484 1588 537 lampadibus,
1621 485 1810 538 sumpsit
1837 497 1902 527 se-

1070 554 1170 582 cum
1190 541 1351 582 eleum:
1369 543 1393 568 *
1404 541 1462 582 Et
1480 541 1683 583 veniente
1698 541 1901 591 Demino,

1069 598 1268 639 introivit
1283 610 1384 638 cum
1400 610 1453 638 eo
1469 596 1527 638 ad
1541 597 1728 649 nuptias.
1754 594 1900 646 V.Me-

1070 653 1142 695 dia
1165 658 1298 695 nocte
1323 653 1489 694 clamor
1510 653 1652 694 factus
1675 658 1756 695 est:
1784 654 1903 695 Ecce

1070 722 1259 763 sponsus
1277 710 1407 759 venit,
1426 712 1543 751 exite
1563 709 1740 751 Obviam
1758 710 1809 751 ei.
1845 710 1903 752 Et

1070 766 1285 807 veniente.

1128 825 1291 866 Bened.
1330 823 1478 873 Cujus,
1517 823 1585 864 vel
1619 825 1814 874 Quarum
1845 821 1904 863 fe·

1071 883 1188 920 stum
1210 879 1408 920 celimus.

1362 940 1514 980 Lectio
1538 940 1622 980 viii.

1143 991 1198 1033 ed
1221 992 1345 1044 prius
1371 991 1659 1044 quaerendum
1679 990 1809 1032 nobis
1828 995 1906 1041 est,

1159 1048 1267 1100 quid
1291 1049 1347 1090 sit
1371 1061 1554 1099 regnum
1573 1047 1803 1096 coelorum,
1831 1051 1907 1088 aut

1072 1118 1149 1146 cur
1172 1104 1327 1146 decem
1346 1104 1592 1156 virginibus
1614 1105 1906 1156 comparetur,

1073 1174 1172 1213 quae
1203 1161 1335 1202 etiam
1362 1161 1554 1212 virgines
1587 1159 1831 1213 prudentes
1862 1164 1906 1201 et

1071 1217 1204 1258 fatuae
1233 1217 1447 1259 dicantur.
1487 1218 1606 1258 Dum
1634 1217 1750 1258 enim
1774 1216 1906 1258 coelo—

1072 1287 1169 1315 rum
1193 1286 1378 1324 regnum
1399 1278 1595 1323 constat,
1625 1273 1728 1325 quia
1757 1284 1906 1325 repro-

1071 1330 1229 1371 berum
1249 1330 1392 1372 nullus
1411 1329 1673 1382 ingreditur,
1696 1329 1830 1370 etiam
1848 1328 1907 1370 fa-

1072 1387 1160 1428 tuis
1175 1386 1417 1437 virginibus
1442 1399 1520 1428 cur
1539 1385 1682 1427 simile
1697 1398 1794 1427 esse
1810 1397 1907 1438 per-

1071 1442 1269 1484 hibetur?
1306 1442 1395 1485 Sed
1422 1442 1650 1484 sciendum
1674 1441 1805 1484 nobis
1829 1446 1908 1492 est,

1074 1499 1194 1551 quod
1210 1512 1330 1552 saepe
1341 1499 1385 1540 in
1396 1511 1523 1540 sacro
1535 1499 1713 1551 eloquio
1724 1511 1909 1550 regnum

1073 1556 1288 1597 coelerum
1322 1556 1557 1608 praesentis
1584 1555 1801 1607 temporis
1827 1555 1908 1596 Ec-

1073 1612 1207 1654 clesia
1227 1611 1399 1654 dicitur.
1431 1613 1500 1654 De
1523 1624 1612 1664 quo
1632 1611 1720 1652 alio
1740 1611 1786 1652 in
1805 1610 1907 1652 loco

1072 1669 1290 1710 Deminus
1311 1668 1433 1710 dicit:
1451 1669 1600 1710 Mittet
1614 1667 1754 1708 Filius
1771 1666 1909 1708 hemi-

1072 1725 1141 1766 nis
1165 1724 1362 1776 Angelos
1392 1737 1514 1774 suos,
1547 1729 1591 1766 et
1617 1723 1826 1775 colligent
1853 1723 1909 1765 de

1073 1793 1208 1832 regno
1229 1782 1321 1833 ejus
1342 1781 1489 1822 omnia
1504 1779 1724 1822 scandala.
1742 1779 1909 1832 ,Neque

1074 1838 1190 1879 enim
1209 1838 1254 1879 in
1278 1837 1354 1879 illo
1375 1850 1511 1889 regno
1530 1836 1837 1886 beatitudinis,
1862 1836 1908 1877 in

1074 1906 1162 1946 quo
1181 1907 1269 1947 pax
1289 1907 1459 1936 summa
1479 1899 1558 1944 est,
1578 1893 1766 1934 inveniri
1786 1894 1908 1934 scan-

1074 1950 1175 1992 dala
1194 1953 1415 2003 peterunt,
1436 1963 1536 2003 quae
1554 1949 1830 2001 colligantur.

1132 2008 1183 2060 R.
1213 2007 1362 2049 Media
1397 2012 1530 2048 nocte
1566 2006 1732 2048 clamor
1765 2005 1908 2047 factus

1075 2068 1157 2104 est:
1194 2066 1217 2089 *
1244 2064 1362 2106 Ecce
1395 2076 1585 2116 sponsus
1618 2063 1757 2111 venit,
1792 2063 1909 2104 exite

1075 2119 1253 2161 Obviam
1272 2120 1322 2162 ei.
1355 2116 1407 2168 V.
1421 2119 1669 2161 Prudentes
1688 2118 1907 2170 Virgines,

1074 2178 1226 2228 aptate
1270 2182 1442 2218 vestras
1485 2175 1724 2228 lampades.
1779 2174 1907 2216 Ecce.

1082 2232 1232 2275 Gloria
1248 2233 1381 2274 Patri.
1417 2233 1544 2274 Ecce.

1136 2291 1296 2332 Bened.
1327 2289 1392 2330 Ad
1411 2289 1680 2330 societatem.

1384 2345 1539 2386 Lectio
1559 2344 1613 2384 ix.

1122 2417 1151 2444 n
1171 2402 1365 2455 quinque
1386 2406 1534 2443 autem
1553 2400 1754 2453 cerporis
1774 2399 1908 2440 sensi-

1136 2459 1220 2501 bus
1245 2460 1548 2510 unusquisque
1574 2455 1786 2498 subsistit.
1823 2455 1907 2497 Ge-

1075 2516 1266 2557 minatus
1281 2519 1431 2556 autem
1443 2513 1668 2566 quinarius
1679 2512 1908 2554 denarium

1075 2572 1259 2625 perficit.
1295 2571 1352 2612 Et
1377 2571 1479 2623 quia
1506 2582 1561 2611 ex
1584 2571 1774 2620 utroque
1798 2581 1907 2610 sexu

1076 2628 1273 2670 fidelium
1290 2626 1530 2668 multitudo
1551 2625 1787 2677 colligitur,
1811 2637 1906 2666 san-

1077 2690 1149 2727 cta
1171 2683 1372 2727 Ecclesia
1401 2682 1556 2725 decem
1581 2681 1825 2735 virginibus
1853 2683 1906 2722 si-
