2066 2956
519 234 590 268 Die
614 234 665 267 26.
691 234 849 276 Aprilis.
896 234 936 267 B.
962 233 1009 267 M.
1035 233 1078 267 V.
1104 233 1150 267 dc
1175 234 1285 267 Bono
1311 233 1496 267 Consilio.

427 327 495 364 Ad
518 327 722 364 Tertiam.

209 388 308 428 Ant.
337 385 422 436 Qui
440 396 511 425 me
533 383 770 425 confessus.

209 451 468 504 Capitulum.
499 450 615 490 Ecce
633 460 732 488 non.
753 447 871 500 [350]

209 510 260 560 R.
280 508 342 548 br.
369 504 549 546 Amavit
569 517 669 546 eum
687 504 917 553 Duminus,
943 508 986 545 et

156 561 330 603 ornavit
362 574 478 610 eum,
515 564 536 587 *
568 559 772 612 Alleluja,
804 559 987 611 alleluja.

155 617 343 659 Amavit.
387 614 436 663 ,Υ
469 616 639 659 Stolam
665 616 820 667 gloriae
846 615 987 657 induit

156 686 266 715 eum.
294 674 497 726 Alleluja,
522 673 706 725 alleluja.
734 672 888 714 Gloria
905 673 985 713 Pa-

154 730 221 771 tri.
249 730 438 771 Amavit.

210 781 258 832 V.
280 786 429 827 Induit
449 798 549 827 eum
567 785 786 826 Dominus
805 784 988 825 loricam

155 841 271 891 fidei,
287 847 330 884 et
346 842 517 884 ornavit
533 854 643 891 eum,
661 841 845 892 alleluja.
867 844 913 893 R'·
931 841 988 881 Et

157 897 214 940 ad
236 903 391 951 portas
413 897 610 951 paradisi
628 897 858 939 coronavit
878 909 987 946 eum,

157 954 340 1007 alleluja.

436 1023 504 1059 Ad
527 1023 715 1059 sextam.

210 1084 244 1122 Α
252 1088 309 1123 nt.
337 1084 448 1122 Cum
466 1079 728 1122 conturbata
746 1079 888 1121 fuerit.

262 1147 522 1198 Capitulum.
743 1146 792 1183 Is.
813 1145 878 1181 58.

156 1194 321 1301 Tunc
346 1199 590 1250 invocabis,
617 1204 662 1242 et
678 1199 895 1241 Dominus
918 1212 988 1240 ex-

250 1256 413 1298 audiet:
429 1255 651 1306 clamabis,
667 1261 711 1298 et
727 1255 858 1296 dicet:
872 1255 990 1296 Ecce

158 1311 327 1354 adsum.

211 1368 261 1418 Rs·
290 1367 351 1407 br.
386 1368 534 1410 Induit
561 1380 661 1409 eum
686 1367 902 1408 Dominus
927 1367 988 1408 lo-

157 1427 295 1466 ricam
308 1424 424 1474 fidei,
444 1429 488 1466 et
508 1423 810 1481 ornaviteum,
827 1419 849 1442 *
874 1422 990 1464 Alle-

157 1480 254 1532 luia,
274 1480 457 1532 alleluja.
483 1478 643 1521 Induit.
671 1476 719 1522 Υ.
739 1479 796 1520 Et
815 1478 872 1519 ad
888 1491 988 1531 por-

158 1541 227 1578 tas
251 1536 446 1589 paradisi
473 1535 703 1578 coronavit
727 1547 837 1576 eum.
874 1534 989 1575 Alle-

158 1593 260 1653 luia,
279 1592 464 1645 alleluja.
496 1591 650 1634 Gloria
667 1591 799 1633 Patri.
831 1590 991 1632 Induit.

212 1646 261 1692 Y·
301 1649 388 1690 Hic
419 1648 608 1701 accipiet
638 1645 992 1689 benedictionem

160 1719 187 1747 a
205 1705 417 1755 Dumino,
446 1704 630 1755 alleluja.
667 1703 715 1753 R·-
745 1703 802 1744 Et
825 1703 990 1744 miseri-

161 1761 360 1804 cordiam
384 1774 410 1803 a
433 1761 531 1802 Deo
558 1759 741 1801 salutari
766 1771 864 1809 suo,
891 1759 991 1800 alle-

160 1818 259 1870 luja.

440 1884 508 1920 Ad
531 1885 716 1920 Nonam.

167 1939 171 1943 ’
214 1943 313 1982 Ant.
342 1941 423 1983 Ille
444 1940 519 1993 qui
537 1940 648 1982 talis.

267 2004 527 2056 Capitulum.
798 2001 852 2039 Is.
871 2000 936 2039 38.

241 2075 270 2103 u
284 2066 431 2103 autem
440 2059 630 2101 Domine
647 2059 796 2101 eruisti
806 2057 995 2099 animam

254 2130 415 2166 meam,
434 2121 483 2158 ut
501 2128 590 2157 non
607 2117 787 2168 periret:
812 2114 994 2166 projeci-

166 2175 224 2216 sti
247 2178 352 2227 post
379 2177 552 2224 tergum
577 2176 702 2213 tuum
726 2169 873 2211 omnia
894 2181 993 2221 pec—

166 2233 265 2273 cata
283 2242 392 2271 mea.

216 2286 266 2337 R.
290 2285 352 2326 br.
392 2284 476 2326 Hic
508 2283 695 2336 accipiet
726 2280 995 2323 benedictio-

166 2355 267 2384 nem
285 2355 311 2383 a
329 2340 534 2390 Domino,
550 2338 572 2362 *
594 2338 793 2389 Alleluia,
814 2336 996 2387 alleluja.

166 2399 263 2440 Hic.
300 2393 350 2445 V.
384 2397 442 2437 Et
468 2393 816 2437 misericordiam
844 2405 870 2433 a
897 2392 995 2433 Deo

167 2454 349 2496 salutari
363 2464 456 2493 suo.
474 2451 672 2502 Alleluia,
689 2449 869 2500 alleluja.
888 2447 992 2488 Glo-

168 2510 233 2551 ria
249 2509 382 2551 Patri.
410 2509 506 2550 Hic.

160 2568 165 2570 ’
218 2560 267 2611 ΥΤ.
295 2565 447 2607 Vitam
464 2563 591 2617 petiit
610 2575 636 2604 a
654 2567 713 2611 te,
739 2564 783 2602 et
806 2559 998 2602 tribuisti

171 2622 212 2663 ei
228 2621 432 2670 Domine,
457 2619 638 2670 alleluja.
663 2616 711 2666 Rg.
737 2615 935 2658 Gloriam
955 2619 999 2656 et

170 2689 375 2727 magnum
412 2676 620 2718 decorem
651 2670 899 2725 imposuisti
930 2683 998 2711 su-

170 2745 251 2785 per
270 2745 381 2782 eum,
402 2731 584 2783 alleluja.

1240 332 1301 372 In
1327 331 1389 372 11.
1414 330 1667 381 vesperis.

1091 397 1227 431 Omnia
1253 402 1292 430 nt
1318 397 1354 430 in
1382 397 1405 430 Ι.
1431 396 1625 438 Vesperis.
1655 394 1746 438 [346]

1092 452 1141 502 V.
1164 457 1342 497 Amavit
1361 469 1461 498 eum
1479 456 1710 506 Duminus,
1736 460 1780 496 et
1799 467 1865 495 or-

1039 513 1160 554 navit
1179 525 1294 562 eum,
1313 512 1496 564 alleluja.
1526 516 1574 565 R'·
1595 512 1761 553 Stolam
1779 510 1868 562 glo-

1039 569 1117 610 riae
1136 568 1278 610 induit
1297 581 1407 618 eum,
1427 568 1609 620 alleluja.

1094 646 1163 685 Ad
1185 646 1355 692 Magnif.
1387 646 1418 683 Λ
1428 648 1484 682 nt.
1518 642 1723 693 Impietas
1744 639 1869 691 impii

1039 711 1128 740 non
1146 698 1324 739 nocebit
1347 697 1402 738 ei:
1424 697 1469 738 in
1496 699 1770 749 quacumque
1797 695 1869 736 die

1040 756 1280 796 conversus
1304 753 1437 795 fuerit
1460 753 1515 794 ab
1534 753 1761 805 impietate
1781 764 1869 801 sua,

1040 810 1222 862 alleluja,
1246 810 1427 860 alleluja.

1272 923 1357 963 Die
1375 923 1443 963 26.
1461 921 1639 974 Aprilis.

1097 999 1148 1039 B.
1172 998 1235 1040 Μ.
1253 1001 1311 1041 V.
1335 998 1396 1039 de
1419 999 1556 1039 Bono
1582 995 1810 1038 Consilio.

1299 1070 1452 1113 Duplex
1477 1071 1609 1109 maius.

1256 1142 1319 1183 In
1343 1142 1379 1182 Ι.
1398 1139 1651 1191 vesperis.

1093 1208 1180 1241 Ant.
1214 1212 1249 1242 et
1278 1206 1401 1249 Capit.
1433 1210 1474 1240 ut
1504 1205 1553 1239 ad
1582 1204 1745 1238 Laudes.
1779 1204 1870 1247 [356]

1042 1254 1103 1289 I's.
1132 1259 1173 1289 ut
1201 1255 1237 1288 in
1263 1255 1389 1290 Festis
1419 1254 1460 1287 B.
1487 1253 1618 1286 Mariae
1643 1252 1685 1284 V.
1712 1261 1779 1293 pei·
1807 1260 1868 1282 an-
1903 1287 1906 1290 .

1042 1312 1142 1337 num.
1167 1302 1257 1346 [152]

1098 1363 1310 1413 Hymnus.
1340 1363 1432 1402 Ave
1451 1360 1594 1401 maris.
1613 1359 1719 1412 [154]

1096 1426 1145 1478 V.
1186 1431 1276 1472 Ora
1307 1442 1390 1483 pro
1422 1428 1550 1470 nobis
1583 1429 1723 1470 Mater
1757 1428 1871 1469 Boni

1045 1487 1243 1537 Consilii,
1270 1486 1452 1538 alleluja.
1488 1487 1538 1537 R'·
1564 1485 1624 1526 Ut
1643 1483 1762 1535 digni
1782 1484 1871 1526 effi-

1044 1545 1209 1586 ciamur
1228 1541 1593 1595 promissionibus
1613 1540 1789 1591 Christi,
1815 1540 1871 1581 al-

1043 1601 1183 1653 leluja.

1097 1674 1167 1715 Ad
1185 1674 1357 1722 Magnis.
1389 1674 1486 1712 Ant.
1517 1669 1695 1711 Candor
1720 1674 1786 1711 est
1807 1669 1869 1710 lu-

1045 1730 1107 1771 cis
1126 1730 1321 1778 aeternae,
1347 1732 1390 1769 et
1415 1726 1643 1779 speculum
1668 1725 1759 1766 sine
1781 1727 1870 1765 ma-

1045 1785 1142 1827 cula
1160 1785 1245 1825 Dei
1263 1783 1504 1836 majestatis
1526 1787 1569 1824 et
1588 1783 1733 1832 imago
1752 1781 1872 1822 boni-

1045 1842 1150 1883 tatis
1162 1841 1291 1881 illius:
1307 1845 1351 1881 et
1364 1837 1467 1881 ideo
1482 1838 1588 1879 nihil
1602 1838 1875 1890 inquinatum

1045 1898 1091 1938 in
1110 1910 1207 1939 eam
1224 1895 1414 1945 incurrit,
1433 1894 1614 1946 alleluia.

1379 1972 1541 2013 Oratio.

1046 2039 1228 2143 Deus,
1254 2047 1329 2100 qui
1348 2046 1617 2088 Genitricem
1639 2044 1787 2086 dilecti
1804 2043 1871 2083 Fi-

1150 2104 1197 2145 lii
1227 2104 1292 2145 tui
1325 2107 1510 2143 matrem
1543 2100 1671 2141 nobis
1703 2098 1874 2148 dedisti,

1047 2161 1228 2212 ejusque
1247 2159 1493 2212 speciosam
1515 2156 1747 2206 imaginem
1766 2155 1876 2195 mira

1047 2216 1325 2269 appariti6ne
1341 2213 1580 2256 clarificare
1595 2211 1796 2262 dignatus
1812 2223 1873 2252 es:

1048 2271 1257 2323 concede,
1297 2272 1564 2323 quaesumus3
1598 2272 1646 2308 ut
1678 2266 1874 2319 ejusdem

1047 2328 1226 2369 monitis
1253 2327 1408 2379 jugiter
1433 2324 1694 2365 inhaerentes
1719 2325 1870 2363 secun-

1049 2383 1153 2425 dum
1179 2396 1255 2425 cor
1279 2387 1402 2423 tuum
1425 2382 1573 2421 vivere
1599 2384 1642 2420 et
1665 2378 1723 2420 ad
1746 2378 1873 2419 coele·

1049 2444 1161 2481 stem
1196 2438 1384 2491 patriam
1425 2435 1610 2477 feliciter
1645 2435 1876 2487 pervenire

1048 2495 1282 2537 valeamus.
1308 2494 1393 2534 Per
1412 2490 1616 2533 eumdem
1629 2490 1876 2531 Dominum.

1100 2563 1164 2597 Ad
1182 2561 1329 2603 Compl.
1354 2562 1390 2593 ct
1410 2567 1479 2601 per
1496 2557 1623 2590 Horas
1646 2555 1723 2589 diei
1744 2555 1782 2587 in
1799 2554 1873 2587 fine

1048 2611 1187 2654 Hymn.
1213 2608 1367 2642 dicitur:

1105 2671 1128 2709 J
1130 2682 1218 2718 esu,
1236 2668 1317 2710 tibi
1336 2667 1393 2708 sit
1411 2666 1562 2717 glotia,

1154 2725 1239 2775 Qui
1257 2728 1385 2764 natus
1406 2735 1452 2763 es
1472 2722 1528 2763 de
1546 2720 1739 2771 Virgine.
