2066 2904
288 153 395 187 Dom.
412 152 475 186 III.
491 156 580 195 post
596 151 755 186 Pascha.
780 151 987 186 Patrocinii
1006 151 1040 186 S.
1056 151 1204 195 Joseph
1221 151 1339 190 Confi,
1357 151 1497 195 Sponsi
1514 152 1553 185 B.
1566 151 1611 185 M.
1624 151 1666 184 V.

182 250 291 291 Haec
319 254 386 291 est
412 248 634 300 generatio
665 248 949 300 quaerentium

132 319 249 356 eum,
284 306 308 332 *
350 305 634 357 quaerentium
676 304 830 345 faciem
866 305 949 346 Dei

131 362 278 404 Jacob.

182 418 382 460 Attellite
426 422 578 470 portas
618 417 839 470 principes
879 429 948 458 ve-

131 480 258 525 stras,
290 479 333 516 et
357 474 586 516 elevamini
608 478 748 527 portae
770 475 948 514 aeterna-

131 531 212 574 les:
229 532 253 558 *
273 535 316 573 et
333 529 527 572 introibit
545 531 643 572 Rex
661 530 822 581 gleriae.

183 588 289 638 Quis
316 592 382 629 est
401 588 483 629 iste
502 588 599 629 Rex
623 585 796 638 gloriae?
816 588 840 614 *
862 586 949 628 Do—

130 645 270 686 minus
298 644 422 686 fortis
453 648 496 686 et
528 648 702 696 potens:
738 643 950 685 Dominus

131 706 290 754 potens
307 701 351 742 in
367 700 532 754 praelio.

183 757 384 800 Attollite
424 762 575 810 portas
617 757 836 809 principes
881 769 949 798 ve-

132 819 263 865 straS,
304 819 348 856 et
383 813 611 856 elevamini
651 817 792 866 portae
828 818 950 855 aeter-

132 871 269 912 nales:
295 871 319 897 *
347 876 390 913 et
416 870 611 913 introibit
637 870 734 912 Rex
761 870 921 922 gleriae.

183 927 288 978 Quis
333 932 400 969 est
446 927 529 969 iste
568 927 666 969 Rex
704 926 881 978 gloriae?
926 927 949 952 *

131 984 345 1026 Deminus
377 984 587 1026 virtatum
622 984 717 1037 ipse
754 988 820 1025 est
855 984 951 1025 Rex

132 1040 294 1092 gleriae.

186 1106 283 1147 Ant.
305 1107 580 1156 Consargens
599 1105 624 1146 J
627 1104 765 1158 oseph
783 1105 952 1157 accepit

131 1165 314 1216 puerum
334 1167 376 1204 et
394 1167 577 1204 matrem
595 1163 696 1214 ejus
716 1166 759 1203 et
772 1162 890 1203 venit
909 1162 951 1202 in

130 1225 291 1262 terram
308 1218 459 1260 Israel:
485 1223 528 1260 et
550 1218 763 1260 habitavit
785 1218 828 1259 in
852 1218 950 1259 civi-

130 1278 220 1318 tate
232 1289 329 1329 quae
340 1277 521 1317 vocatur
530 1273 760 1325 Nazareth,
772 1274 951 1327 alleluJa.

186 1329 234 1381 Y'.
266 1332 474 1374 Invocavi
500 1331 751 1381 Domuum,
778 1332 952 1373 Patrem

132 1389 308 1431 Demini
338 1388 439 1438 mei,
471 1387 651 1440 allelaJa.
692 1389 741 1440 R.
774 1388 833 1430 Ut
862 1400 950 1429 non

133 1444 405 1544 {lfirtlelinquat
421 1457 491 1486 me
510 1444 553 1484 in
568 1443 638 1486 die
652 1443 952 1493 tribulatienis,

191 1515 215 1543 e
233 1502 313 1555 sija.

136 1581 285 1623 Lectio
311 1579 448 1622 sancti
465 1578 691 1630 Evangelii
715 1578 954 1620 secundum

455 1635 630 1677 Lucam.

238 1698 386 1739 Lectio
407 1697 473 1738 vii.
643 1696 743 1747 Cap.
759 1697 795 1735 3.
811 1696 849 1736 d.

180 1772 208 1799 n
234 1758 310 1800 illo
337 1759 550 1811 tempore:
580 1757 762 1799 Factum
789 1762 855 1799 est
882 1770 952 1799 au-

203 1819 310 1865 tem,
351 1828 450 1856 cum
484 1813 778 1867 baptizaretur
814 1814 953 1856 omnis

133 1871 332 1924 papulus,
351 1876 394 1913 et
407 1871 432 1912 J
434 1883 511 1912 esu
523 1869 758 1923 baptizato,
774 1875 817 1912 et
831 1872 954 1911 oran—

134 1932 189 1978 te,
208 1928 405 1980 apertum
424 1931 491 1968 est
508 1926 678 1968 coelum.
705 1927 762 1968 Et
778 1926 954 1978 reliqua.

139 1996 327 2039 Homilia
341 1997 480 2039 sancti
493 1997 722 2049 Augustini
735 1996 954 2049 Episcopi.

250 2061 330 2096 Lib.
352 2062 383 2095 2.
407 2062 454 2095 dc
478 2061 678 2096 Consensu
702 2062 846 2104 Evang.

143 2126 150 2168 ξ
158 2126 167 2143 ⁵
186 2130 249 2178 ²22..ss
278 2118 518 2160 anifestum
535 2123 602 2160 est
619 2117 727 2159 illud
747 2117 866 2170 quod
882 2117 955 2159 ait:

143 2173 181 2226 ³⁷⁴*
204 2173 249 2231 ῗιζ,
306 2175 365 2217 Ut
383 2174 618 2227 putabatur
640 2174 754 2216 filius
773 2174 798 2215 J
801 2173 955 2227 oseph:

167 2227 183 2252 ’“
278 2234 281 2239 ’
305 2236 487 2284 propter
525 2231 623 2272 illos
663 2230 840 2281 dixisse,
882 2231 955 2283 qui

134 2300 234 2329 eum
253 2301 307 2330 ex
323 2288 346 2329 J
350 2287 504 2340 oseph‚
532 2287 644 2329 sicut
668 2287 739 2328 alii
757 2286 955 2329 hemines

134 2347 378 2394 nascuntur,
388 2349 537 2386 natum
548 2343 820 2385 arbitrantur.
834 2343 954 2393 Quos

136 2404 280 2442 autem
297 2405 462 2450 movet,
491 2398 610 2452 quod
630 2399 739 2441 alios
757 2399 954 2452 progeni-

134 2457 254 2498 tores
271 2455 503 2499 Matthaeus
522 2458 759 2507 enumerat,
779 2455 954 2498 descen-

137 2509 244 2553 dens
278 2525 305 2554 a
334 2511 478 2554 David
513 2525 651 2564 usque
686 2511 743 2554 ad
774 2510 954 2564 Joseph,

138 2566 246 2609 alios
289 2574 434 2611 autem
469 2569 610 2610 Lucas
651 2567 890 2610 ascendens
930 2581 955 2609 a

138 2622 163 2663 J
165 2623 304 2677 oseph
320 2637 458 2678 usque
484 2624 541 2666 ad
558 2624 718 2675 David,
746 2624 870 2666 facile
890 2629 955 2666 est

138 2684 185 2721 ut
212 2679 454 2732 advertant,
483 2680 593 2723 duos
620 2686 768 2734 patres
794 2680 954 2722 habere

292 2821 355 2846 Pars
371 2823 464 2849 Verna.

1759 146 1825 184 '473

1000 249 1197 302 potuisse
1223 247 1403 300 Joseph:
1432 260 1564 288 unum
1592 259 1616 287 a
1642 259 1728 298 quo
1753 248 1823 297 ge-

1000 305 1125 354 nitus,
1145 304 1330 345 alterum
1349 317 1374 345 a
1394 316 1480 356 quo
1500 303 1629 362 faerit
1643 302 1822 356 adopta-

1000 367 1081 404 tus.
1115 362 1308 413 Antiqua
1331 366 1396 403 est
1420 360 1534 402 enim
1553 359 1823 402 consuetudo

1001 416 1242 470 adoptandi
1259 416 1389 459 etiam
1402 417 1444 458 in
1458 417 1534 459 illo
1548 416 1716 470 populo
1732 416 1824 467 Dei,

1001 480 1048 517 ut
1067 474 1149 516 sibi
1164 474 1278 516 filios
1293 474 1494 524 facerent,
1515 486 1626 526 quos
1640 485 1727 514 non
1742 473 1825 526 ipsi

1002 533 1260 583 genuissent.
1301 530 1428 573 Unde
1460 530 1713 582 intelligitur
1744 530 1825 571 Lu-

1002 601 1076 630 cas
1094 593 1264 642 patrem
1284 588 1309 629 J
1311 588 1466 641 oseph,
1494 600 1580 629 non
1606 601 1630 629 a
1650 600 1737 639 quo
1756 588 1825 638 ge-

1002 646 1133 695 nitus,
1162 644 1241 687 sed
1266 658 1292 686 a
1313 657 1399 697 quo
1419 644 1560 686 faerat
1579 643 1826 696 adoptatus,

1002 704 1247 755 suscepisse
1267 702 1310 743 in
1328 701 1568 753 Evangelio
1589 713 1687 751 suo,
1707 701 1827 752 cujus

1002 759 1304 812 progeniteres
1333 771 1505 800 sursum
1531 770 1683 800 versus
1712 769 1826 799 com-

1002 817 1224 866 memorat,
1244 814 1383 858 donec
1402 818 1541 857 exiret
1559 813 1616 856 ad
1635 813 1788 855 David.

1059 876 1106 925 R1.
1141 873 1165 913 J
1167 872 1305 925 oseph
1324 873 1385 913 fih·
1399 871 1554 922 David,
1572 871 1662 913 noli
1675 871 1827 913 timere

1003 931 1203 982 accipere
1231 930 1413 971 Mariam
1441 930 1666 981 cenjugem
1693 932 1828 978 tuam,

1005 985 1124 1038 quod
1144 986 1257 1027 enim
1275 986 1319 1027 in
1338 999 1389 1028 ea
1403 992 1552 1028 natum
1567 990 1645 1035 est,
1666 983 1720 1026 de
1735 984 1827 1037 Spi-

1003 1042 1089 1083 ritu
1104 1047 1255 1084 sancto
1271 1048 1351 1085 est:
1365 1043 1507 1096 pariet
1521 1047 1667 1084 autem
1681 1041 1827 1091 filium,

1006 1103 1027 1126 *
1041 1099 1098 1140 Et
1116 1099 1295 1141 vocabis
1314 1112 1472 1141 nomen
1487 1100 1577 1151 ejus
1592 1099 1616 1139 J
1619 1111 1751 1147 esum,
1770 1097 1827 1138 al-

1003 1154 1141 1207 lelaja.
1179 1155 1227 1203 Υ.
1252 1157 1354 1209 Ipse
1378 1156 1491 1198 enim
1511 1156 1677 1197 salvum
1695 1154 1827 1196 faciet

1003 1211 1215 1264 populum
1243 1226 1368 1254 suum
1396 1225 1421 1254 a
1447 1212 1641 1265 peccatis
1668 1213 1828 1253 eorum.
1876 1236 1877 1240 =

1003 1269 1059 1310 Et
1078 1268 1267 1311 vocabis.
1359 1304 1361 1308 .

1287 1323 1438 1364 Lectio
1459 1322 1543 1361 viii.

1082 1393 1171 1423 um·
1186 1382 1298 1423 enim
1329 1384 1508 1424 necesse
1540 1382 1610 1432 sit,
1643 1383 1829 1434 utroque

1094 1439 1374 1490 Evangelista
1400 1452 1504 1480 vera
1531 1440 1751 1488 narrante,
1786 1443 1829 1480 et

1005 1495 1214 1537 Matthaeo
1235 1495 1400 1537 scilicet
1424 1501 1467 1538 et
1485 1496 1618 1546 Luca,
1648 1499 1695 1536 ut
1718 1508 1828 1536 unus
1875 1513 1878 1515 “

1006 1554 1157 1594 eorum
1185 1553 1276 1604 ejus
1300 1552 1436 1606 patris
1474 1552 1685 1605 originem
1711 1554 1828 1593 tene-

1005 1613 1087 1659 ret,
1120 1609 1194 1661 qui
1224 1612 1447 1660 genfierat3
1486 1609 1595 1651 alter
1632 1609 1722 1661 ejus
1756 1609 1830 1660 qui

1006 1664 1294 1718 adoptaverat
1317 1666 1342 1707 J
1345 1666 1497 1718 oseph:
1522 1678 1651 1718 quem
1674 1665 1829 1718 proba·
1875 1665 1877 1667 ’

1005 1721 1133 1763 bilius
1160 1721 1438 1773 intelligimus
1467 1721 1719 1775 adoptantis
1748 1724 1829 1763 ori-

1005 1778 1149 1829 ginem
1167 1781 1359 1821 tenuisse
1379 1792 1510 1831 quam
1531 1792 1639 1830 eum,
1664 1778 1737 1832 qui
1755 1780 1829 1820 no-

1005 1834 1086 1876 luit
1103 1835 1128 1876 J
1130 1835 1269 1888 oseph
1292 1836 1486 1887 genitum
1510 1834 1655 1878 dicere
1681 1835 1735 1877 ab
1754 1834 1829 1877 illo

1007 1892 1126 1944 cujus
1164 1904 1262 1933 eum
1298 1892 1434 1934 filium
1472 1905 1567 1934 esse
1599 1890 1829 1934 narrabat?

1006 1947 1239 1990 Matthaeus
1259 1954 1405 1991 autem
1424 1947 1588 1991 dicens:
1607 1948 1830 1991 Abraham
1875 1952 1876 1955 ’

1006 2005 1155 2055 genuit
1175 2005 1318 2056 Isaac,
1356 2006 1482 2048 Isaac
1511 2005 1658 2056 genuit
1682 2004 1830 2054 Jacob,

1007 2066 1139 2113 atque
1162 2061 1224 2104 ita
1246 2062 1290 2103 in
1314 2061 1400 2104 hoc
1422 2061 1575 2112 verbo,
1608 2059 1727 2113 quod
1754 2065 1830 2110 est,

1006 2118 1168 2168 genuit,
1187 2121 1487 2171 perseverans,
1513 2117 1652 2160 donec
1670 2118 1715 2158 in
1733 2117 1828 2159 nlti-

1006 2186 1078 2215 mo
1111 2174 1295 2226 diceret,
1335 2175 1472 2218 Jacob
1505 2180 1660 2217 autem
1681 2174 1830 2225 genuit

1006 2231 1029 2271 J
1033 2231 1181 2284 oseph,
1206 2232 1310 2274 satis
1330 2231 1546 2285 expressit
1564 2230 1621 2272 ad
1641 2243 1739 2272 eum
1757 2243 1829 2283 pa-

1006 2291 1118 2329 trem
1136 2300 1183 2329 se
1200 2288 1461 2341 perduxisse
1480 2287 1690 2338 originem
1703 2299 1829 2338 gene-

1007 2344 1204 2395 rantium,
1223 2358 1249 2386 a
1265 2357 1352 2398 quo
1367 2345 1392 2386 J
1394 2344 1531 2397 oseph
1546 2356 1634 2385 non
1648 2343 1828 2396 adopta-

1006 2405 1087 2450 tuS,
1106 2400 1185 2443 sed
1203 2402 1374 2452 genitus
1394 2406 1497 2442 erat.
1520 2397 1545 2446 3
1557 2401 1830 2453 Quamquam

1008 2456 1044 2497 si
1061 2457 1190 2499 etiam
1207 2458 1349 2500 Lucas
1367 2457 1560 2508 genitum
1579 2456 1744 2498 diceret
1758 2456 1782 2498 J
1785 2469 1827 2498 o-

1007 2512 1116 2565 seph
1135 2513 1190 2555 ab
1209 2513 1325 2563 Heli,
1349 2525 1430 2555 nec
1455 2512 1517 2554 sic
1534 2525 1615 2554 nos
1634 2512 1719 2555 hoc
1738 2525 1829 2555 ver-

1006 2568 1110 2610 bum
1133 2569 1391 2622 perturbare
1415 2568 1612 2620 deberet,
1640 2574 1687 2611 ut
1711 2569 1830 2611 aliud

1007 2624 1292 2676 crederemus,
1313 2638 1442 2677 quam
1460 2625 1515 2667 ab
1533 2638 1620 2667 uno
1634 2626 1828 2677 Evange-

1006 2680 1105 2723 lista
1119 2682 1378 2733 gignentem,
1395 2681 1450 2723 ab
1466 2682 1603 2724 altero
1618 2681 1828 2735 adoptan-

1560 2815 1601 2847 31
