2028 2892
636 183 706 216 Die
730 183 781 216 ιι.
807 184 965 225 Aprilis.
1005 163 1039 217 S
1065 184 1206 217 Justim·
1235 184 1339 218 Mart.

134 282 261 324 vobis
281 282 324 323 in
343 279 551 330 tenebris,
571 279 702 321 dicite
722 278 765 319 in
785 279 962 331 lumine3

136 344 180 381 et
200 338 319 392 quod
337 338 381 379 in
400 350 503 379 aure
524 336 695 386 auditis,
722 335 962 388 praedicate

135 408 268 448 super
284 399 412 438 tecta.
439 395 714 445 Quamquam
733 405 820 434 non
840 397 963 434 erant

134 452 328 494 tenebrae
354 463 453 493 cum
478 449 575 492 haec
602 449 785 499 diceret,
819 461 962 501 neque

136 507 193 551 ad
210 521 359 550 aurem
377 507 656 559 loquebatur:
675 506 756 548 sed
774 505 870 546 haec
888 505 962 557 hy-

134 564 356 618 perbolice
390 564 506 606 dicta
538 568 649 605 sunt.
704 562 815 612 Quia
848 562 963 604 enim

136 621 256 663 solos
293 620 616 673 alloquebatur,
662 624 706 661 et
743 620 787 660 in
823 632 962 672 parvo

136 678 368 720 Palestinae
388 677 559 728 angulo,
578 676 678 718 ideo
699 676 819 718 dicit:
839 676 883 716 in
904 677 963 717 te-

136 734 281 776 nebris
313 739 356 776 et
386 735 429 775 in
458 746 577 783 aure,
608 733 724 774 hunc
755 732 963 784 loquendi

135 791 315 833 modum
342 793 601 843 comparans
628 803 727 831 cum
753 789 963 842 loquendi

136 847 312 898 fiducia,
336 860 422 900 qua
440 846 540 888 illos
558 848 715 900 postea
732 846 962 888 instructu-

136 917 210 945 rus
229 908 333 945 erat.
360 904 428 945 Ne
447 904 490 944 in
505 916 606 953 una,
622 902 792 944 duabus
807 902 962 944 tribus-

138 973 222 1013 que
241 960 506 1010 civitatibus,
533 959 612 1002 sed
634 972 714 1012 per
732 964 876 1001 totum
895 972 961 1001 or-

135 1017 236 1059 bem
263 1017 522 1070 praedicate,
558 1022 722 1059 terram
755 1018 963 1068 mareque

135 1076 436 1126 peragrantes,
461 1073 720 1123 habitatam,
738 1086 827 1114 non
844 1073 963 1114 habi-

135 1132 289 1180 tatam,
308 1143 359 1172 ac
377 1130 587 1183 tyrannis,
610 1130 802 1183 populis,
826 1129 963 1182 philo-

136 1186 303 1240 sophis,
331 1186 580 1229 rhetoribus
608 1199 707 1228 cum
734 1199 892 1237 magna
917 1186 963 1226 fi-

137 1242 264 1285 ducia
289 1243 434 1286 omnia
453 1242 594 1286 dicite
627 1241 735 1284 Ideo
761 1242 871 1284 dixit
895 1257 962 1284 su-

136 1313 216 1353 per
253 1305 370 1342 tecta
406 1305 450 1342 et
483 1300 527 1341 in
554 1299 717 1341 lumine
748 1299 840 1341 sine
873 1299 962 1341 ullo

137 1356 419 1408 subterfugio,
439 1362 483 1399 et
503 1369 602 1398 cum
617 1356 734 1398 omni
748 1356 963 1397 libertate.

189 1419 239 1469 R.
265 1414 350 1454 Hic
375 1418 442 1455 est
460 1425 563 1454 vere
582 1413 763 1464 Martyr,
790 1412 861 1464 qui
881 1425 962 1464 pro

138 1461 300 1511 Christi
337 1470 512 1511 nomine
546 1469 800 1520 sanguinem
837 1481 962 1509 suum

136 1524 261 1567 fudit:
278 1532 299 1553 *
323 1526 407 1575 Qui
429 1525 568 1566 minas
591 1524 782 1578 judicum
805 1537 893 1566 non
914 1527 962 1566 ti-

136 1583 261 1632 muit,
292 1595 374 1624 nec
404 1584 590 1624 terrenae
623 1581 845 1634 dignitatis
873 1582 961 1633 glo-

136 1639 244 1680 riam
264 1640 481 1692 quaesivit,
509 1638 589 1681 sed
608 1638 664 1680 ad
684 1638 880 1681 coelestia
899 1652 962 1680 re-

135 1708 220 1745 gna
246 1696 456 1748 pervenit.
499 1693 547 1745 V.
574 1696 747 1737 Justum
779 1694 963 1737 deduxit

134 1751 349 1794 Dominus
368 1765 447 1805 per
467 1753 561 1795 vias
581 1757 735 1802 rectas,
755 1757 800 1794 et
819 1754 962 1794 osten-

135 1807 199 1850 dit
229 1808 291 1849 illi
322 1821 505 1860 regnum
535 1809 629 1852 Dei.
674 1809 768 1860 Qui.
812 1808 963 1852 Gloria

134 1865 264 1908 Patri.
288 1866 386 1917 Qui.

321 1929 539 1980 Tempore
569 1929 774 1969 Paschali.

188 1985 238 2035 R.
280 1981 464 2026 Candidi
494 1984 598 2026 facti
630 1989 731 2026 sunt
762 1984 962 2026 Nazaraei

136 2039 243 2090 ejuS,
267 2038 452 2091 alleluja3
476 2040 756 2093 splendorem
773 2041 870 2083 Deo
890 2040 961 2083 de-

135 2094 308 2145 derunt,
354 2096 542 2148 alleluja:
578 2099 598 2121 ’⁶‘
638 2097 695 2140 Et
738 2098 850 2139 sicut
894 2098 962 2140 lac

135 2151 354 2203 coagulati
390 2159 506 2204 sunt,
550 2154 737 2206 alleluja,
781 2154 962 2207 alleluia.

138 2207 188 2257 V.
214 2208 500 2252 Candidiores
519 2211 633 2261 nive,
659 2210 886 2252 nitidiores
903 2211 961 2252 la-

136 2271 220 2317 cte,
248 2266 581 2309 rubicundiores
609 2267 743 2309 ebore
769 2270 962 2320 antiquo,

135 2323 343 2376 sapphiro
371 2323 656 2376 pulchriores.
699 2325 766 2366 Et.
809 2324 962 2365 Gloria

135 2379 264 2422 Patri.
291 2380 360 2422 Et.

187 2439 230 2473 In
248 2440 549 2483 Ouadragcsima
572 2440 617 2474 dc
636 2440 804 2474 Homilia
825 2440 961 2473 Fcriae:

140 2492 245 2522 extra
262 2489 604 2531 Quadragcsimam
623 2489 669 2522 dc
694 2489 838 2522 sanctis
856 2488 961 2521 Mart.

138 2534 323 2573 Tiburtio.
342 2537 549 2571 Valeriano
567 2541 603 2570 et
622 2537 798 2570 Maximo.

438 2597 589 2637 Lectio
612 2598 664 2636 ix.

184 2656 468 2714 2(⁷„3;0‘a1erianus
483 2657 719 2706 Romanus,
737 2655 874 2697 nobili
891 2657 961 2707 ge-

151 2712 166 2740 '2
176 2719 179 2723 ’
188 2742 189 2745 ,
265 2725 369 2755 nere
383 2717 518 2764 ortus,
533 2712 787 2755 Alexandro
797 2712 960 2754 Severo

1015 279 1296 331 imperatore,
1331 278 1509 320 hortatu
1538 278 1680 320 beatae
1711 278 1843 319 Caeci-

1015 335 1087 376 liae
1106 335 1315 386 Virginis,
1345 348 1475 387 quam
1499 335 1582 376 sibi
1607 335 1703 388 pari
1722 335 1842 376 nobi-

1015 391 1138 433 litate
1179 394 1362 433 uxorem
1399 391 1711 444 desponderat,
1759 405 1844 433 una

1016 461 1116 489 cum
1141 448 1344 490 Tiburtio
1373 448 1506 489 fratre
1535 461 1560 489 a
1588 452 1739 490 sancto
1767 449 1843 490 Ur-

1015 505 1132 547 bano
1161 504 1285 557 Papa
1312 505 1574 557 baptizatur.
1620 505 1741 554 Quos
1769 505 1843 547 ubi

1016 561 1250 614 praefectus
1282 561 1412 603 Urbis
1441 561 1695 602 Almachius
1725 561 1843 602 Chri-

1017 619 1183 660 stianos
1202 631 1299 660 esse
1320 618 1542 669 cognovit,
1571 623 1614 659 et
1639 618 1844 671 patrimo-

1016 675 1089 716 nio
1125 674 1393 728 pauperibus
1431 674 1683 724 distributo,
1726 675 1843 715 Chri-

1017 732 1258 773 stianorum
1278 733 1466 784 corpora
1482 731 1683 784 sepelire;
1703 745 1844 773 accer-

998 790 1125 829 -sitos
1157 789 1350 838 graviter
1380 787 1675 840 reprehendit:
1713 793 1845 840 atque

1017 845 1092 886 ubi
1137 845 1358 886 Christum
1403 845 1547 886 Deum
1593 847 1845 886 constanter

1018 901 1295 951 confitentes,
1316 901 1425 943 deos
1443 906 1588 942 autem
1609 901 1844 942 daemonio-

1017 971 1114 998 rum
1132 958 1275 999 inania
1301 958 1532 999 simulacra
1551 958 1844 1010 praedicantes

1017 1014 1153 1063 videt,
1181 1015 1316 1065 virgis
1340 1013 1452 1056 caedi
1475 1014 1603 1065 jubet.
1639 1014 1726 1055 Sed
1746 1027 1844 1055 cum

1016 1070 1271 1112 verberibus
1304 1071 1402 1122 cogi
1437 1083 1525 1112 non
1556 1076 1756 1123 possent,
1798 1076 1846 1112 ut

1015 1127 1137 1169 Jovis
1189 1127 1468 1169 simulacrum
1518 1130 1845 1177 venerarentur,

1015 1184 1103 1225 imo
1124 1184 1259 1225 fortes
1282 1184 1326 1224 in
1346 1182 1449 1225 fidei
1467 1183 1652 1225 veritate
1676 1197 1845 1236 perma-

1015 1242 1184 1291 nerent,
1213 1239 1269 1281 ad
1295 1246 1497 1292 quartum
1522 1239 1576 1281 ab
1596 1240 1715 1282 Urbe
1740 1241 1844 1293 lapi-

1016 1296 1118 1338 dem
1137 1298 1278 1339 securi
1296 1297 1519 1339 feriuntur.
1548 1297 1743 1346 Quorum
1763 1298 1844 1338 vir-

1015 1357 1155 1395 tutem
1181 1354 1422 1395 admiratus
1447 1354 1663 1394 Maximus
1691 1354 1845 1406 praefe-

1016 1410 1074 1451 cti
1094 1410 1398 1459 cubicularius,
1419 1411 1493 1462 qui
1513 1422 1588 1451 eos
1608 1409 1664 1451 ad
1682 1410 1844 1463 suppli-

1016 1467 1130 1507 cium
1157 1466 1442 1519 perduxerat,
1476 1466 1769 1507 Christianum
1798 1480 1844 1508 se

1016 1535 1112 1564 esse
1126 1523 1351 1575 professus
1368 1528 1445 1573 est,
1467 1536 1565 1564 cum
1579 1523 1728 1564 multis
1742 1536 1846 1575 prae·

1015 1581 1135 1621 terea
1154 1579 1352 1632 praefecti
1371 1579 1594 1621 ministris:
1619 1580 1694 1631 qui
1711 1579 1843 1632 paulo

1014 1640 1118 1688 post
1136 1635 1375 1688 plumbatis
1396 1636 1585 1686 contusi,
1615 1648 1766 1677 omnes
1791 1649 1845 1677 ex

1016 1691 1180 1733 diaboli
1211 1692 1435 1742 ministris,
1474 1691 1634 1734 Christi
1666 1693 1844 1733 Domini

1015 1749 1229 1801 Martyres
1249 1751 1491 1791 evaserunt.

1071 1814 1132 1852 Te
1150 1811 1295 1852 Deum
1312 1810 1552 1852 laudamus.
1572 1811 1631 1852 15.

1071 1878 1143 1912 Ubi
1179 1879 1253 1912 alia
1291 1879 1351 1912 die
1386 1879 1654 1912 celebrandum
1694 1879 1758 1911 sit,
1797 1879 1843 1911 ix.

1020 1926 1149 1959 Lectio
1177 1927 1245 1959 crit
1272 1937 1452 1969 sequens:

1111 1981 1238 2023 einde
1255 1985 1493 2034 postquam
1511 1980 1686 2022 illorum
1705 1980 1843 2022 erexit

1109 2038 1294 2087 animos,
1321 2050 1493 2079 rursum
1516 2036 1711 2089 pericula
1733 2050 1842 2089 prae-

1015 2093 1136 2144 dicit,
1162 2094 1336 2136 illorum
1362 2099 1554 2135 mentem
1581 2093 1768 2144 erigens,
1797 2105 1840 2134 o-

1013 2151 1275 2203 mnibusque
1321 2150 1596 2192 sublimiores
1642 2148 1841 2190 reddens.

1015 2207 1131 2257 Quid
1156 2207 1271 2248 enim
1297 2205 1378 2249 ait?
1409 2206 1558 2248 Nolite
1583 2206 1736 2247 timere
1763 2218 1840 2247 eos

1015 2263 1089 2316 qui
1113 2262 1322 2305 occidunt
1349 2276 1527 2315 corpus,
1557 2262 1744 2303 animam
1770 2275 1840 2303 au-

1013 2324 1103 2361 tem
1120 2332 1209 2361 non
1231 2324 1417 2373 possunt
1437 2318 1650 2360 occidere.
1683 2318 1840 2368 Viden,

1014 2375 1238 2428 quomodo
1257 2376 1356 2417 illos
1377 2375 1577 2417 Omnibus
1593 2375 1841 2427 superiores

1013 2432 1187 2483 reddat,
1214 2445 1302 2474 non
1322 2444 1448 2474 curas
1466 2430 1617 2481 modo,
1645 2444 1732 2473 non
1751 2445 1838 2474 ma-

1012 2487 1192 2539 ledicta,
1242 2487 1454 2541 pericula,
1504 2486 1710 2538 invidias,
1761 2488 1841 2530 sed

1013 2545 1145 2586 etiam
1163 2550 1351 2587 mortem
1371 2543 1563 2585 omnium
1579 2543 1839 2586 terribilissi-

1012 2613 1128 2642 mam
1154 2603 1432 2643 contemnere
1458 2598 1646 2642 docens?
1682 2600 1839 2654 Neque

1012 2657 1268 2710 simpliciter
1286 2660 1483 2706 mortem,
1502 2655 1581 2698 sed
1601 2657 1732 2699 etiam
1751 2658 1838 2699 vio-

1011 2711 1196 2755 lentam?
1228 2712 1384 2765 Neque
1404 2711 1530 2763 dixit,
1555 2712 1838 2764 Occidemini,
