2066 2956
543 172 717 206 Officium
742 172 914 205 votivum
941 171 986 204 de
1011 170 1197 204 Passione
1223 170 1265 203 Ι),
1286 170 1329 203 N.
1352 170 1382 203 J.
1407 171 1444 205 C.

146 263 267 304 meis:
285 262 309 288 *
330 266 373 303 et
399 261 443 302 in
467 259 693 313 pulverem
717 262 871 303 mortis
896 262 966 304 de-

145 319 308 361 duxisti
326 330 406 360 me.

197 374 412 426 Quoniam
464 372 843 415 circumdederunt
897 386 966 416 me

145 444 274 474 canes
287 430 426 472 multi:
439 430 463 456 *
484 429 716 472 concilium
730 430 966 481 malignan-

144 489 254 530 tium
273 486 446 529 obsadit
464 499 544 528 me.

195 543 419 586 Foderunt
441 555 594 584 manus
619 554 740 585 meas
763 546 806 584 et
828 541 967 594 pedes

143 613 279 643 meos:
294 601 318 628 *
334 599 716 642 ᾶὶηιιιῑιετεινότηηῒ
735 598 880 640 omnia
899 610 966 639 os-

145 670 193 699 sa
210 670 318 699 mea.

195 714 288 766 Ipsi
306 725 412 755 vero
437 711 824 754 consideravarunt
843 716 887 753 et
906 711 966 752 in-

146 771 383 823 spexarunt
421 782 507 811 me:
544 769 567 795 *
604 767 844 810 divisarunt
885 767 968 810 sibi

144 827 403 868 vestimanta
429 838 542 876 mea,
570 830 614 867 et
641 837 772 877 super
799 829 967 866 vestem

143 896 286 925 meam
304 883 512 924 misarunt
532 885 705 923 sortem.

196 940 265 982 Tu
288 944 434 982 autem
451 938 638 980 Domine
662 950 716 980 ne
741 937 967 989 elongave-

144 997 203 1037 ris
229 996 438 1038 auxssium
461 1000 585 1037 tuum
611 1007 637 1036 a
660 1007 744 1036 me:
762 994 786 1020 *
812 994 869 1036 ad
897 993 967 1036 de·

146 1052 387 1095 sensionem
405 1064 548 1094 meam
567 1051 785 1104 eanspice.

195 1109 310 1150 Erue
352 1121 378 1150 a
419 1108 583 1150 framea
618 1108 739 1149 Deus
780 1107 968 1148 animam

144 1178 300 1208 meam:
320 1165 343 1191 *
364 1170 407 1207 et
430 1164 486 1207 de
504 1177 635 1206 manu
658 1164 777 1206 canis
797 1164 968 1205 anicam

145 1234 297 1264 meam.

196 1278 324 1321 Salva
354 1291 424 1320 me
457 1291 511 1320 ex
542 1290 618 1320 ore
649 1278 804 1320 le6nis:
824 1279 847 1304 *
868 1283 911 1320 et
944 1291 969 1319 a

146 1335 349 1377 cornibus
381 1335 650 1377 unicornium
682 1335 969 1376 humilitatem

145 1404 298 1434 meam.

197 1447 399 1490 Narrabo
428 1460 588 1489 nomen
615 1452 739 1489 tuum
765 1448 970 1490 fratribus

146 1505 274 1546 meis:
301 1505 324 1530 *
351 1504 395 1545 in
422 1503 568 1546 madio
597 1503 794 1546 ecclesiae
823 1504 969 1546 lauda·

147 1561 205 1603 bo
224 1566 278 1602 te.

200 1617 283 1667 Qui
314 1617 476 1658 timetis
507 1617 764 1667 Dominum,
795 1617 970 1659 laudate

149 1686 263 1716 eum:
299 1675 323 1701 *
358 1673 608 1715 universum
649 1686 798 1716 semen
833 1674 970 1716 Jacob

149 1730 391 1781 glorificate
409 1742 519 1771 eum.

200 1787 373 1828 Timeat
393 1799 491 1828 eum
510 1799 639 1829 omne
659 1800 807 1829 semen
821 1788 971 1829 Israffl:

149 1844 172 1869 *
193 1843 504 1896 quoniam'non
527 1844 709 1896 sprevit,
733 1857 875 1896 neque
900 1844 970 1886 de-

151 1899 294 1952 spexit
314 1899 668 1951 deprecationem
687 1901 908 1953 paaperis:

200 1956 294 1997 Nec
313 1956 470 1998 avertit
488 1956 645 1998 faciem
665 1969 787 1998 suam
806 1969 831 1998 a
850 1970 934 1999 me:
949 1957 972 1983 *

151 2017 195 2054 et
214 2025 314 2053 cum
333 2011 569 2054 clamarem
587 2012 644 2054 ad
663 2025 777 2063 eum,
798 2013 971 2055 exaudi-

151 2069 212 2111 vit
230 2081 310 2110 me.

202 2124 336 2177 Apud
368 2129 413 2166 te
449 2125 543 2167 laus
577 2138 675 2167 mea
712 2126 757 2167 in
789 2126 973 2168 eeclasia

151 2194 321 2233 magna:
335 2182 359 2209 *
373 2185 477 2223 vota
494 2194 592 2224 mea
611 2181 794 2224 reddam
812 2183 856 2224 in
874 2195 973 2225 eon-

152 2239 306 2290 spaetu
324 2237 567 2280 timantium
585 2251 695 2280 eum.

204 2294 347 2336 Edent
374 2297 612 2347 pauperes,
645 2300 689 2337 et
718 2295 974 2338 saturabun-

152 2355 237 2392 tur:
277 2355 321 2392 et
357 2350 598 2393 laudabunt
629 2352 868 2394 Dominum
900 2353 974 2404 qui

152 2409 378 2459 requirunt
401 2420 514 2448 eum:
533 2409 556 2435 *
574 2408 722 2450 vivent
746 2409 881 2451 corda
905 2410 973 2451 eo-

154 2475 250 2504 rum
269 2463 312 2504 in
332 2463 541 2505 saeculum
560 2465 718 2506 saeculi.

204 2519 554 2562 Reminiscentur
587 2526 630 2562 et
666 2523 975 2563 convertentur

154 2574 211 2616 ad
219 2575 455 2618 Dominum
465 2578 488 2603 *
503 2577 695 2619 universi
709 2577 818 2619 fines
832 2582 976 2619 terrae:

205 2631 263 2673 Et
283 2632 528 2675 adorabunt
551 2634 595 2675 in
620 2635 861 2686 eonspactu
885 2635 976 2686 ejus

155 2688 178 2713 *
196 2688 411 2730 universae
430 2689 604 2731 familiae
625 2690 842 2731 Gentium.

1749 159 1842 203 [259]

1073 260 1287 310 Quoniam
1306 260 1483 301 Domini
1508 264 1574 301 est
1599 270 1794 309 regnum:
1819 257 1842 283 *

1022 322 1065 359 et
1084 317 1179 369 ipse
1199 316 1490 358 dominabitur
1509 315 1724 357 Gantium.

1073 372 1448 414 Manducavarunt
1477 378 1519 414 et
1548 372 1842 413 adoraverunt

1023 442 1173 472 omnes
1192 429 1375 482 pingues
1394 433 1539 470 terrae:
1557 430 1580 456 *
1600 429 1643 469 in
1665 428 1844 479 conspa-

1022 491 1096 528 ctu
1116 487 1206 539 eius
1222 485 1380 527 cadent
1394 498 1556 534 omnes,
1577 485 1651 537 qui
1667 484 1843 526 descan-

1022 543 1130 585 dunt
1148 543 1192 583 in
1210 547 1382 584 terram.

1071 599 1128 641 Et
1152 599 1295 640 anima
1318 610 1416 640 mea
1439 598 1501 639 illi
1524 598 1654 640 vivet:
1672 600 1695 623 ¹⁸¹
1716 602 1758 638 et
1783 609 1844 638 se-

975 684 981 690 *
1021 668 1121 698 men
1139 668 1284 697 meum
1304 655 1465 696 serviet
1481 654 1575 707 ipsi.

1074 711 1414 753 Annuntiabitur
1446 711 1636 753 D6mino
1668 712 1844 761 genera-

1021 769 1083 810 tio
1098 771 1295 810 ventara:
1310 769 1333 794 *
1350 773 1392 809 et
1411 767 1726 809 annuntiabunt
1745 765 1845 807 coeli

1022 826 1227 876 justitiam
1246 826 1336 877 ejus
1354 824 1520 878 populo
1543 825 1615 876 qui
1634 824 1846 870 nascatur,

1023 894 1153 934 quem
1172 882 1274 923 fecit
1293 881 1520 923 Dominus.

1076 951 1173 990 Ant.
1204 946 1453 989 Divisarunt
1480 945 1561 987 sibi
1589 946 1847 987 vestimenta

1020 1015 1128 1053 mea,
1154 1009 1197 1045 et
1221 1015 1352 1056 super
1376 1008 1540 1044 vestem
1561 1015 1703 1044 meam
1722 1002 1845 1043 misa-

1022 1065 1121 1102 runt
1140 1065 1315 1101 sortem.

1075 1125 1125 1174 V.
1147 1124 1333 1166 Oblatus
1355 1130 1430 1174 est⁷
1456 1124 1557 1176 quia
1580 1125 1674 1176 ipse
1697 1123 1846 1164 voluit.

1024 1185 1073 1236 Rs„
1099 1181 1155 1222 Et
1174 1180 1311 1222 livore
1332 1182 1422 1232 ejus
1442 1181 1581 1222 sanati
1601 1193 1760 1221 sumus.

1078 1259 1278 1293 Lectiones
1304 1260 1349 1293 de
1374 1261 1568 1302 Scriptura
1595 1263 1825 1293 oecurrente.

1076 1324 1125 1375 Eg.
1155 1323 1177 1363 i.
1208 1319 1349 1360 Vinea
1378 1332 1475 1361 mea
1504 1315 1660 1369 el'acta,
1693 1332 1775 1371 ego
1804 1323 1847 1359 te

1023 1377 1226 1430 plantavi,
1247 1375 1352 1417 dicit
1367 1376 1595 1417 D6minus:
1616 1380 1658 1417 et
1673 1381 1719 1417 tu
1733 1376 1847 1417 facta

1024 1446 1070 1476 es
1088 1432 1194 1473 mihi
1215 1432 1343 1473 nimis
1366 1435 1527 1473 amara:
1553 1439 1572 1461 *
1595 1433 1704 1482 Quia
1723 1434 1846 1485 para-

1023 1490 1080 1531 sti
1107 1501 1281 1531 crueem
1307 1488 1524 1530 Salvatori
1551 1495 1638 1530 tuo.
1686 1487 1735 1538 Υ
1767 1489 1846 1529 Po-

1023 1546 1125 1599 pule
1153 1558 1295 1595 meus,
1328 1544 1433 1597 quid
1461 1545 1544 1587 feci
1574 1545 1671 1596 tibi,
1705 1550 1779 1586 aut
1805 1545 1848 1585 in

1026 1615 1112 1655 quo
1132 1602 1389 1643 contristavi
1407 1601 1472 1643 te?
1495 1602 1713 1654 responde
1734 1601 1847 1642 mihi.

1025 1659 1136 1709 Quia
1154 1658 1331 1711 parasti.

1078 1731 1127 1782 R„
1152 1730 1190 1770 ii,
1218 1723 1312 1774 Ego
1339 1722 1471 1764 eduxi
1494 1728 1538 1765 te
1564 1722 1617 1764 de
1642 1723 1848 1775 AEgy'pto,

1024 1781 1226 1823 demarso
1265 1778 1491 1821 Pharac'me
1538 1780 1581 1820 in
1617 1779 1736 1820 Mare
1782 1792 1847 1820 ru-

1024 1837 1162 1886 brum,
1183 1842 1226 1878 et
1241 1840 1341 1877 ante
1356 1841 1400 1878 te
1414 1837 1569 1888 praeivi
1588 1836 1631 1876 in
1647 1835 1847 1877 columna

1023 1893 1169 1935 nubis:
1197 1900 1218 1922 *
1246 1893 1303 1934 Et
1328 1897 1375 1934 tu
1399 1905 1469 1934 me
1492 1892 1711 1935 tradidisti
1735 1892 1847 1945 prin-

1025 1949 1195 2003 cipibus
1215 1948 1504 1999 sacerdotum,
1532 1954 1575 1991 et
1599 1961 1668 1991 me
1689 1948 1849 1990 duxisti

1025 2006 1081 2048 ad
1122 2006 1376 2060 praetorium
1411 2005 1550 2048 Pilati.
1605 2006 1650 2055 V
1680 2004 1848 2057 Popule

1024 2076 1166 2113 meus,
1200 2061 1306 2115 quid
1337 2062 1420 2104 feci
1451 2061 1549 2111 tibi,
1581 2067 1655 2103 aut
1686 2061 1728 2102 in
1762 2073 1847 2113 quo

1026 2119 1283 2162 contristavi
1308 2117 1374 2160 te?
1400 2117 1619 2171 responde
1644 2117 1758 2158 mihi.
1793 2117 1849 2158 Et

1025 2181 1074 2218 tu
1101 2189 1181 2218 me.

1078 2247 1127 2298 ΒΕ.
1153 2246 1205 2285 iii.
1237 2241 1332 2292 Ego
1357 2244 1540 2293 propter
1564 2243 1608 2280 te
1635 2237 1851 2289 flagellavi

1027 2298 1269 2350 AEgyptum
1295 2309 1393 2338 cum
1417 2294 1718 2348 primoganitis
1744 2294 1850 2335 suis:

1026 2359 1048 2382 *
1067 2354 1124 2395 Et
1141 2358 1190 2395 tu
1207 2365 1277 2395 me
1296 2351 1561 2403 flagellatum
1578 2350 1806 2400 tradidisti,
1825 2353 1847 2376 *

1028 2411 1112 2460 Qui
1145 2414 1368 2462 tamquam
1404 2420 1540 2459 agnus
1576 2419 1726 2449 coram
1754 2412 1848 2449 ton-

1028 2466 1158 2508 dante
1177 2478 1225 2507 se
1245 2464 1452 2514 obmutui,
1472 2469 1515 2506 et
1530 2476 1618 2505 non
1632 2464 1785 2516 aparui
1799 2476 1849 2505 os

1026 2535 1181 2563 meum.
1217 2521 1263 2570 V
1293 2520 1461 2573 Popule
1484 2532 1618 2569 meuS,
1642 2518 1747 2572 quid
1768 2520 1850 2562 feci

1027 2577 1118 2628 tibi,
1142 2583 1216 2619 aut
1238 2578 1282 2618 in
1304 2589 1391 2629 quo
1415 2576 1672 2619 contristavi
1694 2575 1761 2618 te?
1786 2589 1848 2618 re-

1029 2634 1199 2686 sponde
1223 2633 1337 2674 mihi.
1374 2633 1429 2675 Et
1451 2638 1508 2674 tu.
1551 2632 1703 2675 Gloria
1722 2633 1850 2675 Patri.

1022 2691 1113 2747 Qui
1131 2695 1363 2742 tamquam.
