2028 2892
208 207 259 242 90

261 296 467 339 Evertisti
486 294 796 336 testamentum
816 289 932 331 servi
952 288 1029 330 tui:

210 356 233 382 ¹⁸¹
258 351 497 407 profanasti
518 350 562 390 in
587 354 704 390 terra
727 345 1029 388 Sanctuarium

211 411 311 461 ejus.

260 462 528 505 Destruxisti
551 472 702 502 omnes
727 470 855 510 sepes
875 457 980 508 ejus:
1006 457 1028 482 *

210 519 395 573 posuisti
422 518 741 559 firmamentum
769 514 859 565 ejus
886 513 1029 554 formi—

211 576 366 618 dinem.

260 631 548 683 Diripuerunt
581 640 679 669 eum
712 637 863 667 omnes
894 627 1030 664 trans-

212 690 364 729 euntes
393 686 521 726 viam:
553 685 576 711 *
608 684 748 724 factus
777 685 843 722 est
872 680 1030 732 oppro-

212 743 355 784 brium
383 741 536 783 vicinis
565 740 664 780 suis.

262 797 478 839 Exaltusti
503 796 728 837 dexteram
754 790 1031 844 deprimenti-

212 868 285 896 um
313 866 428 895 eum:
459 854 483 879 *
515 849 748 892 laetificusti
777 860 928 889 omnes
957 845 1031 886 ini-

211 913 349 951 micos
377 909 477 960 ejus.

265 964 475 1006 Avertisti
496 962 757 1014 adjutorium
771 958 906 1011 gladii
927 959 1034 1009 ejus:

213 1022 237 1047 '⁸‘
261 1026 304 1061 et
329 1032 416 1061 non
443 1032 489 1060 es
516 1018 748 1059 auxiliatus
775 1016 814 1057 ei
837 1015 882 1055 in
904 1013 1034 1055 bello.

264 1074 531 1116 Destruxisti
569 1086 667 1115 eum
703 1071 757 1113 ab
795 1069 1034 1112 emundati-

214 1133 311 1172 one:
347 1132 371 1158 *
408 1135 452 1171 et
488 1129 638 1171 sedem
675 1128 765 1179 ejus
797 1127 841 1167 in
873 1130 1036 1167 terram

214 1186 424 1228 collisisti.

264 1242 493 1282 Minorasti
522 1241 616 1282 dies
639 1238 853 1291 temporis
882 1238 986 1289 ejus:
1013 1238 1036 1263 *

213 1297 445 1349 perfudisti
473 1309 571 1338 eum
598 1295 864 1337 confusione.

264 1353 505 1404 Usquequo
550 1352 739 1393 Domine
783 1349 946 1391 avertis
992 1348 1035 1388 in

213 1408 357 1450 finem:
380 1410 404 1435 *
428 1408 683 1449 exardescet
707 1407 820 1448 sicut
843 1405 955 1455 ignis
975 1404 1039 1444 ira

212 1463 311 1506 tua?
663 1483 667 1487 ·

264 1520 509 1560 Memorare
521 1531 619 1570 quae
634 1530 732 1559 mea
747 1515 1037 1558 substantia:*

215 1575 428 1626 numquid
468 1575 584 1615 enim
618 1586 729 1615 vane
770 1572 1037 1613 constituisti

216 1643 368 1672 omnes
396 1630 510 1671 filios
538 1628 787 1671 hominum?

267 1685 375 1735 Quis
417 1690 484 1726 est
522 1685 673 1734 homo,
714 1684 789 1735 qui
823 1683 958 1732 vivet,
995 1688 1038 1724 et

216 1753 303 1781 non
330 1740 497 1782 videbit
523 1745 724 1782 mortem:
751 1741 775 1766 *
803 1740 926 1779 eruet
952 1739 1038 1779 ani-

218 1808 334 1837 mam
363 1808 485 1837 suam
514 1796 568 1837 de
595 1808 726 1836 manu
753 1793 902 1835 inferi?

269 1851 355 1893 Ubi
384 1855 483 1892 sunt
509 1849 824 1892 misericordiae
852 1854 940 1890 tuae
968 1862 1038 1891 an-

218 1908 352 1958 tiquae
362 1906 560 1956 Domine,
571 1908 594 1934 *
608 1906 720 1948 sicut
735 1905 886 1957 iurasti
895 1905 1040 1948 David

218 1962 263 2003 in
290 1962 475 2003 veritate
502 1961 598 2003 tua?

269 2017 437 2059 Memor
470 2022 565 2059 esto
598 2016 785 2058 Domine
813 2018 1040 2070 oppr6brii

219 2075 447 2115 servorum
460 2074 635 2114 tuorum
653 2074 677 2099 *
695 2072 831 2124 (quod
846 2075 1040 2115 continui

219 2128 262 2169 in
286 2129 383 2169 sinu
409 2129 523 2179 meo)
550 2127 785 2169 multarum
813 2128 1032 2170 Gentium.

271 2183 400 2234 Quod
415 2183 791 2236 exprobraverunt
806 2184 967 2226 inimici
977 2186 1040 2226 tui

218 2240 420 2289 Domine,
453 2241 476 2267 *
511 2239 631 2291 quod
665 2239 1041 2291 exprobraverunt

219 2295 607 2336 commutationem
636 2294 797 2336 Christi
825 2296 900 2336 tui.

270 2350 534 2392 Benedictus
575 2349 791 2391 Dominus
834 2350 877 2391 in
918 2353 1039 2393 aeter-

219 2418 335 2447 num:
362 2407 386 2433 *
412 2406 499 2456 fiat,
526 2405 613 2447 fiat.

482 2463 680 2503 Psalmus
708 2464 772 2503 93.

218 2506 383 2610 Deus
402 2516 615 2558 ultionum
635 2517 862 2558 Dominus:
877 2518 901 2544 *
920 2518 1040 2559 Deus

328 2572 542 2613 ultionum
569 2572 706 2614 libere
735 2573 835 2623 egit.

270 2627 475 2668 Exaltare
507 2628 581 2679 qui
612 2628 778 2679 judicas
810 2633 985 2669 terram:
1018 2631 1041 2655 *

221 2682 356 2724 redde
383 2682 715 2725 retributionem
743 2684 955 2736 superbis.

763 194 871 228 Furia
897 199 1004 226 sextu
1031 191 1077 224 ud
1103 188 1340 223 Matutinum.

1132 286 1374 337 Usquequo
1391 284 1652 336 peccatores
1670 279 1872 329 Domine,
1886 279 1910 305 ²⁸¹

1080 345 1311 393 usquequo
1322 340 1581 393 peccatores
1591 335 1911 388 gloriabuntur:

1132 396 1405 445 Effabuntur,
1425 399 1470 436 et
1496 393 1732 445 loquentur
1756 390 1910 442 iniqui-

1081 455 1233 495 tatem:
1274 453 1298 479 *
1339 451 1574 502 loquentur
1615 460 1788 497 omnes,
1836 446 1912 498 qui

1083 510 1322 561 operantur
1349 504 1628 559 injustitiam?
1799 549 1803 553 ᾗ

1133 564 1354 617 Populum
1376 568 1502 604 tuum
1524 560 1715 602 Domine
1742 558 1912 601 humili-

1083 622 1281 663 averunt:
1315 621 1339 648 *
1373 623 1418 661 et
1451 616 1759 659 haereditatem
1791 619 1914 657 tuam

1082 678 1362 719 vexaverunt.

1134 732 1343 781 Viduam,
1372 736 1416 773 et
1442 730 1660 772 advenam
1686 726 1913 769 interfece-

1085 794 1201 830 runt:
1229 789 1253 815 *
1281 793 1327 829 et
1353 786 1547 839 pupillos
1575 783 1846 827 occiderunt.

1136 845 1194 886 Et
1213 844 1431 885 dixerunt:
1457 842 1559 884 Non
1578 840 1747 883 videbit
1764 838 1914 881 Domi-

1085 913 1181 951 nus,
1213 901 1237 927 *
1265 913 1346 941 nec
1373 898 1589 950 intelliget
1615 897 1739 939 Deus
1765 894 1915 951 Jacob.

1136 956 1374 1007 Intelligite
1393 954 1650 1007 insipientes
1669 953 1715 994 in
1731 951 1915 1005 populo:

1085 1013 1109 1038 *
1139 1018 1182 1054 et
1211 1012 1334 1053 stulti
1362 1009 1600 1063 aliquando
1629 1008 1784 1062 sapite.

1139 1068 1223 1119 Qui
1233 1067 1449 1120 plantavit
1464 1079 1627 1116 aurem,
1641 1077 1731 1106 non
1744 1062 1916 1105 audiet?

1088 1127 1111 1152 *
1130 1129 1204 1166 aut
1223 1124 1297 1176 qui
1316 1123 1442 1165 finxit
1462 1122 1649 1174 oculum,
1668 1133 1759 1162 non
1777 1122 1916 1162 consi-

1089 1180 1234 1223 derat?

1142 1236 1227 1286 Qui
1245 1236 1427 1288 corripit
1442 1236 1621 1285 GenteS,
1639 1246 1730 1275 non
1749 1234 1919 1284 arguet:

1091 1294 1113 1318 *
1143 1292 1218 1343 qui
1247 1292 1378 1334 docet
1405 1291 1630 1333 hominem
1657 1286 1911 1332 scientiam?

1142 1348 1356 1389 Dominus
1371 1347 1454 1389 scit
1473 1346 1765 1398 cogitationes
1783 1343 1920 1388 homi-

1091 1416 1205 1453 num,
1231 1405 1255 1431 *
1283 1404 1491 1455 quoniam
1517 1415 1643 1444 vanae
1671 1405 1784 1443 sunt.

1142 1460 1306 1501 Beatus
1324 1459 1470 1509 homo,
1489 1471 1623 1511 quem
1639 1462 1690 1499 tu
1708 1455 1922 1499 erudieris

1090 1515 1294 1557 Domine:
1316 1516 1341 1543 *
1364 1520 1408 1557 et
1428 1515 1483 1557 de
1505 1515 1604 1567 lege
1620 1518 1697 1556 tua
1716 1512 1922 1556 docueris

1092 1584 1203 1621 eum,

1142 1628 1202 1669 Ut
1229 1626 1404 1678 mitiges
1432 1628 1472 1668 ei
1501 1640 1526 1669 a
1553 1625 1710 1668 diebus
1737 1624 1879 1666 malis:
1897 1625 1922 1652 *¹

1092 1683 1234 1725 donec
1261 1682 1454 1725 fodiatur
1480 1682 1709 1736 peccatori
1734 1681 1875 1723 fovea.

1144 1741 1256 1790 Quia
1278 1753 1367 1782 non
1392 1739 1578 1793 repellet
1596 1737 1814 1780 Dominus
1830 1736 1921 1790 ple-

1091 1795 1193 1837 bem
1212 1800 1350 1837 suam:
1366 1797 1391 1823 *
1411 1801 1455 1837 et
1472 1794 1782 1837 haereditatem
1796 1804 1921 1835 suam

1091 1864 1179 1892 non
1209 1851 1494 1904 derelinquet.

1144 1907 1442 1959 Quoadusque
1457 1906 1623 1959 justitia
1638 1906 1922 1947 convertetur

1092 1962 1135 2003 in
1162 1963 1383 2014 judicium:
1414 1965 1439 1991 *
1472 1967 1516 2005 et
1548 1962 1624 2014 qui
1655 1962 1776 2014 juxta
1802 1960 1923 2002 illam

1093 2031 1245 2060 omnes
1273 2020 1348 2071 qui
1376 2024 1500 2061 recto
1529 2023 1631 2060 sunt
1657 2016 1804 2059 corde.

1144 2074 1251 2124 Quis
1288 2079 1526 2127 consurget
1565 2074 1674 2115 mihi
1709 2072 1922 2115 adversus

1092 2130 1404 2181 malignantes?
1423 2133 1448 2159 *
1468 2135 1543 2172 aut
1563 2130 1661 2182 quis
1681 2128 1816 2171 stabit
1834 2141 1920 2170 me-

1093 2199 1193 2283 cglim
1233 2187 1447 2283 {dversus
1489 2188 1727 2239 operuntes
1768 2184 1922 2237 iniqui-

1091 2246 1109 2282 t
1138 2246 1228 2283 tem

1142 2298 1240 2339 Nisi
1256 2298 1358 2350 quia
1371 2298 1588 2340 Dominus
1607 2297 1775 2351 adjuvit
1793 2309 1878 2338 me:
1897 2297 1921 2324 *

1092 2353 1224 2420 paulo
1247 2354 1390 2395 minus
1415 2354 1658 2396 habitasset
1682 2354 1728 2395 in
1752 2353 1921 2394 inferno

1092 2421 1236 2449 amma
1262 2422 1371 2450 mea.

1143 2464 1188 2504 Si
1217 2464 1431 2506 dicebam:
1457 2465 1606 2507 Motus
1636 2470 1705 2508 est
1730 2477 1810 2518 pes
1834 2476 1920 2506 me-

1092 2532 1159 2560 us:
1198 2520 1222 2546 *
1264 2520 1568 2563 misericordia
1616 2526 1694 2563 tua
1731 2520 1922 2562 Domine

1094 2575 1330 2627 adjuvabat
1356 2589 1437 2618 me.

1143 2631 1393 2672 Secundum
1433 2632 1760 2675 multitudinem
1799 2631 1920 2675 dolo-

1094 2699 1190 2728 rum
1208 2689 1408 2729 meorum
1426 2688 1470 2729 in
1490 2689 1626 2731 corde
1644 2702 1760 2732 meo:
1780 2690 1805 2717 *
1819 2700 1920 2730 con-
