2066 2956
510 177 579 211 Die
608 178 654 211 17.
678 178 786 211 Febr.

165 283 280 312 cens:
312 270 447 322 Surge
478 274 522 311 et
550 269 701 322 accipe
727 269 917 310 Puerum
944 274 988 310 et

163 327 348 368 Matrem
367 327 468 377 ejus,
491 330 534 367 et
551 325 652 376 fuge
670 325 716 366 in
733 326 987 378 AEgthum,

164 387 207 424 et
227 388 322 424 esto
340 382 417 432 ibi,
440 394 580 434 usque
604 381 707 423 dum
732 381 874 423 dicam
895 381 986 423 tibi.

163 439 220 480 Et
239 439 416 490 reliqua.

190 523 379 565 Homilia
399 523 538 565 sancti
554 523 674 565 Petri
694 522 964 576 Chrysologi.

265 591 397 625 Sermo
418 591 486 623 151.
506 590 552 624 de
571 591 659 632 fuga
678 589 821 624 Christi
844 592 881 625 in

462 639 682 682 rligyptum.

168 697 475 739 Ἀ
505 696 636 738 lectio
668 696 805 738 movit
837 696 984 746 corda,

175 753 177 801 ξ
280 752 282 774 ³
313 753 534 796 concussit
576 755 764 802 viscera,
808 755 985 805 stupere

175 814 176 818 ’
203 802 244 820 ’Ξ
311 810 413 852 fecit
436 809 642 852 auditum.
679 810 810 859 Ecce,
836 810 985 861 inquit,

162 866 355 918 Angelus
381 866 558 907 Domini
590 866 793 919 apparuit
819 865 843 906 J
846 866 986 918 oseph

161 924 204 965 in
236 923 417 973 somnis,
450 922 615 964 dicens:
647 923 801 973 Surge,
835 922 985 975 accipe

160 981 350 1022 Puerum
370 984 413 1021 et
430 979 616 1020 Matrem
636 980 743 1030 ejus,
762 983 805 1020 et
824 978 923 1029 fuge
942 979 986 1019 in

161 1037 414 1089 AEgyptum.
451 1035 530 1077 Cui
547 1035 742 1077 nascenti
760 1035 985 1086 virginitas

160 1106 247 1134 non
266 1092 439 1141 resistit,
462 1104 551 1133 non
571 1091 719 1133 obviat
738 1092 861 1141 ratio,
885 1103 983 1132 con-

160 1149 335 1191 tradicit
352 1151 518 1189 natura:
537 1150 735 1201 potestas
757 1160 865 1200 quae,
887 1160 985 1199 quae

160 1206 243 1254 vis,
292 1203 412 1258 quod
449 1204 681 1246 discrimen
715 1204 985 1257 praevaleret,

160 1267 208 1304 ut
228 1261 564 1314 compelleretur
587 1260 643 1302 ad
662 1260 830 1312 fugam?
859 1259 982 1302 Acci-

160 1331 216 1371 pe
229 1319 420 1360 Puerum
439 1322 483 1359 et
496 1317 683 1359 Matrem
705 1317 805 1368 ejus,
825 1322 869 1358 et
884 1317 984 1368 fuge

160 1376 203 1415 in
222 1375 474 1428 AEgyptum.
501 1374 789 1415 Reverentius
807 1373 985 1415 diceret:

159 1430 286 1472 Vade
311 1431 356 1471 in
380 1431 636 1483 AEgthum3
667 1435 716 1471 ut
744 1434 860 1471 esset
887 1442 984 1482 pro-

160 1487 306 1538 fectio,
325 1499 414 1529 non
431 1487 548 1538 fuga,
567 1486 785 1536 voluntas,
808 1499 896 1527 non
914 1498 984 1527 ne-

161 1544 356 1585 cessitas:
381 1542 601 1595 judicium,
626 1555 713 1584 non
732 1546 890 1591 metus,
909 1541 984 1582 hu-

159 1602 334 1641 manum
352 1599 521 1650 saltem,
548 1599 586 1640 si
603 1611 692 1640 non
711 1597 918 1640 divinum:
942 1604 986 1640 at

159 1669 273 1698 nunc
286 1655 518 1697 mandatur
530 1655 643 1706 fuga,
658 1654 889 1696 mandatur
900 1658 984 1696 co'e-

159 1712 278 1762 litus,
309 1711 539 1754 mandatur
567 1724 647 1765 per
674 1711 905 1763 Angelum,
937 1716 985 1752 ut

160 1768 360 1810 videatur
379 1767 539 1810 coelum
557 1768 686 1810 timor
707 1773 808 1809 ante
826 1770 983 1809 tenuis-

162 1837 220 1876 se,
240 1837 371 1877 quam
389 1829 561 1866 terram.

213 1891 262 1942 R.
283 1889 494 1931 Nesciens
515 1889 655 1931 Mater
673 1890 812 1940 Virgo
833 1889 984 1940 virum,

159 1946 331 1998 peperit
358 1946 449 1986 sine
478 1944 647 1987 dolore:
664 1949 686 1971 *
713 1945 985 1987 SalvatOrem

160 2002 436 2052 saeculorum,
461 2002 606 2055 ipsum
628 2014 777 2052 regem
795 2001 983 2053 Angelo-

160 2071 271 2108 rum,
298 2058 492 2100 exsulem
510 2057 648 2109 Virgo
671 2057 863 2099 lactabat
881 2057 982 2099 ube-

160 2127 206 2156 re
232 2113 287 2156 de
316 2114 430 2156 coelo
456 2114 598 2168 pleno.
644 2110 693 2162 V.
712 2114 881 2155 Domus
907 2127 982 2167 pu-

161 2170 247 2212 dici
274 2171 465 2223 pectoris
493 2170 705 2224 templum
730 2172 910 2223 repente
934 2170 984 2212 fit

159 2227 256 2268 Dei:
275 2227 439 2269 intacta
456 2227 654 2269 nesciens
672 2227 828 2277 virum,
847 2226 983 2269 verbo

160 2284 361 2336 concepit
379 2283 526 2325 filium.
553 2284 833 2326 salvatorem.

446 2355 595 2395 Lectio
618 2355 701 2395 viii.

165 2411 361 2517 Azcipe
388 2417 573 2466 puerum
601 2418 644 2455 et
670 2417 855 2454 matrem
881 2413 982 2463 ejus,

263 2475 307 2512 et
325 2470 425 2521 fuge
444 2470 488 2511 in
506 2471 758 2523 AEgyptum.
786 2469 836 2509 In
850 2469 982 2520 AEgy-

158 2532 284 2579 ptum
302 2526 417 2578 fuge,
437 2540 462 2568 a
480 2526 565 2568 tuis
585 2526 642 2568 ad
661 2527 909 2573 extraneos;
926 2523 984 2565 ad

159 2582 395 2634 sacrilegos
420 2596 446 2624 a
469 2583 648 2632 sanctis,
675 2595 700 2623 a
721 2580 886 2632 templo
904 2585 981 2621 tuo

160 2638 217 2680 ad
248 2638 496 2680 daemonum
527 2639 640 2689 fana;
677 2637 733 2678 ad
765 2636 982 2678 idolerum

160 2694 349 2747 patriam
367 2707 391 2737 e
413 2695 591 2746 regione
615 2695 876 2736 sanctorum.
911 2691 982 2732 Sic

835 179 950 221 Fugae
974 179 1017 212 D.
1043 179 1086 213 N.
1112 180 1143 214 J.
1170 180 1208 215 C.
1236 182 1272 214 in
1297 182 1516 225 rEgyptum,

1769 175 1860 221 [295]

1038 270 1063 310 J
1065 269 1205 311 udaeae
1219 283 1307 311 non
1323 271 1482 312 sufficit
1495 271 1692 322 latitudo,
1710 273 1773 314 sic
1790 286 1861 314 an-

1038 328 1236 376 gustatur
1263 327 1412 368 saeculi
1443 327 1601 369 diffusa
1627 330 1862 381 possessio,

1038 394 1125 423 non
1151 383 1269 434 capit
1292 385 1508 429 secretum
1527 385 1694 437 templi,
1723 398 1861 427 sacer-

1039 437 1191 479 d6tum
1205 438 1334 480 turba
1348 452 1435 481 non
1450 441 1643 493 suscipit,
1662 454 1750 482 non
1766 442 1861 483 abs-

1039 493 1187 535 condit
1219 496 1509 538 numer6sitas
1549 497 1862 548 investigabilis

1039 553 1341 601 cognatorum,
1382 557 1429 593 ut
1461 552 1517 594 ad
1554 553 1727 595 deitatis
1758 554 1862 596 late-

1037 605 1140 647 bras
1171 607 1358 659 profana
1390 609 1609 661 AEgyptus
1648 610 1862 652 conduca-

1038 667 1122 703 tur:
1142 663 1204 704 sic
1221 676 1292 704 res
1311 669 1451 715 urget,
1471 665 1533 706 sic
1551 678 1639 706 non
1657 672 1786 708 vacat
1804 668 1862 708 in—

1038 719 1150 760 tueri
1175 720 1484 762 verecundiam
1509 722 1717 772 Virginis,
1744 723 1862 764 labo-

1038 788 1131 816 rem
1163 775 1332 825 Matris,
1366 789 1495 819 sexus
1527 778 1756 830 pudorem,
1788 793 1862 832 pe-

1038 831 1222 873 riculum
1249 833 1294 873 in
1321 833 1346 873 J
1349 833 1505 886 oseph,
1532 834 1862 888 longinquitatis

1037 888 1350 939 fatigationem,
1398 891 1577 932 exitium
1615 894 1751 933 totius
1787 892 1862 934 do-

1037 958 1146 985 mus.

1091 1014 1140 1064 R.
1167 1011 1224 1051 Et
1251 1024 1364 1052 nunc
1393 1011 1499 1064 quid
1526 1011 1606 1054 tibi
1635 1017 1701 1054 est
1726 1013 1769 1053 in
1793 1014 1863 1055 via
1935 1033 1939 1037 «

1037 1067 1240 1119 AEgypti?
1257 1069 1278 1093 *
1306 1068 1547 1110 Revertere
1575 1069 1697 1119 virgo
1727 1070 1863 1110 Israel

1039 1122 1095 1164 ad
1114 1123 1313 1165 civitates
1333 1129 1442 1166 tuas.
1468 1119 1516 1171 Ns.
1532 1125 1773 1178 Usquequo
1788 1126 1861 1167 do-

1038 1179 1131 1221 lens
1155 1181 1386 1222 averteris?
1420 1181 1669 1223 Revertere.
1712 1182 1862 1223 Gloria

1037 1236 1167 1278 Patri.
1195 1237 1444 1279 Revertere.

1088 1315 1219 1349 Lectio
1246 1315 1293 1348 ix.
1323 1315 1367 1348 dc
1398 1316 1563 1349 llomilia
1592 1317 1721 1351 Feriae.

1304 1393 1383 1434 Ad
1399 1393 1595 1434 Laudes

1257 1458 1303 1487 et
1340 1464 1429 1497 per
1466 1454 1645 1488 Horas

1090 1519 1187 1558 Ant.
1215 1519 1242 1557 1.
1281 1519 1393 1558 Ecce
1416 1516 1612 1566 Angelus
1639 1515 1817 1556 Demini
1838 1516 1861 1540 *

1038 1574 1241 1627 apparuit
1257 1574 1301 1614 in
1320 1572 1484 1614 somnis
1502 1573 1527 1613 J
1530 1571 1678 1625 oseph.

1088 1643 1155 1682 Ps.
1184 1642 1396 1684 Dominus
1414 1641 1622 1693 regnavit.
1641 1642 1701 1682 16.

1091 1712 1125 1750 2.
1159 1712 1295 1762 Surge
1321 1716 1365 1753 et
1387 1711 1537 1763 accipe
1560 1711 1583 1736 *
1605 1710 1795 1751 Puerum
1819 1714 1862 1751 et

1037 1767 1223 1810 Matrem
1243 1769 1344 1820 ejus,
1364 1772 1407 1809 et
1425 1767 1527 1818 fuge
1546 1767 1590 1808 in
1609 1767 1861 1819 AEgyptum.

1037 1840 1125 1936 tib-3.
1159 1840 1268 1879 Esto
1292 1836 1353 1879 ibi
1376 1837 1399 1862 *
1422 1849 1561 1889 usque
1588 1835 1691 1878 dum
1719 1835 1862 1877 dicam

1091 1966 1126 2003 4.
1160 1964 1368 2004 Futurum
1387 1967 1453 2004 est
1472 1962 1595 2012 enim,
1614 1962 1637 1987 *
1655 1965 1704 2002 ut
1721 1961 1858 2002 Hero-

1038 2019 1117 2061 des
1155 2024 1323 2071 quaerat
1354 2019 1544 2060 Puerum
1581 2017 1637 2059 ad
1677 2016 1858 2069 perden-

1038 2075 1142 2117 dum
1161 2088 1271 2117 eum.

1091 2147 1127 2185 5.
1157 2146 1431 2196 Consurgens
1450 2145 1474 2185 J
1476 2142 1629 2196 oseph,
1647 2142 1671 2167 *
1690 2141 1860 2194 accepit

1036 2202 1227 2243 Puerum
1252 2205 1296 2242 et
1317 2201 1501 2243 Matrem
1526 2201 1616 2251 ejus
1640 2202 1786 2248 nocte,
1815 2202 1859 2239 et

1037 2257 1219 2299 secessit
1236 2257 1281 2298 in
1298 2258 1550 2309 AEgyptum.

1144 2333 1400 2385 Capitulum.
1626 2332 1678 2370 Is.
1701 2332 1756 2370 19.

1035 2405 1192 2512 Ecce
1228 2409 1439 2450 Deminus
1480 2406 1686 2448 ascendet
1726 2418 1858 2458 super

1137 2466 1298 2508 nubem
1328 2464 1483 2514 levem,
1515 2468 1559 2505 et
1589 2462 1858 2514 ingredietur

1035 2524 1292 2576 AEgj'thum,
1321 2527 1364 2563 et
1388 2518 1779 2562 commovebuntur
1802 2518 1860 2573 si·-

1035 2579 1228 2621 mulacra
1259 2577 1439 2630 AEgypti
1472 2589 1497 2617 a
1527 2575 1637 2617 facie
1670 2576 1776 2627 ejus,
1813 2579 1857 2616 et

1037 2649 1112 2677 cor
1156 2634 1338 2687 AEgypti
1381 2633 1577 2675 tabescet
1622 2632 1666 2672 in
1709 2631 1854 2673 medio

1036 2705 1136 2744 ejus.
