2028 2892
578 196 679 229 Infra
706 196 1001 230 Ilebdomudam
1031 197 1091 230 111.
1118 202 1207 239 post
1232 197 1312 231 Oct.
1339 198 1510 231 Paschae.

500 291 651 331 Lectio
675 292 712 331 ii.

268 360 287 396 t
311 356 356 395 in
382 358 624 408 conspeetu
648 355 767 397 sedis
792 359 1018 406 tamquam

280 424 402 453 mare
426 414 613 453 vitreum
633 411 774 452 simile
795 410 1018 463 crystallo:

187 472 230 509 et
249 467 294 507 in
312 468 459 509 medio
479 467 609 517 sedis,
630 473 673 509 et
691 468 735 508 in
755 467 939 508 circuitu
954 479 1018 507 se-

186 522 253 565 dis
281 526 470 575 quatuor
496 524 698 565 animalia
723 523 853 576 plena
881 523 1019 563 Oculis

186 586 286 621 ante
314 585 358 621 et
385 585 517 621 retro.
558 581 614 621 Et
643 579 803 621 animal
831 580 1019 631 primum

187 636 325 678 simile
353 636 490 687 leoni,
519 641 563 677 et
591 635 833 677 secundum
861 635 1020 676 animal

187 693 327 733 simile
346 692 495 741 vitulo,
515 698 559 733 et
574 692 753 733 tertium
774 691 932 732 animal
947 692 1019 732 ha-

187 748 297 790 bens
310 749 467 789 faciem
482 748 607 800 quasi
622 748 822 797 hominis,
838 753 881 789 et
897 761 1020 799 quar-

186 810 280 846 tum
308 804 466 845 animal
495 804 634 845 simile
661 803 819 856 aquilae
843 804 1021 845 volanti.

186 861 243 902 Et
259 863 447 912 quatuor
464 860 666 901 animalia
682 860 854 911 singula
869 863 1021 902 eerum

187 916 408 958 habebant
428 916 519 957 alas
540 929 683 957 senas:
703 921 747 957 et
765 916 809 956 in
826 917 1020 966 circuitu,

188 978 231 1014 et
258 973 375 1014 intus
402 972 534 1025 plena
567 976 668 1013 sunt
697 972 854 1013 oculis:
886 979 930 1014 et
957 975 1021 1013 re-

189 1029 335 1080 quiem
358 1041 447 1069 non
471 1027 692 1069 habebant
712 1027 783 1069 die
808 1041 860 1070 ac
879 1034 1021 1079 nocte,

188 1083 393 1126 dicentia:
412 1084 608 1134 Sanetus,
624 1084 821 1134 Sanctus,
836 1085 1021 1126 Sanetus

187 1141 402 1181 Dominus
439 1141 560 1181 Deus
603 1142 904 1192 omnipotens,
947 1141 1022 1192 qui

188 1203 293 1246 erat,
313 1202 356 1238 et
374 1197 448 1248 qui
467 1202 544 1246 est,
565 1202 608 1238 et
624 1196 698 1248 qui
718 1200 929 1238 venturus
945 1203 1022 1238 est.

244 1265 293 1316 R.
321 1262 373 1302 In
403 1260 650 1303 diademate
686 1262 842 1313 eapitis
871 1262 1022 1303 Aaron

187 1317 511 1368 magnificentia
525 1317 704 1358 Domini
723 1317 895 1370 sculpta
915 1323 1023 1359 erat:

190 1380 212 1402 ¹⁸¹
231 1374 348 1414 Dum
367 1374 656 1426 perficeretur
677 1386 790 1425 opus
809 1374 902 1423 Dei,
924 1374 1023 1415 alle-

187 1429 290 1481 luja,
315 1429 501 1481 alleluja,
527 1429 708 1481 alleluja.
747 1427 797 1478 V
825 1431 877 1470 In
900 1435 1023 1471 veste

189 1486 305 1526 enim
323 1485 504 1538 poderis
525 1498 656 1537 quam
675 1485 880 1536 habebat,
903 1491 1024 1527 totus

190 1547 284 1583 erat
312 1542 433 1583 orbis
460 1544 694 1592 terrarum,
724 1547 767 1584 et
792 1544 1025 1594 parentum

189 1597 441 1648 magnalia
429 1612 474 1638 1n
499 1600 688 1650 quatuor
714 1598 942 1640 ordinibus
966 1599 1024 1639 la-

189 1653 342 1706 pidum
362 1654 535 1706 sculpta
555 1659 689 1695 erant.
716 1655 844 1695 Dum.
874 1655 1025 1696 Gloria

190 1710 320 1751 Patri.
348 1711 477 1751 Dum.

495 1780 649 1821 Lectio
669 1780 723 1820 iii.

274 1854 292 1890 t
316 1862 415 1890 eum
435 1847 591 1890 darent
613 1849 687 1890 illa
710 1848 913 1889 animalia
934 1848 1025 1899 glo-

287 1905 414 1955 riam,
446 1910 490 1946 et
517 1904 748 1954 honorem,
778 1910 821 1946 et
849 1904 1026 1946 benedi-

193 1962 385 2003 ctienem
424 1960 596 2002 sedenti
636 1973 768 2013 super
807 1960 1025 2010 thronum,

193 2017 358 2059 viventi
375 2017 419 2057 in
443 2016 606 2058 saecula
626 2017 904 2067 saeeuldrum,
927 2029 1026 2069 pro-

194 2072 400 2115 cidebant
430 2073 583 2123 viginti
612 2075 801 2125 quatuor
829 2073 1025 2114 senieres

193 2135 294 2171 ante
314 2128 542 2171 sedentem
557 2129 602 2169 in
620 2129 792 2178 throno,
813 2134 856 2170 et
872 2128 1024 2170 adora-

193 2185 300 2227 bant
332 2186 552 2227 viventem
584 2185 628 2226 in
656 2185 817 2226 saecula
846 2185 1026 2226 saeculo-

194 2255 310 2291 rum,
353 2247 397 2283 et
432 2241 663 2283 mittebant
701 2243 889 2282 coronas
926 2254 1027 2282 suas

195 2303 295 2339 ante
318 2298 525 2339 thronum
549 2297 761 2339 dieentes:
789 2298 956 2348 Dignus
981 2310 1028 2339 es

194 2353 384 2395 Domine
403 2354 526 2395 Deus
547 2359 697 2395 noster
716 2355 916 2405 accipere
937 2353 1027 2404 glo-

196 2409 316 2459 riam,
332 2416 376 2451 et
390 2410 614 2460 honorem,
631 2415 674 2451 et
688 2410 910 2450 virtutem:
927 2410 1028 2461 quia

196 2471 244 2506 tu
264 2467 422 2507 creasti
441 2467 597 2516 omnia,
616 2471 660 2507 et
677 2471 861 2518 propter
878 2465 1028 2506 volun-

196 2522 333 2562 tatem
351 2527 471 2563 tuam
491 2528 624 2571 erant,
645 2529 688 2563 et
708 2524 855 2563 creata
875 2527 986 2563 sunt.

255 2583 317 2622 Te
336 2582 479 2623 Deum
498 2582 738 2624 laudamus.
758 2583 817 2623 15.

253 2647 323 2689 Ad
344 2648 505 2690 Bencd.
531 2651 629 2691 Ant.
658 2650 714 2689 Et
740 2648 980 2698 coegerunt
1005 2650 1028 2675 *

200 2700 339 2751 illum,
379 2701 592 2744 dieentes:
633 2704 762 2745 Mane
799 2703 1029 2745 nobiscum

1070 290 1279 339 D6mine,
1319 290 1526 341 quoniam
1563 289 1904 343 advesperascit,

1072 345 1254 398 alleluja.

1131 411 1197 451 Ad
1220 411 1394 459 Magnif.
1419 411 1514 452 Ant.
1543 407 1737 449 Tristitia
1755 406 1904 459 imple-

1073 461 1135 502 vit
1159 463 1183 488 *
1207 474 1285 502 cor
1309 467 1518 503 vestrum:
1545 468 1588 505 et
1609 462 1817 514 gaudium
1835 475 1906 503 ve-

1074 523 1213 558 strum
1231 530 1361 559 nemo
1380 518 1507 560 tollet
1524 532 1549 560 a
1565 520 1704 569 vobis,
1724 518 1906 570 alleluja,

1074 573 1255 626 alleluja.

1290 674 1452 711 Feria
1477 674 1692 722 Quarta.

1074 734 1141 773 De
1163 730 1276 772 libro
1298 731 1595 784 Apocalypsis
1618 730 1738 773 beati
1756 731 1780 771 J
1783 732 1908 772 oanis

1384 787 1601 839 Apostoli.

1181 851 1331 891 Lectio
1358 852 1381 890 i.
1642 850 1746 901 Cap.
1765 850 1804 888 5.

1104 920 1153 957 Π
1163 914 1182 950 t
1200 908 1292 950 vidi
1306 909 1351 949 in
1366 907 1549 950 dextera
1565 907 1760 950 sedentis
1775 921 1909 962 supra

1088 979 1153 1004 ns
1181 965 1403 1014 thronum,
1426 965 1588 1006 librum
1611 965 1824 1017 seriptum
1847 965 1908 1006 in-

1075 1027 1146 1062 tus
1178 1026 1221 1062 et
1254 1021 1380 1070 foris,
1413 1022 1632 1071 signatum
1664 1020 1817 1071 sigillis
1845 1034 1909 1063 se-

1075 1083 1207 1130 ptem.
1261 1078 1318 1119 Et
1355 1076 1447 1119 vidi
1483 1077 1703 1128 Angelum
1740 1076 1910 1127 fortem,

1075 1132 1393 1185 praedicantem
1409 1146 1519 1175 voce
1533 1143 1710 1184 magnai
1721 1133 1828 1183 Quis
1843 1138 1911 1175 est

1076 1188 1233 1239 dignus
1262 1191 1433 1242 aperire
1461 1189 1639 1239 librum,
1667 1194 1711 1231 et
1739 1189 1911 1231 solvere

1077 1245 1301 1295 signacula
1329 1244 1445 1297 ejus?
1491 1245 1548 1286 Et
1575 1258 1706 1286 nemo
1734 1246 1911 1297 poterat

1076 1314 1220 1353 neque
1239 1302 1283 1341 in
1302 1301 1433 1351 coelo,
1457 1314 1601 1353 neque
1619 1302 1664 1341 in
1682 1307 1814 1350 terra,
1838 1313 1910 1342 ne-

1078 1370 1164 1409 que
1188 1357 1342 1398 subtus
1364 1363 1528 1398 terram
1551 1359 1722 1409 aperire
1740 1357 1910 1407 librum,

1077 1426 1220 1465 neque
1244 1415 1466 1466 respicere
1487 1413 1621 1454 illum.
1656 1413 1714 1455 Et
1733 1426 1817 1464 ego
1837 1413 1910 1454 fle-

1077 1469 1179 1511 bam
1210 1469 1414 1519 multum,
1449 1469 1656 1521 quoniam
1689 1482 1818 1511 nemo
1850 1467 1911 1511 di-

1077 1539 1189 1577 gnus
1216 1526 1419 1567 inventus
1449 1531 1515 1567 est
1543 1528 1715 1578 aperire
1741 1525 1910 1575 librum,

1078 1595 1160 1623 nee
1179 1581 1329 1623 videre
1349 1595 1459 1623 eum.
1487 1582 1545 1623 Et
1562 1595 1675 1623 unus
1695 1580 1750 1623 de
1771 1581 1911 1623 senio-

1078 1638 1198 1680 ribus
1223 1637 1332 1679 dixit
1353 1638 1475 1678 mihi:
1501 1638 1570 1679 Ne
1594 1638 1782 1679 fleveris:
1807 1650 1911 1679 ecce

1078 1695 1183 1735 vicit
1206 1694 1277 1735 leo
1304 1693 1359 1735 de
1383 1694 1502 1735 tribu
1524 1693 1652 1743 Juda,
1678 1693 1806 1735 radix
1825 1694 1911 1735 Da-

1078 1750 1168 1799 vid,
1192 1752 1363 1802 aperire
1386 1749 1562 1799 librum,
1586 1755 1630 1791 et
1653 1749 1825 1791 solvere
1847 1762 1911 1791 se-

1078 1812 1208 1859 ptem.
1232 1806 1456 1857 signacula
1487 1808 1590 1858 ejus.
1642 1806 1700 1848 Et
1727 1805 1836 1847 vidi:
1869 1811 1913 1848 et

1080 1875 1183 1904 eece
1215 1863 1259 1903 in
1290 1862 1436 1904 medio
1469 1863 1617 1904 throni
1650 1867 1693 1904 et
1723 1864 1912 1915 quatuor

1079 1918 1343 1969 animalium,
1370 1924 1414 1960 et
1437 1919 1482 1959 in
1504 1918 1652 1960 medio
1678 1919 1912 1968 seniorum,

1080 1975 1256 2026 Agnum
1270 1980 1458 2016 stantem
1469 1979 1693 2027 tamquam
1705 1977 1912 2024 occisum,

1079 2031 1314 2073 habentem
1339 2033 1504 2072 cornua
1528 2036 1716 2083 septem,
1744 2036 1788 2072 et
1811 2032 1912 2071 ocu-

1080 2088 1147 2129 los
1169 2093 1356 2140 septem:
1384 2087 1458 2139 qui
1477 2092 1577 2128 sunt
1599 2093 1770 2140 septem
1789 2086 1911 2139 spiri-

1079 2150 1151 2185 tus
1179 2144 1283 2193 Dei,
1317 2144 1439 2184 missi
1465 2144 1509 2184 in
1537 2156 1711 2184 omnem
1739 2148 1911 2185 terram.

1080 2200 1137 2242 Et
1158 2200 1292 2249 venit,
1317 2205 1361 2241 et
1380 2200 1552 2252 accepit
1572 2199 1627 2241 de
1647 2199 1830 2241 dextera
1848 2211 1912 2240 se—

1082 2256 1225 2298 dentis
1244 2256 1287 2296 in
1306 2255 1466 2297 throno
1486 2255 1655 2297 librum.

1133 2312 1184 2363 R.
1215 2311 1380 2353 Plateae
1412 2317 1501 2353 tuae
1533 2311 1775 2353 Jerusalem
1807 2316 1912 2353 ster-

1081 2370 1238 2409 nentur
1274 2381 1381 2409 auro
1417 2367 1602 2418 mundo,
1639 2367 1828 2419 alleluja:
1869 2372 1913 2408 et

1081 2424 1328 2465 cantabitur
1353 2424 1396 2464 in
1422 2429 1466 2465 te
1493 2424 1712 2465 canticum
1737 2423 1912 2472 laetitiae,

1082 2480 1266 2531 alleluJa:
1285 2481 1307 2503 *
1323 2479 1380 2521 Et
1399 2492 1480 2532 per
1500 2492 1652 2521 omnes
1671 2480 1794 2520 vicos
1810 2484 1912 2520 tuos

1082 2536 1136 2577 ab
1161 2536 1374 2577 universis
1394 2534 1578 2584 dicetur,
1602 2535 1788 2586 alleluja,
1811 2534 1912 2575 alle-

1082 2592 1178 2644 luja.
1213 2586 1264 2638 V.
1299 2591 1419 2632 Luce
1452 2590 1684 2643 splendida
1714 2590 1912 2641 fulgebis,

1083 2654 1126 2690 et
1146 2660 1298 2689 omnes
1314 2647 1424 2688 fines
1443 2652 1571 2689 terrae
1592 2646 1839 2689 adorabunt
1857 2652 1912 2688 te.

1082 2705 1138 2746 Et
1158 2717 1238 2757 per
1256 2716 1418 2746 omnes.
