2028 2892
711 168 911 204 Dominica
935 171 978 204 V.
1003 176 1092 214 post
1116 171 1274 205 Pascha.

481 262 643 303 Oratio.

236 335 328 373 eus,
354 335 380 364 a
404 334 490 374 quo
514 321 630 364 bona
649 328 803 364 cuncta
821 326 970 376 proce-

249 377 371 428 dunt,
399 378 556 429 largire
580 379 847 432 supplicibus
870 381 970 422 tuis:

150 439 199 476 ut
231 435 470 486 cogitemus
501 439 546 476 te
577 435 834 488 inspirante,
873 449 970 488 quae

150 495 270 533 recta
297 495 411 542 sunt;
447 495 491 532 et
517 495 561 532 te
588 490 875 542 gubernante,
904 495 969 534 ea-

149 545 250 589 dem
267 547 485 589 faciamus.
512 547 596 589 Per
613 548 858 590 Dominum.

197 610 402 645 Commem.
428 610 474 644 de
501 610 631 648 Cruce.
657 609 732 644 275.

400 681 711 708 μῳΦ-ο-

378 756 738 807 DominieaV.

287 832 466 879 post
515 827 819 868 Pascha.

342 898 420 939 Ad
451 899 770 941 matutinum.

195 962 323 1006 Invit.,
354 963 511 1008 Hymn.,
540 965 644 1008 Ant,
672 965 733 1000 Ps.
759 970 795 1000 et
818 962 900 1007 VY.
926 971 965 1001 ut

144 1010 184 1044 in
208 1010 268 1046 Ps.
293 1015 407 1056 temp.
432 1012 567 1047 Pasch.
593 1010 623 1045 3.

379 1081 428 1121 In
452 1082 482 1121 I.
506 1082 726 1123 Nocturno.

145 1141 302 1195 Incipit
324 1142 524 1196 Epistola
547 1144 688 1197 prima
709 1144 827 1186 beati
850 1145 969 1186 Petri

452 1201 668 1254 Apostoli.

246 1265 397 1310 Lectio
417 1268 439 1308 i.
712 1270 814 1322 Cap.
835 1272 863 1310 1.

150 1374 153 1376 q
239 1330 374 1367 etrus
400 1326 643 1379 Apostolus
668 1326 773 1367 Jesu
799 1326 967 1377 Christi,

232 1398 249 1430 ξ’
273 1381 422 1424 electis
464 1381 644 1424 advenis
685 1381 967 1435 dispersionis

228 1435 243 1460 ’ὲ
263 1438 413 1488 Ponti,
438 1438 638 1488 Galatiae,
663 1438 966 1491 Cappadociae,

143 1495 273 1545 Asiae,
292 1499 336 1536 et
350 1494 579 1546 Bithyniae,
599 1494 840 1537 secundum
858 1509 966 1548 prae-

143 1551 368 1592 scientiam
385 1551 470 1592 Dei
487 1551 643 1601 Patris,
666 1551 710 1591 in
729 1552 966 1594 sanctifica-

141 1607 303 1649 tionem
320 1607 517 1660 Spiritus,
536 1607 580 1648 in
600 1607 903 1659 obedientiam,
924 1615 967 1652 et

141 1663 441 1716 aspersionem
468 1664 688 1714 sanguinis
715 1664 820 1706 Jesu
848 1665 966 1706 Chri-

141 1719 210 1761 sti:
238 1719 390 1761 Gratia
413 1719 556 1770 vobis,
585 1724 629 1762 et
654 1734 741 1773 pax
764 1721 965 1774 multipli-

141 1778 274 1818 cetur.
322 1775 588 1818 Benedictus
616 1777 737 1819 Deus
766 1782 810 1819 et
835 1778 966 1820 Pater

139 1832 315 1874 Domini
334 1833 473 1874 nostri
491 1833 516 1874 J
518 1846 596 1875 esu
617 1833 787 1883 Christi,
810 1834 884 1886 qui
902 1847 965 1876 se-

141 1887 331 1931 candum
356 1888 702 1931 misericordiam
730 1903 852 1931 suam
879 1904 965 1932 ma-

140 1957 269 1994 gnam
292 1946 566 1996 regeneravit
589 1958 671 1987 nos
694 1946 738 1986 in
763 1958 888 1998 spem
906 1947 964 1988 vi-

139 2012 249 2050 vam,
262 2013 342 2053 per
358 2002 721 2043 resurrectionem
730 2002 754 2042 J
757 2014 834 2043 esu
845 2002 962 2043 Chri-

140 2055 195 2097 sti
215 2069 269 2097 ex
286 2058 484 2107 mortuis,
512 2058 556 2098 in
579 2056 882 2099 haereditatem
903 2058 963 2099 in-

140 2111 483 2164 corruptibilem,
509 2118 553 2155 et
571 2113 963 2163 incontaminatam,

140 2173 184 2209 et
210 2168 632 2220 immarcescibilem,
662 2171 965 2211 conservatam

138 2224 182 2265 in
201 2225 324 2265 coelis
343 2225 387 2265 in
405 2224 543 2275 vobis,
563 2226 637 2277 qui
650 2226 694 2267 in
708 2226 866 2268 virtute
881 2226 963 2266 Dei

139 2280 417 2323 custodimini
441 2294 521 2333 per
546 2281 678 2323 fidem
702 2282 745 2322 in
769 2281 963 2331 salutem,

139 2340 336 2389 paratam
368 2337 553 2379 revelari
584 2338 629 2378 in
660 2340 860 2392 tempore
889 2350 963 2378 no-

138 2394 327 2435 vissimo.

194 2459 244 2510 R.
269 2458 314 2499 Si
339 2457 501 2499 oblitus
526 2458 650 2499 fuero
675 2459 753 2509 tui,
783 2458 961 2510 alleluja,

139 2512 420 2555 obliviscatur
455 2514 539 2555 mei
577 2513 758 2556 dextera
792 2527 902 2555 mea:
939 2519 961 2542 *

138 2567 376 2611 Adhaereat
425 2570 572 2621 lingua
620 2584 717 2612 mea
765 2569 961 2611 faucibus

137 2624 256 2674 meis,
275 2625 312 2666 si
329 2639 417 2668 non
435 2629 674 2668 meminero
689 2627 761 2675 tui,
781 2625 961 2677 alleluja,

138 2679 319 2733 alleluja.
355 2677 406 2728 V.
422 2682 563 2735 Super
580 2683 758 2724 flumina
775 2681 961 2734 Babylo-

1764 172 1838 208 309

1022 265 1088 306 nis
1112 265 1199 306 illic
1223 264 1412 307 sedimus
1436 271 1478 308 et
1501 267 1712 317 flevimus,
1738 267 1840 310 dum

1022 320 1351 363 recordaremur
1369 322 1431 363 tui
1449 322 1561 363 Sion.
1594 323 1839 366 Adhaereat.

1325 380 1474 420 Lectio
1495 382 1533 421 ii.

1020 430 1098 535 In
1148 446 1235 485 quo
1285 434 1572 484 exsultabitis,
1621 434 1839 477 modicum

1091 503 1204 531 nunc
1241 490 1277 531 si
1314 493 1489 542 oportet
1516 492 1761 533 contristari
1796 493 1839 532 in

1022 547 1153 587 variis
1185 546 1510 588 tentationibus:
1554 553 1601 589 ut
1638 548 1838 600 probatio

1022 608 1180 644 vestrae
1203 602 1306 644 fidei
1327 603 1463 645 multo
1482 604 1715 656 pretiosior
1734 617 1838 645 auro

1022 659 1156 711 (quod
1187 673 1266 712 per
1297 660 1441 710 ignem
1467 660 1692 713 probatur)
1726 661 1838 702 inve-

1022 716 1165 757 niatur
1190 716 1234 756 in
1261 714 1452 766 laudem,
1490 722 1534 758 et
1561 716 1760 767 gloriam,
1797 722 1839 758 et

1021 771 1241 822 honorem,
1260 773 1304 813 in
1322 772 1584 814 revelatione
1601 773 1625 813 J
1627 786 1703 814 esu
1723 773 1839 814 Chri-

1022 829 1091 870 sti:
1120 841 1248 880 quem
1276 842 1374 870 cum
1399 842 1486 870 non
1511 828 1722 878 videritis,
1749 828 1839 870 dili-

1020 885 1138 935 gitis:
1169 886 1212 925 in
1245 898 1373 936 quem
1404 898 1518 926 nunc
1551 898 1723 936 quoque
1753 899 1839 926 non

1022 940 1218 982 videntes
1239 940 1427 982 creditis:
1451 940 1678 982 credentes
1697 946 1839 983 autem

1022 997 1293 1039 exsultabitis
1311 997 1461 1039 laetitia
1483 998 1771 1048 inenarrabili,
1796 1003 1839 1039 et

1021 1053 1278 1103 glorificata:
1318 1056 1591 1106 reportantes
1628 1054 1758 1095 finem
1793 1054 1838 1094 fi-

1023 1108 1093 1150 dei
1136 1114 1311 1159 vestrae,
1363 1109 1545 1150 salutem
1592 1110 1839 1151 animarum.

1021 1165 1088 1206 De
1109 1178 1194 1217 qua
1214 1166 1351 1207 salute
1375 1166 1684 1217 exquisierunt,
1710 1171 1839 1218 atque

1022 1222 1203 1263 scrutati
1223 1227 1323 1263 sunt
1340 1221 1583 1274 prophetae,
1611 1222 1683 1273 qui
1706 1221 1760 1263 de
1780 1222 1838 1263 fu-

1021 1281 1118 1319 tura
1148 1279 1192 1319 in
1223 1278 1348 1320 vobis
1382 1278 1521 1329 gratia
1553 1278 1839 1331 prophetave-

1020 1340 1132 1376 runt:
1152 1337 1396 1377 scrutantes
1415 1335 1459 1375 in
1480 1334 1608 1386 quod,
1628 1335 1695 1376 vel
1713 1335 1838 1386 quale

1019 1396 1192 1444 tempus
1219 1392 1483 1443 significaret
1506 1391 1549 1431 in
1574 1391 1635 1432 eis
1653 1391 1838 1443 Spiritus

1021 1447 1196 1489 Christi:
1231 1448 1527 1501 praenuntians
1559 1460 1632 1488 eas
1667 1460 1763 1498 quae
1794 1448 1837 1488 in

1022 1504 1195 1546 Christo
1221 1509 1320 1545 sunt
1345 1504 1588 1557 passiones,
1620 1508 1663 1544 et
1693 1508 1835 1556 poste·

1020 1560 1157 1601 riores
1189 1560 1363 1612 glorias:
1405 1559 1560 1611 quibus
1599 1559 1837 1601 revelatum

1020 1621 1102 1667 est,
1136 1617 1235 1668 quia
1266 1629 1353 1657 non
1385 1616 1677 1668 sibimetipsis,
1713 1615 1836 1657 vobis

1019 1677 1162 1714 autem
1180 1672 1483 1714 ministrabant
1508 1685 1574 1722 ea,
1603 1685 1700 1723 quae
1723 1685 1837 1712 nunc

1019 1730 1215 1771 nuntiata
1243 1734 1342 1771 sunt
1369 1728 1493 1770 vobis
1524 1742 1603 1781 per
1631 1741 1723 1777 eos,
1765 1729 1837 1779 qui

1020 1786 1423 1838 evangelizaverunt
1475 1785 1619 1835 vobis,
1677 1784 1837 1837 Spiritu

1020 1847 1170 1884 sancto
1189 1842 1322 1883 misso
1343 1840 1396 1883 de
1416 1841 1540 1891 coelo,
1560 1841 1602 1881 in
1623 1853 1751 1892 quem
1766 1839 1836 1882 de-

1020 1897 1212 1940 siderant
1231 1897 1387 1949 Angeli
1405 1900 1666 1950 prospicere.

1069 1957 1119 2007 Ra.
1149 1954 1367 1996 Viderunt
1394 1958 1437 1995 te
1462 1966 1586 2005 aquae
1615 1953 1750 2002 Deus,
1778 1952 1835 1993 vi-

1019 2009 1175 2051 derunt
1206 2014 1249 2052 te
1282 2022 1423 2062 aquae,
1459 2014 1503 2051 et
1534 2009 1779 2050 timuerunt:
1809 2014 1829 2035 *

1017 2065 1250 2107 Multitudo
1270 2066 1436 2107 sonitus
1455 2067 1663 2117 aquarum
1682 2076 1833 2105 vocem

1019 2120 1235 2163 dederunt
1261 2121 1415 2171 nubes,
1443 2120 1627 2172 aHeluja,
1655 2119 1833 2170 alleluja,

1017 2177 1197 2229 alleluja.
1233 2174 1281 2225 lis.
1309 2177 1549 2218 Illuxerunt
1574 2174 1832 2216 coruscatio-

1016 2245 1094 2274 nes
1118 2238 1206 2275 tuae
1233 2233 1328 2275 orbi
1353 2238 1495 2274 terrae:
1522 2230 1629 2272 vidit
1652 2235 1695 2271 et
1718 2243 1831 2272 com-

1015 2291 1135 2331 mota
1153 2295 1220 2331 est
1237 2295 1363 2331 terra.
1391 2286 1633 2329 Multitudo.

1314 2345 1492 2385 Lectio
1482 2344 1534 2384 1ii.

1018 2395 1249 2501 Propter
1278 2400 1395 2453 quod
1425 2398 1632 2440 succincti
1661 2398 1832 2440 lumbos

1107 2458 1263 2499 mentis
1282 2461 1453 2504 vestrae,
1482 2454 1615 2495 sobrii
1638 2454 1830 2506 perfecte

1014 2517 1188 2566 sperate
1206 2515 1250 2554 in
1265 2526 1369 2561 eam,
1391 2523 1488 2562 quae
1503 2509 1682 2552 offertur
1696 2509 1831 2560 vobis,

1013 2570 1207 2620 gratiam,
1226 2570 1268 2609 in
1283 2566 1590 2609 revelationem
1599 2566 1623 2606 J
1626 2579 1703 2607 esu
1714 2566 1831 2607 Chri-

1000 2623 1083 2667 sti:
1104 2625 1225 2677 quasi
1244 2624 1319 2665 filii
1340 2621 1610 2672 obedientiae,
1630 2635 1716 2663 non
1732 2635 1831 2663 con-

1012 2681 1186 2740 figurati
1220 2678 1438 2732 prioribus
1474 2678 1730 2729 ignorantiae
1761 2690 1830 2719 ve-
