2066 2956
229 188 322 232 [294]

226 284 473 333 insidiatur,
502 284 723 335 AEgthus
749 294 854 324 vero
881 281 1053 334 excipit,

227 346 270 382 et
298 345 444 381 servat
476 338 644 380 insidiis
670 339 927 391 impetitum.
967 337 1051 379 Ne-

227 410 311 449 que
339 396 454 438 enim
480 401 649 438 tantum
675 395 719 435 in
747 394 847 436 filiis
871 395 1052 447 patriar-

225 453 336 504 chae,
365 452 445 495 sed
470 453 601 495 etiam
625 454 668 494 in
687 452 876 494 Domino
896 451 991 504 typi
1010 456 1053 493 et

225 510 376 561 figurae
405 509 688 562 contigerunt.
727 507 812 550 Pe'r
845 521 896 550 ea
928 508 1052 558 enim,

227 579 325 618 quae
345 566 398 608 ab
413 566 511 619 ipso
527 570 651 617 gesta
665 570 774 615 sunt,
793 564 928 606 multa
942 578 1051 617 prae-

225 622 533 664 nuntiabantur
563 624 732 671 eorum,
767 634 865 673 quae
896 624 1053 674 postea

226 682 434 721 eventura
463 684 597 721 erant:
631 679 751 731 quod
779 683 822 720 et
848 678 892 718 in
921 678 1052 729 asina,

224 741 267 777 et
298 736 342 777 in
373 736 495 789 pullo
523 735 686 777 factum
713 740 790 776 est.
857 734 1051 786 Angelus

224 793 372 843 igitur,
402 793 476 844 qui
503 792 724 845 apparuit,
751 804 839 832 non
857 791 1051 841 Mariam,

224 848 303 890 sed
327 849 351 889 J
354 848 569 902 osephum
594 848 847 900 alloquitur:
877 853 919 890 et
946 847 1051 900 quid

223 904 350 947 dicit?
395 905 550 956 Surge,
594 905 745 957 accipe
779 905 972 945 Puerum
1009 909 1052 946 et

223 962 408 1003 Matrem
434 963 535 1014 ejus.
575 961 660 1003 Hic
685 974 773 1003 non
797 961 911 1003 ultra
936 960 1051 1011 dicit,

224 1019 451 1070 conjugem
475 1024 611 1068 tuam,
639 1018 719 1059 sed
738 1018 925 1060 Matrem
950 1020 1050 1070 ejus.

223 1075 334 1124 Quia
362 1076 475 1116 enim
502 1080 654 1128 partus
682 1075 879 1126 contigit,
912 1078 1050 1128 suspi-

222 1131 290 1172 cio
318 1131 462 1174 soluta
487 1136 569 1181 est,
602 1136 646 1173 et
674 1131 768 1173 viro
797 1130 908 1173 fides
936 1131 1051 1174 facta

223 1193 305 1238 est,
337 1188 472 1230 libere
506 1189 589 1240 jam
620 1187 814 1239 loquitur
845 1187 1050 1239 Angelus,

220 1257 363 1296 neque
382 1244 529 1295 filium,
550 1257 692 1297 neque
713 1245 941 1296 conjugem
960 1245 1050 1297 ejus

222 1300 386 1351 dicens;
432 1300 526 1350 sed,
563 1301 754 1342 Puerum
790 1305 835 1342 et
865 1301 1051 1343 Matrem

222 1358 326 1408 ejus:
360 1363 403 1399 et
428 1358 530 1409 fuge
558 1357 601 1398 in
628 1358 885 1410 AEgthum3
918 1357 1048 1409 fugae-

222 1426 306 1465 que
348 1427 524 1456 causam
560 1412 699 1455 addit:
744 1414 938 1455 futurum
983 1419 1050 1456 est

222 1470 352 1520 enim,
380 1470 537 1523 inquit,
572 1475 620 1511 ut
647 1469 851 1511 Herodes
881 1476 1050 1523 quaerat

221 1527 407 1568 animam
425 1527 567 1568 Pueri.

275 1583 325 1634 R.
377 1584 678 1634 Cognoscetur
728 1583 944 1624 Dominus
993 1583 1048 1626 ab

220 1640 428 1692 AEgJ'tho.
466 1639 488 1663 *
519 1640 576 1681 Et
614 1642 882 1690 cognoscent
915 1640 1047 1692 AEgy-

219 1696 302 1748 ptii
319 1697 557 1738 Dominum
580 1697 624 1737 in
650 1696 720 1738 die
745 1696 829 1737 illa.
872 1692 921 1742 Y.
954 1696 1047 1738 Cla-

220 1752 401 1795 mabunt
433 1751 490 1795 ad
516 1753 754 1794 Dominum
786 1766 811 1793 a
837 1752 949 1794 facie
976 1753 1048 1795 tri-

219 1808 426 1860 bulantis,
452 1815 496 1851 et
518 1810 661 1852 mittet
683 1809 746 1851 eis
764 1809 1047 1851 Salvatorem.

220 1865 276 1907 Et
296 1868 573 1917 cognoscent.

528 1920 679 1960 Lectio
702 1921 753 1959 vi.

222 1970 364 2076 Hoc
396 1992 501 2022 vero
528 1979 754 2030 Virginem
785 1979 927 2032 ipsam
958 1992 1046 2020 non

330 2035 611 2078 mediocriter
645 2036 806 2077 claram
838 2035 971 2077 efficit
1003 2040 1047 2077 et

219 2093 441 2135 illustrem.
476 2092 591 2134 Nam
617 2091 738 2144 quod
763 2097 883 2134 totus
906 2094 1045 2145 popu-

219 2150 286 2191 lus
311 2149 498 2192 encomii
520 2149 621 2190 loco
645 2148 851 2199 habebat,
880 2148 965 2190 hoc
983 2149 1044 2202 ip-

221 2219 316 2247 sum
343 2205 504 2247 habere
533 2205 679 2258 potuit
702 2210 746 2247 et
769 2205 876 2258 ipsa.
917 2204 1047 2255 Quod

222 2263 336 2303 enim
353 2262 488 2303 altum
506 2261 735 2314 sapiebant
750 2266 792 2303 et
807 2274 903 2302 sese
918 2262 1046 2313 jacta-

222 2318 326 2360 bant
355 2318 412 2360 ob
440 2317 629 2359 reditum
658 2330 712 2359 ex
739 2318 956 2370 AEgypto,
989 2318 1047 2368 (id

223 2374 342 2426 quod
372 2373 651 2416 subindicans
684 2373 903 2427 propheta
934 2373 1046 2415 dice-

221 2429 311 2472 bat:
336 2430 491 2472 Nonne
520 2430 783 2482 alienigenas
807 2430 970 2472 adduxi
993 2430 1048 2472 de

224 2486 515 2539 Cappadocia,
533 2492 577 2529 et
591 2487 798 2540 Assyrios
814 2500 868 2527 ex
882 2486 1047 2538 fovea?)

220 2542 328 2583 illud
346 2543 489 2595 ipsum
507 2546 846 2596 praerogativam
856 2543 1048 2593 Virginis

223 2598 334 2639 facit.
368 2599 461 2640 Imo
481 2612 586 2641 vero
612 2605 655 2642 et
677 2599 885 2652 populus,
911 2605 955 2640 et
973 2612 1046 2651 pa-

222 2654 410 2696 triarcha
426 2655 741 2698 descendentes
758 2662 800 2698 et
815 2655 1046 2698 ascenden-

222 2715 304 2759 tes,
329 2709 429 2752 inde
455 2712 580 2753 istius
604 2714 826 2762 ascensus,
851 2725 928 2754 seu
952 2712 1046 2754 red—

580 189 649 222 Dic
680 189 724 222 17.
752 189 858 221 Febr.
907 189 1022 229 Fugit
1050 189 1090 220 l).
1117 188 1159 221 N.
1184 189 1215 221 J.
1243 189 1281 223 C.
1308 189 1344 222 in
1371 189 1591 233 rlfigyptum.

1105 282 1191 323 itus
1209 286 1363 335 typum
1381 282 1636 336 implebant:
1654 295 1755 324 nam
1777 282 1840 324 illi
1858 282 1929 325 de-

1106 338 1383 389 scenderunt,
1422 344 1471 380 ut
1505 344 1692 381 mortem
1728 351 1782 380 ex
1817 339 1930 381 fame

1105 394 1399 437 imminentem
1426 395 1684 446 effugerent3
1715 395 1786 437 hic
1812 407 1930 445 vero,

1105 456 1153 492 ut
1188 451 1346 494 vitaret
1380 456 1566 494 mortem
1601 450 1770 493 insidiis
1804 454 1929 505 para-

1105 512 1206 549 tam.
1240 509 1300 550 At
1323 508 1385 549 illi
1410 520 1464 549 eo
1488 507 1712 550 veniEntes
1738 521 1792 549 ex
1817 508 1931 550 fame

1104 570 1208 606 tunc
1230 564 1403 607 liberati
1424 569 1538 615 sunt3
1566 564 1639 606 ille
1657 577 1778 614 vero,
1806 569 1854 606 ut
1877 577 1930 607 eo

1106 620 1343 672 descendit,
1363 621 1589 672 regionem
1606 626 1746 663 totam
1761 633 1842 673 per
1857 620 1930 663 ad-

1104 679 1282 719 ventum
1306 691 1433 719 suum
1452 677 1749 719 sanctificavit.
1784 677 1931 719 Consi-

1106 733 1233 775 deres
1252 736 1400 787 itaque
1415 733 1557 785 velim,
1579 732 1802 786 quemodo
1819 733 1932 775 inter

1105 790 1296 841 humilia,
1319 803 1418 843 quae
1437 790 1495 832 ad
1514 790 1784 832 divinitatem
1802 789 1932 843 perti-

1104 852 1218 896 nent,
1237 846 1495 889 revelentur.
1518 846 1692 888 Etenim
1710 859 1809 888 cum
1824 846 1933 888 dixit

1105 903 1315 954 Angelus,
1347 904 1449 954 fuge
1479 903 1523 944 in
1555 903 1813 956 AEgthum‚
1845 915 1933 944 non

1103 961 1321 1013 promisit,
1347 973 1394 1002 se
1413 959 1579 1002 itineris
1599 959 1804 1001 comitem
1821 958 1932 1001 futu-

1105 1030 1216 1066 rum,
1242 1016 1313 1058 vel
1333 1015 1715 1067 descendentibus,
1743 1015 1813 1057 vel
1837 1014 1932 1058 red-

1106 1073 1324 1122 euntibus,
1369 1072 1664 1123 subindicans,
1709 1071 1809 1113 illos
1844 1085 1931 1114 ma-

1103 1143 1236 1181 gnum
1254 1129 1417 1172 habere
1437 1129 1660 1179 comitem,
1688 1141 1841 1170 recens
1859 1142 1931 1170 na-

1103 1191 1196 1228 tum
1213 1187 1419 1237 Puerum,
1447 1186 1520 1239 qui
1539 1185 1688 1228 statim
1706 1190 1839 1238 atque
1859 1198 1931 1238 ap-

1103 1243 1258 1295 paruit,
1279 1243 1423 1285 omnia
1441 1242 1637 1285 mutavit.

1158 1306 1210 1357 Rv-
1237 1308 1398 1350 Sancta
1422 1313 1466 1350 et
1489 1306 1768 1349 immaculata
1791 1306 1931 1358 Virgi-

1103 1364 1232 1413 nitas,
1261 1364 1418 1417 quibus
1443 1369 1488 1406 te
1513 1363 1717 1406 laudibus
1743 1362 1931 1412 efferam,

1102 1421 1266 1462 nescio:
1298 1418 1321 1443 *
1347 1421 1458 1472 Quia
1487 1433 1618 1472 quem
1645 1419 1746 1462 coeli
1773 1421 1931 1472 capere

1103 1490 1191 1518 non
1209 1479 1429 1530 poterant,
1453 1482 1529 1519 tuo
1579 1476 1716 1517 remio
1735 1476 1779 1517 in
1797 1476 1931 1528 AEgy-

1102 1538 1228 1586 ptum
1261 1533 1493 1575 contulisti.
1581 1562 1587 1569 .
1616 1531 1858 1574 Benedicta
1883 1536 1931 1573 tu

1102 1590 1145 1631 in
1180 1590 1450 1641 mulieribus,
1483 1594 1526 1631 et
1558 1587 1815 1631 benedictus
1846 1588 1930 1629 fru-

1103 1651 1199 1688 ctus
1223 1647 1387 1689 ventris
1410 1647 1483 1688 tui.
1520 1645 1642 1695 Quia.
1681 1644 1830 1686 Gloria
1852 1645 1930 1686 Pa-

1101 1703 1168 1744 tri.
1201 1704 1324 1754 Quia.

1328 1776 1377 1814 In
1396 1776 1466 1815 111.
1487 1776 1710 1817 Nocturno.

1155 1842 1254 1882 Ant.
1296 1841 1518 1883 Defuncto
1555 1846 1701 1883 autem
1735 1840 1928 1890 Herode,

1103 1911 1205 1940 ecce
1231 1898 1427 1949 Angelus
1451 1897 1628 1940 Domini
1655 1897 1859 1950 apparuit
1884 1897 1929 1939 in

1103 1955 1267 1996 somnis
1285 1955 1310 1996 J
1313 1954 1454 2008 oseph
1470 1955 1514 1996 in
1534 1955 1743 2007 AEgypto.

1155 2010 1252 2052 Ant.
1282 2011 1418 2063 Surge
1442 2015 1485 2053 et
1505 2011 1657 2064 accipe
1675 2010 1867 2052 Puerum
1885 2014 1930 2051 et

1102 2067 1287 2110 Matrem
1306 2069 1408 2120 ejus
1430 2073 1474 2110 et
1492 2067 1606 2110 vade
1625 2068 1669 2109 in
1687 2073 1851 2110 terram
1866 2068 1928 2108 Is-

1102 2124 1204 2165 rael

1153 2180 1251 2221 Ant.
1288 2180 1491 2223 Defuncti
1515 2186 1631 2231 sunt,
1661 2181 1735 2234 qui
1763 2182 1927 2233 quaere-

1102 2236 1208 2278 bant
1228 2237 1415 2278 animam
1433 2238 1573 2280 Pueri.

1154 2285 1205 2338 V.
1245 2293 1523 2345 Consurgens
1557 2294 1582 2335 J
1585 2292 1725 2347 oseph
1759 2293 1928 2346 accepit

1101 2349 1291 2390 Puerum
1310 2354 1354 2391 et
1371 2350 1557 2392 Matrem
1576 2351 1678 2402 ejus.
1710 2349 1760 2401 R.
1781 2350 1839 2391 Et
1857 2362 1926 2391 ve-

1102 2405 1165 2447 nit
1182 2405 1226 2446 in
1245 2410 1407 2447 terram
1426 2406 1572 2448 Israel.

1106 2478 1258 2520 Lectio
1279 2480 1418 2521 sancti
1435 2480 1663 2532 Evangelii
1687 2479 1927 2521 secundum

1382 2536 1649 2578 Matthaeum.

1204 2593 1356 2637 Lectio
1378 2594 1445 2635 vii.
1670 2594 1771 2646 Cap.
1788 2595 1823 2633 2.

1148 2670 1177 2697 n
1199 2656 1274 2698 illo
1298 2658 1512 2709 tempore:
1537 2657 1731 2708 Angelus
1751 2658 1927 2699 Domini

1167 2714 1371 2766 apparuit
1398 2714 1442 2754 in
1468 2714 1632 2755 somnis
1657 2714 1682 2755 J
1685 2714 1839 2767 oseph‚
1866 2713 1926 2756 di-
