2066 2956
614 200 683 234 Die
708 201 758 233 2⁴.
784 199 942 242 Aprilis.
990 199 1024 234 S.
1052 199 1148 232 Boni
1177 198 1355 232 Latronis
1379 198 1487 232 Conf.

197 295 338 337 minus
375 294 555 336 loricam
595 294 717 343 fidei,
771 300 815 336 et
856 295 1028 336 ornavit

199 365 307 394 eum.
340 351 395 392 Et
419 350 475 392 ad
500 356 665 402 portas.

501 415 653 456 Lectio
675 415 724 454 vi.

1080 294 1241 336 raculis
1271 295 1437 336 clarum
1463 296 1568 337 Pius
1598 309 1740 337 nonus
1766 296 1912 337 Ponti-

1081 351 1151 392 fex
1175 351 1393 393 Maximus
1417 351 1668 402 beatorum,
1695 355 1912 404 novisque

1081 406 1319 459 fulgentem
1338 408 1476 459 signis.
1492 408 1585 450 Leo
1605 408 1802 450 decimus
1827 410 1912 450 ter·

201 460 524 566 Ubicumque
544 465 806 504 consisteret
821 464 931 505 mira
946 464 1027 505 vir·
1079 464 1168 505 tius
1189 466 1443 506 sanctorum
1465 465 1566 506 albo
1587 465 1835 518 adscripsit.

306 523 450 561 tutum
495 518 770 571 relinquebat
816 520 1028 572 exempla,

197 590 296 618 cum
334 576 581 617 sanctitatis
620 576 735 616 fama
767 576 885 617 haud
917 577 1028 618 raris

197 632 411 685 prodigiis
431 632 702 673 confirmata.
735 632 932 685 septimo
957 645 1027 673 an·

197 695 241 730 te
275 688 443 730 obitum
475 700 590 729 anno
620 688 808 729 Romam
841 689 1027 741 repetiit,

197 745 344 796 ibique
356 744 564 792 constitit,
581 744 662 785 etsi
674 745 908 796 quotannis
918 744 1028 786 Lau-

197 803 393 842 retanam
412 801 566 842 Beatae
585 800 778 851 Virginis
799 801 956 850 aedem,
986 807 1029 843 et

197 857 281 898 alia
300 857 511 898 viciniora
531 857 778 903 sanctuaria
799 857 920 899 adire
940 871 1028 899 non

197 913 536 966 praetermiserit.
615 913 818 954 Co'elitem
879 914 1028 966 potius

198 983 329 1022 quam
348 969 528 1011 viatoris
544 970 679 1010 vitam
699 970 742 1009 in
756 969 877 1011 Urbe
897 972 1028 1021 agere

199 1026 317 1067 visus
337 1031 416 1067 est.
458 1026 598 1067 Tecto
625 1031 672 1067 ut
696 1025 935 1078 plurimum
961 1039 1027 1067 ca-

197 1095 308 1131 rens,
323 1082 471 1124 lacero
488 1081 646 1124 eodem
660 1082 915 1123 indumento
931 1095 1027 1135 per-

196 1141 330 1192 petuo
350 1152 467 1188 usus,
488 1138 680 1180 oleribus
696 1138 934 1190 herbisque
948 1152 1029 1191 per

196 1196 314 1236 viam
337 1194 518 1246 abjectis
539 1195 610 1236 vel
635 1194 796 1236 oblatis
818 1195 1028 1236 analectis

198 1252 291 1293 sive
333 1264 357 1292 e
401 1251 676 1302 sterquilinio
712 1252 931 1304 promptis
967 1252 1027 1292 in-

198 1309 341 1350 ediam
360 1307 603 1357 relevabat,
630 1308 748 1349 sitim
773 1313 848 1349 aut
868 1309 1026 1351 exstin-

197 1365 359 1415 guebat
389 1377 521 1417 aqua,
560 1369 635 1405 aut
667 1366 793 1406 aceto
826 1365 1028 1407 vexabat.

197 1422 324 1473 Saepe
350 1426 445 1463 tota
469 1426 602 1463 nocte
622 1421 780 1462 orabat
798 1422 842 1462 in
862 1422 1027 1475 amphi-

196 1477 369 1519 theatro
389 1478 557 1527 Flavio,
582 1483 649 1519 tot
668 1478 912 1530 Martyrum
931 1481 1027 1520 san-

197 1534 327 1584 guine
352 1536 625 1576 consecrato.
659 1535 895 1576 Maximam
919 1548 1026 1577 vero

199 1589 285 1637 diei
303 1595 475 1642 partem
493 1590 536 1631 in
555 1591 732 1643 templis
748 1590 910 1632 ducere
927 1604 1027 1633 con-

198 1647 340 1688 suevit
359 1647 429 1688 vel
449 1652 550 1688 ante
564 1647 771 1700 Deiparae
791 1648 1027 1699 imaginem

199 1703 266 1744 vel
286 1716 435 1744 coram
455 1706 738 1745 sacrosancta
752 1704 1028 1745 Eucharistia

197 1759 387 1811 poblicae
412 1760 661 1801 adorationi
679 1761 927 1813 proposita,
950 1760 1027 1802 ibi-

199 1828 284 1867 que
302 1815 549 1866 immobilis,
569 1816 741 1866 ardens,
765 1816 918 1857 nitenti
937 1816 1027 1858 vul-

199 1876 260 1921 tu,
298 1872 525 1924 oculisque
558 1873 600 1913 in
633 1886 804 1915 sacram
836 1872 1026 1915 hostiam

199 1927 355 1969 defixis
389 1929 643 1971 morabatur
679 1930 722 1971 in
760 1930 1026 1983 contempla-

198 1984 318 2025 tione
343 1986 450 2036 ejus‚
479 1998 609 2037 quem
640 1985 864 2037 diligebat.
909 1987 1026 2028 Inse-

199 2040 282 2081 ctis
297 2042 461 2090 erosus‚
481 2041 687 2093 squalore
703 2042 885 2091 obsitus,
906 2042 1026 2094 quid-

201 2096 306 2148 quid
337 2096 587 2139 irrisionum
619 2103 694 2139 aut
720 2098 973 2150 injuriarum
1001 2112 1026 2140 a

200 2152 429 2204 plebecula
457 2153 541 2195 sibi
568 2154 867 2205 irrogabatur,
899 2155 1027 2197 laetus

201 2215 244 2250 et
269 2215 476 2252 constans
500 2210 762 2262 perferebat.
802 2212 931 2254 Anno
956 2212 1027 2254 de-

201 2266 331 2318 nique
369 2266 600 2308 millesimo
637 2269 1027 2321 septingentesimo

202 2323 472 2373 octogesimo
483 2324 627 2374 tertio,
638 2324 709 2366 die
721 2325 892 2366 decima
903 2331 1027 2367 sexta

203 2378 377 2430 Aprilis,
396 2393 495 2421 cum
514 2382 556 2422 in
576 2382 744 2435 templo
760 2387 924 2423 sanctae
940 2382 1027 2423 Ma-

203 2435 278 2474 riae
310 2435 366 2476 ad
397 2436 570 2479 Montes
602 2438 848 2490 precationi
880 2437 1029 2490 plures

204 2488 398 2533 dedisset
411 2492 554 2543 horas,
574 2496 805 2546 correptus
821 2494 1030 2546 deliquio,

1072 559 1077 565 s
1136 529 1187 580 Ιζι,
1211 525 1304 566 Iste
1323 525 1469 567 homo.
1489 525 1574 578 [89]

1134 593 1175 626 In
1201 592 1266 626 ΙΠ.
1289 592 1488 626 Nocturno
1515 591 1685 625 Homilia
1712 592 1749 625 in
1768 592 1912 633 Evang.

1083 640 1122 675 si
1147 639 1236 684 quis
1257 639 1350 674 vult.
1378 641 1424 674 de
1443 640 1647 674 Communi
1673 640 1787 674 unius
1804 639 1913 674 Mart.

1083 694 1191 723 extra
1220 694 1334 732 temp.
1366 688 1503 722 Paseh.
1536 688 1566 722 2.
1596 689 1694 722 loco.
1724 686 1794 730 [35]
1828 698 1915 722 cum

1083 737 1162 781 HR.
1189 737 1235 771 de
1262 737 1406 771 Comm.
1431 736 1541 771 Conf.
1567 746 1644 770 non
1667 736 1776 770 Pont.
1798 733 1870 778 [91]

1314 820 1398 861 Die
1417 821 1483 860 24.
1502 820 1680 873 Aprilis.

1199 888 1242 929 S.
1265 887 1393 929 Boni
1415 887 1653 929 Latronis
1679 888 1801 929 Conf.

1414 951 1579 996 Duplex.

1298 1023 1361 1063 In
1379 1023 1415 1063 1.
1440 1023 1694 1073 vesperis.

1134 1087 1222 1120 Ant.
1249 1091 1285 1119 et
1307 1085 1431 1129 Capit.
1458 1086 1505 1120 de
1521 1086 1641 1121 Laud.
1663 1084 1763 1128 [350]
1792 1087 1854 1122 Ps.
1875 1093 1915 1122 ut

1082 1135 1119 1169 in
1144 1134 1171 1168 Ι.
1199 1134 1313 1177 Vesp.
1340 1134 1386 1168 de
1413 1134 1616 1169 Communi
1641 1134 1778 1178 Apost.
1801 1133 1849 1177 [1]

1395 1191 1605 1242 Hymnus.

1202 1265 1280 1295 esu
1301 1256 1466 1295 corona
1486 1254 1656 1303 celsior,

1219 1309 1277 1351 Et
1296 1311 1458 1352 veritas
1478 1310 1720 1360 sublimior,

1184 1366 1269 1416 Qui
1288 1366 1517 1408 confitenti
1537 1367 1714 1408 servulo

1184 1422 1353 1464 Reddis
1372 1425 1566 1476 perenne
1586 1423 1827 1475 praemium.

1134 1488 1201 1528 Da
1222 1488 1490 1540 supplicanti
1509 1488 1656 1536 coetui,

1184 1544 1325 1596 Hujus
1344 1547 1513 1595 rogatu,
1533 1545 1654 1586 noxii

1187 1600 1513 1642 Remissionem
1533 1601 1740 1652 criminis,

1183 1658 1451 1710 Rumpendo
1472 1671 1634 1699 nexum
1652 1658 1824 1700 vinculi.

1134 1723 1248 1763 Anni
1267 1725 1448 1764 reverso
1466 1725 1680 1776 tempore,

1183 1780 1291 1821 Dies
1311 1779 1484 1821 refulsit
1502 1780 1679 1829 lumine,

1186 1837 1283 1886 Quo
1302 1841 1480 1877 sanctus
1499 1835 1571 1878 hic
1591 1835 1647 1878 de
1667 1838 1858 1890 corpore

1185 1892 1391 1943 Migravit
1409 1893 1523 1934 inter
1542 1892 1701 1934 sidera.

1137 1957 1190 1998 Ut
1209 1957 1269 1998 sis
1286 1959 1479 2010 perenne
1497 1958 1719 1999 mentibus

1184 2013 1398 2055 Paschale
1418 2014 1442 2054 J
1444 2027 1523 2056 esu
1541 2014 1762 2066 gaudium,

1185 2071 1225 2110 A
1244 2075 1388 2112 morte
1410 2069 1505 2111 dira
1525 2071 1754 2112 criminum

1185 2127 1302 2168 Vitae
1323 2129 1503 2168 renatos
1522 2126 1671 2168 libera.

1134 2195 1231 2236 Deo
1251 2193 1370 2235 Patri
1389 2194 1446 2235 sit
1464 2193 1614 2245 gloria,

1185 2251 1242 2293 Et
1258 2251 1381 2301 Filio,
1402 2251 1476 2303 qui
1496 2263 1519 2291 a
1541 2251 1728 2292 mortuis

1185 2308 1393 2355 Surrexit,
1414 2320 1465 2348 ac
1484 2307 1719 2356 Paraclito,

1190 2366 1240 2406 In
1260 2364 1528 2416 sempiterna
1548 2363 1721 2404 saecula.

1392 2420 1546 2460 Amen.

1135 2482 1182 2533 Y.
1208 2485 1386 2527 Amavit
1404 2497 1505 2526 eum
1523 2483 1756 2533 Dominus,
1781 2488 1825 2525 et
1846 2496 1913 2524 or-

203 2546 518 2601 traductusque
549 2550 714 2591 vicinas
739 2551 782 2591 in
810 2550 930 2592 aedes
957 2550 1028 2593 be·
1082 2543 1202 2584 navit
1221 2555 1336 2591 eum,
1355 2540 1539 2592 alleluja.
1567 2543 1618 2595 R:-
1635 2540 1803 2581 5ῒοῙᾶῐῦ
1824 2539 1914 2590 816·

204 2601 331 2643 nefici
347 2602 543 2654 hominis,
559 2607 830 2648 sanctissime
841 2607 1029 2648 animam
1082 2600 1158 2640 1⁴1ae
1178 2598 1321 2640 induit
1340 2610 1452 2646 eum,
1471 2596 1654 2647 alleluja.

203 2658 301 2699 Deo
319 2659 525 2710 reddidit,
550 2662 772 2712 trigesimo
800 2665 953 2716 quinto
974 2677 1029 2705 ae-

1134 2660 1204 2701 Ad
1235 2661 1407 2711 Magnif.
1455 2661 1553 2700 Ant.
1602 2660 1679 2702 Ait
1710 2660 1825 2702 latro
1858 2660 1915 2702 ad

202 2714 305 2756 tatis
321 2727 446 2757 anno.
475 2718 614 2767 Quem
634 2719 870 2762 virtutibus
889 2725 933 2762 et
952 2720 1029 2761 mi·
1082 2720 1314 2762 latronem:
1332 2719 1428 2760 Nos
1449 2717 1628 2770 quidem
1643 2717 1774 2768 digna
1788 2717 1914 2758 factis
