2028 2892
552 171 623 205 Die
648 173 680 204 δ’.
707 171 843 206 Martii.
891 174 924 206 S.
950 172 1114 206 Joamnis
1140 173 1186 206 dc
1212 173 1293 207 I)c0
1321 173 1428 207 Conf.

134 263 366 304 eramentis
392 264 475 305 rite
499 265 738 315 sancteque
762 264 962 314 refectus,

134 318 298 360 viribus
334 318 437 360 licet
472 318 727 367 destitutus,
772 321 961 372 prepriis

132 374 311 416 indutus
325 375 532 424 vestibus,
550 388 573 416 6
588 375 751 417 16611110
768 389 961 427 surgens,

135 443 186 472 ac
214 430 474 483 provolutus
500 431 544 471 in
571 433 731 482 genua,
762 445 894 473 manu
919 438 963 474 et

135 486 269 528 corde
289 486 509 528 Christum
527 487 764 528 Deminum
789 501 812 529 e
832 501 962 530 cruce

133 542 397 594 pendentem
440 545 756 595 perstringens,
803 547 961 585 octavo

133 598 238 640 Idus
263 598 410 640 Martii
437 612 552 640 anno
579 599 810 641 millesimo
841 601 961 652 quin-

132 655 375 706 gentesimo
401 656 762 707 quinquagesimo
788 656 897 698 ebiit
918 658 962 697 in

134 710 285 752 osculo
312 711 506 752 Demini:
536 724 668 763 quem
692 712 824 753 etiam
848 715 961 754 mer-

132 772 233 808 tuus
259 767 416 818 tenuit,
443 780 525 808 nec
551 767 732 817 dimisit,
759 773 803 810 et
826 769 870 809 in
894 771 962 810 ea-

133 822 234 864 dem
279 823 478 876 60190115
525 823 835 866 constitutiene
887 837 963 866 sex

135 879 307 920 circiter
334 878 482 928 horas,
516 882 748 931 quousque
774 880 874 922 inde
901 880 961 921 di-

132 937 278 976 11101115
304 935 475 983 fuisset,
501 939 596 976 tota
621 935 798 977 civitate
819 936 961 988 inspe-

134 993 291 1040 ctante,
310 990 568 1032 mirabiliter
584 992 836 1043 permansit,
856 992 961 1034 ode-

133 1059 226 1088 rem
259 1047 367 1088 mire
403 1047 670 1098 fragrantem
702 1047 962 1090 diffundens.

134 1103 275 1153 Quem
302 1108 403 1144 ante
431 1107 475 1144 et
501 1108 605 1155 post
633 1103 804 1144 ebitum
830 1104 962 1156 pluri-

132 1159 215 1200 mis
241 1159 464 1200 miraculis
495 1159 676 1210 clarum,
709 1160 964 1203 Alexander

134 1217 318 1256 octavus
335 1215 539 1257 Pentifex
558 1215 777 1257 Maximus
795 1217 840 1257 in
858 1217 960 1259 San-

133 1273 304 1313 cterum
320 1274 550 1313 numerum
568 1272 727 1314 retulit.

186 1333 237 1385 R.
263 1332 353 1373 Iste
371 1330 516 1373 homo.
535 1331 620 1384 [89]

353 1409 403 1448 In
421 1409 492 1448 III.
511 1409 735 1449 Nocturno.

132 1471 289 1513 Lectio
312 1473 452 1514 sancti
469 1473 697 1524 Evangelii
720 1473 964 1515 secundum

413 1528 684 1570 Matthaeum.

235 1585 387 1627 Lectio
408 1586 476 1627 vii.
620 1585 723 1636 Cap.
738 1585 802 1624 22.
819 1583 858 1625 d.

182 1653 210 1680 n
237 1639 312 1681 illo
339 1642 554 1694 tempore:
583 1643 879 1683 Accesserunt
907 1641 965 1683 ad

200 1696 225 1736 J
227 1708 350 1738 esum
368 1697 588 1750 pharisaei:
613 1703 656 1739 61
674 1698 965 1748 interrogavit

136 1764 235 1792 eum
253 1766 366 1794 unus
387 1766 441 1794 ex
461 1754 523 1795 eis
542 1753 652 1805 legis
672 1752 845 1803 doctor,
873 1758 963 1795 ten-

134 1812 233 1849 tans
253 1821 365 1849 eum:
383 1809 602 1860 Magister,
622 1809 742 1861 quod
762 1813 828 1850 est
846 1822 962 1850 man-

135 1861 286 1905 datum
300 1877 506 1915 magnum
520 1866 564 1905 in
578 1863 697 1917 lege?
717 1865 775 1906 Et
787 1865 963 1916 reliqua.

132 1937 325 1979 Homilia
336 1939 477 1980 sancti
486 1939 511 1979 J
514 1938 639 1980 oanis
648 1938 963 1990 Chrysestomi.

315 2002 487 2037 Homilia
509 2003 561 2037 72.
588 2003 628 2036 in
652 2003 783 2036 Matth.

140 2055 462 2124 (Wadducaeis
504 2058 712 2107 confusis,
758 2057 963 2110 pharisaei

140 2114 231 2179 (ζμ
255 2126 406 2154 rursus
425 2114 750 2165 aggrediantur:
776 2127 962 2166 cumque

146 2159 230 2199 'xij
256 2169 481 2220 quiescere
525 2171 769 2222 oporteret,
815 2169 961 2211 decer·

133 2227 228 2266 1616
260 2225 507 2267 voluerunt:
546 2230 589 2267 et
619 2225 728 2276 legis
760 2226 963 2278 peritiam

134 2281 416 2333 profitentem
447 2284 737 2333 praemittunt,
777 2294 865 2322 non
900 2281 960 2322 di-

134 2349 274 2386 scere,
311 2337 391 2378 sed
426 2340 596 2379 tentare
629 2338 869 2390 cupientes3
911 2350 962 2378 ac

133 2392 196 2433 ita
213 2392 497 2443 interrogant:
522 2393 754 2443 Quodnam
772 2394 962 2445 primum

134 2447 390 2490 mandatum
416 2449 460 2489 in
487 2449 584 2500 lege
613 2450 679 2490 sit.
719 2449 835 2490 Nam
863 2461 962 2489 cum

134 2503 323 2555 primum
355 2504 463 2546 illud
498 2505 570 2554 sit,
611 2505 781 2555 Diliges
813 2504 961 2544 Demi-

134 2571 239 2599 num
256 2560 401 2601 Deum
418 2566 555 2602 tuum:
580 2563 786 2613 putantes
807 2572 961 2600 causas

136 2613 219 2655 sibi
249 2615 480 2657 allaturum
513 2616 570 2658 ad
596 2616 849 2658 mandatum
877 2614 962 2655 1106

138 2670 461 2722 corrigendum,
523 2672 688 2724 aliquid
742 2669 961 2720 addendo,

1776 168 1845 202 395

1017 265 1223 318 queniam
1256 264 1399 305 Deum
1436 277 1483 305 se
1519 263 1724 312 faciebat,
1760 263 1846 305 hoc

1014 321 1151 363 modo
1205 321 1485 371 interrogant.
1548 319 1663 370 Quid
1715 320 1845 369 igitur

1018 375 1239 418 Christus?
1277 377 1336 418 Ut
1365 375 1568 417 ostendat
1595 376 1760 417 idcirco
1789 375 1846 417 ad

1015 433 1112 474 haec
1140 445 1217 474 eos
1247 432 1491 481 devenisse,
1528 432 1629 483 quia
1656 431 1774 472 nulla
1802 431 1846 471 in

1017 490 1079 530 eis
1112 494 1230 530 esset
1263 488 1440 536 caritas,
1477 487 1556 528 sed
1590 487 1765 528 invidiae
1797 487 1845 527 li-

1016 547 1123 586 vere
1151 545 1444 586 tabescerent:
1479 543 1662 594 DiligeS,
1694 544 1844 595 inquit,

1016 603 1132 642 Dfim
1168 602 1312 642 Deum
1347 606 1489 642 tuum:
1535 600 1621 641 hoc
1657 601 1846 652 primum

1017 663 1060 699 et
1078 671 1283 708 magnum
1301 655 1558 697 mandatum
1578 660 1655 697 est.
1688 656 1844 696 Secun-

1017 713 1122 755 dum
1159 719 1305 755 autem
1342 712 1482 753 simile
1517 711 1633 752 huic:
1679 711 1846 761 Diliges

1016 770 1267 821 preximum
1285 774 1409 810 tuum
1429 769 1541 809 sicut
1560 770 1760 820 teipsum.

1070 826 1121 876 R.
1150 826 1242 867 Iste
1271 831 1338 866 est
1363 825 1438 876 qui
1462 830 1562 865 ante
1588 824 1731 864 Deum
1760 836 1845 863 ma-

1016 894 1124 932 gnas
1153 882 1339 923 virtutes
1369 883 1579 933 operatus
1608 885 1691 929 est,
1720 885 1764 920 61
1792 879 1846 920 de

1017 938 1134 978 omni
1177 937 1312 979 corde
1349 949 1429 978 5110
1466 935 1663 978 laudavit
1698 936 1846 976 Demi-

1016 1007 1134 1035 num:
1157 996 1178 1016 *
1197 995 1300 1046 Ipse
1322 991 1566 1034 intercedat
1589 1005 1671 1044 pro
1693 994 1845 1044 pecca-

1016 1050 1073 1090 tis
1106 1050 1299 1091 emnium
1331 1048 1608 1101 populerum.
1646 1043 1696 1095 V
1731 1048 1847 1088 Ecce

1016 1105 1149 1147 homo
1169 1107 1262 1147 sine
1288 1105 1480 1157 querela,
1506 1117 1635 1145 verus
1652 1104 1737 1144 Dei
1760 1103 1846 1144 cul-

1017 1166 1105 1211 tor,
1138 1161 1363 1203 abstinens
1396 1173 1444 1202 se
1476 1160 1532 1202 ab
1566 1159 1685 1201 omni
1713 1161 1847 1211 epere

1016 1218 1148 1266 malo,
1179 1222 1222 1259 61
1244 1219 1507 1270 permanens
1530 1217 1574 1256 in
1598 1215 1848 1256 innocentia

1017 1286 1107 1314 sua.
1134 1274 1237 1325 Ipse
1256 1272 1510 1314 intercedat.

1303 1329 1456 1369 Lectio
1479 1330 1562 1369 viii.

1100 1388 1358 1429 uamebrem
1416 1387 1555 1428 simile
1607 1391 1674 1427 est
1723 1385 1847 1426 huic?

1127 1444 1334 1495 queniam
1357 1443 1442 1484 hoc
1465 1442 1573 1483 illud
1593 1441 1777 1490 inducit,
1804 1445 1849 1482 et

1018 1500 1072 1541 ab
1101 1499 1177 1540 illo
1209 1512 1359 1540 rursus
1387 1500 1589 1540 munitur.
1644 1497 1846 1547 Quicum-

1019 1569 1105 1608 que
1139 1555 1254 1596 enim
1286 1555 1400 1596 male
1433 1555 1535 1606 agit,
1580 1553 1682 1594 edio
1715 1551 1848 1594 habet

1016 1612 1174 1660 lucem,
1204 1617 1247 1652 et
1269 1624 1357 1652 non
1375 1610 1494 1652 venit
1518 1609 1574 1651 ad
1593 1609 1746 1651 lucem.
1791 1609 1849 1650 Et

1017 1680 1185 1708 rursus:
1226 1667 1348 1708 Dixit
1385 1666 1596 1718 insipiens
1634 1665 1678 1705 in
1713 1665 1847 1706 corde

1018 1736 1112 1764 suo:
1131 1723 1233 1764 Non
1257 1727 1324 1764 est
1341 1722 1475 1763 Deus.
1508 1721 1680 1762 Deinde
1706 1721 1846 1772 sequi-

1016 1784 1103 1820 tur:
1139 1779 1346 1830 Corrupti
1372 1783 1487 1827 sunt,
1518 1783 1560 1819 61
1580 1776 1846 1818 abominabi-

1016 1835 1081 1876 les
1114 1835 1217 1876 facti
1249 1840 1349 1876 sunt
1380 1835 1423 1874 in
1456 1833 1612 1875 studiis
1645 1833 1744 1873 suis.
1791 1833 1846 1874 Et

1016 1894 1188 1932 iterum:
1222 1890 1368 1932 Radix
1403 1890 1595 1931 emnium
1631 1889 1845 1929 malerum

1017 1947 1199 1988 avaritia
1228 1951 1308 1987 est:
1341 1959 1472 1998 quam
1504 1945 1682 1998 quidam
1714 1957 1844 1996 appe-

1016 2004 1170 2051 tentes,
1199 2004 1454 2043 erraverunt
1483 2015 1507 2043 a
1535 2001 1635 2042 fide.
1666 2001 1734 2049 Et,
1762 2000 1845 2050 Qui

1016 2057 1157 2109 diligit
1175 2071 1261 2107 me,
1289 2058 1497 2099 mandata
1518 2070 1617 2098 mea
1639 2054 1845 2097 servabit:

1017 2126 1204 2165 quorum
1224 2119 1356 2166 caput
1377 2120 1419 2155 et
1438 2113 1563 2154 radix
1578 2116 1660 2153 est:
1678 2110 1844 2161 Diliges

1014 2169 1251 2210 Deminum
1282 2170 1425 2211 Deum
1455 2174 1592 2217 tuum,
1625 2172 1669 2208 et
1699 2166 1844 2218 prexi-

1014 2238 1134 2266 mum
1151 2231 1275 2266 tuum
1294 2226 1406 2266 sicut
1423 2227 1624 2276 teipsum.

1070 2285 1122 2335 R.
1135 2281 1230 2323 Sint
1244 2280 1381 2322 lumbi
1395 2279 1531 2321 vestri
1543 2277 1781 2330 praecincti,
1800 2282 1844 2318 et

1014 2336 1205 2378 lucernae
1233 2336 1438 2378 ardentes
1471 2335 1515 2375 in
1544 2333 1745 2374 manibus
1773 2346 1843 2375 ve-

1015 2393 1131 2433 stris:
1144 2393 1232 2434 *Et
1245 2405 1326 2434 vos
1337 2391 1500 2432 similes
1510 2389 1759 2431 hominibus
1773 2402 1842 2430 ex-

1014 2448 1316 2500 spectantibus
1329 2447 1553 2488 deminum
1564 2459 1701 2495 suum,
1719 2458 1843 2497 quan-

1015 2503 1072 2545 do
1089 2506 1335 2546 revertatur
1351 2516 1376 2543 a
1391 2502 1565 2554 nuptiis.
1585 2499 1636 2551 V.
1650 2501 1842 2552 Vigilate

1004 2572 1136 2611 ergo,
1173 2560 1274 2612 quia
1301 2558 1477 2600 nescitis
1506 2570 1593 2609 qua
1620 2557 1728 2598 hora
1754 2558 1841 2598 Do'-

1013 2616 1154 2656 minus
1174 2620 1319 2656 vester
1335 2616 1544 2655 venturus
1561 2614 1627 2655 sit.
1651 2614 1719 2655 Et.
1738 2614 1840 2654 Gle-

1013 2671 1077 2711 ria
1095 2671 1226 2712 Patri.
1256 2670 1323 2712 Et.
