2028 2892
191 197 264 231 420
584 196 653 229 Die

678 197 731 229 27».
756 196 893 230 Martii.
944 196 982 228 In
1009 196 1313 230 Annuntiatione
1340 197 1379 230 13.
1406 197 1451 230 M.
1479 196 1520 229 V.

196 291 401 342 quoniam
421 289 562 329 virum
580 301 667 329 non
690 287 936 339 cognosco?
965 289 1023 328 Et

194 344 468 398 respondens
494 344 688 394 Angelus
713 344 823 385 dixit
846 344 896 384 ei.
929 344 1022 396 Spi-

193 401 313 442 ritus.

298 461 451 501 Lectio
473 461 525 499 iii.
731 461 834 511 Cap.
853 461 918 499 35.

259 519 464 560 aetabitur
483 519 657 560 deserta
677 523 720 559 et
738 519 869 567 invia,
889 523 933 559 et
953 531 1022 559 ex-

289 574 470 615 sultabit
508 573 721 622 solitudo,
767 579 811 614 et
850 573 1024 614 florebit

195 631 320 682 quasi
339 630 488 670 lilium.
525 629 786 671 Germinans
811 629 1024 679 germina-

193 686 268 734 bit,
289 691 333 727 et
351 685 588 727 exsultabit
603 684 860 726 laetabunda
876 689 919 725 et
936 684 1023 724 lau-

194 742 318 782 dans:
337 741 477 792 gloria
491 741 647 782 Libani
666 740 768 781 data
791 744 858 781 est
877 740 931 781 ei:
952 739 1023 780 de-

194 809 270 837 cor
298 796 501 845 Carmeli‚
535 801 578 837 et
605 797 762 844 Saron,
794 795 880 846 ipsi
906 794 1024 835 vide-

192 852 301 893 bunt
324 852 509 902 gloriam
527 851 721 900 Domini,
749 855 793 891 et
818 849 1025 891 decorem

193 908 277 949 Dei
295 908 446 949 nostri.
480 907 738 948 Confortate
761 919 916 946 manus
940 906 1023 946 dis-

195 963 378 1012 solutas,
399 968 443 1004 et
461 965 603 1013 genua
623 961 785 1003 debilia
803 961 1024 1002 roborate.

193 1019 339 1059 Dicite
362 1018 666 1070 pusillanimis:
693 1017 1023 1065 Confortamini,

194 1079 238 1115 et
262 1074 398 1115 nolite
416 1075 586 1115 timere:
612 1086 715 1115 ecce
736 1074 857 1114 Deus
876 1077 1024 1113 vester

194 1129 405 1170 ultionem
458 1129 650 1170 adducet
706 1129 1023 1169 retributionis:

193 1185 315 1226 Deus
339 1185 435 1236 ipse
460 1185 622 1236 veniet,
651 1190 695 1226 et
721 1184 909 1225 salvabit
932 1197 1023 1224 vos.

192 1241 318 1281 Tunc
358 1241 609 1293 aperientur
646 1240 761 1281 oculi
794 1242 1023 1288 caecorum,

193 1301 236 1337 et
255 1309 383 1337 aures
399 1296 632 1337 surdorum
647 1295 871 1348 patebunt.
899 1295 1024 1335 Tunc

131 1354 134 1356 ’
193 1352 319 1392 saliet
336 1353 449 1392 sicut
466 1364 622 1392 cervus
638 1351 831 1399 claudus,
851 1356 894 1392 et
909 1353 1025 1403 aper-

191 1412 237 1448 ta
261 1407 344 1448 erit
367 1408 515 1457 lingua
534 1409 767 1448 mutorum:
800 1407 900 1458 quia
920 1407 1023 1447 scis-

193 1475 254 1504 sae
270 1468 371 1504 sunt
387 1463 430 1503 in
447 1463 624 1504 deserto
640 1476 778 1514 aquae,
799 1467 843 1502 et
857 1463 1023 1503 torren-

193 1524 260 1559 tes
279 1519 323 1559 in
343 1518 592 1559 solitudine.
625 1519 682 1558 Et
707 1531 806 1569 quae
831 1522 924 1558 erat
944 1517 1023 1557 ari-

193 1574 264 1623 da,
298 1574 379 1615 erit
407 1574 450 1613 in
479 1579 696 1624 stagnum,
730 1578 773 1614 et
802 1573 952 1614 sitiens
979 1573 1023 1612 in

193 1630 337 1671 fontes
360 1631 583 1680 aquarum.

250 1691 300 1741 R.
334 1689 519 1740 Suscipe
552 1688 736 1729 verbum
763 1688 903 1737 Virgo
935 1687 1024 1727 Ma-

194 1745 268 1792 ria,
288 1744 409 1795 quod
427 1744 507 1784 tibi
527 1757 552 1784 a
570 1744 763 1785 Domino
783 1755 862 1794 per
882 1742 1023 1792 Ange-

194 1799 284 1840 lum
302 1802 607 1839 transmissum
627 1804 708 1840 est:
737 1799 962 1850 concipies
982 1802 1025 1838 et

195 1855 343 1906 paries
363 1855 506 1895 Deum
530 1855 694 1906 pariter
720 1859 764 1895 et
789 1853 1025 1894 hominem:

197 1913 219 1934 *
234 1910 294 1951 Ut
312 1909 545 1950 benedicta
565 1910 727 1950 dicaris
746 1909 858 1949 inter
873 1920 1025 1949 omnes

195 1964 411 2006 mulieres.
443 1962 493 2013 V.
508 1965 660 2006 Paries
682 1964 859 2016 quidem
876 1963 1025 2011 filiurn,

197 2026 240 2061 et
271 2020 533 2070 virginitatis
564 2033 652 2061 non
683 2020 862 2071 patieris
896 2018 1025 2059 detri-

195 2077 405 2117 mentum:
432 2076 633 2117 efficieris
652 2073 851 2125 gravida,
878 2079 921 2115 et
941 2074 1026 2115 eris

195 2136 336 2172 mater
363 2144 537 2183 semper
561 2132 735 2172 intacta.
771 2131 831 2171 Ut
849 2129 1025 2171 benedi-

197 2192 277 2228 cta.
306 2186 459 2227 Gloria
478 2187 608 2228 Patri.
636 2187 694 2227 Ut
714 2185 957 2226 benedicta.

421 2263 470 2302 In
498 2263 548 2302 11.
577 2262 801 2303 Noctumo.

275 2328 428 2368 Sermo
459 2327 598 2368 sancti
624 2326 786 2367 Leonis
812 2326 957 2377 Papae.

299 2392 428 2427 'Sex-m.
455 2393 498 2427 ΙΙ
524 2394 571 2427 de
596 2393 723 2427 Nativ
747 2393 913 2427 Domini

498 2449 681 2489 Lectio
671 2462 724 2487 lv.

214 2525 299 2565 :px
334 2519 411 2547 eus
444 2510 724 2559 omnipotens
753 2511 796 2547 et
825 2506 1027 2555 clemens,

214 2552 304 2628 {19¹}
352 2563 472 2612 cujus
500 2566 656 2603 natura
682 2562 874 2609 bonitas,
907 2562 1027 2611 cujus

236 2622 280 2636 Γ
302 2636 308 2645 1
352 2617 553 2658 voluntas
564 2618 773 2669 potentia,
784 2617 903 2667 cujus
916 2629 1027 2668 opus

200 2671 499 2713 misericordia
515 2679 595 2722 est,
615 2673 763 2714 statim
781 2676 830 2712 ut
844 2684 925 2712 nos
941 2671 1028 2712 dia-

1074 287 1219 328 bolica
1235 288 1482 338 malignitas
1497 288 1665 327 veneno
1685 298 1776 326 suae
1790 298 1903 326 mor-

1074 342 1258 384 tificavit
1275 342 1468 391 invidiae,
1496 341 1812 395 praedestinata
1838 353 1902 382 re-

1074 397 1288 439 novandis
1320 397 1578 439 mortalibus
1606 409 1698 437 suae
1727 396 1904 448 pietatis

1075 454 1283 503 remedia,
1307 454 1419 495 inter
1435 454 1532 505 ipsa
1550 451 1701 493 mundi
1721 452 1904 503 primor-

1076 508 1149 549 dia
1185 509 1482 561 praesignavit:
1519 507 1780 550 denuntians
1817 519 1903 548 ser-

1074 565 1215 615 penti,
1269 565 1463 605 futurum
1507 575 1657 604 semen
1701 562 1904 609 mulieris,

1077 619 1197 671 quod
1227 621 1346 661 noxii
1378 619 1536 671 capitis
1564 618 1799 660 elationem
1826 630 1905 658 sua

1076 675 1236 716 virtute
1256 677 1520 723 contereret,
1549 673 1771 715 Christum
1793 673 1904 714 scili-

1077 735 1147 771 cet
1170 731 1214 771 in
1238 743 1369 772 carne
1388 733 1635 779 venturum3
1663 729 1807 770 Deum
1829 728 1904 769 ho-

1075 786 1323 837 minemque
1356 786 1550 837 signans,
1583 785 1659 836 qui
1691 789 1821 825 natus
1851 796 1906 824 ex

1075 841 1271 891 Virgine,
1299 841 1560 882 violatorem
1583 840 1786 880 humanae
1805 851 1905 891 pro·

1075 898 1246 948 paginis
1284 898 1541 949 incorrnpta
1571 895 1800 936 nativitate
1833 894 1905 936 da·

1075 954 1256 994 mnaret.

1131 1013 1181 1063 R.
1210 1009 1326 1050 Ecce
1349 1009 1475 1059 virgo
1500 1007 1736 1059 concipiet,
1765 1010 1809 1047 et
1830 1007 1904 1057 pa-

1076 1064 1160 1105 riet
1177 1064 1325 1114 filium,
1346 1064 1451 1105 dicit
1464 1063 1695 1104 Dominus:
1714 1068 1735 1089 *
1758 1062 1815 1102 Et
1832 1073 1906 1101 vo·

1077 1120 1247 1161 cabitur
1282 1132 1442 1161 nomen
1478 1120 1569 1171 ejus
1604 1116 1907 1164 Admirabilis,

1076 1175 1209 1224 Deus,
1229 1176 1388 1216 Fortis.
1416 1173 1465 1223 Y.
1485 1175 1625 1227 Super
1644 1173 1802 1215 solium
1820 1172 1905 1212 Da-

1076 1230 1167 1280 vid,
1196 1237 1239 1272 et
1264 1244 1397 1284 super
1421 1244 1604 1281 regnum
1625 1231 1716 1281 ejus
1736 1227 1907 1270 sedebit

1076 1286 1119 1326 in
1139 1288 1361 1328 aeternum.
1389 1287 1447 1327 Et
1465 1285 1706 1327 vocabitur.

1390 1343 1542 1384 Lectio
1562 1357 1600 1383 v.

1173 1411 1243 1438 am
1271 1398 1372 1449 quia
1397 1397 1667 1448 gloriabatur
1693 1395 1907 1445 diabolus,

1179 1453 1401 1494 hominem
1417 1466 1495 1493 sua
1509 1451 1661 1494 fraude
1673 1451 1907 1504 deceptum

1077 1509 1235 1550 divinis
1256 1511 1447 1549 caruisse
1470 1508 1740 1556 muneribus,
1770 1513 1813 1548 et
1830 1507 1906 1548 im-

1077 1565 1357 1606 mortalitatis
1377 1564 1482 1605 dote
1501 1563 1728 1612 nudatum,
1753 1563 1908 1604 duram

1077 1620 1231 1661 mortis
1256 1620 1442 1661 subiisse
1466 1619 1743 1667 sententiam,
1772 1631 1907 1670 seque

1077 1677 1121 1716 in
1143 1676 1270 1716 malis
1295 1676 1386 1716 suis
1412 1674 1636 1726 quoddam
1662 1674 1717 1715 de
1739 1687 1907 1726 praeva-

1078 1731 1279 1772 ricatoris
1304 1731 1528 1772 consortio
1553 1731 1771 1771 invenisse
1795 1730 1906 1772 sola-

1077 1787 1201 1836 tium;
1228 1787 1373 1827 Deum
1399 1798 1575 1838 quoque
1601 1787 1726 1837 justae
1750 1786 1907 1827 severi-

1077 1843 1181 1883 tatis
1204 1843 1406 1892 exigente
1430 1842 1615 1891 ratione,
1644 1854 1748 1892 erga
1771 1841 1907 1882 homi-

1078 1911 1193 1947 nem,
1220 1910 1351 1948 quem
1369 1898 1413 1937 in
1431 1902 1554 1938 tanto
1571 1897 1740 1938 honore
1759 1895 1907 1938 condi-

1079 1953 1223 2002 derat,
1256 1955 1481 2004 antiquam
1513 1954 1707 1993 mutasse
1739 1954 1908 1993 senten-

1078 2009 1199 2050 tiam:
1218 2021 1329 2060 opus
1344 2008 1434 2057 fuit,
1453 2007 1735 2056 dilectissimi,
1751 2007 1909 2048 secreti

1080 2064 1409 2116 dispensatione
1441 2063 1627 2112 consilii,
1665 2068 1714 2103 ut
1747 2063 1908 2103 incom-

1078 2119 1301 2160 mutabilis
1345 2120 1468 2160 Deus
1518 2119 1654 2170 (cujus
1704 2117 1907 2158 voluntas

1078 2187 1166 2215 non
1184 2179 1334 2226 potest
1353 2187 1431 2215 sua
1446 2173 1715 2224 benignitate
1730 2173 1908 2225 privari)

1080 2230 1267 2281 primam
1281 2229 1458 2281 pietatis
1470 2242 1561 2269 suae
1574 2228 1909 2280 dispositionem

1080 2286 1354 2325 sacramento
1385 2284 1624 2325 occultiore
1651 2282 1909 2334 compleret:

1081 2345 1124 2381 et
1147 2339 1280 2380 homo
1305 2338 1537 2380 diabolicae
1556 2338 1798 2390 iniquitatis
1817 2351 1908 2379 ver-

1080 2395 1195 2436 sutia
1220 2399 1344 2435 actus
1370 2395 1414 2434 in
1434 2394 1624 2446 culpam,
1653 2398 1807 2435 contra
1824 2393 1909 2435 Dei
1966 2439 1974 2442 ,

1080 2450 1358 2501 propositum
1377 2462 1465 2490 non
1483 2451 1658 2501 periret.

1133 2506 1183 2557 R.
1223 2504 1483 2555 Egredietur
1517 2505 1641 2554 virga
1673 2503 1728 2544 de
1762 2502 1909 2545 radice

1080 2561 1105 2601 J
1108 2573 1220 2609 esse,
1244 2565 1288 2601 et
1308 2560 1390 2601 flos
1410 2559 1465 2601 de
1484 2559 1633 2600 radice
1653 2560 1743 2610 eius
1762 2561 1908 2600 ascen-

1082 2615 1170 2657 det:
1182 2618 1204 2642 *
1214 2616 1271 2656 Et
1289 2616 1372 2656 erit
1392 2615 1555 2666 justitia
1570 2614 1790 2664 cingulum
1803 2614 1909 2655 lum-

1080 2671 1237 2712 borum
1253 2671 1355 2722 ejus,
1375 2675 1420 2711 et
1436 2670 1548 2712 fides
1568 2670 1826 2711 cinctorium
1844 2682 1908 2710 re-
