2028 2892
590 159 699 193 Fcria
723 158 772 192 vi.
799 164 887 201 post
913 158 1096 192 Octavam
1123 156 1386 190 Ascensionis.

419 254 570 296 Lectio
590 253 673 295 viii.

228 308 299 349 inc
318 306 511 360 ejusdem
524 306 734 348 Ecclesiae
753 319 864 348 voce
880 319 960 359 per

243 364 522 406 Salom6nem
541 363 713 405 dicitur:
739 363 856 404 Ecce
875 364 958 404 iste

132 421 253 464 venit
275 420 434 462 saliens
454 421 499 461 in
518 419 756 469 montibus,
780 424 824 461 et
844 424 958 460 tran-

133 478 279 520 siliens
311 477 458 519 colles.
508 476 813 519 Consideravit
842 489 958 516 nam-

134 547 218 587 que
241 536 462 576 tantorum
483 536 666 590 operum
689 533 891 583 culmina,
917 538 960 574 et

133 592 209 633 ait:
226 591 342 632 Ecce
361 591 445 632 iste
463 591 582 632 venit
600 590 759 631 saliens
777 590 821 630 in
839 591 958 630 mon-

132 647 259 690 tibus.
286 647 516 689 Veniendo
536 647 699 700 quippe
717 645 775 688 ad
792 644 959 687 redem-

132 704 330 758 ptionem
348 708 559 754 nostram,
582 702 811 756 quosdam,
833 707 882 744 ut
900 703 960 743 ita

135 760 288 810 dicam,
310 759 598 802 saltus-dedit.
629 759 785 809 Vultis,
804 759 959 801 fratres

134 816 364 866 carissimi,
397 816 519 869 ipsos
547 817 638 868 eius
666 815 801 857 saltus
829 818 959 867 agno-

134 871 280 916 scere?
320 874 389 915 De
417 873 531 915 coelo
560 874 679 914 venit
705 873 749 913 in
776 876 960 923 uterum,

135 929 190 972 de
208 933 335 972 utero
352 930 472 971 venit
489 930 532 970 in
550 930 762 983 praesepe,
782 928 837 971 de
851 942 959 982 prae-

135 988 240 1040 sepe
258 986 378 1028 venit
394 987 438 1027 in
458 999 647 1035 crucem,
669 986 724 1028 de
743 998 872 1027 cruce
890 999 960 1027 ve-

134 1043 198 1085 nit
228 1043 273 1084 in
305 1042 603 1096 sepulchrum,
637 1042 693 1084 de
726 1042 960 1095 sepulchro

134 1099 264 1142 rediit
283 1099 328 1140 in
350 1099 520 1142 coelum.
555 1099 671 1141 Ecce
690 1104 739 1141 ut
757 1111 838 1140 nos
857 1103 962 1152 post

135 1169 183 1198 se
214 1159 388 1198 currere
419 1156 601 1206 faceret,
636 1155 851 1208 quosdam
877 1169 960 1209 pro

134 1212 263 1255 nobis
291 1213 427 1255 saltus
458 1212 737 1254 manifestata
762 1225 843 1265 per
871 1225 960 1254 car-

134 1282 235 1311 nem
252 1269 428 1311 Veritas
447 1268 583 1311 dedit:
605 1269 707 1321 quia
726 1268 963 1311 exsultavit

134 1330 183 1368 ut
200 1326 323 1377 gigas
341 1325 398 1368 ad
417 1325 676 1368 currendam
693 1326 810 1367 viam
828 1338 962 1375 suam,

134 1386 183 1423 ut
198 1395 279 1424 nos
299 1382 339 1424 ei
357 1382 601 1424 diceremus
621 1395 676 1424 ex
692 1381 840 1423 corde:
858 1382 962 1422 Tra-

134 1437 191 1480 he
216 1451 314 1480 nos:
340 1443 444 1492 post
468 1443 513 1480 te
538 1439 763 1480 curremus
787 1438 832 1479 in
858 1438 963 1480 ode-

135 1507 229 1537 rem
247 1497 568 1546 unguentorum
586 1496 772 1536 tuerum.

189 1554 240 1606 R.
261 1552 394 1593 Ponis
412 1551 574 1593 nubem
593 1553 822 1592 ascensum
839 1554 962 1593 tuum

136 1608 338 1650 Demine:
355 1611 378 1635 *
397 1608 481 1659 Qui
498 1607 696 1649 ambulas
715 1620 847 1660 super
859 1620 962 1660 pen-

135 1677 214 1706 nas
233 1667 478 1715 ventorum,
500 1664 681 1716 alleluja.
712 1660 762 1713 V.
786 1664 961 1706 Confes-

137 1721 306 1763 sionem
333 1726 377 1763 et
404 1720 610 1763 decorem
635 1720 830 1770 induisti,
861 1723 962 1762 ami-

137 1782 233 1819 ctus
246 1777 393 1820 lumen
408 1778 522 1820 sicut
534 1778 852 1820 vestimentum.
868 1778 962 1828 Qui.

140 1833 289 1876 Gloria
306 1834 437 1876 Patri.
465 1834 559 1886 Qui.

439 1890 590 1931 Lectio
610 1891 664 1931 ix.

138 1943 328 2051 Unde,
352 1947 510 1990 fratres
535 1947 760 1998 carissimi,
786 1950 964 2001 oportet

244 2008 293 2046 ut
318 2003 421 2045 illuc
448 2006 682 2057 sequamur
710 2004 860 2054 corde,
888 2005 964 2047 ubi

140 2072 239 2102 eum
261 2062 446 2113 corpore
466 2060 716 2102 ascendisse
735 2060 963 2103 credimus.

138 2115 369 2158 Desideria
394 2118 568 2158 terrena
593 2117 826 2168 fugiamus:
857 2117 965 2158 nihil

138 2185 219 2214 nos
239 2174 323 2226 iam
339 2172 529 2215 delectet
546 2173 591 2214 in
607 2173 776 2223 infimiS,
798 2174 872 2226 qui
885 2174 964 2215 Pa-

138 2234 251 2271 trem
282 2229 493 2271 habemus
526 2230 570 2270 in
604 2229 738 2272 coelis.
791 2230 848 2271 Et
878 2230 964 2272 hoc

138 2286 266 2327 nobis
299 2291 366 2328 est
396 2288 664 2338 magnepere
694 2286 962 2339 perpenden-

142 2341 258 2383 dum:
278 2343 379 2394 quia
393 2343 429 2383 is
446 2342 519 2395 qui
537 2342 739 2395 placidus
758 2343 964 2393 ascendit,

140 2398 346 2440 terribilis
359 2397 533 2441 redibit:
550 2404 594 2440 et
609 2398 824 2451 quidquid
838 2399 964 2441 nobis

141 2467 239 2496 cum
264 2455 596 2498 mansuetudine
620 2456 851 2508 praecepit,
880 2456 965 2497 hoc

141 2523 168 2551 a
201 2510 328 2553 nobis
366 2524 464 2553 cum
500 2511 772 2554 districtiene
810 2512 965 2564 exiget.

141 2566 282 2608 Nemo
330 2581 434 2619 ergo
481 2567 651 2610 indulta
693 2568 964 2621 poenitentiae

142 2623 340 2675 tempora
379 2624 688 2677 parvipendat,
728 2637 857 2666 nemo
896 2637 965 2666 cu-

143 2690 237 2719 ram
263 2680 347 2731 sui,
379 2679 484 2723 dum
509 2680 643 2731 valet,
676 2683 807 2732 agere
834 2680 964 2732 negli-

1011 253 1100 300 gat:
1129 249 1523 303 quia-Redemptor
1543 256 1694 293 noster
1715 257 1837 294 tanto

1011 311 1115 348 tunc
1134 307 1179 347 in
1199 305 1405 358 judicium
1427 306 1664 350 districtior
1683 309 1838 359 veniet,

1013 367 1176 414 quanto
1212 362 1339 404 nobis
1376 368 1477 405 ante
1512 364 1719 416 judicium
1751 379 1838 407 ma-

1011 432 1141 470 gnam
1160 420 1416 472 patientiam
1433 422 1711 473 praerogavit.

1067 486 1129 524 'Fe
1147 481 1291 523 Deum
1308 481 1549 524 laudamus.
1567 483 1626 523 15.

1065 558 1105 591 In
1130 557 1173 590 II.
1195 555 1377 598 Vcspcris
1400 565 1476 588 non
1498 556 1538 588 tit
1557 554 1841 589 Comcmorutio

1014 605 1140 640 Officii
1166 603 1363 646 sequentis
1389 603 1476 637 dici.

1066 658 1227 692 Duobus
1246 656 1498 699 sequentibus
1514 656 1651 689 dicbus
1667 654 1841 689 Officium

1014 708 1054 742 fit
1069 706 1168 741 sicut
1186 706 1281 739 infru
1298 706 1483 739 Octavum
1498 703 1763 746 Ascensionis,
1782 714 1843 737 cx-

1014 755 1136 798 ccptis
1155 753 1415 792 Lectionibus,
1438 763 1525 795 quae
1546 752 1736 786 habentur
1758 762 1843 795 pro-

1014 803 1121 846 priae,
1144 807 1179 836 ct
1199 802 1243 845 R,
1264 801 1354 844 viii„
1379 800 1581 844 Capitulis,
1605 800 1853 843 Antiphoni&

1015 851 1064 885 ud
1091 850 1324 885 Benedictus
1355 854 1391 884 ct
1419 849 1654 891 Magniticut,
1686 854 1722 882 ct
1752 848 1841 882 Oru-

1015 899 1128 938 tionc,
1152 909 1238 942 quac
1259 898 1437 932 dicuntur
1459 898 1505 931 dc
1523 896 1725 930 Dominicu
1744 897 1841 931 infru

1015 947 1198 981 Octavum
1230 946 1501 987 Ascensionis,
1535 951 1574 979 ut
1607 955 1733 987 supra.
1765 944 1839 980 333.

1014 996 1060 1029 Et
1083 1005 1158 1029 non
1184 994 1363 1028 dicuntur
1380 994 1518 1028 Preces
1539 993 1588 1027 ud
1606 993 1783 1033 Primam,
1807 996 1842 1026 ct

1015 1042 1327 1086 Complctorium.

1067 1095 1106 1130 Si
1129 1105 1221 1129 vcro
1241 1094 1352 1128 Feria
1376 1099 1485 1128 sextu
1507 1099 1682 1127 occurrat
1704 1094 1840 1127 festum

1014 1154 1153 1177 novem
1188 1142 1429 1184 Lectionum,
1465 1143 1505 1175 iit
1540 1142 1587 1175 dc
1624 1142 1721 1176 festo
1758 1153 1841 1175 cum

1015 1192 1182 1226 Cofflcm.
1203 1190 1326 1225 Officii
1351 1191 1522 1231 ejusdcm
1541 1190 1629 1232 diei,
1652 1190 1727 1223 nisi
1747 1190 1839 1224 illud

1016 1240 1153 1274 festum
1173 1239 1285 1273 fucrit
1301 1249 1347 1272 cx
1366 1239 1676 1276 solemnioribus,
1693 1243 1734 1272 ut
1751 1239 1842 1272 dici-

1015 1295 1075 1322 tur
1098 1289 1135 1321 in
1158 1287 1337 1322 Rubricis
1360 1287 1406 1321 dc
1429 1286 1841 1321 Coiiicmorationibus,

1250 1397 1284 1432 F
1296 1407 1319 1432 e
1331 1397 1373 1432 ri
1386 1407 1412 1432 a
1441 1395 1469 1432 S
1481 1406 1504 1432 e
1517 1408 1542 1432 x
1554 1400 1570 1432 t
1581 1407 1605 1432 a

1098 1455 1199 1502 post
1228 1452 1438 1491 Octavam
1469 1450 1762 1490 Ascensionis.

1251 1528 1299 1567 In
1327 1528 1357 1567 Ι.
1386 1528 1608 1567 Nocturno.

1015 1598 1174 1651 Incipit
1188 1598 1389 1651 Epistola
1407 1597 1538 1639 tertia
1556 1597 1677 1640 beati
1691 1598 1715 1638 J
1719 1597 1842 1639 oanis

1320 1653 1537 1707 Apestoli.

1292 1721 1327 1761 L
1344 1734 1367 1763 e
1383 1733 1406 1761 c
1421 1725 1438 1761 t
1454 1721 1465 1760 i
1482 1733 1508 1761 o
1542 1720 1565 1760 i.

1023 1780 1241 1844 ἧι
1276 1781 1387 1833 Gajo
1425 1780 1672 1831 carissimo,
1714 1793 1844 1833 quem

1026 1838 1111 1896 fx*
1137 1850 1219 1889 ego
1244 1837 1377 1889 diligo
1403 1837 1447 1878 in
1472 1837 1668 1880 veritate.
1705 1838 1842 1879 Caris-

1029 1891 1111 1921 ξύ
1136 1894 1262 1944 sime,
1290 1892 1346 1935 de
1373 1893 1574 1936 Omnibus
1600 1894 1843 1936 orationem

1014 1949 1128 1991 facio
1145 1952 1360 2003 prospere
1372 1955 1419 1992 te
1433 1950 1612 2002 ingredi,
1629 1956 1673 1992 et
1686 1950 1842 2001 valere,

1015 2006 1127 2048 sicut
1144 2009 1358 2060 prospere
1376 2007 1466 2059 agit
1484 2007 1628 2048 anima
1645 2014 1731 2049 tua.
1759 2007 1841 2048 Ga-

1015 2065 1134 2105 visus
1153 2077 1250 2105 sum
1266 2063 1395 2105 valde
1414 2063 1688 2105 venientibus
1703 2063 1841 2104 fratri-

1014 2118 1108 2170 bus,
1132 2124 1176 2162 et
1193 2119 1493 2162 testimonium
1511 2118 1842 2172 perhibentibus

1015 2176 1191 2218 veritati
1217 2181 1326 2227 tuae,
1362 2176 1474 2218 sicut
1503 2180 1552 2218 tu
1582 2176 1627 2216 in
1658 2175 1842 2218 veritate

1016 2232 1224 2275 ambulas.
1258 2233 1469 2285 Majorem
1487 2231 1644 2274 horum
1661 2243 1750 2272 non
1768 2231 1841 2273 ha-

1014 2288 1100 2331 beo
1117 2289 1313 2341 gratiam,
1331 2301 1462 2341 quam
1476 2293 1524 2330 ut
1538 2287 1713 2329 audiam
1726 2287 1842 2330 filios

1014 2357 1137 2388 meos
1155 2346 1199 2387 in
1218 2346 1401 2388 veritate
1420 2344 1655 2386 ambulare.

1068 2404 1119 2454 Ην.
1158 2402 1266 2444 Post
1306 2395 1571 2455 passionem’
1599 2413 1723 2442 suam
1762 2414 1842 2455 per

1017 2456 1110 2499 dies
1137 2457 1425 2510 quadraginta
1449 2458 1668 2509 apparens
1694 2458 1771 2508 eis,
1798 2463 1843 2501 et

1015 2513 1201 2566 loquens
1230 2514 1285 2556 de
1312 2525 1448 2564 regno
1473 2513 1572 2562 Dei,
1601 2513 1790 2566 alleluja:
1817 2512 1839 2535 *

1002 2569 1074 2611 -Et
1113 2570 1363 2612 videntibus
1403 2568 1488 2610 illis
1525 2569 1722 2612 elevatus
1759 2575 1841 2622 est,

1016 2625 1202 2678 alleluja:
1230 2631 1274 2668 et
1296 2625 1435 2667 nubes
1454 2626 1649 2679 suscepit
1667 2639 1766 2668 eum
1785 2627 1841 2669 ab

1017 2682 1156 2724 Oculis
1176 2684 1343 2732 eorum,
1369 2681 1550 2734 alleluia.
1583 2675 1633 2727 V.
1661 2683 1718 2725 Et
1742 2695 1839 2725 con-
