2066 2956
565 183 742 218 Officium
764 184 939 218 votivum
964 184 1011 218 de
1035 184 1224 218 Passione
1249 184 1292 218 D.
1313 184 1357 218 N.
1379 185 1412 218 J.
1434 185 1473 219 (3.

466 281 619 322 Lectio
641 281 692 322 vi.

164 335 456 443 Utramque
478 345 624 382 tamen
645 339 874 390 magnifice
896 352 992 380 cau-

281 411 329 440 sa
352 398 450 451 ipsa
473 394 766 445 commendat,
793 395 994 436 nimirum

165 456 322 498 caritas
348 459 425 497 est.
465 454 652 506 Propter
676 452 852 493 nimiam
879 452 994 493 enim

164 513 390 555 caritatem
427 524 568 560 suam,
607 522 692 562 qua
726 508 877 550 dilexit
912 521 993 550 nos

162 569 303 618 Deus,
339 574 388 610 ut
421 580 595 609 servum
626 564 876 614 redimeret,
913 578 994 607 nec

162 626 293 668 Pater
307 625 430 674 Filio,
449 636 531 665 nec
550 622 633 665 sibi
651 622 787 664 Filius
805 622 900 675 ipse
919 635 992 675 pe-

163 682 313 735 percit.
348 682 467 723 Vere
490 680 682 730 nimiam,
707 679 810 731 quia
833 684 876 720 et
898 678 994 720 haec

163 742 413 780 mensuram
458 735 650 786 excedit,
699 734 881 777 modum
925 739 992 776 su-

164 800 300 848 perat,
323 794 452 848 plane
476 792 803 846 supereminens
824 792 992 833 univer-

166 853 235 893 sis.
267 851 487 904 Majorem,
506 849 656 901 inquit,
677 849 904 890 caritatem
922 861 993 890 ne-

164 921 237 950 mo
260 908 408 957 habet,
435 919 566 960 quam
588 911 636 947 ut
661 905 848 946 animam
871 918 995 946 suam

163 970 318 1018 ponat*
335 964 432 1016 quis
466 976 548 1016 pro
586 962 737 1004 amicis
772 962 872 1003 suis.
926 962 994 1003 Tu

163 1022 372 1074 majorem
391 1019 584 1062 habuisti
602 1018 801 1068 Do'mine,
824 1032 994 1071 ponens

165 1091 261 1120 eam
280 1077 410 1119 etiam
427 1088 509 1129 pro
528 1075 723 1117 inimicis.
754 1075 863 1117 Cum
881 1076 995 1117 enim

164 1133 308 1176 adhuc
335 1132 497 1174 inimici
527 1134 741 1182 essemuS,
774 1144 854 1184 per
881 1145 993 1174 mor-

162 1196 253 1233 tem
266 1195 388 1232 tuam
402 1194 446 1231 et
463 1188 544 1230 tibi
562 1188 830 1230 reconciliati
845 1202 993 1230 sumus

165 1252 208 1289 et
228 1246 358 1288 Patri.
400 1246 613 1296 Quaenam
638 1257 743 1296 ergo
769 1245 853 1287 alia
876 1245 993 1287 vide-

162 1303 281 1346 bitur
302 1315 410 1352 esse,
434 1301 504 1343 vel
522 1301 666 1351 fuisse,
691 1301 760 1342 vel
779 1301 874 1343 fore
892 1301 994 1343 huic

165 1359 316 1401 similis
336 1356 528 1400 caritati?
557 1358 645 1399 Vix
663 1370 746 1410 pro
765 1358 880 1410 justo
897 1358 994 1410 quis

163 1416 359 1458 moritur.
386 1415 456 1456 Tu
471 1427 554 1467 pro
573 1413 743 1466 injustis
762 1427 920 1466 passus
937 1427 995 1464 es,

163 1472 355 1514 moriens
369 1476 554 1525 propter
568 1469 728 1512 delicta
741 1476 903 1521 nostra,
922 1471 996 1523 qui

164 1529 322 1571 venisti
357 1527 591 1580 justificare
625 1527 762 1578 gratis
793 1530 994 1580 peccato-

164 1598 246 1636 res,
268 1598 420 1628 servos
440 1584 584 1626 facere
604 1584 772 1633 fratreS,
796 1586 995 1637 captivos

166 1640 432 1692 cohaeredeS,
453 1639 625 1682 exsules
644 1652 781 1691 reges.

216 1704 268 1756 Rv.
299 1702 397 1753 Ego
430 1700 620 1743 exaltavi
651 1706 694 1742 te
725 1713 883 1752 magna
913 1701 994 1742 vir-

164 1762 273 1802 tute:
294 1760 317 1783 *
340 1759 398 1800 Et
416 1763 463 1800 tu
481 1769 551 1798 me
572 1755 839 1810 suspendisti
857 1756 901 1798 in
920 1770 994 1810 pa-

164 1815 305 1858 tibulo
343 1814 503 1863 crucis,
540 1814 563 1838 *
595 1814 646 1854 In
681 1826 767 1865 qua
805 1814 995 1867 expandi

165 1884 319 1913 manus
337 1883 458 1912 meas
482 1869 539 1912 ad
558 1869 772 1923 pupulum
794 1883 883 1911 non
906 1883 995 1912 cre-

167 1927 342 1970 dentem
361 1932 405 1969 et
428 1924 810 1968 contradicentem.
840 1921 890 1972 V.
914 1926 996 1968 Ρό-

167 1984 269 2037 pule
299 1996 443 2033 meus,
477 1981 584 2034 quid
610 1981 693 2023 feci
719 1981 817 2032 tibi,
851 1988 925 2024 aut
951 1983 993 2024 in

168 2053 255 2093 quo
277 2039 532 2082 contristavi
550 2036 617 2080 te?
642 2037 862 2090 responde
880 2038 995 2080 mihi.

166 2098 223 2139 Et
243 2102 289 2139 tu
308 2109 388 2138 me.
418 2094 569 2136 Gloria
584 2094 715 2136 Patri.
743 2095 794 2135 In
814 2107 911 2147 qua.

388 2183 437 2222 In
458 2181 530 2220 III.
552 2180 774 2219 Nocturno.

222 2253 320 2293 Ant.
348 2252 445 2293 Filii
464 2251 698 2294 hominum.

441 2314 639 2354 Psalmus
659 2314 725 2354 56.

170 2388 191 2437 ]·}'
213 2383 287 2439 “n
305 2380 486 2421 iserere
513 2379 598 2420 mei
623 2379 761 2427 Deus,
789 2378 996 2418 miserere

170 2436 177 2487 ξς
195 2444 202 2454 ’
221 2430 284 2492 2³le
308 2432 319 2487 {¹
342 2436 441 2477 mei:
466 2436 489 2461 *
510 2435 716 2487 quoniam
734 2435 778 2475 in
796 2440 840 2476 te
865 2433 996 2475 confi—

287 2511 293 2512 ⁷
308 2490 315 2513 ³
343 2491 406 2534 dit
426 2492 568 2533 anima
585 2504 694 2533 mea.

218 2549 275 2590 Et
293 2548 336 2589 in
354 2549 509 2590 umbra
526 2548 692 2590 alarum
710 2550 883 2589 tuarum
899 2558 994 2598 spe-

167 2604 287 2655 rabo,
306 2606 330 2630 *
350 2604 492 2647 donec
510 2606 704 2647 transeat
722 2603 938 2655 iniquitas.

221 2660 430 2703 Clamabo
450 2661 507 2704 ad
521 2662 664 2702 Deum
684 2661 956 2702 altissimum:
973 2660 996 2686 *

167 2717 311 2758 Deum
331 2718 405 2770 qui
423 2717 639 2760 benefecit
657 2716 772 2757 mihi.

1099 279 1219 321 Misit
1238 279 1293 322 de
1313 280 1438 331 coelo,
1463 286 1506 322 et
1524 280 1727 322 liberavit
1745 292 1830 321 me:
1853 280 1876 305 *

1048 334 1170 378 dedit
1209 337 1252 377 in
1294 336 1582 390 opprobrium
1621 336 1876 378 conculcan-

1046 397 1114 434 tes
1141 405 1222 434 me.

1099 449 1219 491 Misit
1237 450 1357 490 Deus
1378 448 1724 491 misericerdiam
1744 461 1878 497 suam,

1049 511 1091 547 et
1109 507 1338 548 veritatem
1357 519 1490 556 suam,
1506 508 1528 533 *
1549 511 1592 547 et
1612 505 1771 558 eripuit
1790 505 1877 546 ani-

1047 575 1164 603 mam
1194 576 1338 605 meam
1367 562 1421 604 de
1454 562 1600 604 medio
1634 562 1878 604 catulorum

1047 618 1238 660 leenum:
1267 618 1454 661 dormivi
1482 619 1779 661 conturbatus.

1098 676 1197 716 Filii
1245 675 1469 717 huminum
1519 675 1672 717 dentes
1727 677 1879 717 eorum

1048 745 1169 774 arma
1188 738 1231 775 et
1251 735 1437 784 sagittae:
1456 734 1479 759 *
1500 738 1543 774 et
1561 732 1708 783 lingua
1728 734 1879 773 eorum

1048 789 1222 840 gladius
1251 793 1416 831 acutus.

1100 846 1307 888 Exaltare
1342 859 1475 899 super
1512 845 1650 886 coelos
1681 845 1822 886 Deus:
1856 847 1879 872 *

1049 908 1092 944 et
1119 903 1162 943 in
1191 915 1364 944 omnem
1390 909 1552 943 terram
1580 901 1720 952 gleria
1747 907 1833 943 tua.

1099 959 1327 1012 Laqueum
1376 960 1642 1011 paraverunt
1692 957 1878 1011 pedibus

1048 1016 1175 1057 meis:
1204 1017 1228 1042 *
1257 1021 1301 1058 et
1328 1016 1664 1057 incurvaverunt
1692 1015 1879 1056 animam

1048 1085 1202 1114 meam.

1099 1128 1325 1171 Foderunt
1351 1134 1450 1171 ante
1474 1129 1630 1170 faciem
1651 1141 1795 1170 meam
1818 1129 1877 1170 fo-

1049 1199 1190 1228 veam:
1218 1188 1241 1213 *
1270 1191 1314 1227 et
1340 1185 1583 1228 inciderunt
1610 1185 1653 1225 in
1682 1198 1788 1226 eam.

1099 1243 1306 1285 Paratum
1330 1255 1406 1284 cor
1428 1255 1575 1284 meum
1597 1242 1730 1292 Deus,
1754 1244 1878 1295 para-

1047 1304 1140 1341 tum
1160 1312 1237 1341 cor
1256 1312 1416 1341 meum:
1439 1301 1463 1327 *
1484 1298 1682 1349 cantabo,
1703 1303 1747 1340 et
1764 1299 1877 1351 psal-

1047 1369 1167 1396 mum
1195 1355 1348 1397 dicam.

1099 1413 1299 1464 Exsurge
1345 1412 1483 1463 gloria
1527 1424 1645 1462 mea,
1692 1415 1878 1462 exsurge

1048 1469 1303 1522 psalterium
1328 1475 1371 1511 et
1396 1468 1574 1511 cithara:
1600 1471 1623 1496 *
1647 1472 1879 1519 exsurgam

1049 1525 1256 1568 diluculo.

1102 1582 1358 1624 Confitebor
1389 1582 1469 1624 tibi
1502 1582 1546 1622 in
1581 1581 1758 1635 papulis
1791 1582 1878 1623 Do-

1048 1639 1179 1680 mine:
1207 1641 1231 1666 *
1257 1645 1299 1681 et
1323 1639 1540 1692 psalmum
1567 1637 1709 1680 dicam
1732 1638 1812 1680 tibi
1836 1638 1879 1687 in

1051 1695 1280 1738 Gentibus:

1102 1752 1317 1803 Queniam
1344 1752 1622 1804 magnificata
1647 1757 1714 1793 est
1738 1764 1877 1803 usque

1050 1809 1107 1851 ad
1126 1809 1264 1851 coelos
1283 1809 1584 1851 misericordia
1601 1814 1688 1859 tua,
1706 1809 1729 1834 *
1749 1814 1792 1850 et
1810 1821 1878 1849 us-

1051 1879 1135 1918 que
1165 1866 1221 1907 ad
1248 1865 1387 1908 nubes
1415 1866 1576 1907 veritas
1603 1870 1689 1907 tua.
1754 1877 1757 1880 *

1100 1922 1307 1965 Exaltare
1341 1935 1474 1975 super
1511 1922 1649 1964 coelos
1680 1922 1820 1962 Deus:
1855 1921 1879 1946 *

1051 1984 1095 2021 et
1114 1992 1247 2033 super
1267 1992 1442 2021 omnem
1458 1985 1621 2021 terram
1638 1978 1776 2029 gleria
1792 1983 1878 2019 tua.

1103 2036 1203 2077 Ant.
1235 2035 1330 2077 Filii
1360 2035 1586 2078 hominum
1619 2034 1772 2076 dentes
1804 2036 1874 2075 eo-

1049 2105 1146 2133 rum
1181 2105 1303 2134 arma
1339 2098 1383 2135 et
1419 2094 1609 2143 sagittae,
1654 2095 1697 2132 et
1732 2090 1878 2142 lingua

1051 2151 1203 2190 eorum
1229 2148 1402 2201 gladius
1428 2152 1593 2190 acutus.

1103 2205 1204 2246 Ant.
1231 2205 1515 2248 Intenderunt
1533 2217 1692 2246 arcum.

1322 2260 1519 2300 Psalmus
1541 2259 1605 2297 63.

1051 2312 1265 2417 Exaudi
1300 2319 1422 2360 Deus
1458 2318 1700 2359 orationem
1732 2329 1875 2359 meam

1145 2388 1244 2417 cum
1273 2374 1499 2427 deprecor:
1527 2374 1550 2399 ²⁸¹
1578 2386 1604 2415 a
1631 2373 1788 2415 timore
1815 2373 1875 2414 in-

1048 2432 1164 2474 imici
1183 2432 1303 2484 eripe
1323 2431 1511 2472 animam
1529 2442 1683 2471 meam.

1099 2487 1336 2529 Protexisti
1362 2499 1433 2528 me
1462 2499 1487 2527 a
1515 2488 1732 2528 conventu
1755 2486 1873 2527 mali-

1048 2544 1286 2596 gnantium:
1305 2543 1329 2568 *
1348 2555 1374 2583 a
1396 2542 1672 2584 multitudine
1692 2545 1873 2595 operan-

1048 2601 1157 2642 tium
1173 2599 1456 2651 iniquitatem.
1793 2636 1795 2640 .

1102 2657 1212 2707 Quia
1232 2657 1498 2697 exacuerunt
1520 2660 1569 2697 ut
1586 2655 1780 2706 gladium
1797 2654 1873 2695 lin-

1048 2722 1156 2764 guas
1196 2724 1311 2753 suas:
1347 2712 1370 2738 *
1406 2711 1683 2754 intenderunt
1725 2723 1873 2753 arcum
