2066 2904
781 141 991 175 Commune
1019 140 1239 173 Doctorum.

452 239 602 280 Lectio
625 239 677 278 ix.

154 290 279 399 Sed
304 293 462 332 natura
488 288 592 330 salis
624 300 800 340 semper
828 287 983 330 eadem

230 351 307 398 est,
325 359 407 389 nec
425 344 646 387 immutari
663 356 873 396 umquam
886 349 983 398 pot-

151 408 229 446 est.
250 403 418 446 Verum
438 402 540 455 quja
555 400 835 443 conversioni
847 400 982 443 homo

150 460 356 512 subjacet,
376 463 420 500 et
435 457 556 500 solus
570 457 738 507 beatuS,
755 457 829 509 qui
842 470 983 510 usque

150 516 207 559 ad
225 516 358 558 finem
378 515 424 556 in
447 513 650 556 omnibus
669 513 754 555 Dei
774 513 982 566 operibus

149 571 459 626 permanserit:
501 570 604 612 ideo
639 582 716 612 eos
753 569 819 611 sal
851 574 982 612 terrae

148 630 425 681 nuncupatos
453 631 604 668 monet
632 626 677 667 in
700 625 875 667 traditae
900 626 981 668 sibi

148 685 383 738 potestatis
402 683 565 725 virtute
583 684 833 736 persistere,
850 695 905 724 ne
921 683 981 723 in-

149 741 303 783 fatuati
323 740 431 781 nihil
453 739 627 789 saliant,
657 743 700 781 et
719 739 821 791 ipsi,
849 751 982 780 sensu

148 797 321 850 accepti
350 796 524 850 saporis
551 797 729 845 amisso,
758 795 981 838 vivificare

149 856 358 907 corrupta
385 865 475 894 non
502 852 695 905 possint,
729 856 773 893 et
800 852 981 905 projecti

149 910 204 952 de
218 909 431 951 Ecclesiae
449 908 775 961 promptuariis,
796 921 895 950 cum
914 908 981 950 his

150 978 261 1018 quos
302 965 511 1016 salierint,
555 964 743 1017 pedibus
779 964 980 1007 inceden-

147 1023 257 1064 tium
275 1024 568 1076 proterantur.
631 1022 689 1062 Te
708 1021 864 1063 Deum.
884 1023 942 1063 15.

356 1093 773 1122 mmm——

311 1159 398 1200 111.
439 1158 557 1199 Alia
582 1157 817 1199 Homilia.

155 1221 306 1263 Lectio
330 1221 472 1262 sancti
490 1220 719 1271 Evangelii
738 1220 980 1263 secundum

428 1276 698 1319 Matthaeum.

257 1341 408 1383 Lectio
430 1341 496 1380 vii.
595 1382 598 1385 Α
666 1344 822 1393 (lanf).
840 1342 877 1382 b.

147 1390 225 1497 In
243 1395 318 1437 illo
337 1397 552 1448 tempore:
570 1394 692 1435 Dixit
705 1394 730 1434 J
734 1406 834 1435 esus
854 1393 980 1435 disci-

213 1451 329 1504 pulis
357 1451 462 1492 suis:
488 1451 584 1492 Vos
614 1450 719 1492 estis
747 1450 812 1491 sal
838 1456 981 1491 terrae.

149 1507 280 1558 Quod
307 1508 345 1549 si
372 1507 438 1549 sal
465 1507 707 1555 evanuerit,
734 1507 778 1547 in
804 1519 891 1558 quo
917 1520 979 1548 sa-

147 1563 298 1606 lietur?
326 1564 384 1605 Et
402 1563 581 1616 reliqua.

176 1633 366 1676 Homilia
384 1633 424 1674 S.
443 1633 467 1674 J
470 1633 625 1674 oannis
647 1632 963 1685 Chrysestomi.

153 1696 322 1730 Homilia
342 1696 390 1729 15.
410 1696 446 1729 in
462 1696 696 1730 Matthaeum.
715 1697 786 1729 sub
804 1696 981 1730 medium.

161 1764 286 1816 «sagq
303 1750 490 1792 ttendite
528 1750 635 1803 quid
672 1749 847 1800 dixerit,
883 1751 980 1793 Vos

161 1803 242 1877 ss.)
260 1819 292 1878 χ
321 1807 426 1849 estis
459 1806 525 1849 sal
555 1812 703 1849 terrae:
742 1820 824 1859 per
861 1807 981 1860 quod

320 1863 514 1905 ostendit
557 1876 688 1916 quam
728 1864 980 1906 necessario

147 1918 232 1960 ista
262 1920 504 1973 praecipiat.
547 1920 650 1962 Non
683 1920 799 1961 enim
826 1919 882 1962 de
910 1933 980 1962 ve-

149 1979 254 2026 stra,
272 1975 431 2028 inquit,
449 1975 756 2018 tantummodo
775 1976 880 2025 vita,
901 1976 980 2018 sed

149 2030 206 2072 de
228 2031 434 2074 universo
462 2031 571 2074 orbe
594 2031 722 2074 vobis
746 2033 858 2074 ratio
885 2032 980 2074 red-

149 2086 295 2129 denda
326 2092 403 2129 est.
446 2088 548 2130 Non
581 2087 638 2130 ad
672 2088 782 2129 duas
816 2089 981 2141 quippe

148 2142 297 2194 urbeS,
325 2148 401 2186 aut
419 2143 592 2193 decem,
620 2148 695 2185 aut
714 2144 882 2195 viginti,
909 2157 981 2186 ne-

151 2212 236 2251 que
272 2199 329 2242 ad
360 2213 493 2242 unam
524 2205 700 2252 gentem
729 2213 811 2242 vos
842 2201 981 2251 mitto,

150 2256 264 2297 sicut
285 2256 514 2299 mittebam
534 2256 793 2310 prophetas:
821 2257 900 2299 sed
925 2257 982 2299 ad

150 2325 326 2355 omnem
355 2317 519 2355 terram
550 2326 732 2366 prorsus
766 2326 818 2355 ac
848 2326 981 2363 mare,

148 2372 381 2422 totumque
399 2369 626 2419 mundum,
652 2374 695 2412 et
714 2369 829 2411 hunc
848 2370 982 2411 variis

149 2425 401 2468 criminibus
421 2428 696 2479 oppressum.

298 2484 381 2522 Pro
403 2483 597 2523 Doctore
621 2483 839 2523 pontifice.

207 2541 256 2591 Rp,
276 2538 455 2580 Amavit
476 2551 575 2580 eum
594 2539 820 2580 Dominus.
840 2538 916 2590 [81]

1799 130 1871 174 [83]

1132 235 1214 274 l'ro
1235 234 1430 274 Doctore
1452 246 1536 273 non
1563 232 1784 273 Pontifice.

1090 297 1140 337 R.
1167 292 1259 334 Iste
1288 297 1357 334 est
1385 292 1470 345 qui.
1498 291 1575 344 [81]

1327 365 1478 405 Lectio
1504 364 1584 404 viii.

1038 422 1284 528 Dicendo
1306 422 1436 472 enim,
1459 421 1556 463 Vos
1576 421 1681 462 estis
1705 421 1770 462 sal
1789 426 1872 463 ter-

1142 492 1220 529 rae,
1246 478 1440 521 ostendit
1462 478 1713 519 universam
1736 477 1872 519 hemi-

1037 550 1143 578 num
1170 535 1429 577 infatuatam
1458 547 1555 576 esse
1582 537 1802 584 naturam,
1831 540 1874 576 et

1037 594 1324 646 peccaterum
1356 591 1399 632 vi
1431 593 1701 643 corruptam:
1736 596 1780 632 et
1811 591 1872 632 id-

1038 652 1155 691 circo
1180 648 1277 689 illas
1301 647 1356 689 ab
1383 647 1445 688 eis
1465 647 1653 688 virtutes
1678 648 1873 699 requirit,

1038 719 1138 758 quae
1156 705 1346 746 maxime
1361 703 1418 745 ad
1432 702 1672 744 multorum
1687 703 1874 746 salutem

1035 760 1363 815 procurandam
1390 760 1654 802 necessariae
1683 764 1785 801 sunt
1813 765 1873 801 at-

1038 831 1123 872 que
1142 817 1283 859 utiles.
1304 817 1421 858 Nam
1442 816 1516 869 qui
1534 818 1791 858 mansuetus
1808 822 1875 858 est

1037 888 1088 917 ac
1112 874 1360 923 modestus,
1389 877 1432 915 et
1455 873 1708 914 misericors
1738 878 1782 915 et
1815 875 1873 926 ju—

1036 936 1142 981 stus,
1156 943 1246 972 non
1261 930 1375 972 intra
1390 942 1438 971 se
1453 929 1764 971 tantummodo
1778 929 1874 971 haec

1037 992 1156 1030 recte
1170 988 1286 1029 facta
1303 985 1537 1035 concludit,
1551 999 1705 1027 verum
1715 986 1759 1026 in
1770 986 1874 1028 alio-

1036 1058 1134 1086 rum
1163 1056 1341 1097 quoque
1368 1042 1602 1084 utilitatem
1631 1043 1875 1095 praeclaros

1036 1101 1119 1143 hos
1152 1101 1283 1142 faciet
1316 1099 1497 1142 effluere
1530 1099 1686 1141 fontes.
1735 1100 1874 1151 Igitur

1038 1158 1111 1211 qui
1136 1157 1271 1199 corde
1294 1156 1460 1198 mundo
1486 1161 1553 1198 est
1572 1161 1706 1208 atque
1725 1157 1872 1209 pacifi-

1036 1229 1125 1265 cus
1147 1220 1190 1256 et
1209 1213 1565 1267 persecutionem
1584 1226 1666 1266 pro
1687 1214 1873 1256 veritate

1035 1272 1215 1326 patitur,
1248 1270 1529 1311 nihilominus
1562 1270 1606 1310 in
1639 1273 1873 1312 commune

1035 1327 1319 1371 commodum
1338 1327 1474 1368 vitam
1492 1326 1689 1368 instituit.

1094 1394 1142 1444 Rg.
1166 1389 1217 1429 In
1245 1387 1392 1429 medio
1422 1386 1648 1428 Ecclesiae.
1678 1387 1760 1439 [82]

1348 1463 1497 1502 Lectio
1520 1463 1571 1501 ix.

1038 1518 1155 1624 Ne
1179 1519 1312 1571 igitur
1335 1518 1516 1571 putetis,
1545 1518 1702 1569 inquit,
1733 1517 1790 1559 ad
1815 1518 1872 1559 le-

1140 1576 1211 1617 via
1238 1588 1320 1617 vos
1350 1574 1579 1616 ducendos
1607 1587 1704 1616 esse
1733 1577 1871 1616 certa-

1034 1634 1166 1682 mina,
1192 1644 1335 1684 neque
1356 1631 1613 1683 exiguarum
1632 1644 1780 1673 rerum
1798 1645 1873 1673 vo-

1035 1690 1103 1731 bis
1128 1688 1366 1730 ineundam
1390 1701 1488 1729 esse
1511 1688 1739 1729 rationem.
1777 1688 1872 1729 Vos

1036 1747 1141 1788 estis
1162 1745 1227 1787 sal
1240 1750 1383 1787 terrae.
1412 1744 1528 1794 Quid
1543 1743 1698 1796 igitur?
1722 1745 1872 1797 Ipsine

1035 1803 1284 1856 putrefacta
1308 1800 1518 1843 medicati
1538 1799 1662 1842 sunt?
1696 1801 1871 1854 Nequa-

1038 1873 1183 1912 quam:
1208 1871 1352 1911 neque
1377 1858 1492 1899 enim
1515 1858 1795 1911 fieripotest,
1823 1863 1872 1899 ut

1037 1929 1089 1958 ea
1122 1929 1220 1968 quae
1253 1916 1339 1967 jam
1371 1917 1581 1967 corrupta
1614 1919 1734 1964 sunt,
1768 1915 1871 1956 salis

1036 1973 1348 2026 perfricatione
1372 1973 1643 2024 reparentur.
1679 1971 1782 2013 Non
1809 1984 1871 2012 er-

1037 2042 1094 2080 go
1108 2029 1194 2071 hoc
1209 2029 1418 2077 fecerunt,
1439 2027 1519 2069 sed
1533 2032 1634 2069 ante
1649 2030 1872 2077 renovata,

1037 2085 1209 2138 sibique
1235 2084 1415 2134 tradita,
1441 2088 1574 2136 atque
1603 2084 1658 2125 ab
1686 2083 1760 2124 illa
1787 2084 1873 2135 jam

1037 2141 1271 2195 putredine
1321 2140 1524 2189 liberata,
1578 2140 1874 2192 aspergebant

1038 2198 1144 2248 sale,
1182 2203 1226 2239 et
1256 2198 1300 2238 in
1334 2210 1386 2239 ea
1415 2197 1611 2238 novitate
1641 2199 1872 2238 conserva-

1035 2253 1154 2304 bant,
1175 2267 1307 2306 quam
1324 2267 1350 2294 a
1364 2253 1558 2294 Domino
1575 2255 1873 2306 susceperant.

1036 2310 1246 2353 Liberare
1273 2310 1438 2362 quippe
1466 2321 1491 2349 a
1514 2308 1750 2361 putredine
1773 2322 1873 2362 pec-

1037 2369 1247 2416 catorum,
1268 2365 1431 2407 Christi
1445 2365 1621 2406 virtutis
1638 2370 1719 2407 est:
1738 2371 1787 2408 ut
1802 2379 1873 2408 au-

1036 2427 1126 2464 tem
1144 2422 1201 2464 ad
1216 2422 1290 2463 illa
1306 2423 1466 2463 iterum
1479 2433 1569 2462 non
1583 2424 1872 2473 revertantur,

1037 2478 1357 2532 Apostolorum
1381 2490 1498 2518 curae
1524 2482 1591 2519 est
1619 2490 1671 2519 ac
1695 2477 1872 2521 laboris.

1092 2541 1153 2580 Te
1171 2540 1318 2581 Deum
1336 2536 1578 2579 laudamus.
1598 2539 1657 2579 15.

746 2627 1273 2688 &effi-
