2066 2904
393 143 602 177 Commune
629 140 880 184 plurimorum
907 140 1115 183 Martyrum
1142 144 1248 172 extra
1275 143 1426 181 tempus
1456 138 1650 171 l‘aschalc.

215 235 435 289 Dirupisti
454 233 628 277 vincula
649 245 764 275 mea:
783 233 807 259 *
826 232 908 274 tibi
930 245 994 273 sa-

166 292 374 334 crificabo
393 291 585 333 hostiam
599 289 754 340 laudis,
774 293 818 331 et
833 301 995 331 nomen

165 349 345 391 Demini
363 347 591 390 invocabo.

216 405 338 447 Vota
371 417 470 446 mea
503 403 697 445 Demino
733 401 918 444 reddam
951 402 995 442 in

167 463 407 515 conspectu
448 460 590 502 omnis
632 458 788 513 populi
829 460 937 511 ejus:
970 458 994 484 *

165 519 211 560 in
237 518 358 560 atriis
387 517 544 559 domus
561 516 755 567 Demini,
782 515 827 557 in
846 514 994 557 medio

165 575 231 617 tui
256 574 510 617 Jerusalem.

217 639 340 684 Capit.
368 644 403 674 et
427 639 566 684 Hymn.
592 643 631 672 ut
655 638 691 671 in
716 637 742 672 Ι.
760 637 875 681 Vesp.
905 636 974 680 [52]

215 691 267 743 ΥΤ.
295 696 590 739 Exsultabunt
617 695 759 736 sancti
783 694 828 735 in
845 693 995 745 gloria.

164 754 215 806 R.
241 753 528 796 Laetabuntur
547 753 592 793 in
611 751 827 794 cubilibus
846 751 946 792 suis.

217 816 288 858 Ad
308 816 480 867 Magnis.
504 816 602 856 Ant.
622 812 829 854 Gaudent
847 812 891 853 in
910 824 995 853 coe-

167 871 221 912 lis
238 871 262 897 *
282 870 439 912 animae
459 871 722 919 sanctorum,
742 869 817 922 qui
836 868 997 910 Christi

168 927 352 978 vestigia
379 931 480 968 sunt
511 926 668 968 secuti:
709 931 753 967 et
781 925 883 978 quia
913 937 996 977 pro

169 985 260 1036 ejus
284 985 433 1025 amore
455 983 712 1034 sanguinem
732 995 859 1023 suum
877 980 996 1022 fude-

168 1045 285 1091 runt,
320 1039 422 1082 ideo
448 1052 548 1082 cum
573 1038 748 1081 Christo
777 1038 998 1080 exsultant

167 1098 260 1139 sine
287 1096 386 1139 fine.

421 1152 734 1179 nssoeffi-offi

328 1239 391 1281 11.
419 1238 548 1281 Aliae
566 1238 828 1280 Lectiones

222 1313 316 1352 pro
345 1300 581 1352 pluribus
611 1299 937 1350 Martyribus.

387 1383 435 1422 In
463 1383 513 1422 II.
543 1383 765 1422 Nocturno.

165 1455 321 1499 Sermo
347 1455 487 1497 sancti
509 1455 534 1495 J
536 1455 659 1497 oafiis
683 1453 998 1506 Chrysostomi.

275 1517 391 1552 Serm.
419 1519 446 1552 1.
472 1518 518 1553 de
544 1518 698 1562 Martyr.
723 1517 831 1551 Tom.
856 1517 885 1550 3

470 1585 622 1625 Lectio
643 1585 695 1624 iv.

197 1660 298 1702 Qus
332 1661 406 1690 mo
433 1652 500 1690 est
527 1647 602 1700 qui
625 1647 806 1697 nesciat,
838 1647 999 1699 Marty—

212 1706 215 1710 ’
243 1702 265 1735 ¹<
332 1719 429 1748 rum
459 1703 620 1756 glorias
653 1703 710 1745 ad
736 1703 822 1745 hoc
850 1703 998 1746 divino

178 1783 247 1785 --
333 1761 516 1804 consilio
546 1773 572 1802 a
597 1761 683 1802 Dei
709 1760 885 1814 populis
918 1761 998 1803 fre-

172 1819 387 1871 quentari,
415 1822 464 1860 ut
488 1822 532 1859 et
555 1817 642 1859 illis
662 1816 836 1859 debitus
858 1817 1000 1859 honor

171 1874 356 1925 dicetur,
384 1880 429 1917 et
446 1873 574 1916 nobis
593 1874 767 1916 virtutis
789 1873 1000 1927 exempla,

171 1931 345 1974 favente
373 1931 563 1981 Christo,
600 1932 913 1972 monstrentur:
954 1935 1002 1973 ut

173 1986 279 2030 dum
292 1988 388 2030 haec
402 1988 463 2030 ita
476 1987 690 2030 celebrari
701 1987 1002 2040 perspicimus,

173 2046 491 2095 cognoscamus
535 2048 697 2097 quanta
740 2056 818 2086 eos
862 2043 1003 2094 gloria

171 2103 347 2144 maneat
365 2101 410 2143 in
429 2100 568 2151 coelis,
598 2113 785 2153 quorum
806 2100 1002 2142 natalitia

171 2157 318 2200 taliter
351 2157 628 2200 celebrantur
659 2157 704 2198 in
731 2157 879 2199 terris:
914 2170 1001 2210 quo

171 2216 393 2267 possimus
413 2214 544 2256 etiam
562 2214 647 2267 ipsi
663 2213 825 2256 talibus
843 2227 1002 2267 provo-

174 2271 266 2312 cari
289 2270 518 2324 exemplis,
545 2271 706 2313 virtute
730 2271 842 2324 pari,
871 2270 1002 2312 devo-

173 2328 292 2369 ti6ne
315 2327 531 2370 consimili
554 2340 606 2369 ac
630 2326 734 2369 fide:
760 2332 809 2369 ut
827 2327 1002 2369 Christo

174 2386 434 2437 praestante,
486 2384 695 2426 dimicare
739 2389 783 2426 et
827 2386 1003 2426 vincere

174 2440 348 2483 hostem
361 2443 595 2495 possimus:
610 2445 659 2483 ut
672 2445 800 2493 parta
809 2441 1003 2491 victeria‚

175 2510 275 2539 cum
291 2497 449 2539 iisdem
467 2498 629 2540 sanctis
647 2498 692 2538 in
710 2497 856 2548 regnis
876 2497 1003 2538 coele-

177 2553 315 2595 stibus
332 2553 661 2607 triumphemus.

223 2607 275 2659 R·
314 2611 461 2652 Sancti
490 2611 555 2652 tui
583 2611 771 2652 Domine
804 2609 1003 2652 mirabile

176 2667 401 2709 consecuti
416 2673 517 2709 sunt
530 2667 623 2717 iter,
639 2667 880 2709 servientes
893 2679 1003 2719 prae-

1809 133 1879 178 [63]

1048 231 1187 284 ceptis
1214 231 1316 280 tuis,
1352 236 1401 273 ut
1429 231 1727 272 invenirentur
1754 229 1880 271 illaesi

1046 288 1091 329 in
1117 287 1242 340 aquis
1264 286 1438 329 validis:
1463 293 1486 316 *
1511 287 1652 329 Terra
1675 287 1880 340 apparuit

1048 344 1185 386 arida:
1220 349 1264 386 et
1295 344 1339 384 in
1370 343 1483 385 Mari
1513 343 1648 386 rubro
1682 344 1754 386 via
1788 343 1880 385 sine

1047 400 1375 454 impedimento.
1397 401 1445 452 Y.
1468 400 1685 451 Quoniam
1702 403 1880 454 percus-

1048 459 1105 500 sit
1127 459 1315 511 petram‚
1350 462 1393 500 et
1417 457 1637 500 fluxerunt
1661 470 1805 510 aquae,
1838 463 1882 500 et

1047 517 1268 557 torrentes
1286 514 1618 556 inundaverunt.
1646 514 1796 556 Terra.

1356 593 1508 633 Lectio
1532 606 1566 631 v.

1134 654 1202 698 uis
1221 659 1289 696 est
1308 654 1433 704 enim,
1464 654 1538 706 qui
1557 655 1710 695 eorum
1729 653 1882 696 volens

1143 711 1301 753 merito
1317 710 1531 764 copulari;
1548 711 1632 752 nisi
1645 711 1767 764 prius
1783 724 1882 752 con-

1049 768 1255 810 stantiam
1291 769 1444 810 eerum
1480 769 1646 818 teneat,
1691 770 1883 809 sectetur

1049 824 1194 874 fidem,
1213 824 1405 866 imitetur
1423 824 1631 866 virtutem
1649 825 1883 877 passionis3

1051 883 1203 923 eerum
1222 880 1409 933 gleriam
1431 881 1612 934 paribus
1632 882 1735 923 vitae
1753 881 1883 923 linea-

1049 938 1207 980 mentis
1231 943 1307 980 aut
1329 938 1531 988 inveniat,
1559 942 1635 980 aut
1659 937 1883 991 exquirat?

1050 995 1135 1046 Qui
1171 995 1254 1037 etsi
1293 995 1503 1047 martyrio
1543 1008 1624 1047 par
1662 1007 1759 1036 esse
1795 1008 1884 1037 non

1048 1051 1207 1104 possit:
1235 1056 1383 1093 tamen
1406 1052 1600 1093 muneris
1619 1052 1729 1093 tanti
1749 1050 1884 1102 digni-

1048 1110 1140 1150 tate
1168 1121 1216 1150 se
1246 1108 1431 1161 quisque
1463 1107 1591 1150 bonis
1619 1107 1790 1150 actibus
1825 1108 1884 1150 di-

1049 1177 1183 1216 gnum
1214 1164 1424 1217 praebeat.
1479 1164 1621 1207 Adest
1654 1165 1770 1206 enim
1802 1164 1883 1206 cle-

1048 1222 1344 1263 mentissimus
1367 1221 1504 1272 Deus,
1541 1222 1615 1274 qui
1635 1221 1884 1263 desideran-

1048 1278 1166 1320 tibus
1191 1278 1280 1320 suis
1304 1283 1380 1319 aut
1397 1278 1655 1331 martyrium
1673 1278 1882 1331 praebeat,

1050 1340 1125 1377 aut
1143 1335 1235 1377 sine
1254 1335 1465 1388 martYrio
1483 1348 1582 1376 cum
1597 1336 1759 1377 sanctis
1774 1338 1885 1389 prae—

1049 1392 1137 1432 mia
1157 1391 1303 1433 divina
1321 1391 1546 1434 retribuat.

1104 1455 1153 1506 R.
1169 1452 1371 1495 Verbera
1386 1453 1640 1495 carm'ficum
1655 1466 1743 1495 non
1758 1453 1882 1495 timu-

1051 1511 1177 1551 erunt
1212 1510 1352 1552 sancti
1387 1510 1486 1560 Dei,
1526 1510 1764 1552 morientes
1800 1524 1884 1563 pro

1053 1566 1214 1608 Christi
1236 1566 1427 1608 nomine:
1455 1571 1476 1592 *
1506 1567 1566 1609 Ut
1584 1566 1786 1609 haeredes
1810 1567 1884 1609 fie-
1930 1572 1932 1574 ’

1051 1628 1149 1665 rent
1166 1623 1211 1664 in
1231 1622 1364 1665 domo
1383 1623 1572 1664 Demini.
1600 1620 1650 1671 Y
1673 1624 1883 1666 Tradide-

1052 1685 1153 1722 runt
1168 1681 1356 1733 corpora
1375 1693 1453 1722 sua
1470 1686 1654 1734 propter
1668 1681 1813 1722 Deum
1828 1680 1884 1722 ad

1054 1736 1279 1789 supplicia.
1310 1737 1376 1779 Ut.

1354 1811 1505 1852 Lectio
1527 1812 1578 1850 vi.

1146 1876 1164 1913 t
1183 1871 1298 1913 enim
1319 1872 1565 1914 infirmatur
1583 1876 1795 1926 peccator
1814 1873 1886 1915 ad-

1157 1929 1307 1978 versis,
1335 1929 1398 1970 ita
1415 1929 1553 1981 justus
1572 1930 1886 1973 tentatienibus

1054 1983 1300 2026 roboratur.
1345 1986 1416 2027 Sic
1445 1985 1707 2029 dimicarunt
1734 1987 1885 2028 adver-

1055 2053 1129 2082 sus
1155 2044 1388 2094 peccatum
1416 2043 1571 2085 sancti:
1608 2044 1671 2084 sic
1697 2048 1740 2086 et
1766 2043 1886 2085 labo-

1053 2097 1194 2140 rando
1214 2098 1420 2141 fortieres
1440 2104 1484 2142 et
1501 2099 1732 2142 moriendo
1751 2100 1886 2141 victo-

1054 2166 1126 2196 res
1163 2154 1307 2197 effecti
1343 2161 1454 2198 sunt.
1511 2156 1668 2198 Nullus
1701 2156 1887 2198 athletes

1055 2211 1148 2253 sine
1168 2213 1406 2254 certamine
1430 2212 1586 2254 fortior
1611 2212 1710 2264 dici,
1743 2212 1886 2255 nullus

1055 2267 1148 2309 sine
1206 2268 1391 2311 victoria
1452 2269 1616 2322 poterit
1674 2270 1886 2311 coronari.

1054 2323 1198 2366 Nemo
1232 2325 1357 2367 miles
1396 2325 1489 2367 sine
1522 2325 1677 2378 praelio
1713 2326 1887 2368 hostem

1056 2380 1253 2433 subjecit:
1285 2395 1415 2424 nemo
1440 2382 1533 2423 sine
1558 2381 1677 2424 bello
1701 2383 1887 2436 impera-

1055 2439 1199 2479 torem
1215 2438 1468 2491 promeruit.
1501 2438 1668 2489 Habes,
1693 2438 1887 2482 christia—

1056 2506 1126 2544 ne,
1154 2495 1449 2548 competentia
1467 2508 1605 2545 arma‚
1634 2495 1792 2548 quibus
1811 2496 1886 2538 ho-

1057 2554 1171 2592 stem
1203 2554 1444 2604 expugnes:
1484 2550 1621 2594 habes
1649 2552 1887 2595 fortissima

1056 2606 1154 2657 tela,
1184 2607 1340 2660 quibus
1360 2607 1582 2650 inimicum
1601 2608 1807 2652 debelles.

1104 2665 1155 2716 R,
1185 2668 1431 2721 Tamquam
1449 2681 1614 2711 aurum.
1641 2670 1726 2723 [58]
