2066 2904
203 188 275 224 540

656 190 722 223 lm·
753 189 798 222 ll.
824 188 940 222 Annii.
987 189 1020 220 S.
1049 187 1236 219 Barnabae
1263 185 1452 228 Apostoli.

205 288 317 329 sicut
343 299 448 328 oves
475 286 519 327 in
546 285 693 327 medio
721 262 932 338 luporum.
972 285 1028 326 Et

205 343 378 395 reliqua.

334 415 521 459 Homilia
557 415 695 456 sancti
726 414 907 456 Joannis

457 471 770 523 Chrysostomi.

294 542 430 575 llomil.
455 543 505 574 33⁴-
534 542 567 574 in
598 540 724 574 Matth.
752 545 838 582 post
866 538 942 571 init.

321 607 395 635 um
419 593 634 634 Dominus
667 604 839 634 omnem
871 593 1027 634 sollici-

239 664 267 708 ζ
338 649 534 692 tudinem
557 662 582 690 a
602 648 915 702 discipulorum
935 651 1027 690 cor-

213 704 286 733 ·“225
296 727 302 729 Δ
341 706 468 748 dibus
495 705 683 757 ejecerit,
712 711 755 747 et
779 705 1028 747 ostensione

207 764 429 814 signorum
456 762 706 811 armaverit,
741 766 873 814 atque
901 761 956 803 ab
986 764 1028 803 o-

206 819 377 861 mnibus
403 819 587 870 negotiis
614 817 898 860 saecularibus
930 818 1028 860 alie-

207 878 353 925 natOS,
398 880 442 917 et
477 874 532 916 ab
569 874 686 915 omni
722 874 1030 926 temporalium

206 946 350 974 rerum
368 944 471 974 cura
490 931 713 980 liberatos,
737 930 903 972 ferreos
924 944 1028 983 quo-

207 988 444 1032 dammodo
477 994 608 1040 atque
640 986 944 1029 adamantinos
973 988 1029 1029 fe-

207 1046 333 1095 cerit,
365 1050 458 1087 tum
490 1044 677 1098 denique
710 1047 920 1085 eventura
946 1044 1045 1085 illis·

207 1102 391 1144 adversa
415 1100 628 1153 praedicit.
669 1100 807 1142 Multa
834 1101 949 1142 enim
977 1113 1030 1142 ex

205 1159 287 1200 hac
310 1156 595 1211 praedictione
619 1157 862 1198 futurarum
886 1170 1031 1199 rerum

207 1213 438 1256 commoda
483 1213 873 1266 consequebantur.
942 1214 1030 1255 Pri-

206 1285 339 1322 mum,
383 1276 431 1312 ut
476 1271 565 1322 ejus
610 1270 899 1323 praescientiae
943 1271 1031 1313 vim

208 1328 462 1370 ediscerent.
489 1326 670 1376 Deinde,
689 1332 737 1368 ut
755 1339 883 1368 nemo
902 1329 1033 1381 suspi-

207 1386 379 1426 caretur
398 1396 452 1425 ex
466 1384 661 1434 magistri
674 1383 927 1426 infirmitate
941 1389 1031 1426 tam

206 1441 355 1505 gravia
368 1440 482 1481 mala
497 1440 775 1482 descendere.
800 1440 1031 1496 Praeterea,

208 1509 263 1539 ne
283 1496 357 1549 qui
377 1509 428 1538 ea
445 1497 617 1549 passuri
641 1501 782 1546 erant,
810 1489 956 1539 subito
979 1510 1031 1540 ac

207 1553 431 1606 inopinato
458 1565 602 1594 rerum
623 1554 783 1608 eventu
805 1553 1029 1611 perturba-

206 1611 364 1651 rentur.
400 1609 616 1662 Denique,
635 1622 704 1659 ne,
728 1622 828 1651 cum
844 1606 929 1651 ista
949 1610 1031 1653 sub

206 1666 350 1719 ipsum
369 1666 585 1718 passionis
610 1679 701 1707 suae
719 1671 892 1719 tempus
912 1667 1029 1710 audi-

207 1727 313 1772 rent,
332 1722 512 1764 nimium
532 1725 919 1765 commoverentur.

259 1789 308 1839 R».
344 1788 437 1839 Ego
470 1801 567 1828 sum
597 1788 697 1829 vitis
728 1801 841 1838 vera,
874 1794 918 1830 et
950 1801 1030 1831 vos

207 1842 424 1896 palmites:
455 1844 476 1867 *
502 1844 586 1894 Qui
616 1849 762 1886 manet
794 1845 837 1885 in
868 1858 954 1896 me,
988 1851 1031 1887 et

209 1912 291 1951 ego
323 1899 367 1940 in
399 1912 469 1950 eo,
502 1899 572 1942 hic
599 1900 682 1942 fert
709 1901 895 1943 fructum
923 1902 1028 1943 mul-

206 1962 314 2005 tum,
359 1955 543 2008 alleluja,
589 1957 768 2009 allehija.
823 1953 870 2004 V.
911 1958 1030 2000 Sicut

208 2012 358 2054 dilexit
393 2025 463 2054 me
499 2013 647 2063 Pater,
689 2019 732 2055 et
772 2027 854 2065 ego
898 2014 1028 2056 dilexi

207 2082 297 2110 vos
352 2068 447 2119 Qui.

488 2133 521 2172 Ι
526 2134 640 2173 ectio
663 2148 684 2172 x
692 2135 745 2174 iii.

279 2211 349 2240 am
377 2211 500 2249 vero,
526 2203 574 2240 ut
600 2199 842 2250 intelligant
868 2214 1030 2244 novum

296 2255 380 2298 hoc
402 2268 500 2297 esse
522 2255 625 2297 belli
643 2268 797 2307 genus,
826 2263 869 2299 et
886 2258 1029 2300 insoli-

207 2317 300 2354 tum
326 2311 557 2365 praeliandi
585 2325 769 2363 morem,
802 2327 901 2356 cum
932 2315 1029 2358 illos

209 2368 349 2410 nudos
374 2371 580 2419 mitteret,
608 2382 694 2410 una
720 2369 897 2412 indutos
921 2373 1029 2413 tuni-

210 2436 276 2473 ca,
304 2424 395 2466 sine
423 2425 597 2475 calceis,
624 2425 791 2478 absque
818 2427 959 2478 virga,
987 2435 1030 2471 et

210 2478 375 2531 absque
402 2493 512 2522 zona
540 2486 584 2522 et
610 2494 732 2534 pera,
764 2486 808 2523 et
835 2482 889 2525 ab
919 2485 1030 2526 exci—

209 2535 427 2587 pientibus
447 2537 501 2578 ali
520 2537 702 2588 juberet:
729 2551 815 2579 non
839 2538 941 2581 fecit
961 2540 1030 2582 hic

211 2589 382 2632 dicendi
402 2592 548 2643 finem,
577 2594 655 2636 sed
679 2594 1028 2647 inexplicabilem

211 2646 414 2688 virtutem
449 2662 571 2690 suam
605 2651 846 2703 preferens,
888 2652 1030 2693 Etiam

210 2703 271 2744 sic
291 2706 458 2754 euntes,
477 2705 630 2758 inquit,
653 2707 1029 2750 mansuetudinem

1081 289 1227 327 tamen
1255 285 1403 327 ovium
1431 283 1668 334 ostendite,
1708 285 1907 336 quamvis

1081 339 1138 382 ad
1160 341 1289 394 lupos
1313 341 1432 392 ituri,
1462 353 1543 383 nec
1568 340 1824 394 simpliciter
1850 341 1907 383 ad

1080 398 1221 450 lupos,
1236 397 1316 440 sed
1330 397 1461 439 etiam
1476 397 1521 438 in
1533 397 1679 439 medio
1690 397 1908 450 luporum:

1081 455 1238 506 (neque
1270 466 1375 496 vero
1410 454 1558 495 ovium
1589 458 1757 495 tantum
1790 466 1907 495 man-

1082 510 1357 552 suetudinem
1366 509 1529 552 habere
1538 509 1669 562 jubet,
1683 509 1763 552 sed
1777 510 1908 552 etiam

1082 566 1299 608 columbae
1324 566 1677 618 simplicitatem:)
1707 566 1770 608 sic
1793 566 1908 610 enim

1081 622 1286 664 virtutem
1304 634 1447 664 meam
1464 622 1653 664 maxime
1668 622 1909 674 ostendam,

1082 691 1180 720 cum
1204 678 1259 720 ab
1284 678 1440 720 ovibus
1459 678 1552 731 lupi
1572 678 1909 732 superabantur:

1082 739 1126 777 et
1154 735 1353 787 quamvis
1378 734 1465 776 illae
1494 734 1580 776 sint
1607 735 1651 776 in
1675 735 1822 777 medio
1848 736 1909 777 lu-

1081 793 1253 844 porum,
1279 796 1323 833 et
1347 790 1585 832 innumeris
1609 791 1829 834 morsibus
1850 792 1909 833 la-

1082 849 1301 897 cerentur,
1327 860 1416 889 non
1439 846 1573 888 modo
1596 860 1685 889 non
1710 851 1910 890 consum-

1082 909 1171 956 ptae
1194 903 1372 953 fuerint,
1406 915 1558 945 verum
1582 903 1713 945 etiam
1739 904 1839 946 illos
1866 905 1910 946 in

1083 960 1149 1002 sui
1167 963 1368 1002 naturam
1386 961 1781 1003 transmutaverint.

1134 1033 1185 1072 R
1226 1028 1412 1071 Candidi
1442 1029 1548 1071 facti
1579 1034 1680 1072 sunt
1710 1030 1911 1072 Nazaraei

1084 1087 1188 1139 ejus,
1214 1085 1399 1138 alleluja;
1424 1085 1705 1138 splendorem
1722 1086 1820 1128 Deo
1838 1086 1910 1129 de-

1084 1142 1257 1192 derunt,
1283 1141 1468 1193 alleluja:
1487 1145 1510 1168 *
1530 1142 1587 1184 Et
1611 1142 1724 1184 sicut
1748 1142 1817 1185 lac
1840 1155 1910 1185 co-

1083 1199 1246 1250 agulati
1263 1202 1373 1249 sunt,
1393 1198 1575 1252 alleluia,
1594 1198 1705 1240 allel.
1732 1196 1781 1248 V.
1803 1199 1910 1241 Can-

1085 1255 1275 1297 didiores
1294 1255 1409 1305 nive,
1436 1255 1662 1297 nitidiores
1685 1255 1815 1306 lacte,
1842 1269 1910 1298 ru-

1085 1311 1363 1354 bicundiores
1400 1311 1535 1354 ebore
1571 1314 1770 1364 antiquo,
1814 1325 1909 1366 sap-

1083 1368 1212 1422 phiro
1237 1368 1523 1421 pulchriores.
1563 1368 1620 1410 Et
1647 1369 1770 1411 sicut.
1807 1369 1909 1410 Glo-

1084 1426 1147 1468 ria
1165 1426 1295 1467 Patri.
1339 1426 1396 1468 Et
1415 1425 1538 1467 sicut.

1384 1510 1536 1551 Lectio
1558 1510 1612 1550 ix.

1083 1570 1279 1676 Maius
1310 1578 1429 1615 certe
1453 1578 1585 1625 atque
1611 1571 1910 1615 admirabilius

1211 1635 1294 1679 est,
1334 1635 1525 1671 mentem
1560 1628 1912 1671 adversariorum

1083 1689 1367 1735 commutare,
1399 1690 1444 1728 et
1477 1685 1668 1727 animum
1698 1685 1742 1726 in
1771 1685 1909 1727 diver-

1083 1755 1179 1784 sum
1207 1742 1461 1792 transferre,
1503 1754 1635 1794 quam
1665 1741 1765 1783 illos
1798 1743 1910 1783 occi-

1083 1798 1204 1841 dere:
1248 1799 1497 1852 praesertim
1540 1811 1641 1840 cum
1676 1797 1911 1840 duodecim

1082 1861 1250 1898 tantum
1269 1860 1431 1905 essent,
1458 1860 1502 1897 et
1526 1855 1641 1908 lupis
1665 1854 1821 1908 plenus
1845 1867 1909 1896 es-

1082 1917 1150 1954 set
1173 1912 1292 1955 orbis
1311 1912 1551 1954 universus.
1584 1911 1910 1953 Erubescamus

1082 1969 1229 2021 igitur,
1255 1969 1330 2021 qui
1347 1969 1478 2021 longe
1497 1967 1671 2011 diversa
1689 1968 1910 2018 facientes,

1081 2032 1306 2078 tamquam
1331 2026 1425 2079 lupi
1451 2025 1495 2066 in
1523 2024 1801 2067 adversarios
1826 2024 1909 2066 rui-

1080 2096 1189 2124 mus.
1210 2083 1325 2124 Nam
1345 2081 1554 2135 quamdiu
1569 2094 1676 2124 oves
1690 2081 1910 2132 fuerimus,

1082 2139 1309 2182 vincimus:
1348 2139 1479 2181 etiam
1511 2139 1548 2180 si
1579 2138 1697 2180 mille
1729 2138 1909 2180 circam-

1082 2200 1197 2238 stent
1214 2196 1323 2249 lupi,
1350 2198 1628 2249 superamus,
1654 2200 1699 2237 et
1717 2195 1909 2237 victores

1082 2265 1246 2294 sumus:
1271 2252 1390 2305 quod
1409 2253 1446 2293 si
1464 2252 1555 2305 lupi
1575 2252 1798 2302 fuerimus,
1819 2252 1908 2293 vin-

1082 2309 1229 2350 cimur.
1255 2309 1381 2351 Tunc
1399 2309 1514 2350 enim
1533 2322 1557 2350 a
1576 2308 1704 2351 nobis
1717 2307 1909 2361 pastoris

1082 2364 1290 2406 auxilium
1319 2365 1504 2414 recedit,
1541 2365 1616 2418 qui
1648 2377 1737 2406 non
1767 2364 1910 2418 lupos,

1082 2420 1161 2463 sed
1180 2433 1287 2463 oves
1306 2421 1457 2473 pascit.

1138 2485 1200 2527 Te
1219 2486 1362 2528 Deum
1380 2485 1619 2528 laudamus.
1638 2486 1697 2526 15.

1139 2554 1177 2587 In
1206 2555 1248 2588 11.
1277 2554 1389 2596 vesp.
1420 2563 1615 2600 commem.
1646 2565 1751 2597 sequ.
1782 2565 1825 2588 ac
1851 2555 1907 2588 Ss.

1087 2603 1269 2636 Basilidis
1294 2607 1329 2636 et
1354 2604 1437 2637 Soc.
1463 2602 1570 2636 Mart.

1338 2692 1649 2720 —ss—
