<?xml version="1.0" encoding="UTF-8"?>
<!DOCTYPE html PUBLIC "-//W3C//DTD XHTML 1.0 Transitional//EN"
    "http://www.w3.org/TR/xhtml1/DTD/xhtml1-transitional.dtd">
<html xmlns="http://www.w3.org/1999/xhtml" xml:lang="en" lang="en">
 <head>
  <title>
</title>
<meta http-equiv="Content-Type" content="text/html;charset=utf-8" />
  <meta name='ocr-system' content='tesseract 3.04.00' />
  <meta name='ocr-capabilities' content='ocr_page ocr_carea ocr_par ocr_line ocrx_word'/>
</head>
<body>
  <div class='ocr_page' id='page_1' title='image "./p2breviariumroma00cathuoft_0495.png"; bbox 0 0 2066 2904; ppageno 0'>
   <div class='ocr_carea' id='block_1_1' title="bbox 326 151 1720 205">
    <p class='ocr_par' dir='ltr' id='par_1_1' title="bbox 326 151 1720 205">
     <span class='ocr_line' id='line_1_1' title="bbox 326 151 1720 205; baseline -0.011 -7"><span class='ocrx_word' id='word_1_1' title='bbox 326 164 432 198; x_wconf 89' lang='lat' dir='ltr'>Dom.</span> <span class='ocrx_word' id='word_1_2' title='bbox 447 162 510 196; x_wconf 88' lang='lat' dir='ltr'>III.</span> <span class='ocrx_word' id='word_1_3' title='bbox 530 166 617 205; x_wconf 83' lang='lat' dir='ltr'>post</span> <span class='ocrx_word' id='word_1_4' title='bbox 633 160 793 194; x_wconf 81' lang='lat' dir='ltr'>Pascha.</span> <span class='ocrx_word' id='word_1_5' title='bbox 820 157 1029 192; x_wconf 80' lang='lat' dir='ltr'>Patrocinii</span> <span class='ocrx_word' id='word_1_6' title='bbox 1047 157 1081 191; x_wconf 90' lang='lat' dir='ltr'>S.</span> <span class='ocrx_word' id='word_1_7' title='bbox 1099 156 1246 198; x_wconf 81' lang='lat' dir='ltr'>Joseph</span> <span class='ocrx_word' id='word_1_8' title='bbox 1267 154 1386 189; x_wconf 80' lang='lat' dir='ltr'>Conf..</span> <span class='ocrx_word' id='word_1_9' title='bbox 1404 152 1546 196; x_wconf 70' lang='lat' dir='ltr'>Sponsi</span> <span class='ocrx_word' id='word_1_10' title='bbox 1565 152 1602 185; x_wconf 72' lang='lat'>13.</span> <span class='ocrx_word' id='word_1_11' title='bbox 1620 152 1662 184; x_wconf 73' lang='lat' dir='ltr'>M.</span> <span class='ocrx_word' id='word_1_12' title='bbox 1681 151 1720 184; x_wconf 64' lang='lat' dir='ltr'>V.</span> 
     </span>
    </p>
   </div>
   <div class='ocr_carea' id='block_1_2' title="bbox 225 254 993 311">
    <p class='ocr_par' dir='ltr' id='par_1_2' title="bbox 225 254 993 311">
     <span class='ocr_line' id='line_1_2' title="bbox 225 254 993 311; baseline -0.01 -8"><span class='ocrx_word' id='word_1_13' title='bbox 225 263 293 303; x_wconf 78' lang='lat' dir='ltr'>Ad</span> <span class='ocrx_word' id='word_1_14' title='bbox 320 261 491 311; x_wconf 85' lang='lat' dir='ltr'>Magnis.</span> <span class='ocrx_word' id='word_1_15' title='bbox 520 261 617 300; x_wconf 88' lang='lat' dir='ltr'><strong>Ant.</strong></span> <span class='ocrx_word' id='word_1_16' title='bbox 648 259 755 299; x_wconf 87' lang='lat' dir='ltr'>Cum</span> <span class='ocrx_word' id='word_1_17' title='bbox 778 259 896 297; x_wconf 82' lang='lat' dir='ltr'>esset</span> <span class='ocrx_word' id='word_1_18' title='bbox 922 254 993 296; x_wconf 92' lang='lat' dir='ltr'>de-</span> 
     </span>
    </p>
   </div>
   <div class='ocr_carea' id='block_1_3' title="bbox 166 311 1061 367">
    <p class='ocr_par' dir='ltr' id='par_1_3' title="bbox 166 311 1132 367">
     <span class='ocr_line' id='line_1_3' title="bbox 166 311 1061 367; baseline -0.004 -11"><span class='ocrx_word' id='word_1_19' title='bbox 166 316 377 367; x_wconf 88' lang='lat' dir='ltr'>sponsata</span> <span class='ocrx_word' id='word_1_20' title='bbox 391 314 534 356; x_wconf 83' lang='lat' dir='ltr'><strong>Mater</strong></span> <span class='ocrx_word' id='word_1_21' title='bbox 547 313 572 355; x_wconf 87' lang='lat' dir='ltr'>J</span> <span class='ocrx_word' id='word_1_22' title='bbox 574 326 652 356; x_wconf 88' lang='lat' dir='ltr'>esu</span> <span class='ocrx_word' id='word_1_23' title='bbox 665 313 804 354; x_wconf 89' lang='lat' dir='ltr'>Maria</span> <span class='ocrx_word' id='word_1_24' title='bbox 817 312 841 352; x_wconf 88' lang='lat' dir='ltr'><strong>J</strong></span> <span class='ocrx_word' id='word_1_25' title='bbox 843 311 993 364; x_wconf 86' lang='lat' dir='ltr'>oseph‚</span> <span class='ocrx_word' id='word_1_26' title='bbox 1058 331 1061 351; x_wconf 84' lang='grc'>;</span> 
     </span>
    </p>
   </div>
   <div class='ocr_carea' id='block_1_4' title="bbox 168 370 995 424">
    <p class='ocr_par' dir='ltr' id='par_1_4' title="bbox 168 370 995 424">
     <span class='ocr_line' id='line_1_4' title="bbox 168 370 995 424; baseline -0.004 -12"><span class='ocrx_word' id='word_1_27' title='bbox 168 374 402 424; x_wconf 90' lang='lat' dir='ltr'>antequam</span> <span class='ocrx_word' id='word_1_28' title='bbox 420 373 714 420; x_wconf 88' lang='lat' dir='ltr'>convenirent,</span> <span class='ocrx_word' id='word_1_29' title='bbox 733 370 910 411; x_wconf 85' lang='lat' dir='ltr'>inventa</span> <span class='ocrx_word' id='word_1_30' title='bbox 928 373 995 410; x_wconf 90' lang='lat' dir='ltr'>est</span> 
     </span>
    </p>
   </div>
   <div class='ocr_carea' id='block_1_5' title="bbox 166 415 1063 480">
    <p class='ocr_par' dir='ltr' id='par_1_5' title="bbox 166 415 1147 480">
     <span class='ocr_line' id='line_1_5' title="bbox 166 415 1063 480; baseline -0.005 -10"><span class='ocrx_word' id='word_1_31' title='bbox 166 429 212 469; x_wconf 91' lang='lat' dir='ltr'>in</span> <span class='ocrx_word' id='word_1_32' title='bbox 234 432 360 470; x_wconf 81' lang='lat' dir='ltr'>utero</span> <span class='ocrx_word' id='word_1_33' title='bbox 379 427 546 470; x_wconf 92' lang='lat' dir='ltr'>habens</span> <span class='ocrx_word' id='word_1_34' title='bbox 571 428 626 470; x_wconf 93' lang='lat' dir='ltr'>de</span> <span class='ocrx_word' id='word_1_35' title='bbox 643 426 808 480; x_wconf 84' lang='lat' dir='ltr'>Spiritu</span> <span class='ocrx_word' id='word_1_36' title='bbox 830 430 994 475; x_wconf 88' lang='lat' dir='ltr'>sancto,</span> <span class='ocrx_word' id='word_1_37' title='bbox 1053 415 1063 449; x_wconf 59' lang='lat'>5</span> 
     </span>
    </p>
   </div>
   <div class='ocr_carea' id='block_1_6' title="bbox 168 485 1000 1480">
    <p class='ocr_par' dir='ltr' id='par_1_6' title="bbox 168 485 670 581">
     <span class='ocr_line' id='line_1_6' title="bbox 168 485 348 538; baseline -0.006 -12"><span class='ocrx_word' id='word_1_38' title='bbox 168 485 348 538; x_wconf 81' lang='lat' dir='ltr'>alleluja.</span> 
     </span>
     <span class='ocr_line' id='line_1_7' title="bbox 505 540 670 581; baseline -0.012 0"><span class='ocrx_word' id='word_1_39' title='bbox 505 540 670 581; x_wconf 84' lang='lat' dir='ltr'>Oratio.</span> 
     </span>
    </p>

    <p class='ocr_par' dir='ltr' id='par_1_7' title="bbox 260 600 997 656">
     <span class='ocr_line' id='line_1_8' title="bbox 260 600 997 656; baseline -0.003 -12"><span class='ocrx_word' id='word_1_40' title='bbox 260 615 352 652; x_wconf 92' lang='lat' dir='ltr'>eus,</span> <span class='ocrx_word' id='word_1_41' title='bbox 381 602 456 656; x_wconf 93' lang='lat' dir='ltr'>qui</span> <span class='ocrx_word' id='word_1_42' title='bbox 486 601 692 644; x_wconf 87' lang='lat' dir='ltr'>ineffabili</span> <span class='ocrx_word' id='word_1_43' title='bbox 719 600 997 654; x_wconf 86' lang='lat' dir='ltr'>providentia</span> 
     </span>
    </p>

    <p class='ocr_par' dir='ltr' id='par_1_8' title="bbox 168 658 999 994">
     <span class='ocr_line' id='line_1_9' title="bbox 272 658 996 712; baseline -0.006 -10"><span class='ocrx_word' id='word_1_44' title='bbox 272 660 451 702; x_wconf 89' lang='lat' dir='ltr'>beatum</span> <span class='ocrx_word' id='word_1_45' title='bbox 494 658 662 712; x_wconf 88' lang='lat' dir='ltr'>Joseph</span> <span class='ocrx_word' id='word_1_46' title='bbox 709 658 996 699; x_wconf 75' lang='lat' dir='ltr'>sanctissimae</span> 
     </span>
     <span class='ocr_line' id='line_1_10' title="bbox 169 714 997 768; baseline -0.004 -10"><span class='ocrx_word' id='word_1_47' title='bbox 169 716 403 758; x_wconf 89' lang='lat' dir='ltr'>Genitricis</span> <span class='ocrx_word' id='word_1_48' title='bbox 447 721 536 758; x_wconf 87' lang='lat' dir='ltr'>tuae</span> <span class='ocrx_word' id='word_1_49' title='bbox 581 728 792 768; x_wconf 93' lang='lat' dir='ltr'>sponsum</span> <span class='ocrx_word' id='word_1_50' title='bbox 837 714 997 766; x_wconf 80' lang='lat' dir='ltr'>eligere</span> 
     </span>
     <span class='ocr_line' id='line_1_11' title="bbox 170 773 997 826; baseline -0.004 -11"><span class='ocrx_word' id='word_1_51' title='bbox 170 773 373 825; x_wconf 88' lang='lat' dir='ltr'>dignatus</span> <span class='ocrx_word' id='word_1_52' title='bbox 389 786 451 815; x_wconf 90' lang='lat' dir='ltr'>es:</span> <span class='ocrx_word' id='word_1_53' title='bbox 469 778 644 826; x_wconf 88' lang='lat' dir='ltr'>praesta,</span> <span class='ocrx_word' id='word_1_54' title='bbox 664 774 930 825; x_wconf 84' lang='lat' dir='ltr'>quaesumus;</span> <span class='ocrx_word' id='word_1_55' title='bbox 949 775 997 812; x_wconf 92' lang='lat' dir='ltr'>ut</span> 
     </span>
     <span class='ocr_line' id='line_1_12' title="bbox 171 828 999 883; baseline -0.005 -11"><span class='ocrx_word' id='word_1_56' title='bbox 171 843 301 883; x_wconf 92' lang='lat' dir='ltr'>quem</span> <span class='ocrx_word' id='word_1_57' title='bbox 332 831 633 883; x_wconf 76' lang='lat' dir='ltr'>protecterem</span> <span class='ocrx_word' id='word_1_58' title='bbox 663 831 922 871; x_wconf 89' lang='lat' dir='ltr'>veneramur</span> <span class='ocrx_word' id='word_1_59' title='bbox 954 828 999 868; x_wconf 93' lang='lat' dir='ltr'>in</span> 
     </span>
     <span class='ocr_line' id='line_1_13' title="bbox 168 885 998 937; baseline -0.004 -8"><span class='ocrx_word' id='word_1_60' title='bbox 168 887 314 937; x_wconf 91' lang='lat' dir='ltr'>terris,</span> <span class='ocrx_word' id='word_1_61' title='bbox 347 887 685 929; x_wconf 80' lang='lat' dir='ltr'>intercesserem</span> <span class='ocrx_word' id='word_1_62' title='bbox 717 885 879 927; x_wconf 87' lang='lat' dir='ltr'>habere</span> <span class='ocrx_word' id='word_1_63' title='bbox 910 898 998 927; x_wconf 92' lang='lat' dir='ltr'>me-</span> 
     </span>
     <span class='ocr_line' id='line_1_14' title="bbox 169 943 813 994; baseline -0.003 -9"><span class='ocrx_word' id='word_1_64' title='bbox 169 946 343 986; x_wconf 90' lang='lat' dir='ltr'>reamur</span> <span class='ocrx_word' id='word_1_65' title='bbox 360 944 405 985; x_wconf 93' lang='lat' dir='ltr'>in</span> <span class='ocrx_word' id='word_1_66' title='bbox 422 943 560 986; x_wconf 88' lang='lat' dir='ltr'>coelis:</span> <span class='ocrx_word' id='word_1_67' title='bbox 589 943 673 994; x_wconf 92' lang='lat' dir='ltr'>Qui</span> <span class='ocrx_word' id='word_1_68' title='bbox 691 943 813 984; x_wconf 88' lang='lat' dir='ltr'>vivis.</span> 
     </span>
    </p>

    <p class='ocr_par' dir='ltr' id='par_1_9' title="bbox 228 1022 759 1059">
     <span class='ocr_line' id='line_1_15' title="bbox 228 1022 759 1059; baseline -0.008 0"><span class='ocrx_word' id='word_1_69' title='bbox 228 1025 289 1059; x_wconf 89' lang='lat' dir='ltr'>Fit</span> <span class='ocrx_word' id='word_1_70' title='bbox 313 1034 508 1059; x_wconf 85' lang='lat' dir='ltr'>commem.</span> <span class='ocrx_word' id='word_1_71' title='bbox 536 1022 759 1057; x_wconf 73' lang='lat' dir='ltr'>Dominicae.</span> 
     </span>
    </p>

    <p class='ocr_par' dir='ltr' id='par_1_10' title="bbox 170 1077 1000 1302">
     <span class='ocr_line' id='line_1_16' title="bbox 226 1077 998 1123; baseline -0.005 -1"><span class='ocrx_word' id='word_1_72' title='bbox 226 1082 323 1123; x_wconf 89' lang='lat' dir='ltr'>Ant.</span> <span class='ocrx_word' id='word_1_73' title='bbox 359 1078 578 1121; x_wconf 78' lang='lat' dir='ltr'>Modicum</span> <span class='ocrx_word' id='word_1_74' title='bbox 607 1082 651 1120; x_wconf 91' lang='lat' dir='ltr'>et</span> <span class='ocrx_word' id='word_1_75' title='bbox 678 1090 767 1119; x_wconf 92' lang='lat' dir='ltr'>non</span> <span class='ocrx_word' id='word_1_76' title='bbox 794 1077 998 1119; x_wconf 88' lang='lat' dir='ltr'>videbitis</span> 
     </span>
     <span class='ocr_line' id='line_1_17' title="bbox 172 1133 999 1187; baseline -0.006 -8"><span class='ocrx_word' id='word_1_77' title='bbox 172 1149 258 1187; x_wconf 89' lang='lat' dir='ltr'>me,</span> <span class='ocrx_word' id='word_1_78' title='bbox 291 1135 396 1178; x_wconf 90' lang='lat' dir='ltr'>dicit</span> <span class='ocrx_word' id='word_1_79' title='bbox 417 1136 650 1177; x_wconf 80' lang='lat' dir='ltr'>Deminus:</span> <span class='ocrx_word' id='word_1_80' title='bbox 683 1137 842 1176; x_wconf 88' lang='lat' dir='ltr'>iterum</span> <span class='ocrx_word' id='word_1_81' title='bbox 863 1133 999 1175; x_wconf 82' lang='lat' dir='ltr'>modi-</span> 
     </span>
     <span class='ocr_line' id='line_1_18' title="bbox 172 1190 1000 1244; baseline -0.004 -9"><span class='ocrx_word' id='word_1_82' title='bbox 172 1205 282 1243; x_wconf 88' lang='lat' dir='ltr'>cum,</span> <span class='ocrx_word' id='word_1_83' title='bbox 302 1198 345 1235; x_wconf 94' lang='lat' dir='ltr'>et</span> <span class='ocrx_word' id='word_1_84' title='bbox 363 1191 567 1235; x_wconf 88' lang='lat' dir='ltr'>videbitis</span> <span class='ocrx_word' id='word_1_85' title='bbox 585 1204 666 1241; x_wconf 90' lang='lat' dir='ltr'>me,</span> <span class='ocrx_word' id='word_1_86' title='bbox 687 1191 789 1244; x_wconf 90' lang='lat' dir='ltr'>quia</span> <span class='ocrx_word' id='word_1_87' title='bbox 807 1190 922 1233; x_wconf 87' lang='lat' dir='ltr'>vado</span> <span class='ocrx_word' id='word_1_88' title='bbox 943 1190 1000 1232; x_wconf 91' lang='lat' dir='ltr'>ad</span> 
     </span>
     <span class='ocr_line' id='line_1_19' title="bbox 170 1247 761 1302; baseline -0.007 -10"><span class='ocrx_word' id='word_1_89' title='bbox 170 1250 357 1300; x_wconf 89' lang='lat' dir='ltr'>Patrem,</span> <span class='ocrx_word' id='word_1_90' title='bbox 377 1249 559 1302; x_wconf 80' lang='lat' dir='ltr'>alleluja,</span> <span class='ocrx_word' id='word_1_91' title='bbox 579 1247 761 1300; x_wconf 80' lang='lat' dir='ltr'>alleluja.</span> 
     </span>
    </p>

    <p class='ocr_par' dir='ltr' id='par_1_11' title="bbox 170 1309 999 1480">
     <span class='ocr_line' id='line_1_20' title="bbox 227 1309 998 1362; baseline 0.001 -10"><span class='ocrx_word' id='word_1_92' title='bbox 227 1309 276 1360; x_wconf 67' lang='lat' dir='ltr'>V.</span> <span class='ocrx_word' id='word_1_93' title='bbox 301 1314 429 1356; x_wconf 91' lang='lat' dir='ltr'>Mane</span> <span class='ocrx_word' id='word_1_94' title='bbox 452 1313 683 1356; x_wconf 88' lang='lat' dir='ltr'>nobiscum</span> <span class='ocrx_word' id='word_1_95' title='bbox 709 1312 913 1362; x_wconf 76' lang='lat' dir='ltr'>Domine,</span> <span class='ocrx_word' id='word_1_96' title='bbox 942 1312 998 1354; x_wconf 88' lang='lat' dir='ltr'>al-</span> 
     </span>
     <span class='ocr_line' id='line_1_21' title="bbox 170 1369 999 1423; baseline -0.002 -11"><span class='ocrx_word' id='word_1_97' title='bbox 170 1370 310 1423; x_wconf 79' lang='lat' dir='ltr'>lehija.</span> <span class='ocrx_word' id='word_1_98' title='bbox 348 1369 398 1421; x_wconf 65' lang='lat' dir='ltr'>Ra.</span> <span class='ocrx_word' id='word_1_99' title='bbox 419 1371 636 1421; x_wconf 76' lang='lat' dir='ltr'>Queniam</span> <span class='ocrx_word' id='word_1_100' title='bbox 660 1369 999 1422; x_wconf 64' lang='lat' dir='ltr'>advesperascit,</span> 
     </span>
     <span class='ocr_line' id='line_1_22' title="bbox 171 1427 354 1480; baseline 0 -11"><span class='ocrx_word' id='word_1_101' title='bbox 171 1427 354 1480; x_wconf 82' lang='lat' dir='ltr'>alleluja.</span> 
     </span>
    </p>
   </div>
   <div class='ocr_carea' id='block_1_7' title="bbox 512 1483 676 1526">
    <p class='ocr_par' dir='ltr' id='par_1_12' title="bbox 512 1483 676 1526">
     <span class='ocr_line' id='line_1_23' title="bbox 512 1483 676 1526; baseline -0.03 0"><span class='ocrx_word' id='word_1_102' title='bbox 512 1483 676 1526; x_wconf 87' lang='lat' dir='ltr'>Oratio.</span> 
     </span>
    </p>
   </div>
   <div class='ocr_carea' id='block_1_8' title="bbox 170 1544 1012 1941">
    <p class='ocr_par' dir='ltr' id='par_1_13' title="bbox 170 1544 1012 1941">
     <span class='ocr_line' id='line_1_24' title="bbox 170 1544 997 1652; baseline -0.002 -61"><span class='ocrx_word' id='word_1_103' title='bbox 170 1544 352 1652; x_wconf 88' lang='lat' dir='ltr'>Deus,</span> <span class='ocrx_word' id='word_1_104' title='bbox 377 1549 452 1602; x_wconf 91' lang='lat' dir='ltr'>qui</span> <span class='ocrx_word' id='word_1_105' title='bbox 469 1549 730 1598; x_wconf 88' lang='lat' dir='ltr'>errantibus,</span> <span class='ocrx_word' id='word_1_106' title='bbox 754 1553 802 1590; x_wconf 90' lang='lat' dir='ltr'>ut</span> <span class='ocrx_word' id='word_1_107' title='bbox 821 1548 865 1589; x_wconf 92' lang='lat' dir='ltr'>in</span> <span class='ocrx_word' id='word_1_108' title='bbox 884 1548 997 1589; x_wconf 89' lang='lat' dir='ltr'>viam</span> 
     </span>
     <span class='ocr_line' id='line_1_25' title="bbox 276 1605 998 1660; baseline -0.004 -12"><span class='ocrx_word' id='word_1_109' title='bbox 276 1607 448 1660; x_wconf 87' lang='lat' dir='ltr'>possint</span> <span class='ocrx_word' id='word_1_110' title='bbox 466 1606 609 1648; x_wconf 89' lang='lat' dir='ltr'>redire</span> <span class='ocrx_word' id='word_1_111' title='bbox 627 1605 816 1658; x_wconf 84' lang='lat' dir='ltr'>justitiae,</span> <span class='ocrx_word' id='word_1_112' title='bbox 842 1605 998 1646; x_wconf 88' lang='lat' dir='ltr'>verita-</span> 
     </span>
     <span class='ocr_line' id='line_1_26' title="bbox 170 1660 999 1705; baseline -0.002 -1"><span class='ocrx_word' id='word_1_113' title='bbox 170 1662 227 1704; x_wconf 92' lang='lat' dir='ltr'>tis</span> <span class='ocrx_word' id='word_1_114' title='bbox 245 1667 333 1704; x_wconf 84' lang='lat' dir='ltr'>tuae</span> <span class='ocrx_word' id='word_1_115' title='bbox 350 1663 497 1705; x_wconf 91' lang='lat' dir='ltr'>lumen</span> <span class='ocrx_word' id='word_1_116' title='bbox 516 1662 727 1705; x_wconf 90' lang='lat' dir='ltr'>ostendis:</span> <span class='ocrx_word' id='word_1_117' title='bbox 755 1660 812 1703; x_wconf 87' lang='lat' dir='ltr'>da</span> <span class='ocrx_word' id='word_1_118' title='bbox 831 1661 999 1703; x_wconf 92' lang='lat' dir='ltr'>cunctis</span> 
     </span>
     <span class='ocr_line' id='line_1_27' title="bbox 172 1718 997 1772; baseline -0.002 -12"><span class='ocrx_word' id='word_1_119' title='bbox 172 1719 247 1771; x_wconf 91' lang='lat' dir='ltr'>qui</span> <span class='ocrx_word' id='word_1_120' title='bbox 269 1718 504 1761; x_wconf 89' lang='lat' dir='ltr'>christiana</span> <span class='ocrx_word' id='word_1_121' title='bbox 527 1719 802 1772; x_wconf 79' lang='lat' dir='ltr'>professione</span> <span class='ocrx_word' id='word_1_122' title='bbox 822 1719 997 1759; x_wconf 89' lang='lat' dir='ltr'>censen-</span> 
     </span>
     <span class='ocr_line' id='line_1_28' title="bbox 170 1774 998 1829; baseline -0.004 -12"><span class='ocrx_word' id='word_1_123' title='bbox 170 1780 256 1825; x_wconf 86' lang='lat' dir='ltr'>tur,</span> <span class='ocrx_word' id='word_1_124' title='bbox 282 1781 325 1818; x_wconf 90' lang='lat' dir='ltr'>et</span> <span class='ocrx_word' id='word_1_125' title='bbox 342 1775 418 1818; x_wconf 91' lang='lat' dir='ltr'>illa</span> <span class='ocrx_word' id='word_1_126' title='bbox 435 1779 661 1829; x_wconf 73' lang='lat' dir='ltr'>respuere,</span> <span class='ocrx_word' id='word_1_127' title='bbox 686 1788 785 1828; x_wconf 85' lang='lat' dir='ltr'>quae</span> <span class='ocrx_word' id='word_1_128' title='bbox 803 1774 904 1816; x_wconf 93' lang='lat' dir='ltr'>huic</span> <span class='ocrx_word' id='word_1_129' title='bbox 922 1774 998 1815; x_wconf 92' lang='lat' dir='ltr'>ini-</span> 
     </span>
     <span class='ocr_line' id='line_1_29' title="bbox 171 1832 1012 1883; baseline -0.001 -10"><span class='ocrx_word' id='word_1_130' title='bbox 171 1833 285 1873; x_wconf 89' lang='lat' dir='ltr'>mica</span> <span class='ocrx_word' id='word_1_131' title='bbox 302 1837 403 1873; x_wconf 86' lang='lat' dir='ltr'>sunt</span> <span class='ocrx_word' id='word_1_132' title='bbox 421 1832 604 1882; x_wconf 79' lang='lat' dir='ltr'>nomini3</span> <span class='ocrx_word' id='word_1_133' title='bbox 632 1836 676 1874; x_wconf 91' lang='lat' dir='ltr'>et</span> <span class='ocrx_word' id='word_1_134' title='bbox 699 1844 750 1873; x_wconf 92' lang='lat' dir='ltr'>ea</span> <span class='ocrx_word' id='word_1_135' title='bbox 775 1843 874 1883; x_wconf 86' lang='lat' dir='ltr'>quae</span> <span class='ocrx_word' id='word_1_136' title='bbox 898 1835 1012 1872; x_wconf 91' lang='lat' dir='ltr'>sunt·</span> 
     </span>
     <span class='ocr_line' id='line_1_30' title="bbox 171 1888 851 1941; baseline -0.001 -13"><span class='ocrx_word' id='word_1_137' title='bbox 171 1892 286 1941; x_wconf 87' lang='lat' dir='ltr'>apta,</span> <span class='ocrx_word' id='word_1_138' title='bbox 305 1888 475 1930; x_wconf 89' lang='lat' dir='ltr'>sectari.</span> <span class='ocrx_word' id='word_1_139' title='bbox 501 1888 587 1930; x_wconf 90' lang='lat' dir='ltr'>Per</span> <span class='ocrx_word' id='word_1_140' title='bbox 604 1888 851 1929; x_wconf 81' lang='lat' dir='ltr'>Deminum.</span> 
     </span>
    </p>
   </div>
   <div class='ocr_carea' id='block_1_9' title="bbox 331 1991 885 2034">
    <p class='ocr_par' dir='ltr' id='par_1_14' title="bbox 331 1991 885 2034">
     <span class='ocr_line' id='line_1_31' title="bbox 331 1991 885 2034; baseline -0.002 -1"><span class='ocrx_word' id='word_1_141' title='bbox 331 1992 418 2033; x_wconf 86' lang='lat' dir='ltr'>Ad</span> <span class='ocrx_word' id='word_1_142' title='bbox 452 1991 843 2034; x_wconf 74' lang='lat' dir='ltr'>Mat-utinum.</span> <span class='ocrx_word' id='word_1_143' title='bbox 884 1995 885 1998; x_wconf 77' lang='grc'>’</span> 
     </span>
    </p>
   </div>
   <div class='ocr_carea' id='block_1_10' title="bbox 173 2067 1000 2233">
    <p class='ocr_par' dir='ltr' id='par_1_15' title="bbox 173 2067 1000 2233">
     <span class='ocr_line' id='line_1_32' title="bbox 230 2067 1000 2110; baseline -0.003 -1"><span class='ocrx_word' id='word_1_144' title='bbox 230 2068 354 2110; x_wconf 87' lang='lat' dir='ltr'>Invit.</span> <span class='ocrx_word' id='word_1_145' title='bbox 372 2067 620 2110; x_wconf 82' lang='lat' dir='ltr'>Laudemus</span> <span class='ocrx_word' id='word_1_146' title='bbox 638 2068 782 2109; x_wconf 92' lang='lat' dir='ltr'>Deum</span> <span class='ocrx_word' id='word_1_147' title='bbox 800 2071 1000 2108; x_wconf 91' lang='lat' dir='ltr'>nostrum</span> 
     </span>
     <span class='ocr_line' id='line_1_33' title="bbox 180 2123 999 2177; baseline 0.004 -13"><span class='ocrx_word' id='word_1_148' title='bbox 180 2127 202 2150; x_wconf 85' lang='lat'>*</span> <span class='ocrx_word' id='word_1_149' title='bbox 211 2123 263 2164; x_wconf 81' lang='lat' dir='ltr'>In</span> <span class='ocrx_word' id='word_1_150' title='bbox 278 2123 560 2166; x_wconf 78' lang='lat' dir='ltr'>veneratiene</span> <span class='ocrx_word' id='word_1_151' title='bbox 574 2124 695 2166; x_wconf 87' lang='lat' dir='ltr'>beati</span> <span class='ocrx_word' id='word_1_152' title='bbox 708 2124 730 2165; x_wconf 86' lang='lat' dir='ltr'>J</span> <span class='ocrx_word' id='word_1_153' title='bbox 734 2123 886 2177; x_wconf 88' lang='lat' dir='ltr'>oseph,</span> <span class='ocrx_word' id='word_1_154' title='bbox 900 2136 999 2176; x_wconf 91' lang='lat' dir='ltr'>pro·</span> 
     </span>
     <span class='ocr_line' id='line_1_34' title="bbox 173 2180 723 2233; baseline 0.002 -12"><span class='ocrx_word' id='word_1_155' title='bbox 173 2180 353 2222; x_wconf 82' lang='lat' dir='ltr'>tectoris</span> <span class='ocrx_word' id='word_1_156' title='bbox 372 2180 521 2231; x_wconf 88' lang='lat' dir='ltr'>nostri,</span> <span class='ocrx_word' id='word_1_157' title='bbox 541 2180 723 2233; x_wconf 82' lang='lat' dir='ltr'>alleluja.</span> 
     </span>
    </p>
   </div>
   <div class='ocr_carea' id='block_1_11' title="bbox 230 2241 864 2366">
    <p class='ocr_par' dir='ltr' id='par_1_16' title="bbox 230 2241 864 2366">
     <span class='ocr_line' id='line_1_35' title="bbox 230 2241 832 2292; baseline 0 -9"><span class='ocrx_word' id='word_1_158' title='bbox 230 2243 298 2283; x_wconf 92' lang='lat' dir='ltr'>Ps.</span> <span class='ocrx_word' id='word_1_159' title='bbox 314 2243 480 2292; x_wconf 89' lang='lat' dir='ltr'>Venite,</span> <span class='ocrx_word' id='word_1_160' title='bbox 499 2241 777 2284; x_wconf 78' lang='lat' dir='ltr'>exsultemus.</span> <span class='ocrx_word' id='word_1_161' title='bbox 795 2243 832 2284; x_wconf 87' lang='lat'>2.</span> 
     </span>
     <span class='ocr_line' id='line_1_36' title="bbox 231 2311 864 2366; baseline -0.003 -12"><span class='ocrx_word' id='word_1_162' title='bbox 231 2314 441 2366; x_wconf 87' lang='lat' dir='ltr'>Hymnus.</span> <span class='ocrx_word' id='word_1_163' title='bbox 472 2314 542 2362; x_wconf 90' lang='lat' dir='ltr'>Te,</span> <span class='ocrx_word' id='word_1_164' title='bbox 562 2311 740 2364; x_wconf 87' lang='lat' dir='ltr'>Joseph.</span> <span class='ocrx_word' id='word_1_165' title='bbox 767 2313 864 2353; x_wconf 85' lang='lat'>466.</span> 
     </span>
    </p>
   </div>
   <div class='ocr_carea' id='block_1_12' title="bbox 416 2399 772 2439">
    <p class='ocr_par' dir='ltr' id='par_1_17' title="bbox 416 2399 772 2439">
     <span class='ocr_line' id='line_1_37' title="bbox 416 2399 772 2439; baseline -0.006 0"><span class='ocrx_word' id='word_1_166' title='bbox 416 2399 465 2439; x_wconf 91' lang='lat' dir='ltr'>In</span> <span class='ocrx_word' id='word_1_167' title='bbox 493 2399 523 2438; x_wconf 93' lang='lat'>1.</span> <span class='ocrx_word' id='word_1_168' title='bbox 550 2399 772 2439; x_wconf 81' lang='lat' dir='ltr'>Nocturno.</span> 
     </span>
    </p>
   </div>
   <div class='ocr_carea' id='block_1_13' title="bbox 176 2467 1004 2745">
    <p class='ocr_par' dir='ltr' id='par_1_18' title="bbox 176 2467 1004 2745">
     <span class='ocr_line' id='line_1_38' title="bbox 231 2467 1004 2521; baseline 0.001 -14"><span class='ocrx_word' id='word_1_169' title='bbox 231 2468 330 2508; x_wconf 88' lang='lat' dir='ltr'>Ant.</span> <span class='ocrx_word' id='word_1_170' title='bbox 367 2467 561 2518; x_wconf 84' lang='lat' dir='ltr'>Angelus</span> <span class='ocrx_word' id='word_1_171' title='bbox 589 2467 767 2509; x_wconf 78' lang='lat' dir='ltr'>Demini</span> <span class='ocrx_word' id='word_1_172' title='bbox 799 2467 1004 2521; x_wconf 88' lang='lat' dir='ltr'>apparuit</span> 
     </span>
     <span class='ocr_line' id='line_1_39' title="bbox 176 2523 1003 2577; baseline 0.002 -14"><span class='ocrx_word' id='word_1_173' title='bbox 176 2523 220 2563; x_wconf 91' lang='lat' dir='ltr'>in</span> <span class='ocrx_word' id='word_1_174' title='bbox 247 2523 411 2565; x_wconf 90' lang='lat' dir='ltr'>somnis</span> <span class='ocrx_word' id='word_1_175' title='bbox 438 2523 621 2577; x_wconf 89' lang='lat' dir='ltr'>Joseph,</span> <span class='ocrx_word' id='word_1_176' title='bbox 656 2524 822 2566; x_wconf 88' lang='lat' dir='ltr'>dicens:</span> <span class='ocrx_word' id='word_1_177' title='bbox 854 2525 1003 2575; x_wconf 85' lang='lat' dir='ltr'>Surge,</span> 
     </span>
     <span class='ocr_line' id='line_1_40' title="bbox 179 2580 1003 2634; baseline 0.001 -14"><span class='ocrx_word' id='word_1_178' title='bbox 179 2584 222 2621; x_wconf 88' lang='lat' dir='ltr'>et</span> <span class='ocrx_word' id='word_1_179' title='bbox 246 2580 396 2633; x_wconf 78' lang='lat' dir='ltr'>accipe</span> <span class='ocrx_word' id='word_1_180' title='bbox 420 2584 606 2634; x_wconf 81' lang='lat' dir='ltr'>puerum</span> <span class='ocrx_word' id='word_1_181' title='bbox 633 2586 676 2622; x_wconf 91' lang='lat' dir='ltr'>et</span> <span class='ocrx_word' id='word_1_182' title='bbox 698 2586 883 2623; x_wconf 89' lang='lat' dir='ltr'>matrem</span> <span class='ocrx_word' id='word_1_183' title='bbox 903 2581 1003 2632; x_wconf 90' lang='lat' dir='ltr'>ejus,</span> 
     </span>
     <span class='ocr_line' id='line_1_41' title="bbox 179 2635 1004 2690; baseline 0 -13"><span class='ocrx_word' id='word_1_184' title='bbox 179 2641 222 2677; x_wconf 92' lang='lat' dir='ltr'>et</span> <span class='ocrx_word' id='word_1_185' title='bbox 250 2635 350 2688; x_wconf 89' lang='lat' dir='ltr'>fuge</span> <span class='ocrx_word' id='word_1_186' title='bbox 377 2637 422 2678; x_wconf 92' lang='lat' dir='ltr'>in</span> <span class='ocrx_word' id='word_1_187' title='bbox 449 2638 707 2690; x_wconf 72' lang='lat' dir='ltr'>AEgyptum‚</span> <span class='ocrx_word' id='word_1_188' title='bbox 748 2642 793 2679; x_wconf 90' lang='lat' dir='ltr'>et</span> <span class='ocrx_word' id='word_1_189' title='bbox 821 2642 917 2678; x_wconf 91' lang='lat' dir='ltr'>esto</span> <span class='ocrx_word' id='word_1_190' title='bbox 943 2635 1004 2678; x_wconf 92' lang='lat' dir='ltr'>ibi</span> 
     </span>
     <span class='ocr_line' id='line_1_42' title="bbox 178 2692 914 2745; baseline 0.001 -12"><span class='ocrx_word' id='word_1_191' title='bbox 178 2704 317 2744; x_wconf 90' lang='lat' dir='ltr'>usque</span> <span class='ocrx_word' id='word_1_192' title='bbox 337 2692 442 2734; x_wconf 90' lang='lat' dir='ltr'>dum</span> <span class='ocrx_word' id='word_1_193' title='bbox 461 2693 603 2735; x_wconf 89' lang='lat' dir='ltr'>dicam</span> <span class='ocrx_word' id='word_1_194' title='bbox 621 2693 713 2744; x_wconf 91' lang='lat' dir='ltr'>tibi,</span> <span class='ocrx_word' id='word_1_195' title='bbox 733 2693 914 2745; x_wconf 80' lang='lat' dir='ltr'>alleluia.</span> 
     </span>
    </p>
   </div>
   <div class='ocr_carea' id='block_1_14' title="bbox 1811 150 1877 186">
    <p class='ocr_par' dir='ltr' id='par_1_19' title="bbox 1811 150 1877 186">
     <span class='ocr_line' id='line_1_43' title="bbox 1811 150 1877 186; baseline -0.015 0"><span class='ocrx_word' id='word_1_196' title='bbox 1811 150 1877 186; x_wconf 85' lang='grc'>467</span> 
     </span>
    </p>
   </div>
   <div class='ocr_carea' id='block_1_15' title="bbox 1048 248 1883 2743">
    <p class='ocr_par' dir='ltr' id='par_1_20' title="bbox 1048 248 1878 532">
     <span class='ocr_line' id='line_1_44' title="bbox 1341 248 1594 288; baseline -0.012 0"><span class='ocrx_word' id='word_1_197' title='bbox 1341 248 1535 288; x_wconf 83' lang='lat' dir='ltr'>l‘salmus</span> <span class='ocrx_word' id='word_1_198' title='bbox 1569 248 1594 286; x_wconf 92' lang='lat' dir='ltr'>l.</span> 
     </span>
     <span class='ocr_line' id='line_1_45' title="bbox 1058 307 1876 365; baseline -0.004 -14"><span class='ocrx_word' id='word_1_199' title='bbox 1058 361 1061 365; x_wconf 68' lang='lat'>‚</span> <span class='ocrx_word' id='word_1_200' title='bbox 1146 311 1283 351; x_wconf 91' lang='lat' dir='ltr'>eatus</span> <span class='ocrx_word' id='word_1_201' title='bbox 1298 309 1374 358; x_wconf 88' lang='lat' dir='ltr'>vir,</span> <span class='ocrx_word' id='word_1_202' title='bbox 1395 308 1469 361; x_wconf 91' lang='lat' dir='ltr'>qui</span> <span class='ocrx_word' id='word_1_203' title='bbox 1487 320 1575 349; x_wconf 92' lang='lat' dir='ltr'>non</span> <span class='ocrx_word' id='word_1_204' title='bbox 1593 308 1699 349; x_wconf 88' lang='lat' dir='ltr'>abiit</span> <span class='ocrx_word' id='word_1_205' title='bbox 1717 307 1761 348; x_wconf 91' lang='lat' dir='ltr'>in</span> <span class='ocrx_word' id='word_1_206' title='bbox 1777 320 1876 349; x_wconf 92' lang='lat' dir='ltr'>con-</span> 
     </span>
     <span class='ocr_line' id='line_1_46' title="bbox 1050 364 1876 420; baseline 0 -15"><span class='ocrx_word' id='word_1_207' title='bbox 1050 375 1062 399; x_wconf 54' lang='grc'>’1</span> <span class='ocrx_word' id='word_1_208' title='bbox 1081 363 1149 420; x_wconf 36' lang='grc' dir='ltr'>»ᾖ</span> <span class='ocrx_word' id='word_1_209' title='bbox 1175 366 1272 407; x_wconf 91' lang='lat' dir='ltr'>silio</span> <span class='ocrx_word' id='word_1_210' title='bbox 1293 365 1538 418; x_wconf 82' lang='lat' dir='ltr'>impiorum,</span> <span class='ocrx_word' id='word_1_211' title='bbox 1564 369 1608 406; x_wconf 89' lang='lat' dir='ltr'>et</span> <span class='ocrx_word' id='word_1_212' title='bbox 1626 365 1669 405; x_wconf 93' lang='lat' dir='ltr'>in</span> <span class='ocrx_word' id='word_1_213' title='bbox 1689 364 1759 405; x_wconf 90' lang='lat' dir='ltr'>via</span> <span class='ocrx_word' id='word_1_214' title='bbox 1777 377 1876 417; x_wconf 92' lang='lat' dir='ltr'>pec-</span> 
     </span>
     <span class='ocr_line' id='line_1_47' title="bbox 1176 421 1878 470; baseline -0.004 -6"><span class='ocrx_word' id='word_1_215' title='bbox 1176 424 1376 464; x_wconf 81' lang='lat' dir='ltr'>catorum</span> <span class='ocrx_word' id='word_1_216' title='bbox 1407 434 1496 463; x_wconf 90' lang='lat' dir='ltr'>non</span> <span class='ocrx_word' id='word_1_217' title='bbox 1529 422 1666 470; x_wconf 85' lang='lat' dir='ltr'>stetit,</span> <span class='ocrx_word' id='word_1_218' title='bbox 1698 421 1721 446; x_wconf 89' lang='lat'>*</span> <span class='ocrx_word' id='word_1_219' title='bbox 1753 426 1797 462; x_wconf 90' lang='lat' dir='ltr'>et</span> <span class='ocrx_word' id='word_1_220' title='bbox 1833 421 1878 461; x_wconf 92' lang='lat' dir='ltr'>in</span> 
     </span>
     <span class='ocr_line' id='line_1_48' title="bbox 1048 477 1794 532; baseline -0.005 -10"><span class='ocrx_word' id='word_1_221' title='bbox 1048 479 1256 522; x_wconf 77' lang='lat' dir='ltr'>cathedra</span> <span class='ocrx_word' id='word_1_222' title='bbox 1275 478 1540 532; x_wconf 76' lang='lat' dir='ltr'>pestilentiae</span> <span class='ocrx_word' id='word_1_223' title='bbox 1558 491 1646 519; x_wconf 90' lang='lat' dir='ltr'>non</span> <span class='ocrx_word' id='word_1_224' title='bbox 1666 477 1794 519; x_wconf 91' lang='lat' dir='ltr'>sedit:</span> 
     </span>
    </p>

    <p class='ocr_par' dir='ltr' id='par_1_21' title="bbox 1048 535 1878 692">
     <span class='ocr_line' id='line_1_49' title="bbox 1100 535 1878 587; baseline -0.005 -8"><span class='ocrx_word' id='word_1_225' title='bbox 1100 536 1188 579; x_wconf 88' lang='lat' dir='ltr'>Sed</span> <span class='ocrx_word' id='word_1_226' title='bbox 1203 537 1247 577; x_wconf 92' lang='lat' dir='ltr'>in</span> <span class='ocrx_word' id='word_1_227' title='bbox 1260 535 1358 587; x_wconf 89' lang='lat' dir='ltr'>lege</span> <span class='ocrx_word' id='word_1_228' title='bbox 1368 535 1546 576; x_wconf 77' lang='lat' dir='ltr'>Demini</span> <span class='ocrx_word' id='word_1_229' title='bbox 1555 535 1760 576; x_wconf 73' lang='lat' dir='ltr'>volantas</span> <span class='ocrx_word' id='word_1_230' title='bbox 1777 535 1878 586; x_wconf 89' lang='lat' dir='ltr'>ejus,</span> 
     </span>
     <span class='ocr_line' id='line_1_50' title="bbox 1048 590 1878 644; baseline -0.005 -9"><span class='ocrx_word' id='word_1_231' title='bbox 1048 595 1072 621; x_wconf 87' lang='grc'>*</span> <span class='ocrx_word' id='word_1_232' title='bbox 1101 598 1144 635; x_wconf 88' lang='lat' dir='ltr'>et</span> <span class='ocrx_word' id='word_1_233' title='bbox 1176 593 1220 634; x_wconf 89' lang='lat' dir='ltr'>in</span> <span class='ocrx_word' id='word_1_234' title='bbox 1248 592 1346 644; x_wconf 90' lang='lat' dir='ltr'>lege</span> <span class='ocrx_word' id='word_1_235' title='bbox 1376 593 1467 644; x_wconf 86' lang='lat' dir='ltr'>ejus</span> <span class='ocrx_word' id='word_1_236' title='bbox 1494 590 1778 633; x_wconf 88' lang='lat' dir='ltr'>meditabitur</span> <span class='ocrx_word' id='word_1_237' title='bbox 1807 590 1878 631; x_wconf 91' lang='lat' dir='ltr'>die</span> 
     </span>
     <span class='ocr_line' id='line_1_51' title="bbox 1049 654 1260 692; baseline -0.009 0"><span class='ocrx_word' id='word_1_238' title='bbox 1049 663 1101 692; x_wconf 90' lang='lat' dir='ltr'>ac</span> <span class='ocrx_word' id='word_1_239' title='bbox 1119 654 1260 692; x_wconf 90' lang='lat' dir='ltr'>nocte.</span> 
     </span>
    </p>

    <p class='ocr_par' dir='ltr' id='par_1_22' title="bbox 1050 704 1880 930">
     <span class='ocr_line' id='line_1_52' title="bbox 1101 704 1880 757; baseline -0.005 -9"><span class='ocrx_word' id='word_1_240' title='bbox 1101 707 1158 748; x_wconf 92' lang='lat' dir='ltr'>Et</span> <span class='ocrx_word' id='word_1_241' title='bbox 1185 707 1267 748; x_wconf 90' lang='lat' dir='ltr'>erit</span> <span class='ocrx_word' id='word_1_242' title='bbox 1293 710 1518 757; x_wconf 85' lang='lat' dir='ltr'>tamquam</span> <span class='ocrx_word' id='word_1_243' title='bbox 1545 704 1729 755; x_wconf 90' lang='lat' dir='ltr'>lignum,</span> <span class='ocrx_word' id='word_1_244' title='bbox 1760 704 1880 756; x_wconf 93' lang='lat' dir='ltr'>quod</span> 
     </span>
     <span class='ocr_line' id='line_1_53' title="bbox 1050 761 1879 817; baseline -0.004 -12"><span class='ocrx_word' id='word_1_245' title='bbox 1050 764 1297 817; x_wconf 88' lang='lat' dir='ltr'>plantatum</span> <span class='ocrx_word' id='word_1_246' title='bbox 1309 766 1375 804; x_wconf 92' lang='lat' dir='ltr'>est</span> <span class='ocrx_word' id='word_1_247' title='bbox 1386 774 1513 803; x_wconf 89' lang='lat' dir='ltr'>secus</span> <span class='ocrx_word' id='word_1_248' title='bbox 1524 761 1737 803; x_wconf 77' lang='lat' dir='ltr'>decursus</span> <span class='ocrx_word' id='word_1_249' title='bbox 1749 763 1879 813; x_wconf 90' lang='lat' dir='ltr'>aqua-</span> 
     </span>
     <span class='ocr_line' id='line_1_54' title="bbox 1050 817 1880 872; baseline -0.005 -10"><span class='ocrx_word' id='word_1_250' title='bbox 1050 822 1192 870; x_wconf 89' lang='lat' dir='ltr'>rum,*</span> <span class='ocrx_word' id='word_1_251' title='bbox 1204 819 1323 872; x_wconf 92' lang='lat' dir='ltr'>quod</span> <span class='ocrx_word' id='word_1_252' title='bbox 1343 819 1532 860; x_wconf 89' lang='lat' dir='ltr'>fructum</span> <span class='ocrx_word' id='word_1_253' title='bbox 1551 831 1676 860; x_wconf 92' lang='lat' dir='ltr'>suum</span> <span class='ocrx_word' id='word_1_254' title='bbox 1697 817 1818 859; x_wconf 90' lang='lat' dir='ltr'>dabit</span> <span class='ocrx_word' id='word_1_255' title='bbox 1837 818 1880 858; x_wconf 93' lang='lat' dir='ltr'>in</span> 
     </span>
     <span class='ocr_line' id='line_1_55' title="bbox 1050 878 1367 930; baseline -0.006 -11"><span class='ocrx_word' id='word_1_256' title='bbox 1050 878 1252 930; x_wconf 90' lang='lat' dir='ltr'>tempore</span> <span class='ocrx_word' id='word_1_257' title='bbox 1272 889 1367 918; x_wconf 92' lang='lat' dir='ltr'>suo:</span> 
     </span>
    </p>

    <p class='ocr_par' dir='ltr' id='par_1_23' title="bbox 1050 931 1881 1088">
     <span class='ocr_line' id='line_1_56' title="bbox 1102 931 1881 984; baseline -0.003 -10"><span class='ocrx_word' id='word_1_258' title='bbox 1102 934 1159 975; x_wconf 88' lang='lat' dir='ltr'>Et</span> <span class='ocrx_word' id='word_1_259' title='bbox 1184 933 1336 974; x_wconf 80' lang='lat' dir='ltr'>folium</span> <span class='ocrx_word' id='word_1_260' title='bbox 1362 933 1453 984; x_wconf 93' lang='lat' dir='ltr'>ejus</span> <span class='ocrx_word' id='word_1_261' title='bbox 1478 944 1566 973; x_wconf 91' lang='lat' dir='ltr'>non</span> <span class='ocrx_word' id='word_1_262' title='bbox 1593 931 1773 973; x_wconf 90' lang='lat' dir='ltr'>defluet:</span> <span class='ocrx_word' id='word_1_263' title='bbox 1793 933 1816 958; x_wconf 89' lang='lat'>*</span> <span class='ocrx_word' id='word_1_264' title='bbox 1836 936 1881 972; x_wconf 93' lang='lat' dir='ltr'>et</span> 
     </span>
     <span class='ocr_line' id='line_1_57' title="bbox 1051 988 1880 1042; baseline -0.001 -12"><span class='ocrx_word' id='word_1_265' title='bbox 1051 990 1197 1031; x_wconf 83' lang='lat' dir='ltr'>omnia</span> <span class='ocrx_word' id='word_1_266' title='bbox 1217 992 1507 1042; x_wconf 70' lang='lat' dir='ltr'>quaecamque</span> <span class='ocrx_word' id='word_1_267' title='bbox 1525 988 1672 1038; x_wconf 89' lang='lat' dir='ltr'>faciet,</span> <span class='ocrx_word' id='word_1_268' title='bbox 1698 1001 1880 1041; x_wconf 92' lang='lat' dir='ltr'>prospe-</span> 
     </span>
     <span class='ocr_line' id='line_1_58' title="bbox 1050 1046 1274 1088; baseline -0.004 -1"><span class='ocrx_word' id='word_1_269' title='bbox 1050 1046 1274 1088; x_wconf 80' lang='lat' dir='ltr'>rabuntur.</span> 
     </span>
    </p>

    <p class='ocr_par' dir='ltr' id='par_1_24' title="bbox 1052 1101 1881 1258">
     <span class='ocr_line' id='line_1_59' title="bbox 1101 1101 1880 1155; baseline -0.005 -10"><span class='ocrx_word' id='word_1_270' title='bbox 1101 1103 1204 1145; x_wconf 92' lang='lat' dir='ltr'>Non</span> <span class='ocrx_word' id='word_1_271' title='bbox 1222 1103 1285 1144; x_wconf 93' lang='lat' dir='ltr'>sic</span> <span class='ocrx_word' id='word_1_272' title='bbox 1303 1102 1435 1155; x_wconf 87' lang='lat' dir='ltr'>impii,</span> <span class='ocrx_word' id='word_1_273' title='bbox 1455 1115 1543 1144; x_wconf 93' lang='lat' dir='ltr'>non</span> <span class='ocrx_word' id='word_1_274' title='bbox 1559 1101 1670 1143; x_wconf 87' lang='lat' dir='ltr'>sic:*</span> <span class='ocrx_word' id='word_1_275' title='bbox 1681 1101 1760 1143; x_wconf 91' lang='lat' dir='ltr'>sed</span> <span class='ocrx_word' id='word_1_276' title='bbox 1774 1105 1880 1142; x_wconf 90' lang='lat' dir='ltr'>tam-</span> 
     </span>
     <span class='ocr_line' id='line_1_60' title="bbox 1054 1158 1881 1213; baseline -0.004 -12"><span class='ocrx_word' id='word_1_277' title='bbox 1054 1173 1184 1213; x_wconf 90' lang='lat' dir='ltr'>quam</span> <span class='ocrx_word' id='word_1_278' title='bbox 1202 1159 1362 1213; x_wconf 90' lang='lat' dir='ltr'>pulvis,</span> <span class='ocrx_word' id='word_1_279' title='bbox 1383 1171 1513 1212; x_wconf 91' lang='lat' dir='ltr'>quem</span> <span class='ocrx_word' id='word_1_280' title='bbox 1530 1158 1704 1211; x_wconf 81' lang='lat' dir='ltr'>projicit</span> <span class='ocrx_word' id='word_1_281' title='bbox 1724 1162 1881 1199; x_wconf 83' lang='lat' dir='ltr'>ventus</span> 
     </span>
     <span class='ocr_line' id='line_1_61' title="bbox 1052 1217 1366 1258; baseline -0.003 0"><span class='ocrx_word' id='word_1_282' title='bbox 1052 1229 1078 1258; x_wconf 91' lang='lat' dir='ltr'>a</span> <span class='ocrx_word' id='word_1_283' title='bbox 1096 1217 1206 1258; x_wconf 83' lang='lat' dir='ltr'>facie</span> <span class='ocrx_word' id='word_1_284' title='bbox 1224 1222 1366 1258; x_wconf 89' lang='lat' dir='ltr'>terrae.</span> 
     </span>
    </p>

    <p class='ocr_par' dir='ltr' id='par_1_25' title="bbox 1053 1272 1881 1439">
     <span class='ocr_line' id='line_1_62' title="bbox 1103 1272 1881 1324; baseline -0.005 -9"><span class='ocrx_word' id='word_1_285' title='bbox 1103 1273 1212 1315; x_wconf 92' lang='lat' dir='ltr'>Ideo</span> <span class='ocrx_word' id='word_1_286' title='bbox 1237 1287 1326 1315; x_wconf 93' lang='lat' dir='ltr'>non</span> <span class='ocrx_word' id='word_1_287' title='bbox 1354 1276 1583 1323; x_wconf 79' lang='lat' dir='ltr'>resurgent</span> <span class='ocrx_word' id='word_1_288' title='bbox 1609 1272 1731 1324; x_wconf 89' lang='lat' dir='ltr'>impii</span> <span class='ocrx_word' id='word_1_289' title='bbox 1755 1272 1798 1312; x_wconf 90' lang='lat' dir='ltr'>in</span> <span class='ocrx_word' id='word_1_290' title='bbox 1824 1272 1881 1322; x_wconf 83' lang='lat' dir='ltr'>ju-</span> 
     </span>
     <span class='ocr_line' id='line_1_63' title="bbox 1054 1329 1881 1382; baseline -0.004 -11"><span class='ocrx_word' id='word_1_291' title='bbox 1054 1330 1183 1372; x_wconf 91' lang='lat' dir='ltr'>dicio:</span> <span class='ocrx_word' id='word_1_292' title='bbox 1208 1331 1233 1357; x_wconf 91' lang='lat'>*</span> <span class='ocrx_word' id='word_1_293' title='bbox 1258 1342 1402 1382; x_wconf 91' lang='lat' dir='ltr'>neque</span> <span class='ocrx_word' id='word_1_294' title='bbox 1427 1330 1685 1382; x_wconf 80' lang='lat' dir='ltr'>peccatores</span> <span class='ocrx_word' id='word_1_295' title='bbox 1711 1329 1755 1368; x_wconf 92' lang='lat' dir='ltr'>in</span> <span class='ocrx_word' id='word_1_296' title='bbox 1781 1340 1881 1369; x_wconf 94' lang='lat' dir='ltr'>con-</span> 
     </span>
     <span class='ocr_line' id='line_1_64' title="bbox 1053 1386 1397 1439; baseline -0.003 -12"><span class='ocrx_word' id='word_1_297' title='bbox 1053 1386 1153 1428; x_wconf 90' lang='lat' dir='ltr'>cilio</span> <span class='ocrx_word' id='word_1_298' title='bbox 1173 1387 1397 1439; x_wconf 77' lang='lat' dir='ltr'>justerum.</span> 
     </span>
    </p>

    <p class='ocr_par' dir='ltr' id='par_1_26' title="bbox 1052 1442 1882 1598">
     <span class='ocr_line' id='line_1_65' title="bbox 1105 1442 1882 1493; baseline -0.003 -9"><span class='ocrx_word' id='word_1_299' title='bbox 1105 1443 1321 1493; x_wconf 69' lang='lat' dir='ltr'>Quoniam</span> <span class='ocrx_word' id='word_1_300' title='bbox 1357 1442 1480 1484; x_wconf 90' lang='lat' dir='ltr'>novit</span> <span class='ocrx_word' id='word_1_301' title='bbox 1516 1442 1732 1483; x_wconf 77' lang='lat' dir='ltr'>Deminus</span> <span class='ocrx_word' id='word_1_302' title='bbox 1766 1442 1882 1482; x_wconf 89' lang='lat' dir='ltr'>viam</span> 
     </span>
     <span class='ocr_line' id='line_1_66' title="bbox 1052 1499 1882 1551; baseline -0.002 -11"><span class='ocrx_word' id='word_1_303' title='bbox 1052 1500 1282 1551; x_wconf 66' lang='lat' dir='ltr'>justarum:</span> <span class='ocrx_word' id='word_1_304' title='bbox 1306 1501 1330 1526; x_wconf 83' lang='lat'>*</span> <span class='ocrx_word' id='word_1_305' title='bbox 1356 1504 1400 1541; x_wconf 92' lang='lat' dir='ltr'>et</span> <span class='ocrx_word' id='word_1_306' title='bbox 1423 1499 1505 1540; x_wconf 88' lang='lat' dir='ltr'>iter</span> <span class='ocrx_word' id='word_1_307' title='bbox 1529 1499 1763 1551; x_wconf 80' lang='lat' dir='ltr'>impierum</span> <span class='ocrx_word' id='word_1_308' title='bbox 1786 1511 1882 1551; x_wconf 91' lang='lat' dir='ltr'>per-</span> 
     </span>
     <span class='ocr_line' id='line_1_67' title="bbox 1052 1556 1142 1598; baseline 0 -2"><span class='ocrx_word' id='word_1_309' title='bbox 1052 1556 1142 1598; x_wconf 85' lang='lat' dir='ltr'>ibit.</span> 
     </span>
    </p>

    <p class='ocr_par' dir='ltr' id='par_1_27' title="bbox 1060 1602 1883 1784">
     <span class='ocr_line' id='line_1_68' title="bbox 1342 1602 1604 1642; baseline -0.011 0"><span class='ocrx_word' id='word_1_310' title='bbox 1342 1602 1540 1642; x_wconf 87' lang='lat' dir='ltr'>Psalmus</span> <span class='ocrx_word' id='word_1_311' title='bbox 1568 1603 1604 1641; x_wconf 83' lang='lat'>2.</span> 
     </span>
     <span class='ocr_line' id='line_1_69' title="bbox 1060 1645 1883 1769; baseline -0.001 -54"><span class='ocrx_word' id='word_1_312' title='bbox 1060 1645 1245 1769; x_wconf 75' lang='lat' dir='ltr'>Quare</span> <span class='ocrx_word' id='word_1_313' title='bbox 1283 1674 1551 1716; x_wconf 90' lang='lat' dir='ltr'>fremuerunt</span> <span class='ocrx_word' id='word_1_314' title='bbox 1581 1674 1765 1723; x_wconf 83' lang='lat' dir='ltr'>Gentes,</span> <span class='ocrx_word' id='word_1_315' title='bbox 1792 1675 1815 1700; x_wconf 85' lang='grc'><strong><em>*</em></strong></span> <span class='ocrx_word' id='word_1_316' title='bbox 1840 1678 1883 1715; x_wconf 90' lang='lat' dir='ltr'>et</span> 
     </span>
     <span class='ocr_line' id='line_1_70' title="bbox 1155 1729 1829 1784; baseline -0.003 -12"><span class='ocrx_word' id='word_1_317' title='bbox 1155 1731 1310 1784; x_wconf 80' lang='lat' dir='ltr'>pepuli</span> <span class='ocrx_word' id='word_1_318' title='bbox 1329 1730 1528 1772; x_wconf 91' lang='lat' dir='ltr'>meditati</span> <span class='ocrx_word' id='word_1_319' title='bbox 1546 1735 1646 1772; x_wconf 86' lang='lat' dir='ltr'>sunt</span> <span class='ocrx_word' id='word_1_320' title='bbox 1665 1729 1829 1771; x_wconf 84' lang='lat' dir='ltr'>inania?</span> 
     </span>
    </p>

    <p class='ocr_par' dir='ltr' id='par_1_28' title="bbox 1051 1788 1882 2010">
     <span class='ocr_line' id='line_1_71' title="bbox 1102 1788 1882 1840; baseline -0.003 -11"><span class='ocrx_word' id='word_1_321' title='bbox 1102 1788 1349 1829; x_wconf 89' lang='lat' dir='ltr'>Astiterunt</span> <span class='ocrx_word' id='word_1_322' title='bbox 1372 1800 1498 1839; x_wconf 86' lang='lat' dir='ltr'>reges</span> <span class='ocrx_word' id='word_1_323' title='bbox 1522 1792 1667 1837; x_wconf 87' lang='lat' dir='ltr'>terrae,</span> <span class='ocrx_word' id='word_1_324' title='bbox 1697 1792 1740 1828; x_wconf 91' lang='lat' dir='ltr'>et</span> <span class='ocrx_word' id='word_1_325' title='bbox 1768 1789 1882 1840; x_wconf 90' lang='lat' dir='ltr'>prin-</span> 
     </span>
     <span class='ocr_line' id='line_1_72' title="bbox 1053 1843 1881 1897; baseline -0.002 -11"><span class='ocrx_word' id='word_1_326' title='bbox 1053 1844 1173 1897; x_wconf 88' lang='lat' dir='ltr'>cipes</span> <span class='ocrx_word' id='word_1_327' title='bbox 1206 1846 1504 1886; x_wconf 91' lang='lat' dir='ltr'>convenerunt</span> <span class='ocrx_word' id='word_1_328' title='bbox 1533 1844 1577 1885; x_wconf 87' lang='lat' dir='ltr'>in</span> <span class='ocrx_word' id='word_1_329' title='bbox 1602 1857 1736 1885; x_wconf 91' lang='lat' dir='ltr'>unum</span> <span class='ocrx_word' id='word_1_330' title='bbox 1760 1847 1784 1871; x_wconf 87' lang='lat'>*</span> <span class='ocrx_word' id='word_1_331' title='bbox 1810 1843 1881 1885; x_wconf 90' lang='lat' dir='ltr'>ad-</span> 
     </span>
     <span class='ocr_line' id='line_1_73' title="bbox 1051 1900 1882 1951; baseline -0.001 -9"><span class='ocrx_word' id='word_1_332' title='bbox 1051 1903 1204 1943; x_wconf 90' lang='lat' dir='ltr'>versus</span> <span class='ocrx_word' id='word_1_333' title='bbox 1214 1901 1461 1951; x_wconf 65' lang='lat' dir='ltr'>Dominum,</span> <span class='ocrx_word' id='word_1_334' title='bbox 1482 1907 1526 1943; x_wconf 91' lang='lat' dir='ltr'>et</span> <span class='ocrx_word' id='word_1_335' title='bbox 1541 1901 1751 1943; x_wconf 90' lang='lat' dir='ltr'>adversus</span> <span class='ocrx_word' id='word_1_336' title='bbox 1764 1900 1882 1942; x_wconf 91' lang='lat' dir='ltr'>Chri-</span> 
     </span>
     <span class='ocr_line' id='line_1_74' title="bbox 1052 1959 1288 2010; baseline -0.004 -11"><span class='ocrx_word' id='word_1_337' title='bbox 1052 1963 1167 2000; x_wconf 84' lang='lat' dir='ltr'>stum</span> <span class='ocrx_word' id='word_1_338' title='bbox 1187 1959 1288 2010; x_wconf 89' lang='lat' dir='ltr'>ejus.</span> 
     </span>
    </p>

    <p class='ocr_par' dir='ltr' id='par_1_29' title="bbox 1051 2014 1883 2124">
     <span class='ocr_line' id='line_1_75' title="bbox 1103 2014 1883 2067; baseline -0.003 -12"><span class='ocrx_word' id='word_1_339' title='bbox 1103 2015 1415 2067; x_wconf 91' lang='lat' dir='ltr'>Dirumpamus</span> <span class='ocrx_word' id='word_1_340' title='bbox 1430 2014 1604 2056; x_wconf 88' lang='lat' dir='ltr'>vincula</span> <span class='ocrx_word' id='word_1_341' title='bbox 1619 2016 1785 2056; x_wconf 82' lang='lat' dir='ltr'>eorum:</span> <span class='ocrx_word' id='word_1_342' title='bbox 1800 2014 1823 2040; x_wconf 88' lang='lat'>*</span> <span class='ocrx_word' id='word_1_343' title='bbox 1839 2017 1883 2054; x_wconf 94' lang='lat' dir='ltr'>et</span> 
     </span>
     <span class='ocr_line' id='line_1_76' title="bbox 1051 2071 1882 2124; baseline -0.004 -12"><span class='ocrx_word' id='word_1_344' title='bbox 1051 2071 1333 2124; x_wconf 79' lang='lat' dir='ltr'>projiciamus</span> <span class='ocrx_word' id='word_1_345' title='bbox 1344 2084 1369 2112; x_wconf 92' lang='lat' dir='ltr'>a</span> <span class='ocrx_word' id='word_1_346' title='bbox 1377 2071 1505 2113; x_wconf 92' lang='lat' dir='ltr'>nobis</span> <span class='ocrx_word' id='word_1_347' title='bbox 1517 2073 1663 2124; x_wconf 86' lang='lat' dir='ltr'>jugum</span> <span class='ocrx_word' id='word_1_348' title='bbox 1674 2072 1882 2123; x_wconf 80' lang='lat' dir='ltr'>ipserum.</span> 
     </span>
    </p>

    <p class='ocr_par' dir='ltr' id='par_1_30' title="bbox 1054 2126 1882 2226">
     <span class='ocr_line' id='line_1_77' title="bbox 1105 2126 1882 2178; baseline -0.003 -10"><span class='ocrx_word' id='word_1_349' title='bbox 1105 2128 1190 2178; x_wconf 91' lang='lat' dir='ltr'>Qui</span> <span class='ocrx_word' id='word_1_350' title='bbox 1225 2127 1395 2170; x_wconf 87' lang='lat' dir='ltr'>habitat</span> <span class='ocrx_word' id='word_1_351' title='bbox 1430 2128 1474 2168; x_wconf 92' lang='lat' dir='ltr'>in</span> <span class='ocrx_word' id='word_1_352' title='bbox 1515 2127 1640 2169; x_wconf 87' lang='lat' dir='ltr'>coelis</span> <span class='ocrx_word' id='word_1_353' title='bbox 1681 2126 1882 2167; x_wconf 89' lang='lat' dir='ltr'>irridebit</span> 
     </span>
     <span class='ocr_line' id='line_1_78' title="bbox 1054 2183 1881 2226; baseline -0.004 0"><span class='ocrx_word' id='word_1_354' title='bbox 1054 2197 1145 2226; x_wconf 89' lang='lat' dir='ltr'>eos:</span> <span class='ocrx_word' id='word_1_355' title='bbox 1159 2186 1183 2212; x_wconf 86' lang='lat'>*</span> <span class='ocrx_word' id='word_1_356' title='bbox 1199 2189 1243 2226; x_wconf 91' lang='lat' dir='ltr'>et</span> <span class='ocrx_word' id='word_1_357' title='bbox 1259 2185 1474 2226; x_wconf 82' lang='lat' dir='ltr'>Dominus</span> <span class='ocrx_word' id='word_1_358' title='bbox 1491 2183 1777 2226; x_wconf 88' lang='lat' dir='ltr'>subsannabit</span> <span class='ocrx_word' id='word_1_359' title='bbox 1794 2195 1881 2224; x_wconf 91' lang='lat' dir='ltr'>eos.</span> 
     </span>
    </p>

    <p class='ocr_par' dir='ltr' id='par_1_31' title="bbox 1053 2240 1882 2354">
     <span class='ocr_line' id='line_1_79' title="bbox 1105 2240 1882 2293; baseline -0.004 -11"><span class='ocrx_word' id='word_1_360' title='bbox 1105 2241 1231 2283; x_wconf 91' lang='lat' dir='ltr'>Tunc</span> <span class='ocrx_word' id='word_1_361' title='bbox 1250 2241 1454 2293; x_wconf 91' lang='lat' dir='ltr'>loquetur</span> <span class='ocrx_word' id='word_1_362' title='bbox 1476 2241 1533 2283; x_wconf 92' lang='lat' dir='ltr'>ad</span> <span class='ocrx_word' id='word_1_363' title='bbox 1553 2253 1631 2282; x_wconf 93' lang='lat' dir='ltr'>eos</span> <span class='ocrx_word' id='word_1_364' title='bbox 1650 2240 1694 2280; x_wconf 91' lang='lat' dir='ltr'>in</span> <span class='ocrx_word' id='word_1_365' title='bbox 1713 2240 1778 2280; x_wconf 88' lang='lat' dir='ltr'>ira</span> <span class='ocrx_word' id='word_1_366' title='bbox 1793 2252 1882 2288; x_wconf 90' lang='lat' dir='ltr'>sua,</span> 
     </span>
     <span class='ocr_line' id='line_1_80' title="bbox 1053 2296 1882 2354; baseline -0.004 -15"><span class='ocrx_word' id='word_1_367' title='bbox 1053 2297 1077 2322; x_wconf 89' lang='lat'>*</span> <span class='ocrx_word' id='word_1_368' title='bbox 1098 2302 1142 2339; x_wconf 89' lang='lat' dir='ltr'>et</span> <span class='ocrx_word' id='word_1_369' title='bbox 1160 2298 1206 2338; x_wconf 95' lang='lat' dir='ltr'>in</span> <span class='ocrx_word' id='word_1_370' title='bbox 1224 2298 1372 2339; x_wconf 77' lang='lat' dir='ltr'>furere</span> <span class='ocrx_word' id='word_1_371' title='bbox 1392 2311 1472 2339; x_wconf 91' lang='lat' dir='ltr'>suo</span> <span class='ocrx_word' id='word_1_372' title='bbox 1493 2296 1776 2354; x_wconf 83' lang='lat' dir='ltr'>conturbabit</span> <span class='ocrx_word' id='word_1_373' title='bbox 1796 2308 1882 2337; x_wconf 90' lang='lat' dir='ltr'>eos.</span> 
     </span>
    </p>

    <p class='ocr_par' dir='ltr' id='par_1_32' title="bbox 1055 2354 1883 2576">
     <span class='ocr_line' id='line_1_81' title="bbox 1105 2354 1882 2406; baseline -0.003 -11"><span class='ocrx_word' id='word_1_374' title='bbox 1105 2354 1201 2406; x_wconf 86' lang='lat' dir='ltr'>Ego</span> <span class='ocrx_word' id='word_1_375' title='bbox 1228 2359 1374 2396; x_wconf 89' lang='lat' dir='ltr'>autem</span> <span class='ocrx_word' id='word_1_376' title='bbox 1396 2354 1664 2396; x_wconf 81' lang='lat' dir='ltr'>constitutus</span> <span class='ocrx_word' id='word_1_377' title='bbox 1688 2366 1785 2394; x_wconf 90' lang='lat' dir='ltr'>sum</span> <span class='ocrx_word' id='word_1_378' title='bbox 1804 2365 1882 2394; x_wconf 82' lang='lat' dir='ltr'>rex</span> 
     </span>
     <span class='ocr_line' id='line_1_82' title="bbox 1055 2410 1882 2463; baseline -0.001 -12"><span class='ocrx_word' id='word_1_379' title='bbox 1055 2410 1110 2452; x_wconf 90' lang='lat' dir='ltr'>ab</span> <span class='ocrx_word' id='word_1_380' title='bbox 1147 2423 1200 2453; x_wconf 93' lang='lat' dir='ltr'>eo</span> <span class='ocrx_word' id='word_1_381' title='bbox 1244 2424 1376 2463; x_wconf 90' lang='lat' dir='ltr'>super</span> <span class='ocrx_word' id='word_1_382' title='bbox 1407 2411 1513 2452; x_wconf 91' lang='lat' dir='ltr'>Sion</span> <span class='ocrx_word' id='word_1_383' title='bbox 1555 2414 1750 2451; x_wconf 89' lang='lat' dir='ltr'>montem</span> <span class='ocrx_word' id='word_1_384' title='bbox 1788 2422 1882 2450; x_wconf 91' lang='lat' dir='ltr'>san—</span> 
     </span>
     <span class='ocr_line' id='line_1_83' title="bbox 1056 2467 1883 2520; baseline -0.001 -12"><span class='ocrx_word' id='word_1_385' title='bbox 1056 2473 1175 2509; x_wconf 87' lang='lat' dir='ltr'>etum</span> <span class='ocrx_word' id='word_1_386' title='bbox 1191 2468 1294 2520; x_wconf 89' lang='lat' dir='ltr'>ejus,</span> <span class='ocrx_word' id='word_1_387' title='bbox 1309 2468 1332 2493; x_wconf 89' lang='lat'>*</span> <span class='ocrx_word' id='word_1_388' title='bbox 1347 2467 1594 2520; x_wconf 85' lang='lat' dir='ltr'>praedicans</span> <span class='ocrx_word' id='word_1_389' title='bbox 1609 2468 1883 2519; x_wconf 82' lang='lat' dir='ltr'>praeceptum</span> 
     </span>
     <span class='ocr_line' id='line_1_84' title="bbox 1057 2536 1158 2576; baseline 0 -11"><span class='ocrx_word' id='word_1_390' title='bbox 1057 2536 1158 2576; x_wconf 87' lang='lat' dir='ltr'>eJus.</span> 
     </span>
    </p>

    <p class='ocr_par' dir='ltr' id='par_1_33' title="bbox 1054 2579 1882 2688">
     <span class='ocr_line' id='line_1_85' title="bbox 1106 2579 1882 2622; baseline -0.001 -1"><span class='ocrx_word' id='word_1_391' title='bbox 1106 2581 1322 2622; x_wconf 80' lang='lat' dir='ltr'>Dominus</span> <span class='ocrx_word' id='word_1_392' title='bbox 1356 2579 1467 2621; x_wconf 80' lang='lat' dir='ltr'>dixit</span> <span class='ocrx_word' id='word_1_393' title='bbox 1495 2579 1552 2621; x_wconf 92' lang='lat' dir='ltr'>ad</span> <span class='ocrx_word' id='word_1_394' title='bbox 1579 2592 1668 2621; x_wconf 92' lang='lat' dir='ltr'>me:</span> <span class='ocrx_word' id='word_1_395' title='bbox 1695 2580 1718 2605; x_wconf 89' lang='lat'>*</span> <span class='ocrx_word' id='word_1_396' title='bbox 1746 2579 1882 2621; x_wconf 91' lang='lat' dir='ltr'>Filius</span> 
     </span>
     <span class='ocr_line' id='line_1_86' title="bbox 1054 2635 1805 2688; baseline -0.001 -10"><span class='ocrx_word' id='word_1_397' title='bbox 1054 2650 1179 2679; x_wconf 90' lang='lat' dir='ltr'>meus</span> <span class='ocrx_word' id='word_1_398' title='bbox 1199 2650 1245 2678; x_wconf 92' lang='lat' dir='ltr'>es</span> <span class='ocrx_word' id='word_1_399' title='bbox 1262 2642 1325 2686; x_wconf 91' lang='lat' dir='ltr'>tu,</span> <span class='ocrx_word' id='word_1_400' title='bbox 1350 2648 1432 2687; x_wconf 91' lang='lat' dir='ltr'>ego</span> <span class='ocrx_word' id='word_1_401' title='bbox 1450 2635 1583 2678; x_wconf 77' lang='lat' dir='ltr'>hodie</span> <span class='ocrx_word' id='word_1_402' title='bbox 1601 2636 1732 2688; x_wconf 90' lang='lat' dir='ltr'>genui</span> <span class='ocrx_word' id='word_1_403' title='bbox 1749 2641 1805 2678; x_wconf 76' lang='lat' dir='ltr'>te,</span> 
     </span>
    </p>

    <p class='ocr_par' dir='ltr' id='par_1_34' title="bbox 1106 2692 1883 2743">
     <span class='ocr_line' id='line_1_87' title="bbox 1106 2692 1883 2743; baseline -0.003 -8"><span class='ocrx_word' id='word_1_404' title='bbox 1106 2693 1289 2735; x_wconf 76' lang='lat' dir='ltr'>Pestula</span> <span class='ocrx_word' id='word_1_405' title='bbox 1309 2706 1334 2734; x_wconf 90' lang='lat' dir='ltr'>a</span> <span class='ocrx_word' id='word_1_406' title='bbox 1352 2705 1438 2743; x_wconf 89' lang='lat' dir='ltr'>me,</span> <span class='ocrx_word' id='word_1_407' title='bbox 1465 2697 1509 2735; x_wconf 90' lang='lat' dir='ltr'>et</span> <span class='ocrx_word' id='word_1_408' title='bbox 1529 2692 1646 2735; x_wconf 93' lang='lat' dir='ltr'>dabo</span> <span class='ocrx_word' id='word_1_409' title='bbox 1667 2693 1749 2735; x_wconf 89' lang='lat' dir='ltr'>tibi</span> <span class='ocrx_word' id='word_1_410' title='bbox 1770 2694 1883 2734; x_wconf 90' lang='lat' dir='ltr'>Gen-</span> 
     </span>
    </p>
   </div>
   <div class='ocr_carea' id='block_1_16' title="bbox 107 94 1953 2797">
    <p class='ocr_par' dir='ltr' id='par_1_35' title="bbox 107 94 1953 2797">
     <span class='ocr_line' id='line_1_88' title="bbox 107 94 1953 2797; baseline 0 0"><span class='ocrx_word' id='word_1_411' title='bbox 107 94 1953 2797; x_wconf 95' lang='lat' dir='ltr'> </span> 
     </span>
    </p>
   </div>
  </div>
 </body>
</html>
