2066 2956
548 241 619 275 Die
648 242 694 275 15.
719 241 818 281 Maii.
864 244 898 276 S.
924 242 1063 276 Isidori
1088 243 1282 283 Agricola:
1307 242 1412 277 Conf.

138 338 297 380 dumve
321 338 482 380 fuisset.
517 336 677 378 Medici
694 349 798 378 vero
821 350 957 388 mane,

137 399 186 436 ut
205 407 304 436 crus
323 395 530 443 secarent,
551 391 841 443 advenientes,
861 406 959 434 cum

141 450 248 493 illud
271 463 423 492 sanum
445 449 669 499 vidissent,
700 451 878 501 stupore
901 450 958 490 af-

137 507 239 549 fecti
269 507 463 557 domum,
490 510 613 547 tanto
640 505 850 546 miraculo
881 519 959 558 per

138 563 291 606 urbem
311 563 545 614 divulgato,
567 562 754 613 regressi
774 566 882 603 sunt.

191 622 241 673 R.
267 619 446 661 Amavit
465 632 563 660 eum
581 618 810 667 Dominus,
831 623 874 660 et
893 631 958 660 or-

138 676 258 719 navit
292 689 404 718 eum:
441 675 598 717 stolam
635 675 784 726 gloriae
822 674 960 716 induit

139 747 249 783 eum,
277 735 298 758 *
325 732 382 774 Et
409 731 465 774 ad
491 736 643 784 portas
672 730 864 784 paradisi
891 744 960 772 co-

139 789 311 832 ronavit
344 801 459 838 eum,
490 787 670 839 alleluja.
734 786 782 837 Y.
813 786 962 829 Induit

141 859 241 888 eum
279 845 493 887 Dominus
536 845 717 885 loricam
757 843 874 893 fidei,
919 849 962 885 et

142 902 312 944 ornavit
336 914 445 944 eum.
478 901 535 942 Et
558 900 614 942 ad
636 906 798 953 portas.

438 955 588 995 Lectio
611 956 662 995 vi.

228 1017 450 1067 eregrinus
474 1014 558 1067 piis
582 1013 805 1055 laboribus
831 1026 882 1054 ac
907 1026 961 1054 ae-

234 1073 324 1113 tate
344 1070 566 1112 confectus
586 1071 694 1120 (erat
714 1070 828 1111 enim
845 1074 962 1111 octo-

140 1127 356 1178 genarius)
395 1126 518 1169 brevi
558 1125 680 1167 febre
718 1127 962 1178 correptus,

141 1182 353 1225 Kalendis
368 1183 469 1235 Maji
489 1194 601 1223 anno
621 1181 773 1223 salutis
791 1181 962 1222 millesi-

141 1252 214 1281 mo
266 1239 571 1281 trecentesimo
630 1238 963 1290 quadragesimo

144 1295 294 1348 quinto
313 1296 515 1347 migravit
534 1294 590 1337 ad
609 1294 837 1336 Christum.
861 1295 964 1346 Ejus

144 1353 331 1394 animam
375 1352 506 1394 beato
550 1351 754 1404 Philippo
801 1350 963 1392 ordinis

143 1409 376 1450 Servorum
410 1408 553 1450 beatae
583 1408 733 1449 Mariae
761 1407 964 1458 Virginis,

144 1465 235 1517 qui,
261 1469 309 1506 ut
330 1465 425 1518 ipse
443 1464 698 1515 religionem
721 1462 963 1514 ingredere-

142 1525 224 1569 tur,
243 1521 332 1563 dux
350 1521 501 1570 fuerat,
521 1526 563 1562 et
580 1520 711 1562 beato
732 1520 964 1561 Francisco

143 1577 322 1619 Senensi
350 1576 543 1630 ejusdem
567 1576 730 1618 ordinis
759 1576 964 1617 comitan-

142 1633 259 1675 tibus
278 1646 303 1674 a
321 1633 558 1685 virginibus
573 1632 617 1673 in
632 1632 791 1674 coelum
806 1631 964 1673 deferri

142 1690 297 1740 visam,
346 1690 568 1731 memoriae
618 1688 839 1742 proditum
890 1692 965 1729 est.

142 1746 280 1787 Multa
303 1750 407 1799 post
430 1750 617 1787 mortem
639 1744 847 1786 miracula
871 1756 964 1784 san-

145 1802 343 1844 ctitatem
386 1801 523 1855 ipsius
570 1801 856 1843 declararunt.
914 1801 966 1840 In

145 1858 301 1910 quibus
331 1870 490 1907 caecus,
522 1858 759 1908 Peregrino
788 1869 963 1897 manum

147 1926 201 1955 ex
218 1914 379 1955 feretro
403 1913 540 1955 oculis
560 1913 675 1954 illius
695 1912 965 1961 admovente,

143 1970 289 2011 lumen
315 1970 492 2022 recepit.
527 1969 683 2011 Mulier
707 1969 836 2010 etiam
860 1968 965 2009 mul-

143 2026 201 2067 tis
227 2025 408 2067 obsessa
431 2024 701 2067 daemonibus
721 2023 777 2066 ad
795 2037 967 2065 sacrum

146 2094 306 2134 corpus
341 2081 480 2133 ipsius
515 2081 744 2133 perducta,
783 2080 967 2121 liberata

145 2142 222 2179 est.
257 2135 443 2187 Quidam
467 2150 522 2178 ex
544 2136 701 2179 arbore
719 2138 903 2189 procera
923 2136 966 2176 in

145 2198 307 2235 terram
326 2193 532 2246 delapsus
551 2193 774 2244 Peregrini
794 2192 967 2233 nomine

145 2250 350 2292 invocato
370 2250 461 2291 sine
475 2249 564 2290 ulla
578 2249 755 2290 laesione
770 2249 967 2300 repertus

146 2306 236 2348 fuit.
273 2306 345 2347 Ad
373 2306 492 2358 cujus
518 2304 731 2347 tumulum
756 2302 967 2345 Kalendis

147 2362 249 2413 Maji
285 2374 373 2403 non
409 2365 576 2403 tantum
612 2361 764 2403 civitas
801 2358 966 2400 Foroli-

146 2417 322 2468 viensis‚
355 2416 435 2459 sed
465 2417 635 2458 finitimi
665 2415 817 2469 populi
846 2418 966 2466 quot-

148 2474 270 2514 annis
302 2473 358 2515 ad
392 2473 514 2514 illum
545 2471 839 2514 venerandum
871 2479 971 2511 con-¹

148 2530 300 2579 fluere,
334 2531 524 2581 votaque
557 2529 596 2570 ei
623 2529 874 2579 nuncupare
901 2538 967 2566 so-

147 2585 248 2627 lent.
270 2585 431 2630 Paulus
451 2585 625 2637 quintus
645 2584 843 2625 Summus
858 2582 966 2622 Pon-

149 2641 255 2682 tifex
273 2654 387 2683 anno
406 2641 634 2682 millesimo
654 2637 968 2680 sexcentesimo

150 2710 266 2739 nono
295 2698 526 2746 concessit,
558 2701 606 2738 ut
633 2695 835 2737 Officium
865 2692 969 2734 divi-

150 2766 254 2795 num
271 2753 316 2794 in
334 2758 429 2795 toto
444 2754 677 2795 Servorum
696 2749 846 2792 ordine
864 2748 969 2790 reci-

1006 338 1092 380 tari
1114 342 1275 390 posset.
1302 337 1567 379 Benedictus
1587 350 1692 379 vero
1713 337 1826 378 deci-

1008 407 1104 435 mus
1126 395 1278 436 tertius
1302 407 1414 435 anno
1438 396 1651 446 reparatae
1676 393 1827 434 salutis

1008 450 1235 491 millesimo
1264 451 1646 503 septingentesimo
1676 449 1827 500 vigesi-

1009 519 1081 548 mo
1107 510 1231 548 sexto
1258 519 1356 548 eum
1378 507 1490 548 inter
1514 511 1686 548 sanctos
1712 505 1827 547 co'eli-

1009 568 1076 604 tes
1096 563 1181 604 ritu
1200 563 1381 604 solemni
1399 563 1623 604 recensuit.

1064 626 1113 677 Rz.
1134 624 1225 665 Iste
1243 623 1387 665 homo.
1406 623 1488 675 [89]

1064 687 1104 720 In
1128 687 1191 720 HI.
1214 686 1409 719 Nocturno
1435 686 1602 720 Homilia
1628 686 1663 719 in
1686 687 1827 729 Evang.

1014 732 1445 823 {Selegessossiffiliqumus
1465 735 1510 768 de
1529 735 1670 769 Comm.
1689 735 1827 769 Abbat.

1275 866 1357 908 Die
1376 866 1435 906 15.
1456 865 1566 916 Maji.

1099 935 1140 975 S.
1164 934 1344 976 Isidori
1368 930 1601 982 Agricolae,
1628 932 1745 971 Conf.

1341 997 1501 1040 Duplex.

1067 1055 1200 1089 Omnia
1230 1055 1275 1088 de
1306 1054 1448 1088 Comm.
1479 1053 1585 1086 Conf.
1618 1062 1692 1085 non
1724 1052 1828 1085 Pont.

1014 1100 1085 1144 [84]
1108 1108 1247 1146 praeter
1272 1113 1375 1145 sequ.
1401 1099 1459 1140 (m.
1483 1102 1507 1133 t.
1531 1100 1579 1142 v.)

1347 1160 1506 1200 Oratio.

1101 1229 1126 1257 a
1144 1215 1288 1265 nobis,
1317 1217 1564 1268 quaesumus
1586 1214 1832 1255 misericors

1108 1272 1243 1313 Deus:
1266 1271 1397 1313 beato
1420 1271 1591 1313 Isidoro
1616 1269 1832 1321 Agricola,

1017 1328 1276 1370 Confessore
1308 1333 1383 1370 tuo
1415 1327 1727 1375 intercedente,
1766 1339 1831 1366 su-

1015 1384 1149 1437 perbe
1168 1397 1255 1425 non
1274 1387 1442 1436 sapere,
1465 1383 1542 1425 sed
1562 1384 1650 1434 ejus
1668 1382 1833 1423 meritis

1017 1446 1059 1482 et
1100 1440 1309 1493 exemplis
1350 1439 1511 1492 placita
1545 1439 1624 1480 tibi
1661 1450 1833 1490 semper

1015 1496 1255 1538 humilitate
1276 1496 1505 1538 deservire.
1532 1495 1615 1536 Per
1633 1495 1757 1535 Dfim.

1065 1557 1108 1590 In
1139 1556 1164 1590 Ι.
1195 1556 1391 1590 Nocturno
1424 1554 1623 1589 Lectiones
1656 1554 1701 1588 de
1733 1554 1829 1588 Scri-

1014 1608 1124 1647 ptura
1150 1609 1378 1638 occurrente.

1234 1670 1282 1708 In
1309 1670 1358 1708 ΙΙ.
1387 1669 1606 1708 Nocturno.

1310 1734 1460 1775 Lectio
1480 1734 1531 1773 iv.

1022 1794 1307 1852 ἤ5ἰᾶό105
1338 1793 1543 1844 Agricola
1574 1804 1713 1845 prope
1746 1791 1832 1831 Ma-

1022 1834 1068 1911 (³2³¹
1087 1845 1131 1909 ¹³:25}
1155 1853 1303 1892 tritum
1330 1849 1555 1901 Hispaniae
1588 1847 1759 1897 urbem,
1791 1846 1833 1886 in

1029 1903 1239 1959 ζ53111111
1274 1911 1401 1947 natus
1437 1905 1593 1954 fuerat,
1634 1902 1834 1944 mercede

1019 1963 1211 2006 colendis
1259 1963 1371 2013 agris
1412 1960 1669 2009 conductus,
1713 1958 1834 1999 brevi

1017 2022 1270 2071 magnarum
1293 2018 1375 2060 sibi
1393 2018 1599 2058 virtutum
1623 2028 1674 2057 eo
1697 2016 1740 2055 in
1764 2027 1833 2055 ex-

1019 2077 1170 2118 ercitio
1202 2074 1463 2117 uberrimam
1495 2075 1685 2123 segetem
1712 2070 1843 2122 para?

1018 2133 1090 2174 vit.
1137 2131 1418 2173 Admirabilis
1450 2129 1563 2171 enim
1595 2126 1753 2168 Christi
1784 2139 1835 2167 ac

1019 2190 1269 2230 sanctorum
1287 2187 1494 2235 imitator,
1520 2195 1754 2235 numquam
1779 2180 1835 2223 ad

1019 2258 1129 2297 opus
1143 2257 1269 2285 mane
1284 2255 1330 2284 50
1346 2240 1605 2290 conferebat,
1619 2238 1700 2279 nisi
1714 2238 1835 2290 prius

1018 2301 1102 2342 Dei
1119 2313 1298 2351 regnum
1317 2297 1509 2339 studiose
1526 2297 1750 2348 quaereret,
1770 2306 1835 2335 ec-

1020 2357 1260 2408 clesiasque
1295 2355 1338 2395 in
1373 2354 1509 2406 ipsius
1544 2364 1595 2392 ac
1632 2351 1836 2402 Deiparae

1018 2406 1230 2454 honorem
1255 2409 1421 2451 dicatas
1445 2408 1651 2450 visitaret.
1693 2406 1836 2455 Quare

1020 2482 1119 2509 cum
1152 2467 1266 2508 illius
1299 2477 1466 2506 moram
1501 2463 1592 2514 agri
1635 2461 1836 2503 dominus

1019 2524 1210 2574 graviter
1236 2522 1386 2571 ferret,
1413 2525 1544 2571 atque
1571 2531 1626 2559 ex
1653 2517 1836 2559 editiore

1020 2581 1119 2621 loco
1140 2576 1327 2630 quadam
1352 2576 1439 2626 die,
1466 2580 1514 2616 ut
1538 2587 1636 2616 eum
1659 2573 1836 2614 liberius

1020 2637 1277 2688 increparet,
1306 2631 1555 2684 Agricolam
1583 2630 1835 2682 operiretur,

1021 2692 1147 2733 binos
1174 2689 1366 2740 Angelos
1400 2686 1584 2729 candida
1610 2691 1732 2727 veste
1761 2685 1834 2726 du-

1021 2747 1123 2800 plici
1140 2746 1273 2788 boum
1291 2746 1391 2796 jugo
1415 2745 1603 2793 arantes,
1627 2741 1834 2783 medium-
