2028 2892
678 164 880 199 Dominica
907 166 966 199 IV.
994 165 1317 206 Quadragesimae.

142 257 315 296 reretur
350 255 563 306 accipere.
624 251 675 304 V.
715 255 972 297 Ascendens

142 311 320 362 Moyses
338 310 384 350 in
401 314 598 351 montem
613 310 732 351 Sinai
750 311 806 353 ad
823 312 971 353 Domi-

143 380 265 416 num,
297 366 380 407 fuit
411 365 473 407 ibi
502 366 791 418 quadraginta
819 367 972 409 diebus

145 426 189 464 et
207 421 497 474 quadraginta
510 422 724 464 noctibus.
746 423 807 465 Ut
820 423 972 474 legem.

145 478 298 521 Gloria
315 479 446 521 Patri.
473 479 532 521 Ut
550 478 703 529 legem.

358 572 407 610 In
435 571 506 610 III.
535 571 757 610 Nocturno.

142 642 298 685 Lectio
320 641 461 683 sancti
479 641 707 692 Evangelii
731 642 972 683 secundum

444 697 469 738 J
472 699 670 738 oannem.

246 768 397 809 Lectio
419 768 486 809 vii.
708 768 810 820 Cap.
830 772 867 809 6.

190 845 219 872 11
234 831 311 872 1116
330 831 548 882 tempore:
566 830 690 872 Abiit
704 831 729 871 J
732 843 832 872 esus
851 835 972 872 trans

206 899 327 928 mare
355 886 568 936 Galilaeae,
601 887 722 939 quod
749 892 815 928 est
842 887 970 928 Tibe-

142 943 293 985 riadis:
324 947 369 984 et
400 942 669 994 sequebatur
700 955 800 984 eum
829 943 970 984 multi-

141 998 252 1042 tudo
274 1011 450 1050 magna,
477 998 580 1051 quia
604 998 813 1040 videbant
837 999 970 1049 signa,

144 1068 243 1108 quae
275 1054 465 1097 faciebat
496 1067 629 1107 super
660 1054 727 1096 his
759 1055 832 1107 qui
856 1055 971 1095 infir-

141 1111 385 1154 mabantur.
411 1111 468 1153 Et
486 1111 666 1162 reliqua.

139 1189 334 1232 Homilia
347 1188 488 1231 sancti
500 1188 736 1240 Augustini
749 1189 971 1241 Episcopi.

269 1257 474 1292 Tractatus
497 1258 549 1293 24.
574 1259 614 1293 in
638 1259 838 1294 Ι1038116111.

148 1350 176 1368 :4
197 1323 257 1365 1,)
302 1310 311 1318 “
339 1308 480 1359 acula,
508 1321 607 1361 quae
630 1309 734 1351 fecit
755 1309 971 1350 Deminus

169 1373 188 1420 12
216 1371 257 1420 J<
316 1369 469 1406 noster
488 1364 513 1405 J
516 1377 617 1406 esus
638 1364 852 1414 Christus,
871 1370 972 1406 sunt

286 1418 293 1440 '⁷
317 1420 496 1472 quidem
516 1420 662 1462 divina
681 1422 832 1473 opera,
852 1425 896 1462 et
915 1421 972 1462 ad

139 1476 471 1528 intelligendum
488 1476 632 1517 Deum
652 1476 708 1518 de
726 1476 971 1518 visibilibus

140 1532 380 1575 admonent
390 1532 627 1573 humanam
636 1537 839 1574 mentem.
859 1533 971 1583 Quia

141 1589 257 1631 enim
281 1588 356 1630 ille
380 1601 469 1630 non
495 1592 563 1630 est
588 1587 689 1629 talis
714 1587 970 1639 substantia,

141 1658 240 1698 quae
264 1644 404 1687 videri
428 1644 566 1686 6611118
590 1644 749 1696 possit;
777 1649 821 1685 et
842 1644 970 1685 mira-

140 1701 239 1742 cula
263 1701 372 1753 ejus,
405 1699 566 1752 quibus
591 1704 735 1741 totum
759 1699 971 1741 mundum

138 1757 262 1808 regit,
280 1756 618 1808 universamque
635 1759 882 1797 creaturam
897 1755 969 1796 ad-

138 1813 366 1862 ministrat,
385 1811 644 1853 assiduitate
663 1811 890 1860 viluerunt,
908 1812 970 1852 ita

140 1874 326 1922 utpene
353 1881 484 1910 nemo
509 1867 714 1919 dignetur
741 1866 969 1908 attendere

141 1927 278 1977 opera
315 1925 400 1966 Dei
440 1924 551 1965 mira
588 1928 632 1965 et
673 1922 889 1975 stupenda
924 1923 969 1963 in

143 1980 340 2033 quelibet
357 1980 536 2021 seminis
555 1992 709 2030 grano:
728 1978 968 2020 secundum

140 2037 283 2089 ipsam
307 2049 431 2077 suam
454 2035 802 2077 misericordiam
826 2036 968 2075 serva-

140 2093 203 2133 vit
223 2092 307 2133 sibi
330 2091 551 2143 quaedam,
578 2104 677 2143 quae
702 2091 868 2131 faceret
893 2102 967 2141 op-

140 2151 333 2200 portuno
356 2149 558 2200 tempore
577 2151 739 2200 praeter
761 2145 968 2186 usitatum

141 2217 318 2245 cursum
360 2203 648 2256 ordinemque
689 2205 875 2251 naturae3
919 2205 968 2241 ut

140 2272 229 2301 non
255 2260 436 2311 majera,
469 2258 550 2300 sed
576 2258 751 2300 insolita
778 2256 967 2298 videndo

141 2318 384 2368 stuperent,
412 2315 569 2367 quibus
590 2314 845 2366 quotidiana
863 2312 967 2352 vilu-

142 2376 276 2412 erant.

191 2436 243 2487 Rt·
279 2435 519 2489 Splendida
563 2434 679 2475 facta
724 2437 790 2474 est
834 2431 968 2472 facies

142 2491 296 2543 Moysi,
316 2491 420 2534 dum
439 2493 682 2543 respiceret
701 2490 746 2530 in
763 2501 862 2530 eum
880 2488 967 2527 Do-

141 2548 298 2589 minus:
320 2550 342 2573 *
373 2547 588 2589 Videntes
619 2546 813 2586 seniores
845 2542 967 2584 clari-

141 2605 278 2644 tatem
305 2603 453 2645 vultus
481 2603 589 2653 ejus,
626 2601 892 2642 admirantes
919 2598 967 2638 11-

142 2660 344 2701 muerunt
352 2658 493 2701 valde.
511 2653 561 2704 V.
579 2657 775 2708 Cumque
792 2654 967 2696 descen-

1025 255 1163 296 disset
1195 254 1250 296 de
1288 260 1437 297 monte
1468 256 1600 305 Sinai,
1639 256 1848 308 portabat

1025 310 1134 352 duas
1161 310 1333 352 tabulas
1359 312 1611 362 1681111161111,
1642 312 1847 362 ignorans

1026 366 1146 418 quod
1171 370 1354 408 cornuta
1380 372 1496 408 esset
1519 367 1653 408 facies
1679 368 1768 418 ejus
1793 380 1847 409 ex

1025 423 1248 464 consortio
1269 423 1483 464 sermonis
1501 423 1594 464 Dei.
1624 423 1846 465 Videntes.

1311 483 1463 524 Lectio
1487 486 1566 524 viii.

1132 534 1223 585 ajus
1257 534 1371 575 enim
1396 534 1652 575 miraculum
1679 540 1746 576 est
1772 548 1846 586 gu-

1146 589 1346 631 bernatio
1370 592 1505 631 totius
1528 590 1693 640 mundi,
1717 604 1847 642 quam

1025 646 1236 687 saturatio
1273 646 1465 697 quinque
1499 646 1679 687 millium
1713 646 1846 687 hemi-

1024 715 1127 742 num
1160 701 1215 742 de
1250 701 1440 753 quinque
1467 701 1663 753 panibus.
1703 702 1759 743 Et
1786 708 1846 743 ta—

1023 770 1124 798 men
1148 757 1234 798 hoc
1261 769 1390 798 nemo
1415 757 1609 798 miratur:
1641 757 1747 799 illud
1771 759 1846 799 mi-

1025 815 1175 854 rantur
1206 813 1423 862 homines,
1460 825 1548 854 non
1581 813 1681 863 quia
1712 814 1846 865 majus

1024 873 1101 917 est,
1122 868 1201 910 sed
1220 869 1321 920 quia
1339 881 1485 909 rarum
1503 873 1581 910 est.
1609 869 1715 918 Quis
1736 870 1847 910 enim

1025 929 1068 966 et
1082 938 1195 966 nunc
1210 925 1350 977 pascit
1364 925 1613 965 universum
1627 925 1846 975 mundum,

1023 980 1106 1021 nisi
1123 980 1206 1030 ille,
1227 980 1301 1032 qui
1319 980 1374 1021 de
1392 981 1544 1032 paucis
1562 980 1707 1030 granis
1727 982 1844 1031 sege-

1023 1040 1091 1077 tes
1124 1034 1265 1078 creat?
1303 1036 1426 1077 Fecit
1458 1048 1561 1086 ergo
1594 1048 1681 1086 quo
1712 1036 1845 1077 modo

1023 1093 1157 1134 Deus.
1199 1091 1324 1133 Unde
1358 1092 1472 1133 enim
1505 1091 1764 1143 multiplicat
1791 1091 1846 1133 de

1023 1148 1175 1201 paucis
1194 1148 1340 1199 granis
1365 1149 1551 1198 segeteS,
1574 1146 1675 1188 inde
1698 1148 1741 1188 in
1759 1150 1846 1188 ma-

1024 1204 1152 1246 nibus
1187 1204 1276 1245 suis
1311 1203 1616 1256 multiplicavit
1657 1203 1846 1255 quinque

1023 1273 1175 1313 panes:
1206 1262 1405 1312 potestas
1433 1260 1547 1300 enim
1575 1264 1668 1300 erat
1695 1259 1738 1299 in
1759 1262 1845 1300 ma-

1024 1316 1152 1357 nibus
1189 1315 1360 1356 Christi.
1418 1316 1558 1356 Panes
1600 1319 1745 1356 autem
1786 1315 1847 1355 illi

1025 1372 1234 1424 quinque,
1261 1371 1385 1423 quasi
1409 1371 1573 1412 semina
1597 1376 1734 1419 erant,
1758 1383 1845 1411 non

1025 1428 1201 1480 quidem
1218 1432 1347 1468 terrae
1366 1427 1584 1477 mandata,
1609 1426 1688 1467 sed
1707 1426 1761 1467 ab
1782 1438 1844 1475 eo,

1025 1484 1099 1536 qui
1117 1488 1279 1525 terram
1296 1483 1409 1531 fecit,
1428 1482 1723 1534 multiplicata.

1075 1544 1126 1594 R.
1155 1539 1271 1580 Ecce
1297 1539 1422 1580 mitto
1446 1537 1663 1588 Angelum
1689 1550 1844 1587 meum,

1023 1596 1099 1647 qui
1116 1595 1341 1648 praecedat
1358 1599 1416 1643 te,
1437 1599 1480 1635 et
1500 1593 1718 1635 custodiat
1737 1606 1844 1634 sem-

1021 1665 1116 1704 per:
1137 1656 1161 1681 *
1180 1651 1380 1692 Observa
1402 1654 1445 1691 et
1469 1649 1570 1691 audi
1588 1662 1741 1690 vocem
1759 1662 1844 1690 me-

1022 1721 1107 1756 am,
1141 1711 1186 1749 et
1212 1707 1410 1748 inimicus
1434 1718 1510 1747 ero
1537 1705 1721 1746 inimicis
1744 1706 1844 1754 tuis,

1023 1768 1066 1805 et
1094 1763 1335 1814 affligentes
1360 1767 1404 1803 te
1429 1761 1634 1812 affligam:
1669 1765 1711 1802 et
1735 1773 1843 1812 prae-

1022 1819 1150 1860 cedet
1175 1824 1220 1860 te
1243 1818 1439 1868 Angelus
1463 1829 1597 1858 meus.
1635 1816 1683 1866 Ns.
1709 1816 1843 1856 Israel

1021 1875 1058 1916 si
1075 1887 1145 1916 me
1163 1874 1370 1923 audieris,
1396 1885 1484 1914 non
1509 1872 1590 1914 erit
1611 1872 1654 1912 in
1672 1876 1715 1912 te
1736 1871 1842 1912 deus

1021 1943 1191 1980 recens,
1210 1941 1353 1981 neque
1374 1927 1578 1970 adorabis
1597 1927 1726 1968 deum
1744 1926 1841 1967 alie-

1020 2000 1139 2028 num:
1159 1998 1240 2037 ego
1257 1985 1371 2026 enim
1384 1984 1610 2025 Dominus.
1635 1982 1841 2024 Observa.

1322 2044 1472 2084 Lectio
1491 2042 1544 2082 ix.

1021 2095 1171 2199 Hoc
1190 2109 1295 2147 ergo
1315 2095 1540 2137 admotum
1555 2098 1620 2135 est
1635 2092 1840 2142 sensibus,

1126 2165 1213 2205 quo
1238 2152 1476 2202 erigeretur
1498 2162 1633 2191 mens:
1658 2153 1701 2190 et
1726 2148 1840 2189 exhi-

1019 2210 1160 2251 bitum
1179 2207 1327 2257 oculis,
1345 2207 1418 2248 ubi
1433 2206 1705 2247 exerceretur
1719 2203 1840 2244 intel-

1019 2265 1175 2306 lectus:
1218 2268 1267 2304 ut
1299 2261 1558 2304 invisibilem
1588 2260 1731 2300 Deum
1762 2271 1841 2311 per

1020 2320 1207 2362 visibilia
1230 2321 1365 2371 Opera
1386 2316 1657 2364 miraremur,
1685 2318 1728 2355 et
1752 2316 1841 2355 ere-

1021 2376 1081 2417 cti
1101 2375 1157 2416 ad
1175 2374 1324 2423 fidem,
1349 2377 1392 2414 et
1409 2370 1582 2424 purgati
1601 2382 1680 2422 per
1698 2369 1840 2420 fidem,

1021 2432 1152 2473 etiam
1171 2431 1314 2483 ipsum
1333 2425 1592 2468 invisibilem
1606 2424 1755 2467 videre
1771 2438 1840 2466 cu-

1019 2488 1241 2539 peremus,
1270 2496 1399 2536 quem
1426 2481 1480 2523 de
1507 2481 1640 2523 rebus
1667 2481 1839 2522 visibili-

1019 2542 1102 2583 bus
1130 2539 1389 2582 invisibilem
1415 2539 1707 2578 nosceremus.
1746 2537 1839 2577 Nec

1019 2603 1165 2639 tamen
1184 2595 1343 2637 sufficit
1362 2594 1458 2634 haec
1475 2592 1634 2634 intueri
1653 2592 1697 2633 in
1714 2592 1838 2632 mira-

1019 2653 1127 2694 culis
1163 2650 1332 2693 Christi.
1384 2649 1708 2699 Interrogemus
1744 2648 1839 2698 ipsa
