2066 2956
477 228 548 262 Die
571 229 601 262 5.
626 228 761 262 Martii.
808 228 842 262 S.
867 229 1030 262 ,Ioannis
1055 229 1217 271 Josephi
1244 240 1263 262 a
1290 229 1409 263 Crucc
1436 229 1541 263 Cont'.

155 322 276 359 ortus
295 321 363 358 est
381 317 406 358 J
409 319 571 358 oannes
590 317 615 358 J
617 318 808 370 osephus
831 332 857 360 a
875 319 977 360 Cru-

154 386 215 414 ce.
276 372 533 415 Christianae
578 373 755 425 pietatis
799 375 977 424 semina,

156 443 253 482 quae
275 429 320 470 in
344 429 434 479 ejus
453 428 658 479 animam,
687 431 886 482 supernis
904 430 975 472 be-

153 484 472 527 nedictienibus
491 487 777 538 praeventam,
803 499 902 527 cum
919 486 977 528 la-

154 546 223 583 cte
273 540 606 590 instillaverant,
657 541 822 583 fructus
874 556 978 584 mox

153 597 396 639 uberrimos
424 597 672 639 attulerunt.
725 598 978 640 Tenerrima

153 652 295 695 adhuc
311 655 451 703 aetate,
469 652 630 695 nedum
649 666 675 694 a
692 654 817 705 nugis
834 657 975 707 pueri-

152 709 265 751 libus
286 709 525 756 abhorruit‚
549 709 627 750 sed
647 710 830 751 virtutes
850 713 975 752 exce-

152 765 242 807 lere
262 765 397 818 coepit
414 765 690 815 illustrieres,
717 766 875 807 silentii
900 779 975 819 po-

153 821 381 871 tissimum,
422 821 783 871 mortificatieniS,
827 822 976 864 mundi

153 880 307 930 suique
338 878 475 930 ipsius
508 877 824 928 abnegationis,
869 891 976 931 quas

153 933 330 975 assiduo
364 933 573 975 oratienis
602 933 748 975 studio
777 934 976 976 confove-

153 989 239 1031 bat.
296 990 501 1042 Deiparae
538 989 716 1040 cultum,
754 1003 883 1042 quem
920 990 976 1032 ad

154 1045 320 1088 ebitum
343 1058 484 1098 usque
506 1046 550 1086 in
574 1045 668 1087 dies
687 1046 821 1095 auxit,
849 1047 976 1088 inter-

155 1114 206 1143 ea
242 1102 452 1154 temporis
489 1102 684 1154 arripuit,
728 1102 976 1144 dominicae-

155 1171 239 1210 que
257 1158 488 1211 passionis,
519 1162 562 1200 et
582 1157 869 1200 Eucharistiae
887 1172 976 1211 my-

154 1215 286 1256 steria
313 1214 473 1256 affectu
499 1214 709 1267 peculiari
739 1227 976 1267 proseque-

152 1270 292 1313 batur.
333 1270 479 1312 Sancti
510 1270 628 1312 Petri
661 1270 715 1312 de
741 1271 975 1312 Alcantara

152 1326 414 1376 institutum,
444 1326 564 1380 quod
587 1326 778 1369 Joannes
803 1326 858 1369 de
883 1340 976 1369 san-

154 1388 224 1425 cto
249 1383 477 1425 Bernardo
509 1396 562 1425 ex
588 1383 799 1436 Hispanis
824 1383 976 1424 Excal-

154 1439 300 1489 ceatis‚
321 1438 543 1481 Clemente
561 1451 678 1481 nono
695 1439 977 1492 approbante,

152 1495 400 1548 nuperrime
443 1495 487 1536 in
523 1495 694 1538 Italiam
738 1495 976 1546 invexerat,

154 1551 301 1594 divino
320 1551 496 1593 afflante
514 1552 718 1601 Numine,
742 1564 855 1593 anno
875 1552 977 1593 vitae

153 1621 244 1649 suae
293 1608 592 1650 sextodecimo
637 1607 864 1661 amplexus
912 1614 978 1650 est

75 1666 79 1669 ’
151 1664 363 1707 Italarum
398 1665 575 1718 primus
628 1664 866 1716 Seraphieo
899 1665 976 1705 Pa-

152 1720 352 1771 triarcha,
371 1720 672 1773 fidissimeque
691 1722 781 1773 ejus
801 1720 977 1762 alamno

152 1777 284 1819 Petro
315 1777 371 1820 de
398 1777 635 1819 Alcantara
665 1778 709 1818 in
738 1777 835 1830 ipso
863 1781 976 1829 tyro-

153 1834 265 1875 cinio
298 1833 381 1875 sibi
408 1833 466 1876 ad
491 1833 750 1876 imitandum
777 1833 976 1886 propesi-

153 1890 220 1940 tis,
237 1890 394 1931 mirum
414 1903 544 1943 quam
558 1890 752 1943 perfecte
766 1890 977 1942 poeniten-

153 1946 259 1987 tiam
294 1945 436 1998 hujus,
473 1951 517 1988 et
553 1945 976 1998 contemplatienem,

152 2000 441 2044 humilitatem
458 2002 572 2044 illius
592 2015 643 2044 ac
660 2003 976 2055 paupertatem,

153 2057 237 2108 jam
255 2062 347 2099 tum
366 2058 495 2099 faerit
513 2061 750 2100 assecatus.

209 2116 259 2168 R.
281 2114 530 2156 Honestum
557 2114 661 2156 fecit
687 2113 808 2155 illum
826 2113 975 2155 Demi-

153 2183 245 2221 nus,
270 2175 314 2212 et
333 2170 570 2213 custodivit
589 2184 688 2212 eum
707 2170 763 2211 ab
782 2170 976 2219 inimicis,

155 2232 198 2268 et
225 2239 251 2268 a
277 2226 582 2269 seducteribus
608 2226 768 2269 tutavit
792 2226 930 2268 illum:
955 2232 977 2256 *

154 2284 211 2325 Et
238 2283 361 2325 dedit
390 2283 452 2325 illi
481 2283 727 2325 claritatem
757 2285 977 2324 aeternam.

155 2335 207 2388 V.
222 2340 247 2381 J
248 2345 393 2382 ustum
409 2337 590 2382 deduxit
604 2340 698 2381 Dfis
712 2352 791 2393 per
805 2340 897 2381 vias
913 2352 977 2381 re-

157 2402 260 2448 ctaS,
275 2402 319 2439 et
334 2397 525 2439 ostendit
539 2397 601 2438 illi
611 2410 793 2449 regnum
803 2396 896 2438 Dei.
910 2396 977 2438 Et.

464 2452 616 2494 Lectio
637 2467 675 2494 v.

234 2510 343 2552 ertio
388 2510 461 2551 vix
505 2509 692 2552 decurso
734 2522 759 2550 a
796 2508 978 2550 solemni

257 2566 531 2618 professiene
567 2578 645 2607 sua
678 2577 804 2613 anno,
841 2563 976 2605 Pede-

155 2622 349 2663 montani
386 2622 559 2675 Aliphae
603 2620 792 2663 coenebii
827 2619 977 2661 funda-

155 2677 266 2719 tieni
290 2677 546 2720 destinatur:
577 2677 698 2730 quod
726 2677 815 2728 ejus
844 2678 978 2728 Opera

157 2735 359 2785 exiguum
386 2734 498 2775 adeo
526 2734 680 2783 evasit,
714 2737 762 2774 ut
789 2730 976 2782 alterius,

1759 219 1853 263 [333]

1032 318 1151 370 quod
1188 317 1291 359 olim
1324 318 1367 358 in
1399 317 1596 359 Pedreso
1631 317 1853 358 Extrema-

1032 374 1154 416 darae
1173 379 1348 415 sanctus
1362 373 1518 414 Petrus
1539 372 1594 415 de
1609 372 1855 421 Alcantara,

1031 431 1213 472 clericus
1239 430 1334 482 ipse
1358 442 1550 481 quoque,
1579 429 1854 478 excitaverat,

1030 487 1262 537 imaginem
1281 485 1544 526 simillimam
1563 485 1755 526 referret.
1782 485 1854 525 Sa-

1031 541 1228 584 cerdotio
1261 554 1316 583 ex
1347 541 1597 583 obedientia
1628 541 1854 591 inaugura-

1029 603 1116 648 tus,
1162 597 1401 650 disciplinis
1444 597 1699 646 moralibus,
1745 609 1853 648 quas

1030 667 1266 706 numquam
1284 652 1593 706 perdidicerat,
1615 653 1854 705 improviso

1031 711 1230 752 excultus
1247 710 1365 751 visus
1381 714 1458 751 est.
1485 709 1769 762 Superiorum
1786 710 1854 749 ve-

1030 767 1115 816 nia,
1138 779 1227 808 non
1245 766 1375 816 longe
1394 765 1448 807 ab
1469 778 1522 807 eo
1542 764 1762 813 coenebio‚
1790 777 1853 805 sa-

1031 836 1149 864 cram
1168 825 1361 865 eremum
1381 826 1606 864 exstruere
1625 823 1854 873 aggressus

1031 879 1182 921 subter
1211 879 1371 921 excelsi
1399 878 1559 920 montis
1587 878 1775 930 dejectu,
1807 882 1855 919 ut

1030 935 1331 977 absolveretur
1347 948 1477 987 quam
1493 934 1710 983 citissime,
1728 933 1854 984 ligna,

1029 991 1210 1044 lapides,
1230 991 1394 1033 calcem
1413 991 1605 1032 humeris
1622 990 1721 1039 suis,
1741 1002 1853 1031 mor-

1031 1047 1129 1089 daci
1155 1048 1292 1090 lorica
1319 1048 1546 1097 contectis,
1580 1045 1854 1099 exportabat3

1029 1105 1089 1146 ita
1113 1109 1161 1146 ut
1183 1117 1264 1157 per
1287 1103 1492 1145 calcanea
1516 1115 1646 1145 cruor
1666 1102 1854 1144 ubertim

1030 1161 1073 1201 in
1103 1165 1264 1202 terram
1292 1159 1515 1202 deflueret.
1554 1159 1755 1201 Fratrum
1787 1171 1853 1199 ro-

1029 1219 1133 1267 gatu
1155 1216 1274 1267 leges
1300 1215 1512 1268 quasdam
1531 1227 1612 1268 pro
1633 1227 1758 1256 sacro
1777 1214 1852 1255 illo

1030 1274 1206 1314 recessu
1215 1272 1457 1325 peculiares
1469 1270 1676 1319 candidit‚
1691 1270 1855 1321 dignas,

1032 1342 1129 1381 quae
1157 1342 1183 1370 a
1205 1328 1319 1370 Sede
1342 1328 1602 1381 Apostelica
1629 1326 1854 1369 confirma-

1030 1386 1188 1426 rentur.
1221 1385 1499 1426 Novitiorum
1522 1383 1721 1434 regimini
1744 1395 1853 1435 prae-

1029 1441 1217 1493 positus,
1254 1443 1406 1482 eerum
1438 1440 1494 1482 ad
1524 1440 1658 1482 vitam
1688 1438 1853 1489 regula-

1029 1509 1122 1538 rem
1141 1499 1406 1549 componere
1425 1508 1569 1537 mores
1585 1508 1638 1537 eo
1653 1494 1854 1548 profectu

1030 1555 1181 1594 enixus
1210 1558 1294 1602 est,
1323 1558 1370 1594 ut
1396 1552 1570 1593 illorum
1598 1551 1731 1603 aliqui
1759 1563 1853 1591 san-

1030 1609 1192 1650 ctitatis
1230 1613 1273 1650 et
1307 1608 1616 1650 miraculorum
1648 1607 1762 1648 fama
1793 1606 1853 1646 in-

1030 1664 1273 1707 claruerint.
1321 1664 1488 1706 Verum
1521 1677 1619 1705 cum
1652 1663 1852 1704 Clemens

1029 1721 1151 1773 Papa
1199 1720 1452 1762 undecimus
1499 1719 1650 1762 saeculi
1696 1718 1854 1760 decimi

1030 1777 1175 1818 octavi
1198 1777 1336 1826 initio,
1362 1776 1519 1818 fratres
1541 1775 1678 1817 Italos
1700 1773 1853 1816 Excal-

1030 1835 1180 1874 ceatos
1205 1833 1259 1874 ab
1283 1833 1490 1885 Hispanis
1514 1833 1558 1873 in
1582 1843 1718 1882 regno
1740 1830 1852 1871 Nea-

1029 1889 1141 1942 polis
1166 1890 1441 1942 sejunxisset,
1472 1889 1622 1941 illique
1650 1887 1767 1929 nulla
1789 1899 1851 1928 re-

1029 1946 1200 1997 giminis
1231 1946 1369 1987 forma
1400 1945 1660 1998 potirentur,
1694 1943 1748 1985 ab
1782 1944 1851 1983 eo-

1030 2002 1130 2043 dem
1148 2001 1377 2050 Pontifice‚
1397 2000 1637 2043 obsistente
1655 2000 1758 2040 licet
1776 1998 1851 2039 hu-

1029 2059 1145 2099 mani
1196 2058 1366 2109 generis
1419 2057 1561 2106 hoste,
1614 2054 1851 2109 provinciae

1028 2114 1348 2167 Neapolitanae,
1380 2114 1518 2156 sancti
1548 2112 1667 2155 Petri
1696 2110 1750 2152 de
1778 2110 1850 2150 Al-

1030 2172 1208 2212 cantara
1255 2172 1536 2223 nuncupatae,
1588 2168 1852 2210 erectienem

1030 2226 1227 2268 obtinuit.

1084 2286 1135 2337 R.
1157 2282 1334 2324 Amavit
1353 2295 1451 2324 eum
1469 2281 1696 2330 Deminus,
1721 2285 1764 2321 et
1784 2291 1850 2321 or-

1028 2339 1147 2380 navit
1183 2352 1299 2392 eum:
1335 2337 1492 2379 stolam
1526 2337 1678 2388 gleriae
1712 2335 1852 2378 induit

1030 2407 1146 2444 eum,
1173 2400 1196 2424 *
1217 2394 1274 2436 Et
1302 2393 1358 2435 ad
1382 2398 1533 2446 portas
1560 2391 1754 2445 paradisi
1781 2403 1851 2433 co-

1029 2451 1203 2493 ronavit
1229 2463 1340 2492 eum.
1388 2448 1438 2500 V.
1458 2448 1605 2490 Induit
1632 2461 1732 2490 eum
1756 2448 1851 2489 Dfis

1028 2506 1210 2549 loricam
1232 2505 1349 2556 fidei,
1377 2509 1421 2547 et
1447 2505 1616 2547 ornavit
1639 2517 1748 2546 eum.
1783 2503 1852 2545 Et.

1335 2566 1485 2606 Lectio
1505 2566 1557 2605 vi.

1034 2617 1251 2722 Primus
1269 2630 1396 2659 novae
1415 2616 1661 2658 istiusmodi
1679 2618 1852 2669 provin-

1129 2675 1208 2716 ciae
1226 2674 1422 2715 Minister
1441 2673 1721 2722 renuntiatus,
1742 2672 1849 2722 regi-

1027 2744 1137 2781 men,
1153 2729 1272 2782 quod
1286 2728 1576 2779 abdicaverat,
1592 2741 1730 2771 sacrae
1740 2728 1849 2770 Con-
