2028 2892
725 171 837 206 Feria
863 174 996 217 quinta
1022 175 1071 209 ad
1095 176 1299 220 Vesperas.

207 260 338 311 Quod
372 260 600 303 descendit
631 262 676 303 in
708 275 830 304 oram
855 265 983 306 vesti-

152 318 288 358 menti
302 318 407 369 ejus:
421 317 445 343 *
461 317 574 359 sicut
591 331 665 360 ros
680 319 888 370 Hermon,
910 322 983 374 qui

153 373 381 415 descendit
398 374 443 414 in
460 379 656 416 montem
674 376 789 417 Sion.

205 430 421 480 Quoniam
455 430 543 472 11110
576 432 800 474 mandavit
834 433 981 474 Domi-

151 499 233 528 nus
255 486 623 539 benedictionem,
643 489 667 515 *
687 493 731 531 61
754 489 888 531 vitam
913 503 981 531 us-

153 555 238 596 que
256 543 301 584 in
320 544 540 586 saeculum.

204 609 302 649 Ant.
318 609 438 650 Eece
455 610 586 661 quam
599 608 776 660 bonum,
795 615 838 652 et
851 623 981 663 quam

150 665 387 716 jucundum
402 665 600 708 habitare
615 666 772 709 fratres
783 667 826 708 in
836 681 980 709 unum.

201 732 300 773 Ant.
322 730 490 772 Omnia.

412 811 613 853 Psalmus
633 813 718 853 134.

147 874 372 980 Laudate
387 896 549 926 nomen
560 883 749 934 Domini,
765 883 788 910 *
803 883 980 926 laudate

242 940 359 981 servi
375 940 624 982 Dominum.

200 995 285 1046 Qui
309 997 434 1038 statis
459 997 503 1037 in
527 996 660 1038 domo
681 996 873 1047 Domini,
893 997 979 1038 *in

146 1052 266 1094 atriis
289 1052 447 1094 domus
466 1053 551 1095 Dei
568 1053 719 1094 nostri.

197 1108 396 1151 Laudate
416 1110 674 1160 Dominum,
710 1110 812 1162 quia
834 1109 977 1152 bonus

146 1165 378 1207 Dominus:
410 1166 435 1193 *
465 1166 640 1219 psalh'te
676 1166 842 1207 nomini
875 1168 977 1218 ejus,

146 1222 353 1274 quoniam
373 1224 519 1264 suave.

197 1279 415 1329 Quoniam
438 1278 576 1321 Jacob
606 1279 737 1330 elegit
763 1279 847 1321 sibi
871 1280 976 1330 Diis,

143 1334 169 1362 *
186 1335 325 1376 Israel
352 1336 397 1376 in
418 1336 748 1389 possessionem
773 1336 866 1377 sibi.

196 1391 309 1442 Quia
332 1405 415 1444 ego
440 1393 630 1444 cognovi
654 1391 774 1444 quod
791 1405 975 1444 magnus

144 1452 212 1490 est
225 1449 453 1499 Dominus,
471 1449 496 1475 *
516 1453 559 1490 et
573 1449 695 1490 Deus
713 1453 864 1491 noster
881 1462 974 1502 prae

143 1504 348 1546 omnibus
366 1504 459 1547 diis.

197 1561 355 1602 Omnia
385 1563 675 1614 quaecumque
704 1561 859 1611 voluit,
885 1562 973 1603 Do-

141 1617 284 1659 minus
307 1617 411 1660 fecit
435 1618 480 1659 111
505 1617 635 1669 00610,
663 1621 706 1659 61
730 1618 775 1658 10
800 1622 932 1669 terra,
950 1619 974 1645 *

77 1713 81 1727 ,
140 1673 185 1714 10
203 1674 324 1724 mari,
342 1678 386 1716 et
402 1674 447 1715 in
467 1673 669 1716 omnibus
689 1673 870 1726 abyssis.

194 1730 400 1772 Educens
426 1730 567 1772 nubes
593 1730 647 1772 ab
673 1732 870 1772 extremo
890 1735 973 1772 ter-

143 1799 219 1827 rae:
238 1786 263 1813 *
282 1786 456 1838 fulgura
473 1787 518 1827 in
536 1786 732 1840 pluviam
749 1787 862 1828 fecit.

196 1843 281 1893 Qui
305 1843 513 1896 producit
538 1847 694 1885 ventos
719 1842 774 1884 de
800 1843 972 1884 thesau-

142 1899 201 1942 ris
229 1900 341 1941 suisz.
361 1899 385 1926 *
416 1900 490 1952 qui
517 1899 735 1952 permissit
757 1900 973 1952 primoge-

142 1956 233 2013 nita
256 1957 440 2009 AEgypti
467 1955 522 1998 ab
546 1956 723 1998 homine
751 1968 892 2008 usque
917 1955 973 1998 ad

142 2025 290 2064 pecus.
692 2028 695 2030 ·

193 2068 251 2109 Et
268 2069 387 2110 misit
401 2069 535 2120 signa,
553 2073 598 2124 et
611 2068 815 2121 prodigia
827 2069 872 2109 in
886 2070 972 2110 010-

142 2124 216 2166 dio
244 2125 309 2166 tui
332 2125 541 2178 AEgypte:
564 2125 588 2151 *
613 2125 658 2166 in
686 2124 972 2175 Pharaonem,

142 2185 187 2222 et
205 2181 249 2222 in
269 2194 421 2223 omnes
441 2194 596 2223 servos
616 2182 718 2233 ejus.

194 2237 279 2287 Qui
297 2238 518 2290 permissit
535 2242 689 2289 gentes
707 2238 881 2279 multas:
892 2238 915 2264 *
929 2242 973 2280 et

142 2293 304 2336 occidit
322 2306 449 2346 reges
469 2294 622 2336 fortes:

193 2350 340 2392 Sehon
360 2363 509 2402 regem
528 2350 905 2399 Amorrhaeorum‚
928 2354 972 2391 et

141 2406 211 2458 Og
228 2419 378 2457 regem
392 2407 549 2457 Basan,
567 2407 591 2433 *
611 2410 655 2448 et
675 2407 820 2448 omnia
838 2419 971 2457 regna

142 2461 358 2504 Chanaan.

191 2520 250 2560 Et
276 2519 397 2561 dedit
420 2523 584 2561 terram
610 2521 762 2560 eorum
789 2519 970 2561 11816ᾱί-

139 2577 285 2626 tatem,
302 2576 326 2602 *
340 2575 645 2617 haereditatem
654 2575 792 2616 Israel
802 2575 969 2627 populo

140 2644 232 2673 suo.

191 2688 380 2730 Domine
416 2701 575 2730 nomen
611 2693 733 2730 tuum
769 2689 812 2729 in
846 2689 968 2728 8101-

1799 177 1862 212 117

1035 279 1154 307 num:
1169 267 1192 294 *
1208 269 1394 312 Domine
1410 273 1660 314 memoriale
1680 277 1803 314 tuum
1817 273 1860 314 in

1035 325 1360 373 generationem
1380 331 1423 368 et
1440 330 1773 379 generationem.

1088 380 1198 429 Quia
1212 381 1419 432 judicabit
1431 384 1524 425 Diis
1538 385 1705 437 populu
1720 399 1859 427 suum:

1035 435 1059 462 *
1079 440 1123 477 et
1140 437 1183 477 in
1203 439 1340 480 servis
1361 440 1450 481 suis
1470 440 1783 494 deprecabitur.

1087 493 1325 535 Simulacra
1341 495 1545 538 Gentium
1561 494 1796 549 argentum,
1816 504 1859 540 et

1035 561 1198 600 aurum,
1214 551 1238 576 *
1257 553 1391 603 opera
1404 555 1608 595 manuum
1626 554 1858 596 hominum.

1087 606 1149 646 Os
1173 606 1351 657 habent,
1381 613 1424 650 et
1451 622 1538 650 non
1563 610 1810 662 loquentur:
1834 612 1856 637 *

1035 662 1187 703 oculos
1206 663 1379 714 habent,
1399 670 1442 706 et
1460 678 1548 707 non
1566 666 1783 708 videbunt.
1888 664 1890 666 ’

1080 718 1228 760 'Aures
1248 719 1426 772 habent,
1450 726 1493 764 et
1514 735 1602 764 non
1625 722 1815 765 audient:
1834 724 1856 749 *

1032 787 1176 827 neque
1217 777 1331 818 enim
1372 782 1439 820 est
1476 779 1652 831 spiritus
1694 779 1738 820 in
1781 792 1856 821 ore

1032 831 1239 883 ipsorum.

1084 888 1255 930 Similes
1279 889 1362 931 illis
1382 890 1488 932 fiant
1514 891 1587 943 qui
1610 892 1773 933 faciunt
1792 906 1856 934 ea:

1032 944 1056 970 *
1077 948 1120 986 et
1139 957 1301 993 omnes,
1324 947 1398 998 qui
1417 947 1642 988 confidunt
1660 949 1704 988 in
1726 949 1798 989 eis.

1083 1001 1252 1043 Domus
1273 1003 1409 1043 Israel
1430 1003 1675 1045 benedicite
1694 1005 1809 1046 Dfio:
1831 1006 1855 1031 *

1032 1057 1189 1099 domus
1213 1058 1363 1100 Aaron
1387 1059 1632 1101 benedicite
1655 1061 1855 1103 Domino.

1082 1114 1252 1156 Domus
1258 1115 1368 1156 Levi
1377 1115 1621 1157 benedicite
1628 1117 1728 1158 Dfio
1735 1134 1742 1157 :
1750 1118 1774 1143 *
1783 1118 1857 1169 qui

1030 1171 1191 1212 timetis
1210 1171 1457 1221 Dominum,
1476 1171 1720 1214 benedicite
1739 1174 1855 1215 Dfio:

1082 1226 1348 1269 Benedictus
1372 1228 1586 1269 Dominus
1612 1241 1666 1270 ex
1689 1229 1808 1279 Sion,
1831 1230 1854 1256 *

1032 1284 1106 1336 qui
1123 1283 1293 1325 habitat
1310 1284 1354 1324 in
1372 1284 1624 1326 Jerusalem.

1082 1342 1181 1382 Ant.
1219 1340 1376 1383 Omnia
1405 1343 1691 1393 quaeciimque
1720 1342 1855 1383 voluit

1028 1397 1242 1438 Dominus
1261 1397 1374 1445 fecit,

1081 1453 1180 1493 Ant.
1211 1454 1426 1504 Quoniam
1442 1454 1486 1494 in
1505 1456 1724 1496 aeternum.

1288 1509 1487 1552 Psalmus
1510 1512 1595 1552 135.

1104 1565 1342 1607 onfitemini
1398 1567 1589 1608 Domino
1649 1567 1852 1619 quoniam

1123 1621 1280 1663 bonus:
1299 1623 1323 1649 *
1346 1623 1550 1675 quoniam
1574 1623 1618 1663 in
1643 1624 1852 1664 aeternum

1026 1678 1327 1720 misericordia
1347 1680 1449 1731 ejus.

1081 1734 1356 1775 Confitemini
1370 1735 1468 1776 Deo
1489 1734 1686 1776 deorum:
1705 1735 1728 1761 *
1749 1737 1851 1786 quo-

1026 1791 1143 1831 niam
1155 1791 1199 1831 in
1214 1793 1425 1832 aeternum
1439 1790 1736 1832 misericordia
1751 1791 1850 1842 ejus.

1079 1847 1355 1888 Confitemini
1363 1847 1553 1888 Domino
1562 1847 1850 1889 dominorum:

1025 1903 1050 1929 *
1076 1903 1282 1955 quoniam
1304 1903 1348 1944 in
1377 1905 1587 1945 8101011111
1609 1903 1848 1944 misericor-

1026 1959 1098 2001 dia
1117 1959 1218 2011 ejus.

1078 2016 1162 2066 Qui
1180 2015 1284 2056 facit
1301 2015 1516 2057 mirabilia
1537 2028 1694 2067 magna
1716 2020 1847 2057 solus:

1024 2072 1048 2098 *
1069 2072 1275 2124 quoniam
1302 2072 1347 2112 in
1374 2074 1583 2113 8101011111
1608 2071 1846 2113 misericor-

1024 2128 1096 2170 dia
1116 2129 1217 2179 ejus.

1077 2185 1161 2234 Qui
1193 2185 1296 2226 fecit
1323 2185 1460 2227 coelos
1492 2185 1536 2225 in
1552 2184 1786 2226 intellectu:
1821 2183 1844 2209 *

1025 2241 1231 2293 quoniam
1252 2241 1296 2282 in
1319 2244 1528 2283 aeternum
1550 2239 1846 2282 misericordia

1024 2309 1126 2349 ejus.

1077 2353 1161 2403 Qui
1175 2353 1364 2395 firmavit
1377 2358 1535 2395 terram
1549 2364 1681 2403 super
1696 2365 1846 2404 aquas:

1023 2409 1047 2435 *
1074 2410 1279 2461 quoniam
1305 2410 1349 2450 in
1373 2411 1582 2450 8101111101
1604 2408 1844 2450 misericor-

1024 2464 1096 2506 dia
1116 2466 1218 2516 ejus.

1075 2521 1159 2571 Qui
1173 2521 1275 2562 fecit
1288 2519 1512 2561 luminaria
1523 2532 1695 2570 magna:
1704 2520 1729 2546 *
1740 2522 1844 2571 quo-

1021 2577 1137 2618 niam
1151 2577 1194 2617 in
1210 2578 1418 2617 810101101
1431 2575 1729 2617 misericordia
1743 2576 1843 2627 ejus.

1073 2633 1219 2674 Solem
1238 2633 1280 2672 in
1298 2634 1562 2683 potestatem
1576 2631 1675 2672 diei:
1695 2632 1719 2657 *
1740 2633 1843 2683 quo-

1021 2688 1136 2729 niam
1151 2689 1194 2728 in
1208 2689 1418 2728 aeternum
1431 2686 1727 2729 misericordia
1743 2687 1843 2737 ejus.
