2028 2892
756 161 863 195 Feria
890 169 998 196 sexta
1024 163 1071 195 ad
1095 163 1254 196 Laudes.

161 262 322 291 meam:
353 250 376 275 *
411 254 455 291 et
494 250 537 290 in
577 251 879 293 misericordia
914 257 990 293 tua

162 304 391 358 disperdes
411 306 609 347 inimicos
629 319 762 348 meos.

213 361 270 402 Et
294 361 456 414 perdes
485 374 652 412 omnes,
679 363 753 414 qui
778 363 989 404 tribulant

162 417 351 458 animam
367 430 525 458 meam:
540 418 564 443 *
580 419 787 469 quoniam
804 432 884 470 ego
902 432 988 460 ser-

161 486 241 514 vus
259 478 362 514 tuus
382 487 488 514 sum.

213 546 313 586 Ant.
344 547 395 586 In
424 546 610 588 veritate
637 551 712 588 tua
742 548 899 589 exaudi
919 561 989 589 me

159 601 359 643 Demine.

212 675 312 716 Ant.
339 675 545 716 Illumina
568 676 757 717 Demine
779 677 801 701 *
821 676 989 717 vultum

159 734 283 772 tuum
303 744 436 783 super
455 745 549 772 nos.

211 803 279 844 Ps.
308 805 428 846 Deus
448 806 568 847 Deus
589 818 724 846 meus.
744 806 803 846 16.

212 877 313 918 Ant.
342 878 542 919 Demine.

212 960 439 1003 Canticum
461 963 680 1004 Habacuc.
788 964 889 1015 Cap.
909 964 944 1003 3

158 1031 392 1137 Demine
408 1034 555 1076 audivi
571 1034 841 1076 auditionem
854 1040 986 1085 tuam,

263 1091 287 1116 *
307 1095 350 1132 et
367 1090 502 1131 timui.

208 1147 399 1190 Demine
427 1159 540 1199 opus
568 1151 707 1197 tuum,
727 1147 814 1187 *in
836 1147 982 1188 medio

158 1206 371 1245 annorum
391 1203 566 1243 vivifica
584 1202 708 1244 illud:

207 1260 259 1300 In
275 1259 423 1300 medio
438 1261 652 1300 annorum
666 1264 820 1300 notum
834 1259 984 1301 facies:

155 1316 179 1342 *
198 1329 298 1358 cum
325 1316 463 1357 iratus
487 1315 639 1364 fueris,
666 1315 983 1356 misericerdiae

153 1371 472 1414 recordaberis.

204 1429 326 1469 Deus
344 1428 399 1469 ab
415 1428 582 1468 Austro
604 1427 761 1477 veniet,
780 1429 803 1453 *
824 1432 867 1468 et
887 1441 981 1468 san-

153 1488 251 1525 ctus
272 1483 327 1526 de
346 1487 498 1524 monte
517 1483 706 1524 Pharan:

205 1540 391 1592 Operuit
419 1539 558 1580 coelos
586 1539 727 1590 gleria
754 1541 860 1592 ejus:
887 1540 911 1565 *
937 1544 981 1580 et

151 1595 295 1637 laudis
314 1597 405 1648 ejus
423 1596 555 1648 plena
575 1599 643 1636 est
661 1600 790 1637 terra.

203 1651 422 1704 Splendor
447 1653 538 1703 ejus
559 1656 608 1692 ut
629 1651 705 1692 lux
725 1652 822 1693 erit:
843 1652 867 1677 *
887 1653 980 1692 cor-

150 1720 238 1749 nua
254 1708 298 1748 in
317 1707 518 1748 manibus
538 1708 644 1759 ejus:

202 1763 271 1805 Ibi
286 1763 548 1805 abscendita
563 1768 630 1804 est
644 1762 858 1818 fortitudo
875 1764 980 1814 ejus:

149 1820 174 1845 *
193 1825 295 1862 ante
313 1820 471 1861 faciem
490 1820 581 1871 ejus
600 1819 682 1860 ibit
698 1831 829 1860 mors.

201 1876 259 1918 Et
283 1875 533 1928 egredietur
556 1875 759 1916 diabolus
783 1879 884 1915 ante
906 1886 978 1926 pe-

151 1931 230 1973 des
263 1933 365 1984 ejus.
393 1932 417 1957 *
444 1931 590 1980 Stetit,
626 1936 670 1972 et
700 1943 878 1972 mensus
912 1934 979 1971 est

150 1992 325 2028 terram.

203 2043 403 2096 Aspexit,
420 2048 463 2084 et
484 2042 688 2084 dissolvit
700 2043 881 2083 Gentes:
895 2042 919 2067 *
935 2045 978 2082 et

151 2100 330 2140 contriti
349 2103 450 2140 sunt
469 2103 642 2139 montes
663 2098 822 2139 saeculi.

203 2155 426 2196 Incurvati
444 2159 544 2195 sunt
563 2154 699 2195 colles
714 2152 876 2202 mundi,
887 2153 911 2178 *
922 2152 976 2193 ab

147 2210 380 2252 ‘itineribus
400 2210 661 2252 aeternitatis
682 2211 782 2261 ejus.

201 2267 289 2308 Pro
316 2267 548 2318 iniquitate
575 2266 666 2307 vidi
693 2264 883 2306 tentoria
902 2264 976 2304 AE-

151 2322 350 2375 thiepiae,
369 2323 393 2348 *
412 2321 706 2363 turbabuntur
730 2320 868 2373 pelles
892 2324 976 2360 ter-

150 2391 212 2420 rae
230 2378 419 2420 Madian.

200 2434 428 2486 Numquid
447 2434 492 2474 in
510 2432 762 2473 fluminibus
777 2432 913 2472 iratus
929 2442 976 2470 es

149 2490 360 2531 Demine?
379 2490 403 2515 '⁸¹
422 2494 497 2530 aut
516 2489 560 2529 in
580 2487 829 2529 fluminibus
855 2486 976 2526 furor

150 2544 274 2586 tuus?
294 2546 365 2586 vel
383 2546 427 2585 in
446 2545 556 2586 mari
574 2543 818 2595 indignatio
839 2539 935 2581 tua?

203 2602 288 2651 Qui
313 2601 524 2642 ascendes
547 2612 679 2651 super
700 2610 837 2649 equos
861 2601 994 2637 tuos:-

150 2657 173 2683 *
195 2662 238 2698 et
259 2657 484 2709 quadrigae
503 2660 591 2696 tuae
612 2654 807 2696 salvatio.

303 2798 368 2822 Pars
383 2797 476 2822 Verna.

1822 163 1866 197 93

1095 253 1320 295 Sascitans
1353 256 1585 297 suscitabis
1617 269 1765 297 arcum
1800 263 1863 298 tu-

1041 322 1129 349 um:
1146 310 1170 334 *
1189 310 1428 360 juramenta
1452 311 1651 352 tribubus
1678 325 1776 363 quae
1803 313 1863 353 lo-

1042 368 1170 405 cutus
1190 378 1248 406 es.

1093 420 1272 462 Fluvios
1298 422 1470 464 scindes
1491 428 1634 464 terrae:
1661 424 1863 465 viderunt

1042 481 1097 525 te,
1127 482 1169 517 et
1198 477 1429 519 doluerunt
1456 484 1642 520 montes:
1661 480 1684 505 *
1705 493 1863 531 gurges

1042 534 1253 583 aquarum
1271 535 1453 575 transiit.

1093 588 1228 630 Dedit
1247 589 1431 641 abyssus
1447 603 1601 631 vocem
1616 604 1751 632 suam:
1766 592 1789 617 *
1805 591 1861 632 al-

1041 644 1186 685 titudo
1207 658 1360 686 manus
1381 659 1481 686 suas
1500 646 1671 687 levavit.

1093 700 1181 750 Sol,
1211 706 1255 742 et
1278 701 1379 742 luna
1399 704 1614 743 steterunt
1632 703 1676 742 in
1698 702 1861 743 habita-

1041 756 1140 797 culo
1162 769 1257 806 suo,
1277 758 1300 782 *
1320 758 1363 797 in
1382 757 1479 799 luce
1498 758 1754 809 sagittarum
1771 761 1861 799 tua-

1040 826 1151 862 rum,
1176 812 1301 854 ibunt
1325 813 1369 853 in
1393 814 1628 866 splendore
1647 814 1861 865 fulguran-

1040 869 1097 909 tis
1115 868 1254 909 hastae
1275 874 1374 910 tuae.

1092 925 1142 965 In
1161 925 1335 966 fremitu
1356 925 1633 966 conculcabis
1654 927 1861 967 terramz*

1041 986 1084 1022 et
1104 981 1148 1021 in
1173 981 1319 1021 furore
1342 981 1666 1033 obstupefacies
1687 982 1861 1022 Gentes.

1090 1037 1305 1088 Egressus
1339 1050 1384 1078 es
1416 1037 1460 1077 in
1492 1037 1676 1078 salutem
1708 1038 1861 1089 pepuli

1038 1093 1122 1133 tui:
1164 1094 1188 1118 *
1229 1093 1273 1133 in
1316 1093 1502 1133 salutem
1545 1106 1642 1134 cum
1686 1093 1859 1134 Christo

1038 1154 1127 1190 tuo.

1091 1205 1354 1246 Percussisti
1369 1209 1501 1257 caput
1513 1205 1567 1246 de
1581 1205 1714 1246 domo
1726 1205 1860 1256 impii:

1037 1262 1060 1287 *
1081 1260 1314 1302 denudasti
1334 1260 1661 1302 fundamentum
1684 1262 1773 1312 ejus
1793 1274 1858 1301 us-

1038 1330 1122 1368 que
1142 1316 1198 1357 ad
1217 1316 1389 1357 collum.

1087 1372 1354 1413 Maledixisti
1379 1372 1565 1423 sceptris
1590 1372 1696 1422 ejus,
1725 1371 1858 1423 capiti

1034 1428 1299 1470 bellatorum
1328 1428 1428 1478 ejus,
1457 1428 1480 1452 *
1508 1427 1781 1468 venientibus
1811 1432 1858 1467 ut

1035 1484 1164 1525 turbo
1185 1483 1241 1524 ad
1259 1482 1599 1535 dispergendum
1618 1496 1696 1523 me.

1085 1539 1334 1580 Exsultatio
1369 1540 1520 1579 eorum
1551 1539 1574 1563 *
1604 1539 1716 1579 sicut
1753 1538 1856 1589 erS,

1035 1593 1110 1643 qui
1137 1592 1319 1632 devorat
1346 1593 1586 1642 patiperem
1613 1590 1657 1630 in
1676 1590 1856 1631 abscen-

1034 1647 1138 1689 dito.

1086 1703 1215 1744 Viam
1242 1701 1383 1743 fecisti
1411 1701 1455 1741 in
1482 1702 1590 1742 mari
1615 1701 1739 1752 equis
1758 1700 1855 1749 tuis,

1033 1761 1056 1786 *
1075 1760 1121 1800 in
1139 1760 1232 1800 luto
1252 1759 1464 1809 aquarum
1483 1757 1727 1798 multarum.

1083 1815 1255 1863 Audivi,
1285 1818 1329 1854 et
1357 1812 1643 1854 conturbatus
1668 1817 1735 1853 est
1756 1824 1853 1852 ven-

1031 1876 1099 1913 ter
1126 1884 1264 1912 meus:
1283 1870 1306 1894 *
1326 1882 1351 1910 a
1373 1881 1482 1909 voce
1499 1870 1853 1910 contremuerunt

1031 1927 1149 1969 labia
1166 1939 1275 1968 mea.

1082 1983 1360 2034 Ingrediatur
1391 1981 1580 2034 putredo
1610 1980 1654 2020 in
1681 1977 1851 2020 ossibus

1030 2040 1151 2089 meis,
1171 2040 1194 2064 *
1215 2043 1258 2080 et
1276 2038 1427 2079 subter
1446 2050 1516 2078 me
1538 2038 1715 2077 scateat.

1083 2096 1143 2137 Ut
1161 2095 1435 2146 requiescam
1453 2094 1493 2133 in
1521 2092 1591 2133 die
1610 2088 1849 2132 tribulatie-

1029 2152 1111 2192 nis:
1126 2152 1151 2176 *
1167 2155 1216 2192 ut
1234 2150 1467 2191 ascendam
1484 2148 1540 2189 ad
1553 2145 1764 2199 papulum
1782 2156 1849 2184 ac-

1030 2209 1221 2248 cinctum
1239 2210 1449 2246 nostrum.

1080 2263 1210 2303 Ficus
1231 2261 1346 2302 enim
1365 2272 1453 2300 non
1472 2256 1692 2299 florebit:*
1704 2260 1747 2296 et
1760 2267 1848 2295 non

1030 2318 1112 2359 erit
1128 2329 1306 2368 germen
1322 2316 1366 2356 in
1385 2314 1532 2355 vineis.

1080 2373 1316 2414 Mentietur
1340 2383 1451 2422 opus
1476 2368 1618 2409 olivae:
1638 2367 1661 2392 *
1681 2370 1725 2407 et
1744 2377 1847 2406 arva

1027 2441 1116 2470 non
1134 2428 1315 2469 afferent
1334 2425 1488 2466 cibum.

1078 2482 1374 2525 Abscindetur
1397 2479 1452 2520 de
1475 2477 1579 2519 ovili
1596 2489 1746 2529 pecus:
1764 2476 1787 2501 *
1803 2479 1846 2515 et

1026 2552 1113 2580 non
1138 2539 1220 2580 erit
1240 2538 1482 2578 armentum
1499 2534 1543 2574 in
1561 2531 1844 2585 praesepibus.

1079 2596 1174 2645 Ego
1194 2598 1338 2634 autem
1361 2591 1405 2630 in
1421 2589 1611 2630 Demino
1630 2586 1844 2639 gaudebo:

1026 2651 1050 2676 *
1070 2655 1114 2691 et
1133 2647 1362 2690 exsultabo
1381 2646 1425 2685 in
1444 2645 1540 2685 Deo
1560 2644 1585 2684 J
1588 2656 1664 2684 esu
1682 2654 1792 2682 meo.

1593 2770 1637 2803 70
