2028 2892
198 198 239 233 14
771 199 964 231 llominicu
992 197 1037 230 ad
1066 195 1298 229 Matutinum.

247 293 412 333 Memor
435 291 490 332 sit
511 290 651 331 omnis
674 288 871 330 sacrificii
889 287 965 329 tui:
984 287 1007 311 *

196 354 239 390 et
257 348 555 389 holocaustum
574 352 695 388 tuum
714 345 871 398 pingue
890 344 976 385 fiat.

245 404 425 445 Tribuat
439 402 515 444 tibi
531 401 767 444 secundum
783 413 858 442 cor
872 405 1006 441 tuum:

196 462 218 486 *
253 466 296 502 et
330 472 457 501 omne
492 458 715 500 consilium
750 463 871 499 tuum
908 469 1006 498 con·

196 517 345 558 firmet.

244 572 506 614 Laetabimur
535 571 576 611 in
604 570 779 611 salutari
803 574 893 610 tuo:
917 570 939 593 ’⁸‘
964 573 1006 609 et

194 630 234 669 in
258 628 430 669 numine
455 627 535 669 Dei
558 627 693 668 nostri
717 625 1005 675 magnificabi-

192 698 298 725 mur.

244 741 427 793 Impleat
440 740 651 781 Duminus
669 751 818 780 omnes
837 738 1005 791 petitio-

193 810 268 838 nes
288 803 397 838 tuas:
416 798 439 821 ¹⁸¹
458 809 570 837 nune
594 795 777 846 cognOvi
803 795 1005 847 quuniam

193 853 358 894 salvum
399 853 498 894 feeit
542 852 752 893 Dominus
789 851 1005 892 Christum

193 922 328 950 suum.

244 965 456 1006 Exaudiet
487 964 605 1005 illum
632 963 686 1005 de
715 963 827 1004 coelo
855 968 1005 1004 sancto

194 1034 286 1063 suo:
297 1022 319 1047 ¹⁸¹
327 1022 368 1062 in
379 1020 674 1074 potentatibus
688 1019 803 1060 salus
814 1019 1004 1061 dexterae

193 1078 292 1129 ejus.

243 1135 301 1175 Hi
323 1134 365 1175 in
390 1133 600 1182 curribus,
625 1139 667 1175 et
691 1133 733 1174 hi
757 1133 799 1174 in
824 1133 964 1185 equis:
983 1134 1005 1158 *

193 1203 272 1231 nos
296 1196 438 1232 autem
462 1191 504 1231 in
532 1190 702 1231 numine
726 1190 901 1230 Domini
924 1190 1005 1231 Dei

193 1247 328 1288 nostri
345 1246 651 1288 invocabimus.

243 1303 331 1356 Ipsi
351 1303 527 1353 obligati
546 1308 659 1351 sunt,
682 1307 725 1343 et
744 1302 1006 1344 ceciderunt:

192 1361 215 1385 *
238 1372 318 1401 nos
342 1365 482 1401 autem
512 1359 773 1400 surreximus
803 1363 846 1400 et
875 1359 1024 1414 erecti·

191 1428 349 1457 sumus.

241 1472 426 1513 deine
450 1471 615 1512 salvum
640 1472 707 1513 fac
730 1484 891 1522 regem:
915 1471 938 1496 *
963 1476 1006 1512 et

192 1527 346 1569 exaudi
365 1540 444 1569 nos
463 1528 505 1567 in
525 1527 609 1577 die,
634 1541 718 1580 qua
742 1528 1004 1569 invocaveri-

192 1597 287 1625 mus
305 1590 359 1626 te.

241 1636 320 1677 Per
356 1638 534 1678 Annum.
577 1640 673 1679 Ant.
717 1639 931 1682 Exaudiat
961 1645 1005 1682 te

191 1696 403 1737 Duminus
421 1697 462 1736 in
483 1695 551 1737 die
570 1695 867 1737 tribulatiunis.

244 1750 339 1788 Ant.
370 1751 564 1793 Domine.

458 1807 650 1847 l'salmus
669 1810 738 1847 20.

189 1855 422 1960 Domine
444 1863 487 1903 in
510 1863 666 1904 virtute
691 1868 765 1904 tua
788 1863 1005 1906 laetabitur

310 1931 400 1960 rex:
422 1919 446 1944 *
469 1924 513 1960 et
531 1931 660 1971 super
679 1919 865 1961 salutare
884 1925 1005 1962 tuum

193 1974 424 2016 exsultAbit
442 1974 727 2016 vehementer.

243 2030 514 2072 Desiderium
539 2030 683 2072 cordis
707 2032 796 2082 ejus
818 2032 1004 2075 tribuisti

192 2086 245 2127 ei:
259 2087 282 2111 *
297 2091 341 2128 et
355 2087 574 2128 voluntate
588 2086 799 2128 labiurum
815 2089 904 2140 ejus
918 2103 1004 2131 non

194 2142 399 2184 fraudasti
419 2156 526 2184 eum.

243 2199 454 2248 Qudniam
478 2200 723 2251 praevenisti
748 2214 845 2242 eum
869 2201 910 2241 in
934 2201 1004 2243 be-

193 2254 506 2297 nedictiunibus
519 2255 770 2297 dulcedinis:
784 2258 807 2282 *
823 2259 1004 2310 posuisti

193 2310 234 2350 in
263 2311 402 2363 eapite
430 2312 519 2362 ejus
547 2314 750 2353 corenam
779 2313 833 2355 de
860 2313 1004 2367 lapide

194 2366 395 2417 pretidso.

244 2422 387 2463 Vitam
407 2424 528 2475 petiit
547 2437 571 2464 a
590 2429 647 2465 te:
666 2425 688 2449 ²⁸
709 2430 751 2466 et
765 2424 951 2467 tribuisti
966 2427 1003 2468 ei

194 2476 499 2526 longitudinem
525 2479 689 2521 dierum
717 2481 758 2521 in
787 2482 1004 2531 saeculum,

194 2539 236 2574 et
253 2534 294 2574 in
315 2534 518 2575 saeculum
542 2536 699 2577 saeculi.

243 2589 397 2640 Magna
422 2596 486 2631 est
504 2591 639 2641 gloria
658 2593 747 2643 ejus
766 2593 806 2633 in
828 2593 1002 2636 salutari

193 2650 282 2685 tuo:
296 2646 319 2669 ¹⁶¹
333 2646 512 2696 gloriam
528 2653 570 2688 et
584 2661 784 2698 magnum
801 2649 1003 2692 decurem

192 2700 388 2752 impunes
408 2714 536 2754 super
555 2716 663 2744 eum.

1110 285 1324 336 Quuniam
1357 284 1481 326 dabis
1511 297 1610 326 eum
1637 283 1680 324 in
1706 282 1881 325 benedi-

1060 342 1245 384 ctiunem
1267 342 1309 382 in
1329 340 1536 382 saeculum
1553 339 1716 381 saeculi:
1733 339 1758 364 *
1775 338 1882 381 laeti-

1060 398 1210 440 ficubis
1237 411 1334 439 eum
1364 398 1407 438 in
1439 396 1599 446 gaudio
1632 409 1732 438 cum
1760 395 1882 438 vultu

1059 460 1145 496 tuo.

1110 512 1323 562 Quoniam
1348 523 1425 553 rex
1449 515 1595 563 sperat
1614 510 1656 550 in
1675 509 1882 551 Dumino:

1059 569 1081 593 *
1106 574 1149 610 et
1172 569 1215 609 in
1238 566 1534 609 misericerdia
1557 566 1771 607 Altissimi
1794 578 1882 608 non

1059 624 1414 666 commovebitur.

1109 682 1358 723 Inveniatur
1389 693 1541 722 manus
1573 686 1648 721 tua
1680 679 1882 722 &mnibus

1058 738 1240 780 inimicis
1255 739 1354 779 tuis:
1368 738 1391 763 *
1407 737 1587 779 dextera
1601 742 1677 778 tua
1691 736 1882 778 inveniat

1059 808 1220 844 omnes,
1241 795 1314 847 qui
1332 799 1375 836 te
1395 794 1591 836 oderunt.

1109 852 1251 893 Pones
1280 864 1356 893 eos
1383 856 1430 893 ut
1458 850 1676 892 clibanum
1703 850 1814 902 ignis
1837 850 1882 891 in

1058 910 1255 961 tempore
1279 907 1422 949 vultus
1446 907 1523 949 tui:
1546 908 1569 933 *
1593 907 1809 949 Duminus
1837 907 1882 948 in

1058 965 1120 1005 ira
1140 978 1218 1006 sua
1237 964 1515 1006 conturbatbit
1533 976 1621 1014 eos,
1641 969 1685 1006 et
1700 963 1881 1006 devora-

1058 1020 1122 1062 bit
1141 1034 1216 1063 eos
1235 1022 1356 1073 ignis.

1110 1078 1316 1119 Fructum
1337 1080 1487 1119 eurum
1507 1077 1562 1119 de
1577 1082 1694 1119 terra
1706 1076 1883 1131 perdes:

1058 1135 1081 1159 *
1097 1140 1140 1175 et
1158 1147 1304 1176 semen
1325 1137 1476 1176 eurum
1491 1147 1516 1176 a
1531 1134 1631 1175 filiis
1645 1134 1882 1176 h6minum.

1101 1190 1883 1241 Quuniamdeclinaveruntintemala:

1058 1248 1081 1272 *
1110 1248 1410 1298 cogitaverunt
1439 1247 1634 1298 consilia,
1668 1261 1766 1300 quae
1795 1260 1884 1289 non

1059 1306 1294 1356 potuerunt
1313 1304 1517 1347 stabilire.

1111 1361 1323 1411 Quuniam
1359 1374 1497 1414 pones
1533 1374 1610 1403 eos
1643 1360 1837 1403 dorsum:
1859 1361 1884 1387 ¹⁸¹

1057 1417 1099 1457 in
1119 1417 1311 1470 reliquiis
1329 1419 1416 1459 tuis
1430 1417 1702 1471 praeparabis
1716 1417 1884 1460 vultum

1058 1486 1219 1515 eorum.

1108 1530 1312 1572 Exaltare
1330 1531 1519 1574 Dumine
1542 1533 1586 1574 in
1610 1532 1771 1574 virtute
1793 1536 1882 1573 tua:

1056 1587 1079 1611 *
1095 1586 1366 1628 cantabimus
1385 1593 1429 1630 et
1446 1589 1682 1642 psallemus
1697 1588 1882 1630 virtutes

1057 1647 1164 1684 tuas.

1109 1710 1190 1751 Per
1205 1711 1388 1752 Annum.
1410 1713 1507 1753 Ant.
1538 1715 1727 1757 Domine
1739 1714 1785 1756 in
1799 1714 1880 1756 vir-

1057 1771 1149 1810 tute
1168 1774 1242 1810 tua
1260 1769 1478 1812 laetabitur
1497 1784 1584 1814 rex.

1110 1840 1154 1878 In
1191 1841 1403 1890 Quadrag.
1447 1838 1494 1889 Y.
1530 1845 1664 1887 Scuto
1698 1844 1878 1886 circum·

1057 1896 1177 1939 dabit
1194 1903 1237 1939 te
1258 1900 1416 1941 veritas
1436 1901 1535 1952 ejus.
1564 1902 1614 1952 Ην.
1637 1901 1739 1943 Non
1757 1901 1877 1943 time-

1056 1952 1123 1994 bis
1151 1967 1176 1995 a
1203 1955 1358 1998 timere
1386 1961 1612 2000 nocturno.

1107 2025 1257 2077 Temp.
1280 2028 1505 2069 Passionis.
1544 2023 1593 2075 V.
1620 2031 1688 2074 Ne
1716 2030 1878 2085 perdas

1056 2096 1152 2141 eum
1181 2087 1324 2139 impiis
1352 2088 1472 2129 Deus
1505 2088 1692 2130 animam
1724 2101 1877 2131 meam.

1057 2140 1104 2190 lx'g.
1132 2141 1188 2182 Et
1214 2155 1312 2184 eum
1332 2144 1434 2186 viris
1459 2145 1716 2197 sanguinum
1743 2145 1878 2188 vitam

1055 2209 1206 2239 meam.

1107 2267 1143 2305 T
1148 2280 1256 2319 emp.
1294 2270 1496 2312 l'asehali.
1538 2276 1633 2314 Ant.
1672 2275 1877 2327 Alleluia:

1056 2326 1142 2367 noli
1180 2328 1284 2369 flere
1320 2329 1473 2379 Maria,
1510 2330 1699 2383 alleluja:
1737 2345 1876 2374 resur-

1055 2383 1165 2424 rexit
1192 2384 1416 2435 Duminus‚
1444 2386 1624 2438 alleluja,
1652 2387 1835 2441 alleluja.

1108 2449 1156 2500 δ”.
1174 2458 1323 2499 Gavisi
1342 2464 1441 2501 sunt
1461 2459 1672 2513 discipuli,
1692 2461 1875 2515 alleluja.

1060 2510 1104 2560 lx}-
1131 2514 1239 2555 Viso
1267 2515 1472 2565 D6mino‚
1501 2516 1683 2569 alleluja.

1110 2582 1232 2626 l'ater
1251 2590 1409 2626 noster.
1433 2592 1614 2627 secreto.

1109 2646 1155 2696 δ”.
1174 2654 1228 2695 Et
1250 2667 1303 2695 ne
1322 2667 1403 2696 nos
1418 2655 1599 2697 inducas
1614 2657 1658 2697 in
1673 2658 1874 2700 tentatib-

999 2743 1001 2746 ,
1056 2721 1163 2749 nem.
1191 2712 1239 2762 K.
1259 2710 1345 2752 Sed
1365 2710 1501 2753 libera
1519 2725 1600 2754 nos
1619 2726 1644 2754 a
1662 2714 1789 2756 malo.
