2028 2892
157 199 229 235 248

842 200 1012 231 subbato

1041 208 1184 232 sancto.

212 295 323 345 Quia
350 294 446 346 ipse
474 306 607 346 super
630 293 768 334 maria
792 293 991 334 fundavit

160 364 274 392 eum:
293 351 316 375 *
337 356 381 391 et
410 363 542 402 super
566 350 746 391 flumina
770 351 991 402 praepara-

159 407 221 448 vit
241 419 350 447 eum.

211 463 319 513 Quis
352 461 562 503 ascendet
599 462 642 502 in
674 466 870 503 montem
903 461 990 502 Do-

158 517 284 559 mini?
304 520 328 544 *
348 523 423 560 aut
443 519 540 571 quis
561 518 695 560 stabit
713 518 756 558 in
775 517 875 558 loco
896 530 990 558 san-

159 580 232 616 cto
253 573 367 626 ejus?

210 632 429 672 Innocens
478 630 681 672 manibus
732 635 776 671 et
825 628 990 670 mundo

159 687 309 737 corde,
337 688 360 713 *
390 687 464 740 qui
491 699 579 728 non
605 686 776 738 accepit
803 685 847 726 in
876 698 990 726 vano

159 744 348 785 animam
368 756 507 792 suam,
532 756 614 784 nec
638 742 795 794 juravit
818 742 862 782 in
886 741 990 783 dolo

158 800 362 852 proximo
384 813 475 841 suo.

210 856 295 897 Hic
336 856 524 908 accipiet
566 854 922 896 benedictionem
966 866 991 894 a

157 913 366 954 Domino:
380 913 403 937 *
420 917 464 953 et
482 910 830 953 misericordiam
848 922 874 950 a
892 910 990 951 Deo

159 968 340 1010 salutari
360 981 452 1010 suo.

209 1025 321 1066 Haec
349 1030 417 1066 est
444 1024 670 1075 generatio
702 1022 991 1076 quaerentium

159 1094 275 1131 eum,
312 1082 335 1106 *
374 1080 663 1133 quaerentium
713 1079 871 1120 faciem
906 1078 992 1120 Dei

157 1137 308 1179 Jacob.

210 1193 415 1235 Attollite
461 1198 615 1245 portas
660 1192 883 1245 principes
920 1204 990 1232 ve-

159 1254 289 1299 stras,
319 1254 363 1291 et
388 1249 618 1291 elevamini
642 1253 787 1301 portae
807 1249 990 1289 aeterna-

156 1305 235 1347 les:
254 1306 278 1331 *
299 1310 342 1347 et
360 1305 559 1347 introibit
578 1306 677 1346 Rex
695 1304 859 1355 gloriae.

204 1362 317 1427 ‘Quis
343 1366 411 1403 est
431 1362 515 1403 iste
534 1362 630 1402 Rex
650 1359 827 1412 gloriae?
851 1361 875 1386 *
901 1360 990 1401 Do-

156 1418 299 1475 minus
330 1418 458 1460 fortis
492 1423 536 1459 et
567 1422 742 1470 potens·
773 1416 990 1458 Dominus

156 1479 317 1527 potens
336 1475 380 1515 in
397 1474 563 1527 praelio.

209 1530 414 1572 Attollite
459 1535 614 1583 portas
659 1529 882 1582 principes
919 1541 989 1570 ve-

158 1592 287 1636 stras,
317 1592 361 1628 et
386 1586 616 1628 elevamini
638 1591 783 1639 portae
807 1587 990 1626 aeterna-

156 1642 235 1684 les:
254 1645 278 1670 *
298 1648 342 1684 et
361 1642 559 1685 introibit
579 1643 677 1684 Rex
695 1642 859 1693 gloriae.

210 1699 317 1749 Quis
343 1704 410 1740 est
434 1699 518 1740 iste
537 1699 635 1740 Rex
664 1696 840 1748 gloriae?
859 1698 883 1723 *
901 1698 990 1738 Do·

157 1755 300 1795 minus
324 1755 535 1796 virtutum
563 1755 658 1807 ipse
687 1758 755 1795 est
778 1754 877 1795 Rex
899 1754 990 1804 glo-

157 1823 245 1851 riae.

213 1880 310 1918 Ant.
329 1879 574 1920 Elevamini
588 1884 732 1932 portae
749 1878 991 1928 aeternales,

159 1940 203 1977 et
221 1935 421 1977 introibit
439 1936 537 1976 Rex
556 1935 720 1987 gloriae.

212 2004 311 2043 Ant.
342 2003 489 2045 Credo
509 2003 659 2045 videre
677 2003 796 2045 bona
812 2003 991 2044 Domini

158 2060 202 2100 in
222 2065 340 2101 terra
358 2060 609 2101 viventium.

433 2146 629 2185 psalmus
659 2146 723 2184 26.

248 2211 421 2253 ominus
444 2210 704 2253 illuminatio
726 2223 838 2260 mea,
863 2216 907 2253 et
927 2225 991 2254 sa-

262 2267 331 2308 lus
349 2280 458 2317 mea,
478 2268 501 2293 *
522 2280 653 2320 quem
672 2265 861 2308 timebo?

211 2324 427 2365 Dominus
449 2325 675 2377 protector
696 2323 799 2364 vitae
818 2325 992 2373 meae‚*

160 2392 185 2420 a
205 2392 292 2431 quo
311 2379 570 2432 trepidabo?

212 2435 329 2476 Dum
362 2437 630 2489 appropiant
658 2448 792 2488 super
818 2448 889 2476 me
917 2449 991 2477 no-

161 2493 321 2540 centes,
341 2493 363 2517 *
384 2498 431 2533 ut
450 2491 583 2534 edant
602 2505 756 2533 carnes
775 2505 906 2533 meas.

213 2547 298 2596 Qui
325 2548 536 2590 tribulant
559 2561 629 2590 me
657 2548 818 2589 inimici
842 2549 941 2598 mei,
969 2550 992 2574 *¹

160 2603 245 2655 ipsi
264 2603 471 2646 infirmati
493 2611 603 2655 sunt,
625 2610 668 2646 et
687 2605 951 2646 ceciderunt.

212 2659 257 2699 Si
290 2663 532 2703 consistant
565 2661 799 2703 adversum
826 2674 897 2703 me
925 2674 991 2703 ca-

161 2720 263 2764 stra,
282 2716 304 2740 *
324 2729 412 2756 non
432 2718 605 2759 timebit
624 2731 701 2760 cor
719 2731 876 2759 meum.

1097 293 1143 335 Si
1170 297 1378 346 exsurgat
1404 294 1640 337 adversum
1667 308 1738 337 me
1764 298 1876 349 pra'e-

1043 349 1161 400 lium,
1179 351 1203 375 *
1223 351 1267 391 in
1286 351 1372 392 hoc
1391 364 1474 402 ego
1495 352 1698 404 sperabo.

1095 405 1238 448 Unam
1261 408 1369 460 petii
1394 420 1419 448 a
1438 408 1648 457 Domino,
1675 407 1790 449 hanc
1813 421 1876 450 re-

1044 464 1234 514 quiram,
1267 464 1290 488 *
1323 469 1371 505 ut
1398 463 1640 506 inhabitem
1668 465 1713 505 in
1741 463 1876 506 domo

1043 519 1223 560 Domini
1242 519 1445 561 omnibus
1460 519 1617 562 diebus
1632 521 1736 562 vitae
1750 533 1877 562 meae:

1095 576 1155 618 Ut
1182 575 1357 617 videam
1385 576 1661 628 voluptatem
1687 576 1877 626 Domini,

1043 632 1067 657 *
1087 637 1131 673 et
1150 633 1324 674 visitem
1342 632 1557 685 templum
1576 633 1678 683 ejus.

1097 689 1314 738 Quoniam
1335 688 1568 730 abscondit
1583 701 1654 730 me
1672 689 1717 729 in
1733 688 1877 731 taber-

1043 745 1202 786 naculo
1222 757 1317 786 suo:
1340 746 1364 770 *
1386 745 1430 785 in
1451 744 1523 786 die
1542 744 1760 786 malorum
1777 757 1877 798 pro-

1043 802 1152 842 texit
1170 814 1241 843 me
1259 802 1304 842 in
1324 799 1587 843 abscondito
1606 800 1878 842 tabernaculi

1045 871 1122 899 su1.

1096 914 1147 954 In
1166 918 1294 966 petra
1313 913 1524 955 exaltavit
1542 926 1628 955 me:
1651 913 1675 939 *
1700 918 1744 955 et
1762 925 1878 954 nunc

1045 970 1256 1012 exaltavit
1276 975 1408 1022 caput
1422 982 1571 1011 meum
1588 982 1722 1022 super
1739 969 1878 1010 inimi-

1045 1039 1122 1068 cos
1141 1039 1278 1068 meos.

1098 1083 1308 1133 Circuivi‚
1342 1088 1385 1125 et
1411 1082 1636 1124 immolavi
1663 1082 1708 1123 in
1735 1081 1878 1123 taber-

1043 1139 1201 1181 naculo
1218 1141 1310 1192 ejus
1327 1139 1518 1181 hostiam
1536 1138 1879 1180 vociferationis:

1043 1196 1067 1221 *
1092 1196 1298 1245 cantabo,
1323 1200 1367 1237 et
1386 1195 1607 1248 psalmum
1626 1194 1771 1236 dicam
1789 1194 1878 1235 Do-

1042 1265 1173 1294 mino.

1094 1307 1269 1350 Exaudi
1301 1307 1493 1350 Domine
1529 1320 1687 1349 vocem
1721 1319 1877 1356 meam,

1044 1378 1131 1417 qua
1150 1365 1336 1406 clamavi
1355 1363 1411 1406 ad
1430 1369 1489 1405 te:
1508 1364 1531 1390 *
1550 1364 1760 1406 miserere
1778 1363 1877 1413 mei,

1044 1425 1088 1462 et
1106 1420 1267 1463 exaudi
1285 1434 1367 1462 me.

1096 1477 1197 1519 Tibi
1217 1478 1328 1519 dixit
1351 1489 1429 1519 cor
1452 1488 1614 1525 meum,
1641 1475 1880 1529 exquisivit

1043 1539 1087 1575 te
1112 1534 1248 1575 facies
1274 1546 1387 1575 mea:
1412 1533 1436 1559 *
1460 1532 1619 1573 faciem
1643 1537 1765 1574 tuam
1788 1532 1878 1573 Do·

1043 1590 1160 1632 mine
1179 1593 1411 1643 requiram.

1095 1647 1164 1688 Ne
1189 1648 1362 1688 avertas
1385 1645 1543 1686 faciem
1560 1648 1682 1686 tuam
1701 1657 1727 1686 a
1744 1656 1830 1685 me:
1852 1643 1877 1670 *

1044 1716 1099 1744 ne
1119 1702 1314 1744 declines
1332 1703 1375 1743 in
1394 1702 1459 1743 ira
1478 1714 1504 1742 a
1523 1713 1652 1742 servo
1671 1705 1762 1742 tuo.

1096 1758 1286 1811 Adjutor
1303 1771 1428 1799 meus
1448 1761 1560 1798 esto:
1578 1757 1602 1783 *
1620 1768 1676 1798 ne
1695 1754 1878 1798 derelin-

1046 1828 1155 1867 quas
1174 1828 1256 1864 me,
1275 1827 1417 1866 neque
1434 1812 1654 1866 despicias
1670 1825 1741 1854 me
1755 1812 1877 1854 Deus

1044 1872 1249 1913 salutaris
1267 1883 1404 1912 meus.

1097 1929 1317 1979 Quoniam
1344 1931 1472 1979 pater
1499 1938 1640 1975 meuS‚
1669 1929 1714 1966 et
1736 1929 1878 1965 mater

1044 1998 1143 2027 mea
1163 1983 1493 2036 dereliquerunt
1510 1995 1596 2024 me:
1620 1981 1644 2007 *
1662 1980 1878 2046 Dominus

1045 2047 1192 2083 autem
1213 2039 1453 2092 assumpsit
1471 2051 1552 2079 me.

1097 2098 1262 2149 Legem
1280 2108 1399 2149 pone
1416 2093 1521 2136 mihi
1535 2093 1756 2135 Domine
1744 2106 1788 2134 m
1807 2092 1879 2133 via

1045 2159 1134 2195 tua:
1157 2155 1250 2195 *et
1273 2152 1410 2203 dirige
1434 2163 1504 2192 me
1528 2151 1572 2191 in
1592 2149 1793 2191 semitam
1814 2161 1878 2190 re·

1046 2216 1162 2253 ctam
1181 2214 1365 2263 propter
1382 2208 1584 2249 inimicos
1603 2218 1738 2248 meos.

1097 2266 1165 2308 Ne
1190 2264 1425 2307 tradideris
1447 2276 1518 2304 me
1542 2263 1585 2303 in
1612 2262 1781 2303 animas
1803 2260 1876 2302 tri-

1045 2322 1288 2364 bulantium
1306 2334 1392 2362 me:
1411 2322 1434 2345 *
1460 2319 1666 2386 quoniam
1689 2317 1877 2358 insurre-

1046 2381 1203 2420 xerunt
1221 2378 1266 2418 in
1284 2390 1355 2418 me
1373 2381 1510 2418 testes
1529 2374 1678 2427 iniqui,
1699 2378 1743 2415 et
1760 2385 1877 2415 men-

1044 2438 1126 2476 tita
1146 2439 1214 2476 est
1231 2434 1439 2486 iniquitas
1459 2431 1552 2473 sibi.

1100 2490 1244 2533 Credo
1270 2489 1421 2530 videre
1444 2488 1563 2530 bona
1580 2484 1760 2527 Domini
1785 2485 1809 2510 *
1834 2483 1877 2524 in

1045 2553 1164 2590 terra
1182 2546 1433 2587 viventium.

1097 2604 1319 2656 Exspecta
1329 2601 1578 2649 Dominum,
1589 2597 1772 2640 viriliter
1782 2609 1878 2647 age:

1047 2662 1070 2686 *
1089 2666 1132 2702 et
1151 2659 1424 2702 confortetur
1444 2669 1521 2698 cor
1533 2661 1670 2703 tuum,
1690 2658 1733 2695 et
1752 2653 1878 2694 susti-

1046 2730 1101 2757 ne
1120 2715 1369 2757 Dominum.
