2028 2892
758 200 956 234 Dominica
985 200 1025 233 V.
1052 204 1140 242 post
1167 199 1322 233 Pascha.

189 300 303 336 nent.
340 293 643 336 Exaudiuntur
672 295 835 348 quippe
864 307 1015 336 omnes

189 351 326 393 sancti
345 363 427 404 pro
448 351 621 404 seipsis,
649 365 735 393 non
763 357 908 393 autem
933 364 1014 404 pro

190 407 390 449 omnibus
427 406 716 449 exaudiuntur
752 407 822 449 vel
854 408 1015 456 amicis,

188 464 259 505 vel
289 463 473 504 inimicis
506 464 611 513 suis,
647 464 717 505 vel
750 463 1016 517 quibuslibet

189 520 298 561 aljis:
332 520 434 572 quia
464 532 552 561 non
584 523 821 573 utcumque
851 519 1015 561 dictum

189 582 266 627 est,
286 575 421 626 dabit3
441 575 530 626 sed,
551 576 672 619 dabit
691 577 828 618 vobis.

242 644 292 684 R.
318 641 491 682 Bonum
511 647 578 683 est
597 642 795 683 confiteri
814 641 1015 690 Domino,

189 697 378 750 alleluia:
418 703 439 724 *
484 698 540 740 Et
583 698 789 750 psallere,
835 698 1015 749 alleluja.

191 751 238 801 V.
271 755 321 795 In
350 753 628 796 decachordo
658 755 882 808 psalterio,
917 767 1015 795 cum

190 812 360 853 cantico
409 817 451 853 et
496 812 672 853 cithara.
725 812 782 853 Et
816 811 1016 864 psallere.

190 868 339 909 Gleria
358 868 486 909 Patri.
514 868 570 910 Et
589 868 787 921 psallere.

491 935 641 976 Lectio
662 936 715 975 ix.

279 1006 387 1046 sque
406 993 552 1043 modo,
571 993 721 1046 inquit,
740 1006 829 1035 non
844 993 1015 1046 petistis

293 1049 532 1103 quidquam
550 1050 593 1091 in
611 1050 786 1091 nemine
805 1063 915 1092 meo.
938 1050 1015 1091 Pe-

187 1107 282 1157 tite,
308 1112 351 1148 et
377 1107 615 1160 accipietis,
639 1112 687 1148 ut
711 1106 919 1158 gaudium
944 1119 1015 1148 ve-

189 1168 327 1205 strum
346 1164 401 1205 sit
419 1163 608 1216 plenum.
641 1164 740 1205 Hoc
761 1162 881 1216 quod
901 1162 1016 1213 dicit,

188 1218 395 1270 gaudium
439 1219 634 1272 plenum,
684 1220 884 1272 profecto
927 1232 1016 1261 non

189 1275 377 1326 carnale,
397 1275 477 1317 sed
496 1275 689 1329 spiritale
709 1274 916 1327 gaudium
936 1281 1015 1317 est:

189 1337 232 1374 et
261 1331 436 1385 quando
462 1337 631 1374 tantum
656 1332 753 1382 erit,
780 1337 829 1374 ut
852 1331 1017 1384 aliquid

189 1388 228 1430 ei
252 1389 336 1441 jam
360 1402 449 1430 non
473 1388 528 1430 sit
551 1388 818 1439 addendum,
836 1388 1016 1442 ‘procul-

189 1443 324 1487 dubio
343 1450 447 1487 tunc
470 1445 551 1487 erit
569 1444 758 1498 plenum.
793 1444 1016 1498 Quidquid

189 1514 294 1552 ergo
331 1502 510 1554 petitur,
553 1501 674 1554 quod
709 1504 925 1555 pertineat
960 1500 1017 1543 ad

188 1557 274 1599 hoc
299 1557 506 1610 gaudium
531 1557 905 1610 consequendum,
931 1557 1016 1599 hoc

190 1619 257 1656 est
288 1614 332 1655 in
363 1614 537 1656 nemine
572 1614 732 1656 Christi
763 1614 1015 1667 petendum,

190 1670 225 1711 si
244 1670 435 1712 divinam
454 1670 733 1721 intelligimus
752 1670 953 1721 gratiam,
980 1670 1015 1711 si

189 1739 292 1768 vere
308 1726 483 1768 beatam
495 1727 717 1780 pescimus
729 1727 872 1768 vitam.
892 1725 1017 1777 Quid-

191 1782 297 1836 quid
314 1789 460 1825 autem
479 1783 597 1825 aliud
615 1784 792 1837 petitur,
817 1782 923 1824 nihil
941 1785 1014 1837 pe-

188 1840 313 1881 titur:
344 1853 432 1881 non
468 1840 568 1893 quia
595 1840 713 1881 nulla
741 1841 917 1881 omnino
946 1853 1015 1881 res

190 1901 271 1946 est,
300 1894 380 1938 sed
406 1897 507 1949 quia
529 1896 573 1937 in
598 1902 731 1938 tantae
754 1896 817 1937 rei
842 1909 1015 1949 compa-

189 1952 357 1994 ratiene
378 1951 590 2005 quidquid
611 1951 728 1995 aliud
748 1953 1015 2006 concupisci-

189 2014 270 2058 tur,
288 2008 393 2049 nihil
413 2014 489 2050 est.

247 2073 308 2115 Te
327 2073 470 2115 Deum
488 2073 726 2115 laudamus.
746 2075 805 2115 15.

448 2155 527 2196 Ad
552 2156 760 2197 Laudes.

240 2220 330 2255 Ant.
354 2226 391 2255 et
414 2220 475 2254 Ps.
501 2220 547 2254 de
571 2218 688 2254 Psalt.
715 2218 764 2252 15.

268 2273 527 2325 Capitulum.
684 2273 705 2312 J
710 2272 838 2313 acobi
853 2274 881 2312 1.
896 2272 935 2313 d.

264 2330 462 2372 arissimi:
490 2330 643 2371 Εεῖόῖθ
669 2330 858 2372 faeteres
883 2331 1015 2380 verbi,

287 2394 330 2430 et
355 2401 442 2429 non
469 2386 690 2428 auditeres
722 2392 905 2436 tantum,
941 2387 1014 2428 fal-

191 2443 330 2485 lentes
363 2446 667 2496 vosmetipsos.
708 2444 819 2493 Quia
851 2444 887 2484 si
920 2444 1016 2495 quis

192 2499 366 2541 auditor
398 2506 464 2542 est
497 2499 636 2549 verbi,
668 2506 710 2541 et
742 2512 830 2540 non
862 2500 1015 2541 factor:

192 2554 262 2596 hic
277 2556 601 2608 comparabitur
614 2556 708 2597 viro
724 2555 1017 2597 consideranti

194 2611 360 2652 vultum
383 2613 620 2655 nativitatis
645 2626 735 2654 suae
758 2612 801 2653 in
822 2612 1016 2665 speculo:

194 2667 486 2710 consideravit
513 2670 627 2710 enim
656 2683 720 2718 se,
755 2674 798 2710 et
825 2668 946 2718 abiit,
975 2675 1018 2710 et

194 2724 340 2765 statim
360 2724 521 2766 oblitus
541 2731 608 2767 est
627 2725 766 2778 qualis
786 2725 924 2767 fuerit.

1121 296 1342 348 Hymnus.¹
1365 296 1530 337 Aurora
1548 293 1717 335 coelum.
1743 293 1802 334 19.

1121 349 1170 398 V.
1193 351 1244 391 In
1269 350 1586 392 resurrectione
1609 355 1685 391 tua
1710 347 1890 398 Christe,

1068 406 1248 459 alleluja.
1282 411 1330 462 R.
1356 406 1466 449 Coeli
1485 411 1529 448 et
1546 412 1663 448 terra
1679 405 1891 454 laetentur,

1069 462 1249 516 alleluja.

1123 524 1189 565 Ad
1215 525 1371 566 Bened
1403 526 1498 566 Ant
1531 525 1682 576 Usque
1706 521 1841 563 modo
1867 522 1891 548 *

1068 591 1155 620 non
1184 579 1355 631 petistis
1385 578 1658 632 quidquam
1648 593 1692 620 m
1717 578 1891 620 nemine

1068 648 1182 680 meo:
1201 636 1346 688 petite,
1366 642 1409 678 et
1428 636 1661 689 accipietis,
1680 635 1861 687 alleluja.

1404 704 1565 745 Oratio.

1155 773 1247 811 eus,
1274 775 1299 802 a
1323 774 1410 814 quo
1432 761 1550 804 bona
1569 765 1726 803 cuneta
1742 760 1893 813 proce-

1164 817 1289 867 dunt,
1316 818 1472 869 largire
1497 817 1766 871 supplicibus
1791 815 1893 858 tuis:

1068 879 1116 915 ut
1147 874 1388 925 cogitemus
1419 880 1463 917 te
1495 874 1752 928 inspirante,
1795 885 1893 925 quae

1068 935 1187 972 recta
1215 937 1332 982 sunt3
1366 937 1409 974 et
1435 937 1479 974 te
1507 931 1793 984 gubernante,
1826 930 1893 970 ea-

1070 986 1171 1028 dem
1187 987 1407 1030 faciamus.
1434 989 1518 1030 Per
1536 987 1782 1029 Dominum.

1123 1052 1327 1086 Commem.
1354 1052 1401 1086 de
1426 1051 1557 1086 Cruce.
1581 1049 1656 1084 275.

1336 1114 1404 1150 Ad
1426 1113 1628 1150 Tertiam.

1120 1173 1376 1227 Capitulum.
1406 1171 1641 1215 Carissimi:
1661 1170 1816 1212 Εεῖόῖθ
1835 1169 1894 1211 fa-

1069 1229 1224 1269 eteres.
1244 1237 1291 1271 ut
1312 1244 1453 1283 supra.

1120 1290 1169 1342 R.
1195 1290 1255 1332 br.
1287 1287 1482 1329 Surrexit
1506 1287 1722 1329 Deminus
1749 1285 1804 1328 de
1830 1298 1893 1328 se-

1068 1344 1267 1398 pulchro,
1295 1349 1318 1373 *
1347 1343 1548 1396 Alleluia,
1576 1343 1757 1396 alleluja.
1795 1343 1893 1385 Sur-

1068 1401 1189 1442 rexit.
1232 1397 1282 1450 V.
1311 1401 1395 1451 Qui
1419 1413 1501 1453 pro
1530 1399 1657 1442 nobis
1682 1397 1894 1452 pependit

1067 1457 1111 1498 in
1134 1457 1264 1509 ligno.
1302 1457 1498 1509 Alleluia,
1525 1456 1706 1509 alleluja.
1743 1455 1894 1498 Gleria

1067 1514 1197 1556 Patri.
1223 1514 1428 1556 Surrexit.

1120 1566 1171 1619 V.
1195 1570 1389 1612 Surrexit
1411 1570 1626 1613 Deminus
1649 1582 1767 1620 vere,
1793 1568 1893 1610 alle-

1067 1626 1163 1723 luja.
1200 1630 1251 1682 Rz.
1274 1627 1331 1668 Et
1355 1627 1558 1680 apparuit
1582 1626 1764 1676 Simeni,
1793 1624 1893 1666 alle-

1084 1696 1112 1724 u
1129 1695 1164 1724 a.

1114 1697 1124 1735 J
1343 1734 1411 1771 Ad
1433 1735 1619 1772 Sextam.

1148 1793 1405 1847 Capitulum.
1562 1793 1715 1835 Jacobi
1730 1794 1759 1834 1.
1776 1793 1815 1835 d.

1153 1853 1197 1895 ui
1222 1857 1367 1894 autem
1391 1852 1664 1905 perspexerit
1687 1852 1730 1893 in
1752 1851 1895 1903 legem

1179 1909 1419 1963 perfectam
1453 1908 1682 1958 libertatis,
1719 1913 1763 1950 et
1798 1921 1893 1961 per-

1068 1966 1275 2008 manserit
1302 1965 1345 2006 in
1374 1978 1440 2016 ea,
1472 1979 1561 2007 non
1589 1963 1762 2007 auditor
1787 1964 1893 2006 obli-

1068 2023 1216 2065 viesus
1231 2022 1381 2072 factus,
1397 2021 1476 2063 sed
1490 2022 1629 2063 factor
1644 2021 1804 2074 eperis:
1823 2020 1894 2062 hic

1068 2079 1223 2121 beatus
1241 2079 1284 2119 in
1304 2078 1421 2120 facto
1440 2091 1520 2119 suo
1541 2078 1632 2120 erit.

1120 2142 1171 2194 R.
1190 2141 1252 2182 br.
1275 2138 1470 2181 Surrexit
1488 2139 1702 2180 Deminus
1728 2149 1845 2188 vere,
1869 2141 1892 2165 *

1070 2195 1271 2248 AlleluJa‚
1298 2195 1479 2247 alleluja.
1518 2194 1722 2236 Surrexit.
1758 2191 1809 2242 V.
1835 2193 1893 2235 Et

1069 2253 1270 2306 apparuit
1288 2251 1462 2293 Simeni.
1491 2251 1690 2303 Alleluja,
1712 2250 1892 2302 alleluja.

1071 2309 1218 2350 Gleria
1235 2308 1365 2350 Patri.
1392 2308 1598 2350 Surrexit.

1121 2362 1171 2415 V.
1191 2365 1341 2406 Gavisi
1362 2370 1461 2406 sunt
1479 2363 1692 2417 discipuli,
1711 2363 1892 2415 alleluja.

1071 2427 1119 2478 R„
1138 2422 1246 2463 Viso
1266 2421 1468 2471 Domino,
1488 2420 1669 2472 alleluja.

1347 2495 1414 2531 Ad
1437 2495 1622 2531 Nonam.

1147 2550 1404 2602 Capitulum.
1561 2549 1714 2590 Jacobi
1731 2550 1759 2588 1.
1774 2547 1813 2589 d.

1068 2607 1280 2713 Religio
1325 2610 1487 2652 munda
1531 2616 1575 2652 et
1618 2610 1895 2652 immaculata

1173 2666 1290 2721 apud
1325 2668 1467 2708 Deum
1507 2673 1551 2708 et
1584 2667 1759 2708 Patrem
1799 2666 1895 2708 haec

1070 2731 1151 2767 est:
1179 2724 1369 2767 Visitare
1391 2723 1584 2777 pupillos
1607 2728 1651 2764 et
1674 2722 1828 2765 viduas
1850 2723 1895 2763 in
