2028 2892
168 187 238 222 278

171 284 381 336 Spiritum
399 283 601 325 Demini?
630 285 747 326 Ecce
770 284 909 337 pedes
930 287 1000 326 6ό-

169 353 283 389 111111,
312 341 387 392 qui
411 341 680 393 sepelierunt
702 341 843 383 virum
866 346 1001 390 tuum,

170 396 226 438 ad
255 397 435 446 ostium,
468 402 512 439 et
540 397 724 439 efferent
750 402 806 439 te.
848 397 1000 439 Confe-

170 453 270 494 stim
290 453 450 495 cecidit
467 458 568 495 ante
586 453 724 506 pedes
744 455 847 505 ejus,
867 459 911 495 et
930 467 1000 495 ex-

170 509 365 561 spiravit.
401 510 623 552 Intrantes
649 515 797 552 autem
821 511 1000 562 juvenes

169 566 427 607 invenerunt
452 566 572 607 illam
595 569 829 608 mortuam:
857 572 901 608 et
929 580 999 609 ex-

169 622 376 671 tulerunt,
408 627 451 664 et
479 623 748 676 sepelierunt
775 623 832 665 ad
859 624 1000 665 virum

170 691 308 719 suum.
338 679 396 721 Et
418 679 560 720 factus
580 684 648 721 est
665 680 798 721 timor
815 693 1000 731 magnus

170 735 213 776 in
240 735 445 776 universa
471 735 671 786 ecclesia,
700 741 744 777 et
768 736 812 776 in
837 749 999 785 omnes,

171 791 246 843 qui
266 791 497 833 audierunt
515 792 623 833 haec.

223 859 271 909 R.
300 856 499 897 Surrexit
516 862 682 909 pastor.
701 857 801 897 270.

476 943 625 983 Lectio
648 944 699 983 iii.

254 1016 302 1046 er
329 1016 485 1045 manus
511 1008 657 1045 autem
681 1003 1000 1056 Apostolorum

263 1060 428 1102 fiebant
446 1060 570 1111 signa
587 1065 631 1102 et
645 1060 849 1113 prodigia
862 1060 1001 1102 multa

168 1117 211 1157 in
256 1116 399 1169 plebe.
461 1117 519 1158 Et
568 1121 694 1158 erant
737 1116 1000 1158 unanimiter

170 1186 323 1214 omnes
351 1174 395 1214 in
421 1173 598 1226 porticu
622 1173 881 1215 Salomonis.
923 1173 1000 1215 Ce-

169 1232 367 1271 tererum
394 1234 542 1271 autem
573 1242 704 1272 nemo
733 1229 926 1271 audebat
953 1242 1001 1271 se

169 1287 434 1338 conjungere
459 1286 560 1327 illis:
588 1286 668 1328 sed
691 1286 1003 1337 magnificabat

170 1355 248 1384 eos
267 1343 469 1396 pepulus.
490 1342 631 1394 Magis
651 1348 798 1384 autem
815 1342 1002 1394 augeba-

169 1403 240 1440 tur
267 1399 542 1441 credentium
569 1399 614 1440 in
638 1400 830 1441 Demino
858 1399 1001 1441 multi-

168 1455 276 1497 tudo
297 1456 493 1497 virorum
519 1468 571 1497 ac
594 1456 842 1506 mulierum,
870 1456 932 1497 ita
953 1460 1002 1496 ut

168 1512 211 1552 in
228 1512 399 1564 plateas
417 1513 623 1564 ejicerent
636 1512 847 1562 infirmos,
867 1516 911 1554 et
925 1513 1002 1564 po-

169 1573 324 1610 nerent
351 1569 395 1609 in
421 1569 594 1611 lectulis
623 1582 674 1610 ac
701 1568 916 1620 grabatis,
943 1572 1002 1618 ut,

170 1625 370 1666 veniente
385 1625 530 1675 Petro,
546 1625 702 1667 saltem
716 1624 873 1666 umbra
885 1624 1001 1665 illius

169 1680 454 1722 obumbraret
471 1693 737 1734 quemquam
752 1680 938 1731 illerum,
958 1685 1003 1721 et

170 1736 460 1778 liberarentur
481 1737 536 1779 ab
554 1736 881 1779 infirmitatibus
902 1736 1003 1777 suis.

170 1792 471 1835 Concurrebat
506 1798 653 1835 autem
690 1798 734 1835 et
765 1792 1001 1834 multitudo

171 1849 411 1890 vicinarum
430 1850 655 1891 civitatum
669 1848 925 1898 Jerusalem,
943 1848 1002 1889 af-

170 1905 361 1947 ferentes
381 1918 540 1956 aegros,
565 1910 609 1947 et
628 1907 814 1947 vexatos
834 1917 860 1945 a
880 1904 1002 1957 spiri-

170 1961 287 2003 tibus
324 1962 577 2004 immundis:
624 1962 698 2014 qui
735 1960 1003 2003 curabantur

171 2031 335 2060 omnes.

229 2086 291 2126 Te
308 2083 453 2125 Deum
472 2083 713 2125 laudamus.
734 2084 794 2124 15.

226 2163 295 2204 Ad
319 2162 479 2204 Bened.
509 2163 608 2203 Ant.
638 2160 812 2203 Ardens
833 2166 900 2203 est
924 2174 1002 2203 cor

171 2230 327 2268 meum,
342 2218 366 2243 *
382 2216 587 2259 desidero
603 2216 753 2259 videre
763 2217 1002 2258 Deminum

171 2286 330 2315 meum:
355 2286 524 2327 quaero,
548 2278 592 2315 et
610 2286 699 2315 non
718 2274 909 2323 invenio,
927 2273 1002 2315 ubi

171 2332 412 2382 posuerunt
432 2343 542 2380 eum,
561 2329 744 2382 alleluja,
763 2329 945 2382 alleluja.

227 2408 297 2448 Ad
331 2409 502 2458 Magnis.
547 2408 646 2449 Ant.
688 2408 785 2448 Misi
817 2407 1002 2459 digitum

171 2475 318 2508 meum
347 2464 370 2489 *
404 2464 448 2504 in
480 2464 645 2505 fixuras
678 2463 918 2512 clavorum,
959 2469 1002 2505 et

172 2531 350 2559 manum
368 2533 511 2562 meam
526 2520 699 2561 inlatus
717 2520 818 2572 ejus,
839 2524 882 2561 et
897 2519 1002 2561 dixi:

173 2574 388 2670 lI){5minus
407 2589 547 2626 meus,
575 2581 620 2619 et
637 2577 760 2618 Deus
779 2589 918 2625 meus,
944 2576 1001 2617 al—

191 2643 214 2671 e
234 2643 312 2682 uJa.

588 194 688 227 Infra
717 195 1009 229 Ilebdomucium
1034 196 1053 228 i.
1079 201 1167 239 post
1193 196 1272 230 Oet.
1296 196 1468 230 Paschae.

1260 286 1294 321 F
1312 297 1336 322 6
1353 297 1374 322 1·
1389 286 1402 322 1
1420 297 1445 323 a
1479 286 1507 323 S
1526 298 1550 323 e
1567 299 1594 322 x
1610 291 1627 322 t
1642 298 1680 324 a.

1151 346 1215 385 De
1243 342 1428 384 Actibus
1456 344 1789 397 Apostolorum.

1184 412 1218 451 Ι
1222 413 1336 454 ectio
1357 413 1380 452 i.
1544 414 1646 465 Cap.
1662 415 1699 453 8.
1715 413 1754 454 b.

1063 480 1136 535 xg-
1136 468 1207 518 ir
1235 474 1382 511 autem
1411 469 1591 521 quidam
1618 470 1795 512 nomine
1823 470 1883 512 Si-

1096 511 1157 562 s
1188 538 1308 574 mon,
1334 526 1409 577 qui
1432 530 1534 567 ante
1557 525 1730 568 fuerat
1718 540 1763 567 111
1782 527 1884 568 civi-

1053 543 1145 623 tate
1172 594 1344 632 magus,
1372 581 1589 624 seducens
1616 587 1792 634 gentem
1811 583 1884 624 Sa-

1052 640 1214 689 mariae,
1234 637 1385 680 dicens
1405 651 1452 679 se
1472 651 1571 680 esse
1589 638 1781 690 aliquem
1796 651 1884 680 ma-

1052 707 1201 745 gnum:
1230 694 1301 735 cui
1334 693 1640 736 auscultabant
1674 708 1828 737 omnes
1859 708 1885 736 a

1052 750 1232 792 minimo
1264 763 1405 804 usque
1439 750 1496 792 ad
1529 751 1785 803 maximum,
1823 751 1885 793 di-

1053 808 1217 848 centes:
1257 807 1343 848 Hic
1377 811 1444 848 est
1474 807 1615 848 virtus
1646 807 1748 858 Dei,
1786 821 1886 861 quae

1054 865 1239 905 vocatur
1269 876 1439 915 magna.
1479 863 1784 906 Attendebant
1813 877 1885 906 au-

1052 923 1142 961 tem
1161 932 1271 970 eum,
1291 925 1478 988 propter
1494 919 1615 972 quod
1627 920 1765 962 multo
1780 921 1885 962 tem-

1052 988 1162 1028 pore
1186 977 1342 1028 magiis
1365 977 1456 1018 suis
1480 976 1780 1019 dementasset
1798 989 1886 1019 eos.

1055 1033 1165 1075 Cum
1207 1045 1314 1075 vero
1355 1032 1645 1076 credidissent
1679 1033 1886 1087 Philippo

1055 1077 1375 1142 evangelizanti
1393 1089 1449 1132 de
1466 1103 1603 1141 regno
1622 1089 1723 1140 Dei,
1746 1090 1792 1131 in
1810 1092 1886 1132 no-

1053 1146 1169 1188 mine
1202 1147 1307 1188 Jesu
1344 1146 1506 1188 Christi
1548 1146 1888 1200 baptizabantur

1054 1203 1138 1244 viri
1164 1216 1217 1244 ac
1247 1203 1466 1245 mulieres.
1505 1203 1632 1244 Tunc
1659 1203 1811 1245 Simon
1844 1208 1888 1246 et

1053 1259 1149 1312 ipse
1182 1259 1383 1301 credidit:
1427 1264 1471 1301 et
1505 1272 1606 1300 cum
1636 1259 1887 1312 baptizatus

1055 1321 1185 1366 esset,
1205 1315 1461 1357 adhaerebat
1479 1315 1697 1368 Philippo.
1715 1315 1887 1358 Videns

1056 1372 1188 1413 etiam
1214 1373 1355 1423 signa,
1384 1377 1429 1414 et
1458 1372 1645 1413 virtutes
1671 1372 1886 1414 maximas

1055 1428 1162 1478 fieri,
1181 1433 1364 1481 stupens
1383 1426 1692 1470 admirabatur.

1106 1495 1158 1545 R
1184 1489 1362 1531 Virtute
1380 1501 1549 1540 magna.
1566 1489 1661 1530 262.

1366 1565 1550 1606 Lectio
1539 1566 1577 1606 11.

1056 1626 1209 1734 Cum
1243 1631 1389 1668 autem
1423 1626 1649 1669 audissent
1667 1627 1887 1680 Ap6stoH,

1149 1684 1223 1737 qui
1261 1687 1386 1725 erant
1420 1683 1446 1724 J
1449 1683 1727 1736 erosolymis,
1766 1685 1887 1736 quod

1055 1742 1296 1793 recepisset
1331 1740 1527 1781 Samaria
1566 1739 1752 1782 verbum
1786 1740 1886 1791 Dei,

1054 1798 1265 1839 miserunt
1289 1795 1347 1837 ad
1371 1808 1448 1837 eos
1466 1796 1664 1846 Petrum,
1692 1801 1737 1838 et
1756 1797 1886 1838 10311-

1054 1866 1165 1895 116111.
1216 1853 1301 1903 Qui
1332 1865 1432 1893 cum
1464 1853 1703 1903 venissent,
1735 1855 1886 1895 orave-

1055 1914 1157 1952 runt
1174 1922 1258 1962 pro
1276 1909 1400 1962 ipsis,
1418 1912 1467 1949 ut
1485 1910 1736 1961 acciperent
1754 1909 1886 1962 Spiri-

1054 1971 1149 2008 tum
1185 1970 1400 2007 sanctum:
1447 1965 1644 2006 nondum
1684 1966 1801 2007 enim
1840 1966 1886 2008 in

1056 2035 1321 2075 quemquam
1356 2021 1531 2062 illerum
1566 2023 1764 2072 venerat,
1806 2022 1885 2064 sed

1055 2079 1269 2131 baptizati
1295 2082 1468 2132 tantum
1493 2082 1618 2119 erant
1641 2077 1686 2118 in
1708 2078 1885 2120 nomine

1053 2135 1231 2176 Demini
1266 2135 1290 2175 J
1293 2147 1382 2176 esu.
1439 2133 1565 2175 Tune
1600 2133 1886 2186 imponebant

1053 2204 1209 2232 manus
1234 2203 1369 2243 super
1392 2190 1508 2240 illos,
1542 2194 1587 2231 et
1610 2189 1886 2243 accipiebant

1053 2247 1264 2300 Spiritum
1300 2251 1510 2288 sanctum.
1565 2246 1675 2288 Cum
1704 2245 1886 2288 vidisset

1054 2308 1202 2345 autem
1219 2303 1385 2351 Simon,
1415 2303 1517 2354 quia
1540 2315 1622 2355 per
1644 2302 1884 2354 impositio-

1055 2372 1156 2401 nem
1178 2372 1333 2400 manus
1358 2358 1680 2412 Apostolorum
1706 2358 1885 2400 daretur

1053 2416 1241 2468 Spiritus
1261 2420 1455 2464 sanctus,
1482 2414 1643 2457 obtulit
1668 2414 1731 2456 eis
1753 2418 1884 2467 pecu-

1053 2473 1185 2522 niam,
1218 2471 1385 2513 dicens:
1418 2472 1534 2512 Date
1567 2475 1611 2512 et
1637 2470 1744 2511 mihi
1771 2470 1884 2512 hanc

1053 2530 1336 2581 potestatem,
1374 2532 1423 2569 ut
1454 2527 1716 2578 cuicumque
1747 2525 1884 2579 impo-

1054 2588 1184 2627 suero
1229 2596 1404 2633 manus,
1447 2583 1636 2636 accipiat
1674 2583 1885 2634 Spiritum

1054 2646 1263 2683 sanctum.

1108 2703 1158 2753 R=.
1182 2702 1250 2743 De
1271 2713 1348 2743 ore
1366 2700 1608 2753 prudentis,
1629 2701 1722 2742 262.
