2066 2904
674 167 883 197 Commune
911 166 1086 196 (Ionii-ss(

286 266 330 314 κς,
357 260 536 302 Amavit
555 273 655 302 eum
672 261 907 311 Deminus,
929 266 973 303 et
990 273 1057 302 or-

225 317 346 359 navit
379 329 499 358 eum:
536 317 696 359 stolam
728 317 882 369 gleriae
914 317 1057 359 induit

226 387 342 422 eum,
366 381 386 402 *
414 374 471 414 Et
499 373 558 415 ad
584 378 737 426 portas
762 374 958 426 paradisi
986 386 1057 415 00-

222 430 394 471 ronavit
423 443 533 472 eum.
579 431 623 481 Υ
653 429 803 472 Induit
835 443 934 472 eum
961 430 1056 471 Dfis

223 486 406 527 loricam
430 486 551 537 fidei,
576 492 620 528 et
645 487 819 529 ornavit
845 499 954 528 eum.
999 486 1056 527 Et

223 542 279 584 ad
307 548 469 595 portas.

308 607 455 646 Lectio
479 607 528 645 vi.
609 612 701 652 Cap.
724 610 771 643 17.
791 617 878 653 post
899 612 976 644 init.

288 677 441 718 ampas
466 667 721 718 contempta
747 664 866 718 apud
891 664 1054 716 cogita—

316 722 462 763 tiones
496 721 691 764 divitum.
728 722 857 774 Saepe
889 723 1054 762 contin-

221 778 300 828 git,
326 784 375 819 ut
398 778 565 820 electus
592 779 794 831 quisque,
822 778 897 830 qui
921 777 979 819 ad
999 790 1053 819 ae—

221 836 392 875 ternam
419 834 673 876 felicitatem
699 834 890 884 ducitur,
919 836 1053 876 conti-

221 903 308 931 nua
344 890 415 932 hic
451 890 719 933 adversitate
762 890 1053 944 deprimatur:

220 959 309 988 non
341 946 457 988 hunc
494 960 642 989 rerum
674 947 944 989 abundantia
974 947 1052 988 fiil-

221 1003 324 1052 ciat,
354 1015 441 1044 non
469 1003 732 1055 dignitatum
756 1004 897 1055 gleria
916 1003 1053 1046 hono-

220 1059 404 1101 rabilem
436 1060 659 1111 ostendat,
700 1060 819 1101 nulla
855 1061 895 1102 ei
927 1060 1052 1102 obse-

222 1117 447 1168 quentium
462 1116 707 1169 frequentia
723 1121 942 1170 suppetat,
962 1117 1052 1158 nul-

221 1172 263 1213 la
299 1172 415 1214 hunc
451 1173 652 1214 humanis
693 1174 832 1215 oculis
865 1174 1054 1215 vestium

220 1241 387 1282 pompa
411 1232 665 1282 componat:
695 1243 720 1271 a
749 1230 920 1272 cunctis
945 1243 1051 1271 vero

221 1285 504 1338 despicabilis
560 1287 773 1337 cernitur,
832 1292 876 1329 et
926 1286 1052 1339 hujus

219 1342 371 1383 mundi
395 1343 537 1393 gratia
563 1343 767 1395 indignus
794 1344 1051 1385 aestimatur:

220 1398 300 1440 sed
319 1403 467 1440 tamen
482 1404 585 1441 ante
602 1400 766 1441 occulti
780 1399 935 1452 judicis
951 1402 1050 1441 ocu-

219 1454 285 1496 los
305 1455 542 1497 virtutibus
562 1457 734 1507 emicat,
762 1457 866 1498 vitae
883 1456 1052 1498 meritis

219 1514 438 1553 coruscat:
461 1511 671 1554 honorari
688 1514 860 1563 metuit,
883 1513 1052 1566 despici

219 1579 306 1608 non
327 1567 502 1620 refugit:
524 1581 685 1622 corpus
705 1570 974 1611 continentia
993 1569 1052 1610 af-

218 1623 325 1673 ficit,
351 1623 447 1665 sola
470 1624 514 1665 in
534 1625 680 1666 animo
701 1625 939 1667 dilecti6ne
958 1626 1050 1678 pin-

217 1680 402 1730 guescit:
417 1685 610 1722 mentem
625 1694 800 1735 semper
814 1681 871 1723 ad
885 1682 1051 1735 patien-

217 1736 324 1776 tiam
367 1739 608 1790 praeparat,
658 1743 702 1780 et
749 1740 924 1780 erectus
966 1751 1049 1791 pro

218 1793 398 1844 justitia,
436 1792 492 1834 de
520 1794 745 1847 perceptis
773 1794 1050 1836 contumeliis

218 1848 424 1890 exsultat:
447 1849 622 1891 afflictis
643 1863 696 1892 ex
717 1850 852 1892 corde
872 1852 1050 1903 compa-

217 1904 341 1954 titur,
367 1905 423 1946 de
442 1905 660 1947 bonerum
678 1907 1049 1960 prosperitatibus

218 1962 345 2012 quasi
382 1961 438 2003 de
473 1963 667 2015 prepriis
703 1963 899 2013 laetatur,
936 1964 1050 2004 sacri

217 2017 341 2059 verbi
376 2017 538 2070 pabula
573 2019 618 2060 in
654 2025 802 2061 mente
834 2020 1049 2061 sollicitus

216 2074 426 2124 ruminat,
467 2079 511 2116 et
546 2075 780 2128 inquisitus
820 2076 1049 2128 quedlibet

217 2130 364 2182 eloqui
383 2130 617 2184 dupliciter
635 2132 819 2183 ignerat.

274 2193 320 2244 Ra
346 2191 437 2234 Iste
455 2191 600 2234 homo.
623 2192 708 2245 [89]

435 2272 483 2310 In
511 2271 581 2310 111.
609 2270 832 2310 Nocturno.

222 2338 371 2381 Lectio
397 2341 535 2382 sancti
558 2341 785 2393 Evangelii
805 2342 1047 2384 secundum

544 2397 721 2439 Lucam.

325 2455 471 2496 Lectio
495 2458 560 2496 vii.
707 2459 808 2508 Cap.
832 2458 884 2495 12.
906 2457 944 2496 d.

215 2512 292 2619 In
311 2514 385 2557 illo
404 2518 620 2570 tempore:
639 2519 762 2561 Dixit
776 2520 800 2561 J
803 2533 903 2562 esus
921 2520 1045 2563 disci-

282 2570 396 2622 pulis
425 2574 530 2614 suis:
556 2574 706 2617 Nolite
733 2576 887 2618 timere
915 2578 1046 2630 pusil-

216 2625 283 2666 lus
299 2639 416 2677 grex,
438 2630 538 2680 quia
557 2632 825 2684 complacuit
839 2633 959 2674 Patri
976 2648 1046 2676 ve-

215 2687 308 2723 stro
325 2682 430 2725 dare
442 2685 568 2727 vobis
582 2700 774 2738 regnum.
796 2690 854 2731 Et
868 2690 1046 2743 reliqua.

1095 165 1158 196 »ris
1186 175 1258 197 non
1289 165 1494 198 l‘onrilicis.

1209 262 1396 304 Homilia
1428 263 1690 305 venerabilis
1718 263 1855 306 Bedae

1395 319 1659 372 Presbyteri.

1241 380 1318 414 Lib.
1342 382 1372 414 4.
1399 381 1491 423 Cap.
1517 382 1567 414 54.
1596 382 1631 414 in
1659 381 1746 414 Luc.
1777 381 1823 414 12.

1119 456 1122 460 ν
1139 430 1403 487 usillum
1412 444 1592 483 gregem
1607 433 1860 483 electorum,
1874 433 1945 476 vel

1114 480 1123 531 ’ἶ
1145 506 1220 559 Q]
1246 487 1303 529 ob
1349 489 1729 541 comparatiOnem
1767 490 1944 541 majoris

1126 563 1219 569 ζ
1243 544 1415 586 numeri
1439 545 1749 598 reproborum,
1777 546 1847 588 vel
1867 548 1943 599 po-

1107 599 1194 640 tius
1214 599 1271 641 ob
1291 600 1549 643 humilitatis
1568 601 1850 645 devotionem
1868 605 1943 644 11ό-

1108 656 1260 698 minat:
1307 658 1409 710 quia
1453 657 1661 700 videlicet
1698 659 1943 701 Ecclesiam

1108 725 1231 753 suam
1249 713 1521 766 quantalibet
1530 715 1846 757 numerositate
1858 716 1944 768 iam

1108 767 1354 820 dilatatam,
1382 774 1530 819 tamen
1558 784 1698 824 usque
1726 770 1784 813 ad
1810 771 1943 814 finem

1106 825 1258 867 mundi
1277 826 1522 869 humilitate
1542 827 1636 869 vult
1655 829 1871 879 crescere,
1898 833 1944 870 01

1107 881 1164 923 ad
1188 885 1458 934 promissum
1487 896 1671 936 regnum
1697 884 1942 927 humilitate

1106 941 1348 990 pervenire.
1401 939 1600 993 Ideoque
1637 941 1728 994 ejus
1765 941 1942 983 labores

1105 994 1267 1037 blande
1296 997 1572 1047 consolatus,
1602 1010 1734 1050 quam
1758 1010 1942 1050 regnum

1106 1051 1189 1092 Dei
1213 1056 1383 1094 tantum
1410 1055 1608 1106 quaerere
1637 1054 1855 1107 praecipit,
1885 1057 1941 1096 ei-

1107 1107 1207 1149 dem
1227 1121 1410 1159 regnum
1425 1123 1451 1151 a
1466 1110 1598 1152 Patre
1614 1109 1809 1152 dandum
1824 1123 1941 1152 com-

1105 1164 1269 1216 placita
1287 1165 1557 1218 benignitate
1575 1168 1804 1220 promittit.

1161 1222 1211 1272 R·-
1237 1221 1328 1263 Iste
1357 1227 1424 1264 est
1452 1223 1527 1275 qui
1556 1228 1657 1265 ante
1680 1224 1825 1266 Deum
1851 1236 1940 1265 ma-

1105 1290 1213 1328 gnas
1241 1278 1427 1320 virtutes
1456 1282 1666 1332 operatus
1696 1285 1779 1331 est,
1813 1285 1857 1323 et
1885 1279 1940 1322 de

1106 1335 1225 1375 omni
1240 1335 1376 1377 corde
1389 1349 1470 1378 suo
1481 1336 1678 1378 laudavit
1686 1337 1940 1379 Dominum:

1108 1390 1127 1410 *
1154 1390 1258 1444 Ipse
1287 1392 1532 1434 intercedat
1559 1405 1642 1452 pro
1670 1394 1868 1447 peccatis
1896 1395 1940 1435 ό-

1104 1448 1269 1489 11111111111
1289 1449 1568 1501 populorum.
1598 1448 1647 1494 V.
1668 1451 1786 1492 Ecce
1804 1450 1939 1492 homo

1105 1505 1199 1546 sine
1216 1505 1404 1557 querela,
1424 1519 1555 1548 verus
1569 1507 1655 1549 Dei
1669 1507 1822 1558 cultor,
1842 1507 1938 1550 abs-

1104 1561 1247 1602 tinens
1276 1574 1324 1603 se
1350 1561 1406 1603 ab
1433 1563 1551 1604 omni
1576 1566 1712 1617 opere
1730 1563 1867 1614 malo,
1895 1568 1941 1606 et

1104 1619 1367 1669 permanens
1386 1619 1430 1659 in
1449 1619 1699 1662 innocentia
1719 1633 1808 1662 sua.
1834 1621 1939 1674 Ipse

1104 1673 1357 1715 intercedat.

1399 1721 1549 1762 Lectio
1570 1722 1651 1761 viii.

1194 1790 1341 1833 endite
1367 1805 1466 1844 quae
1485 1793 1743 1846 possidetis,
1768 1798 1812 1836 et
1835 1793 1938 1836 date

1207 1847 1544 1901 eleemosynam,
1585 1850 1751 1900 Nolite,
1781 1850 1938 1903 inquit,

1101 1902 1266 1953 timere,
1285 1917 1340 1946 ne
1359 1910 1544 1958 propter
1562 1918 1745 1958 regnum
1758 1906 1844 1948 Dei
1861 1907 1937 1948 mi-

1102 1959 1345 2010 litantibus,
1387 1961 1512 2014 hujus
1550 1963 1652 2004 vitae
1687 1963 1938 2005 necessaria

1102 2015 1262 2058 desint:
1300 2018 1404 2070 quin
1437 2019 1569 2060 etiam
1600 2022 1810 2073 possessa
1835 2032 1935 2074 pro-

1102 2077 1201 2125 pter
1225 2073 1551 2127 eleemosynam
1575 2075 1763 2118 vendite.
1805 2075 1936 2127 Quod

1101 2134 1206 2170 tunc
1230 2129 1360 2182 digne
1384 2130 1449 2181 fit,
1479 2132 1657 2184 quando
1683 2133 1780 2186 quis
1800 2132 1936 2175 semel
2016 2171 2028 2178 ,

1100 2198 1182 2237 pro
1205 2185 1398 2228 Domino
1423 2188 1513 2229 suis
1537 2189 1741 2231 emnibus
1765 2189 1935 2242 81110118,

1101 2241 1382 2284 nihilominus
1410 2250 1515 2297 post
1541 2244 1638 2287 haec
1666 2245 1818 2288 labore
1845 2247 1934 2287 ma-

1100 2311 1250 2348 nuum,
1277 2299 1394 2341 unde
1423 2306 1467 2342 et
1491 2301 1655 2343 victum
1681 2304 1934 2354 transigere,

1100 2359 1145 2395 et
1171 2354 1496 2408 eleemosynam
1525 2357 1631 2400 dare
1660 2364 1803 2411 queat,
1832 2371 1933 2412 ope-

1100 2413 1231 2452 ratur.
1272 2411 1399 2453 Unde
1430 2413 1644 2464 gloriatur
1675 2416 1932 2468 Apestolus,

1100 2466 1268 2508 dicens:
1292 2468 1553 2519 Argentum,
1573 2476 1648 2520 aut
1667 2483 1838 2521 aurum,
1857 2478 1933 2514 aut

1100 2529 1268 2565 vestem
1287 2524 1447 2566 nullius
1467 2527 1717 2580 concupivi:
1741 2528 1826 2580 ipsi
1852 2529 1931 2570 sei-

1099 2580 1170 2630 tis,
1198 2581 1406 2633 quoniam
1425 2581 1482 2623 ad
1501 2595 1553 2623 ea
1574 2595 1672 2635 quae
1691 2583 1798 2625 mihi
1817 2597 1931 2638 opus

1099 2642 1239 2687 erant,
1264 2642 1309 2678 et
1332 2637 1400 2678 his
1425 2639 1498 2690 qui
1518 2652 1690 2681 mecum
1713 2646 1831 2691 sunt,
1855 2642 1931 2683 mi-

1098 2693 1394 2736 nistraverunt
1429 2708 1584 2737 manus
1619 2697 1728 2738 istae.
1773 2697 1932 2740 Omnia
