2028 2892
742 193 850 227 Furia
878 193 1008 235 quinta
1035 193 1083 227 ud
1109 192 1345 227 Matutinum.

188 296 242 340 te,
270 292 293 317 ¹⁶¹
321 295 365 332 et
391 303 477 331 non
505 294 572 331 est
599 289 723 331 fortis
751 289 862 330 sicut
889 288 1008 330 Deus

188 352 346 389 noster.

239 403 385 445 Nolite
413 402 700 455 multiplicare
733 402 853 455 loqui
881 401 1008 443 subli-

188 460 284 508 mia,
312 461 335 486 *
362 459 615 509 gloriantes:

240 515 465 557 Recedant
490 517 638 557 vetera
662 515 716 557 de
745 528 821 557 ore
847 519 1009 556 vestro:

190 572 289 624 quia
316 572 437 613 Deus
472 572 763 621 scientiarum,
796 571 1008 612 Dominus

189 634 265 677 est,
293 630 316 655 *
345 634 388 670 et
415 628 498 680 ipsi
521 630 821 681 praeparantur
849 627 1007 678 cogita-

188 685 341 726 tiones.

240 741 381 783 Arcus
416 741 590 783 fertium
618 742 846 793 superatus
874 745 957 789 est,
985 741 1008 767 *

189 803 232 840 et
259 797 416 838 infirmi
442 797 624 839 accincti
651 803 750 838 sunt
777 796 947 838 rebore.

240 854 415 907 Repleti
450 854 584 906 prius,
621 866 702 906 pro
738 853 923 906 panibus
961 866 1008 894 se

187 910 454 953 locaverunt:
482 912 505 938 *
533 915 576 952 et
609 910 793 952 famelici
827 910 1009 952 saturati

189 972 299 1009 sunt.

239 1023 392 1065 Donec
414 1023 570 1065 sterilis
591 1023 761 1076 peperit
781 1023 1008 1076 plurimos:

188 1081 212 1107 *
248 1085 291 1122 et
328 1093 425 1132 quae
460 1079 621 1122 multos
659 1079 848 1122 habebat
883 1080 1007 1130 filios,

188 1136 403 1178 infirmata
430 1142 508 1179 est.

239 1193 452 1235 Dominus
498 1192 731 1235 mortificat
778 1198 821 1235 et
859 1193 1007 1234 'vivifi-

189 1254 273 1299 cat,
309 1251 332 1276 *
364 1249 541 1292 deducit
577 1249 632 1291 ad
667 1250 828 1292 inferos
866 1255 909 1292 et
945 1263 1007 1292 re-

188 1304 317 1348 ducit.

238 1362 451 1404 Deminus
478 1365 717 1415 pauperem
748 1363 850 1406 facit
878 1368 921 1405 et
948 1362 1007 1405 di-

187 1423 261 1468 tat,
289 1421 312 1446 *
339 1418 534 1461 humiliat
562 1424 605 1462 et
633 1419 842 1462 sublevat.

238 1475 426 1518 Suscitat
458 1475 513 1518 de
540 1475 719 1528 pulvere
753 1478 952 1527 egenum,
984 1478 1008 1503 *

188 1537 231 1573 et
258 1530 313 1573 de
341 1534 532 1574 stercore
561 1532 702 1575 elevat
727 1536 982 1586 pauperem:

239 1588 297 1630 Ut
323 1588 474 1631 sedeat
501 1602 599 1631 cum
620 1589 898 1642 principibus,
920 1591 944 1617 *
964 1594 1008 1631 et

189 1644 344 1686 solium
370 1645 520 1696 gleriae
546 1647 703 1687 teneat.

239 1700 414 1742 Domini
442 1702 555 1743 enim
583 1707 682 1744 sunt
704 1701 903 1743 cardines
925 1707 1008 1744 ter-

189 1769 261 1805 rae,
289 1759 312 1784 *
340 1762 383 1799 et
410 1758 556 1810 posuit
584 1770 715 1810 super
742 1771 819 1800 eos
847 1758 1009 1800 orbem.

240 1812 381 1855 Pedes
400 1816 648 1856 sanctorum
669 1817 846 1856 suerum
867 1817 1008 1857 serva-

189 1869 269 1920 bit,
301 1875 344 1912 et
375 1870 496 1923 impii
527 1870 569 1912 in
600 1870 790 1913 tenebris
825 1872 1009 1914 contice-

190 1931 325 1968 scent:
361 1928 384 1953 *
421 1927 522 1979 quia
556 1939 643 1968 non
678 1927 721 1968 in
757 1927 1009 1971 fortitudine

190 1995 268 2024 sua
295 1981 570 2025 roborabitur
597 1983 673 2024 vir.

241 2039 475 2081 Dominum
495 2038 787 2083 formidabunt
809 2040 1008 2083 adversa-

190 2095 241 2136 rii
267 2096 371 2147 ejus:
398 2097 422 2123 *
450 2100 494 2138 et
518 2109 650 2149 super
674 2096 795 2149 ipsos
819 2097 862 2138 in
887 2098 1009 2140 coelis

191 2151 373 2194 tonabit:

242 2207 455 2249 Dominus
490 2207 696 2260 judicAbit
731 2209 839 2251 fines
871 2216 1010 2260 terrae,

193 2269 236 2306 et
263 2263 384 2306 dabit
410 2264 637 2317 imperium
665 2266 756 2316 regi
787 2279 882 2316 suo,
913 2269 937 2295 ¹⁸¹
969 2274 1012 2310 et

193 2319 443 2362 sublimabit
470 2334 606 2362 comu
634 2321 792 2364 Christi
820 2323 896 2364 sui.

192 2441 211 2478 t
243 2380 340 2421 Ant.
392 2381 602 2424 Dominus
649 2382 855 2434 iudicabit
904 2384 1011 2426 fines

213 2449 332 2478 errae.

243 2497 341 2537 Ant.
385 2497 496 2539 Coeli
533 2498 743 2540 coelorum
779 2501 802 2526 *
839 2499 1011 2542 laudate

195 2552 345 2594 Deum.

244 2606 311 2646 Ps.
344 2608 539 2651 Laudate
568 2611 681 2652 Dfim
709 2610 764 2653 de
793 2612 926 2653 coelis.
942 2614 998 2654 17.

239 2665 281 2699 In
307 2667 495 2710 Quadrag.
520 2668 652 2711 Capit..
678 2669 814 2713 Hymn.
838 2674 873 2704 ct
898 2664 941 2710 Y.
966 2674 1005 2703 ut

189 2712 226 2746 in
251 2713 367 2757 Laud,
393 2716 472 2750 Fer.
499 2716 541 2749 ΙΙ.
571 2720 622 2755 53,
641 2723 675 2751 et
703 2721 754 2756 54.

1113 287 1174 321 Ad
1197 287 1444 327 l3encdictu5,
1469 286 1556 320 Ant.
1583 285 1756 329 propria,
1787 291 1826 320 ut
1850 286 1887 320 in

1067 336 1187 369 Feriis
1212 334 1537 377 Quadragesimae.

1117 388 1255 422 Preces
1290 387 1444 431 quando
1477 387 1668 421 dicuntur.
1701 385 1891 419 habentur

1065 446 1180 478 supra
1210 436 1243 469 in
1273 435 1380 469 Furia
1411 435 1452 468 Il.
1480 436 1532 471 54.

1322 515 1598 541 ῄψ--
1608 527 1633 529 ,

1076 595 1225 638 Feria
1253 595 1432 647 quinta
1459 595 1524 637 ad
1550 595 1870 639 Matutinum.

1116 667 1162 706 ln
1193 666 1409 716 Quadrag.
1451 666 1617 707 Invitat.
1658 667 1888 710 l)6minum

1062 723 1134 776 qui
1154 723 1256 765 fecit
1275 736 1367 773 nos,
1391 725 1412 747 *
1431 724 1591 766 Venite
1618 723 1863 767 adoremus.

1116 785 1182 826 ΡΒ.
1216 784 1377 835 Venite,
1405 783 1683 826 exsultemus
1709 785 1746 826 2.

1116 851 1270 903 llymn.
1302 853 1363 892 Ex
1386 863 1509 893 more
1534 850 1663 893 docti.
1691 857 1737 892 ut
1756 863 1888 903 supra

1063 908 1101 947 in
1127 909 1296 948 Domin.
1311 908 1348 949 2.

1113 969 1264 1022 Temp.
1300 969 1506 1010 l’aschali.
1540 970 1662 1010 Invit.
1692 969 1888 1022 Alleluia,

1060 1024 1247 1077 alleluja,
1276 1028 1298 1051 ¹*
1326 1025 1524 1078 Alleluia.

1114 1088 1269 1139 Hymn.
1292 1090 1386 1130 Rex
1401 1088 1677 1141 sempiterne.
1692 1093 1740 1130 ut
1756 1101 1888 1140 supra

1063 1144 1101 1182 in
1128 1144 1294 1185 Domin.
1314 1146 1350 1186 3.

1115 1206 1211 1246 Ant.
1245 1207 1427 1248 Demine
1446 1207 1578 1249 Deus.

1112 1265 1149 1304 T
1153 1280 1262 1318 emp.
1292 1267 1501 1308 Paschali.
1537 1268 1636 1309 Ant.
1668 1267 1861 1320 Alleluia.

1332 1347 1344 1385 Ι
1352 1347 1527 1388 'salmus
1556 1349 1622 1387 68.

1067 1421 1152 1484 ff*
1164 1415 1310 1457 alvum
1337 1429 1408 1458 me
1435 1417 1503 1458 fac
1526 1417 1663 1459 Deus:
1686 1418 1710 1445 *
1736 1416 1886 1470 queni-

1065 1488 1137 1555 l&
1189 1485 1260 1571 εὶὲ]
1275 1473 1558 1571 ἐξζτᾶνὲῐιιηῒ
1589 1486 1716 1527 aquae
1747 1486 1887 1527 usque

1073 1535 1151 1556 &⁴²
1190 1542 1214 1570 a
1332 1543 1463 1572 unam
1490 1543 1645 1573 meam.

1111 1585 1278 1627 Infixus
1302 1599 1397 1628 sum
1419 1587 1464 1628 in
1486 1586 1592 1630 limo
1601 1586 1840 1640 —profundiz
1863 1587 1887 1615 *

1061 1647 1104 1684 et
1130 1655 1218 1684 non
1246 1648 1312 1685 est
1340 1644 1598 1686 substantia.

1111 1699 1225 1741 Veni
1251 1700 1295 1741 in
1323 1700 1599 1743 altitudinem
1623 1700 1771 1742 maris:
1794 1701 1819 1728 *
1842 1705 1887 1743 et

1060 1758 1299 1809 tempestas
1328 1757 1536 1801 demersit
1562 1771 1643 1800 me.

1111 1812 1330 1855 Laboravi
1357 1814 1560 1866 clamans,
1585 1827 1731 1857 raucae
1757 1814 1886 1856 factae

1061 1874 1161 1911 sunt
1205 1870 1353 1913 fauces
1397 1884 1524 1914 meae:
1567 1873 1592 1900 ’⁸‘
1633 1871 1888 1915 defecerunt

1062 1926 1175 1967 oculi
1211 1928 1316 1978 mei,
1354 1927 1459 1970 dum
1494 1941 1626 1982 spero
1663 1928 1708 1970 in
1742 1928 1888 1970 Deum

1060 1995 1216 2024 meum.

1112 2039 1390 2094 Multiplicati
1417 2046 1518 2084 sunt
1546 2055 1679 2095 super
1703 2041 1887 2096 capillos

1063 2097 1218 2149 capitis
1231 2098 1327 2148 mei,
1338 2099 1362 2126 *
1373 2099 1448 2151 qui
1463 2098 1652 2142 oderunt
1661 2112 1731 2141 me
1741 2098 1887 2151 gratis.

1115 2152 1361 2196 Consortati
1404 2161 1506 2198 sunt
1551 2157 1626 2209 qui
1665 2155 1887 2210 persecuti

1063 2214 1162 2251 sunt
1180 2223 1250 2252 me
1268 2211 1431 2253 inimici
1448 2212 1535 2254 mei
1553 2213 1726 2264 iniuste:
1744 2214 1768 2240 *
1788 2224 1887 2265 quae

1062 2278 1149 2307 non
1176 2267 1314 2319 rapui,
1341 2272 1445 2310 tunc
1473 2269 1766 2312 exsolvebam.

1113 2319 1234 2364 Deus
1269 2328 1318 2365 tu
1353 2325 1439 2366 scis
1475 2326 1769 2380 insipientiam
1801 2338 1887 2367 me-

1064 2390 1148 2419 am:
1186 2380 1210 2406 *
1246 2385 1291 2422 et
1331 2379 1491 2424 delicta
1526 2396 1624 2426 mea
1660 2396 1685 2425 a
1720 2388 1765 2425 te
1799 2395 1888 2425 non

1063 2440 1163 2476 sunt
1190 2435 1457 2480 abscondita.

1114 2491 1215 2533 Non
1249 2493 1507 2537 erubescant
1539 2496 1584 2537 in
1615 2509 1686 2539 me
1715 2496 1790 2550 qui
1817 2509 1888 2538 ex-

1063 2549 1264 2599 spectant
1307 2554 1352 2591 te
1395 2551 1599 2603 Domine,
1640 2554 1665 2581 *
1700 2553 1888 2595 Demine

1063 2604 1281 2646 virtutum.

1114 2660 1215 2702 Non
1248 2662 1567 2706 confundantur
1599 2679 1731 2720 super
1761 2679 1833 2709 me
1864 2667 1888 2694 *

1065 2716 1137 2767 qui
1166 2723 1366 2769 quaerunt
1393 2723 1449 2770 te,
1475 2720 1598 2763 Deus
1624 2723 1774 2765 Israel.
