2028 2892
863 201 1032 234 sabbato
1058 204 1201 235 saneto.

181 293 299 333 mino
333 297 377 334 et
410 292 603 345 sepulto,
637 293 842 335 custodes
874 295 1005 346 pone-

181 354 278 390 rent
304 348 359 390 ad
385 349 687 402 sepulchrum?
724 350 940 391 Dixerunt
965 362 1004 391 e-

179 405 268 446 nim
287 405 446 447 Pilato:
471 405 686 448 Seductor
708 406 796 448 ille:
824 406 910 448 hoc
932 420 1004 460 ap-

179 461 425 514 pellabatur
448 462 624 504 nomine
644 463 858 505 Dominus
876 464 901 505 J
905 477 1004 506 esus

179 518 396 569 ChristuS,
441 519 498 561 ad
533 519 739 561 solatium
777 523 1004 562 servorum

178 577 367 626 suorum,
389 576 563 629 quando
582 576 783 618 dicuntur
803 577 1002 619 seducto-

176 645 262 673 res:
291 645 395 684 ergo
416 633 477 674 illi
496 633 655 675 Pilato:
682 633 897 676 Seductor
918 634 1002 684 ille,

175 690 389 741 inquiunt,
416 689 526 731 dixit
544 690 688 732 adhuc
708 691 873 732 vivens:
896 691 1003 733 Post

175 750 264 788 tres
297 746 390 789 dies
423 750 658 798 resurgam.
711 747 823 789 Jube
853 750 1002 800 itaque

176 803 389 845 custodiri
439 803 718 856 sepulchrum
769 818 908 857 usque
957 805 1001 845 in

175 859 292 902 diem
314 860 505 910 tertium,
530 873 583 902 ne
607 861 719 902 forte
741 862 917 903 veniant
940 861 1000 903 di-

175 917 330 970 scipuli
362 917 468 969 ejus,
503 923 547 959 et
578 917 774 960 furentur
807 931 922 969 eum,
956 923 1001 961 et

174 973 321 1015 dicant
334 973 463 1026 plebi,
481 974 675 1016 Surrexit
695 988 720 1016 a
738 975 937 1017 mortuis:
957 980 1000 1018 et

174 1030 256 1072 erit
274 1031 538 1072 novissimus
558 1044 680 1073 error
697 1033 820 1084 pejor
839 1033 998 1085 priore.

173 1087 249 1129 Ait
275 1087 360 1128 illis
382 1087 565 1129 Pilatus:
592 1088 777 1130 Habetis
807 1089 998 1131 custodi-

172 1157 259 1193 am,
283 1145 358 1194 ite,
383 1144 600 1186 custodite
625 1145 737 1187 sicut
761 1146 891 1188 scitis.
929 1146 999 1187 Illi

172 1205 318 1243 autem
337 1201 564 1251 abenntes,
586 1202 835 1244 munierunt
855 1203 996 1256 sepul-

172 1257 335 1308 chrum,
356 1258 578 1310 signantes
598 1258 790 1311 lapidem
809 1272 907 1302 cum
927 1273 996 1302 cu-

171 1314 384 1356 stodibus.

227 1373 276 1424 R.
292 1373 329 1414 O
346 1385 425 1414 vos
442 1385 603 1422 omneS,
621 1373 694 1426 qui
708 1373 903 1415 transitis
917 1386 997 1426 per

170 1429 299 1479 viam,
324 1429 538 1471 attendite
562 1434 605 1471 et
629 1428 790 1481 videte,
814 1434 836 1455 *
860 1430 905 1472 Si
929 1435 997 1472 est

170 1486 296 1528 dolor
343 1486 494 1527 similis
540 1486 653 1528 sicut
694 1486 822 1528 dolor
862 1500 996 1529 meus.

174 1537 223 1588 V.
255 1543 482 1584 Attendite
518 1543 709 1584 universi
745 1543 916 1596 populi,
954 1548 997 1585 et

169 1599 315 1642 videte
331 1600 528 1642 dolorem
542 1613 698 1642 meum.
717 1601 762 1642 Si
777 1606 843 1642 est
856 1600 995 1643 dolor.

475 1658 624 1699 Lectio
645 1659 697 1699 vi.

174 1707 466 1813 posuerunt
500 1714 705 1756 custodes
741 1714 900 1756 milites
937 1713 994 1756 ad

272 1771 560 1823 sepulchrum.
614 1771 839 1812 Gonoussa
876 1775 994 1812 terra

169 1827 383 1869 Dominus
396 1828 646 1869 resurrexit:
661 1827 869 1869 miracula
881 1827 995 1869 facta

171 1889 270 1925 sunt
293 1884 398 1925 talia
421 1884 537 1926 circa
561 1884 855 1937 sepulchrum,
880 1889 928 1926 ut
951 1889 995 1926 et

169 1940 254 1993 ipsi
277 1941 451 1990 milites,
481 1942 554 1993 qui
579 1941 786 1983 custodes
810 1941 993 1983 advene-

170 2003 284 2047 rant,
307 2002 443 2039 testes
464 1998 632 2048 fierent,
655 1998 692 2039 si
711 1998 872 2040 vellent
890 2011 994 2040 vera

170 2054 380 2096 nuntiare.
434 2054 520 2096 Sed
553 2054 734 2096 avaritia
767 2054 859 2104 illa,
896 2068 994 2107 quae

170 2110 410 2163 captivavit
468 2110 731 2163 discipulum
789 2111 994 2153 comitem

171 2167 349 2217 Christi,
377 2167 616 2220 captivavit
644 2173 688 2209 et
713 2167 896 2209 militem
925 2181 993 2210 eu-

170 2224 343 2266 stodem
371 2223 602 2276 sepulchri.
646 2224 829 2274 Damus,
856 2225 993 2277 inqui-

170 2286 256 2331 unt,
272 2280 398 2322 vobis
414 2280 658 2334 pecliniam:
676 2285 719 2322 et
734 2281 875 2330 dicite,
893 2282 993 2333 quia

169 2336 294 2378 vobis
332 2337 650 2379 dormientibus
686 2339 898 2379 venerunt
933 2336 992 2379 di-

169 2394 326 2446 scipuli
359 2395 468 2445 ejus,
503 2399 547 2435 et
579 2393 853 2436 abstulerunt
885 2407 993 2435 eum.

169 2449 286 2491 Vere
318 2451 571 2492 defecerunt
603 2453 847 2492 scrutantes
877 2464 991 2492 scru-

170 2506 366 2548 tationes.
406 2506 521 2558 Quid
545 2513 611 2549 est
636 2507 754 2559 quod
779 2507 940 2557 dixisti,
966 2521 991 2549 o

170 2561 318 2603 infelix
341 2564 521 2605 astutia?
559 2564 806 2605 Tantumne
828 2563 992 2606 deseris

169 2617 310 2660 lucem
340 2620 507 2661 consilii
534 2621 727 2673 pietatis,
756 2625 799 2662 et
824 2621 867 2661 in
894 2634 992 2673 pro-

169 2674 302 2716 funda
322 2678 525 2718 versutiae
546 2678 821 2729 demergeris,
843 2682 889 2718 ut
909 2677 993 2719 hoc

170 2730 304 2772 dicas:
328 2733 485 2783 Dicite,
510 2735 611 2786 quia
630 2734 756 2776 vobis
777 2734 991 2776 dormien-

1057 292 1175 334 tibus
1212 295 1423 336 venerunt
1455 294 1660 348 discipuli
1692 295 1804 347 ejus,
1840 300 1884 338 et

1057 348 1331 392 abstulerunt
1358 350 1480 393 eum?
1515 351 1798 394 Dormientes
1821 357 1882 394 te-

1057 410 1146 448 stes
1174 406 1373 449 adhibes:
1399 420 1503 450 vere
1528 413 1576 450 tu
1601 408 1696 462 ipse
1723 407 1882 451 obdor-

1056 463 1183 513 misti,
1203 464 1278 515 qui
1297 464 1533 506 scrutando
1551 465 1656 507 talia
1674 465 1883 507 defecisti.

1116 522 1161 572 Rg.
1192 520 1308 563 Ecce
1347 520 1570 574 quomodo
1606 522 1791 563 moritur
1822 523 1881 575 ju-

1055 580 1159 627 stus,
1174 582 1218 619 et
1231 590 1359 619 nemo
1375 578 1564 631 percipit
1577 578 1725 621 corde:
1742 583 1786 621 et
1799 578 1882 620 viri

1054 633 1153 685 justi
1172 634 1394 685 tolluntur,
1415 639 1459 677 et
1474 647 1604 677 nemo
1619 635 1881 678 considerat·

1054 702 1078 731 a
1103 690 1214 733 facie
1238 691 1479 745 iniquitatis
1506 692 1704 734 sublatus
1730 697 1797 735 est
1822 693 1880 744 ju-

1054 751 1165 788 stus·
1203 749 1224 773 *
1252 748 1309 790 Et
1341 749 1422 790 erit
1452 749 1496 790 in
1528 762 1639 802 pace
1669 749 1882 791 memoria

1054 804 1154 856 ejus.
1197 798 1244 850 Y.
1279 805 1524 857 Tamquam
1558 819 1696 857 agnus
1731 818 1880 848 coram

1054 860 1264 903 tondente
1286 875 1333 903 se
1354 862 1587 913 obmutuit,
1612 867 1655 905 et
1673 875 1762 904 non
1781 864 1879 915 ape-

1053 918 1141 959 ruit
1168 931 1218 959 os
1246 931 1388 960 suum:
1420 918 1475 961 de
1503 919 1719 971 angustia,
1753 923 1797 961 et
1824 919 1880 961 de

1051 973 1210 1025 judicio
1252 974 1451 1017 sublatus
1492 980 1569 1018 est.
1622 976 1679 1018 Et
1716 976 1797 1017 erit
1834 976 1879 1017 in

1054 1043 1174 1083 pace.
1220 1034 1335 1074 Ecce
1364 1031 1599 1085 quomodo.

1268 1112 1315 1150 In
1343 1112 1413 1150 III.
1442 1111 1664 1150 Nocturno.

1107 1176 1202 1217 Ant.
1230 1177 1348 1217 Deus
1368 1176 1544 1228 adjuvat
1561 1189 1643 1227 me,
1668 1181 1712 1218 et
1730 1176 1876 1218 Domi-

1049 1244 1130 1272 nus
1150 1234 1380 1285 susceptor
1400 1238 1467 1275 est
1486 1234 1642 1275 animae
1661 1246 1783 1276 meae.

1320 1305 1517 1345 Psalmus
1545 1305 1609 1345 )3.

1090 1376 1256 1424 Tfeus
1277 1373 1321 1414 in
1338 1373 1513 1415 nomine
1530 1378 1607 1415 tuo
1623 1372 1791 1415 salvum
1805 1386 1876 1415 me

1088 1446 1147 1475 μ
1169 1455 1172 1465 2
1195 1430 1282 1471 fac·
1314 1431 1339 1457 *
1371 1435 1415 1472 et
1445 1430 1489 1471 in
1520 1430 1681 1472 virtute
1712 1434 1788 1472 tua
1817 1431 1876 1482 ju-

1056 1508 1059 1509 ν
1116 1483 1170 1509 *⁶
1196 1486 1294 1529 dica
1321 1499 1403 1529 me.

1100 1544 1220 1585 Deus
1253 1543 1411 1586 exaudi
1444 1543 1688 1585 orationem
1717 1556 1876 1585 meam:

1048 1600 1071 1626 *
1090 1600 1269 1642 auribus
1287 1601 1467 1653 percipe
1486 1599 1621 1642 verba
1641 1599 1730 1642 oris
1748 1600 1845 1641 mei.

1102 1657 1318 1706 Quoniam
1367 1657 1497 1698 alieni
1546 1656 1875 1698 insurrexerunt

1048 1712 1280 1754 adversum
1294 1727 1375 1763 me,
1395 1718 1438 1755 et
1455 1713 1592 1755 fortes
1609 1713 1875 1766 quaesierunt

1048 1770 1237 1811 animam
1268 1783 1427 1811 meam:
1460 1770 1484 1796 *
1517 1774 1561 1812 et
1592 1782 1681 1811 non
1713 1782 1874 1822 propo-

1049 1828 1229 1868 suerunt
1265 1826 1408 1869 Deum
1448 1831 1549 1868 ante
1590 1827 1874 1879 conspectum

1049 1896 1185 1924 suum.

1098 1940 1213 1982 Ecce
1243 1940 1357 1982 enim
1380 1941 1502 1982 Deus
1530 1939 1706 1991 adjuvat
1733 1951 1820 1981 me:
1848 1939 1872 1965 *

1048 2001 1091 2038 et
1118 1997 1333 2039 Dominus
1364 1999 1595 2049 susceptor
1622 2001 1690 2038 est
1715 1996 1871 2037 animae

1046 2066 1167 2095 meae.

1099 2110 1262 2153 Averte
1286 2111 1400 2152 mala
1423 2111 1609 2152 inimicis
1632 2109 1755 2152 meis:
1780 2109 1804 2135 *
1828 2114 1872 2151 et

1046 2168 1089 2209 in
1108 2169 1292 2210 veritate
1310 2172 1385 2209 tua
1405 2167 1611 2220 disperde
1630 2167 1738 2208 illos

1097 2224 1356 2267 Voluntarie
1381 2224 1638 2266 sacrificabo
1661 2223 1756 2273 tibi,
1780 2222 1804 2249 *
1828 2228 1871 2264 et

1047 2281 1290 2323 confitebor
1334 2281 1498 2322 nomini
1543 2286 1620 2323 tuo
1665 2279 1871 2322 Domine:

1047 2338 1253 2390 quoniam
1280 2337 1444 2379 bonum
1472 2342 1554 2379 est:

1098 2395 1314 2445 Quoniam
1347 2407 1401 2436 ex
1438 2394 1556 2436 omni
1590 2392 1870 2435 tribulatione

1046 2451 1243 2504 eripuisti
1268 2464 1357 2493 me:
1389 2451 1413 2477 '⁰‘
1442 2456 1485 2492 et
1512 2463 1645 2503 super
1670 2450 1869 2491 inimicos

1045 2520 1168 2549 meos
1189 2507 1389 2560 despexit
1409 2507 1561 2549 oculus
1579 2519 1713 2548 meus.

1098 2564 1197 2604 Ant.
1223 2565 1343 2606 Deus
1362 2562 1537 2616 adjuvat
1554 2576 1635 2613 me,
1659 2567 1703 2604 et
1721 2562 1868 2603 Domi-

1046 2634 1126 2662 nus
1146 2622 1373 2674 susceptor
1393 2625 1460 2662 est
1479 2620 1635 2660 animae
1653 2631 1774 2660 meae.

1100 2680 1197 2719 Ant.
1213 2680 1264 2719 In
1276 2690 1385 2730 pace
1400 2677 1539 2718 factus
1554 2680 1620 2718 est
1631 2675 1754 2717 locus
1769 2675 1868 2727 ejus,

1046 2739 1089 2775 et
1108 2735 1151 2775 in
1171 2734 1275 2776 Sion
1292 2733 1506 2776 habitatio
1527 2733 1627 2784 ejus.
