2066 2956
430 185 603 220 Officium
631 188 800 221 votivum
828 188 873 222 de
900 189 1143 223 Immaculata
1172 190 1351 233 (Ionccpt.
1379 191 1417 223 13.
1444 191 1487 224 M,
1515 191 1554 223 Y.

1755 196 1846 240 [271]

149 284 206 326 ad
233 285 528 327 Immaculatae
557 285 864 339 Conceptionis
896 288 970 330 ho-

149 342 300 383 norem
318 341 541 392 institutiS,
568 342 659 384 sive
678 342 880 385 laudibus
900 347 970 386 eo-

149 409 244 438 rum
258 398 411 450 pietati
425 396 593 448 delatis,
609 399 683 451 qui
699 401 970 449 monasteria,

148 453 439 504 xenodochia,
475 454 645 504 altaria,
688 456 851 509 templa
889 457 969 499 sub

148 510 419 552 Immaculati
449 511 697 564 Conceptus
724 513 851 554 titulo
882 516 969 555 ere-

148 566 304 616 xerint,
350 572 424 608 aut
464 569 722 610 sacramenti
762 568 969 620 religione

76 624 79 626 ’
146 621 405 675 interposita
421 623 750 666 Immaculatam
764 625 968 678 Deiparae

148 679 491 732 Conceptionem
506 682 679 722 strenue
690 685 969 734 propugnare

63 756 66 757 ν
146 735 476 788 spoponderint.

198 796 248 846 R!-
282 791 400 833 Nihil
425 793 696 845 inquinatum
720 795 763 835 in
789 807 884 836 eam
909 796 968 836 in-

146 848 294 889 carrit:
319 852 339 874 *
371 848 545 890 Candor
570 854 636 891 est
661 850 768 891 lucis
793 853 967 892 aeternae

146 909 189 946 et
216 904 442 957 speculum
470 905 562 947 sine
590 906 770 948 macula.
813 902 860 951 Y*-
888 908 968 949 Est

145 960 259 1002 enim
282 960 377 1002 haec
403 962 648 1014 speciosior
672 962 782 1012 sole,
815 969 858 1005 et
882 963 968 1005 luci

145 1019 400 1070 comparata
422 1018 638 1060 invenitur
661 1019 822 1071 purior.
860 1020 966 1061 Can-

145 1071 228 1114 dor
248 1079 324 1115 est.

151 1141 153 1143 ·
443 1126 595 1166 Lectio
616 1127 667 1165 vi.

194 1199 356 1240 nsuper
388 1189 664 1240 summopere
698 1187 835 1230 laetati
869 1194 968 1230 sunt

214 1242 450 1285 decernere
471 1243 783 1296 Conceptionis
809 1244 967 1286 festum

144 1299 199 1341 ab
231 1300 349 1341 omni
383 1299 567 1341 ecclesia
594 1313 690 1342 esse
719 1300 967 1343 habendum

144 1355 302 1397 eodem
329 1368 463 1397 censu
490 1368 541 1397 ac
565 1359 766 1406 numero,
796 1370 882 1409 quo
909 1357 965 1399 fe-

145 1416 260 1453 stum
283 1411 551 1462 Nativitatis,
575 1412 779 1464 idemque
805 1413 965 1454 Conce-

143 1468 306 1520 ptionis
325 1467 484 1509 festum
503 1480 602 1509 cum
626 1471 783 1510 octava
803 1469 858 1510 ab
877 1469 964 1511 uni-

143 1525 270 1565 versa
287 1523 486 1566 Ecclesia
504 1523 827 1575 celebrandum,
847 1530 891 1567 et
910 1525 965 1567 ab

143 1579 344 1622 omnibus
375 1581 487 1623 inter
518 1593 585 1631 ea,
618 1594 716 1633 quae
743 1583 965 1634 praecepta

143 1642 258 1686 sunt,
284 1643 433 1679 sancte
452 1637 698 1687 colendum,
725 1650 776 1679 ac
791 1638 963 1690 pontifi-

143 1693 254 1734 ciam
277 1693 491 1747 capellam
513 1694 557 1734 in
580 1694 859 1746 patriarchali
877 1694 964 1736 No-

143 1754 232 1791 stra
246 1749 476 1792 Liberiana
489 1750 669 1792 basilica
688 1749 757 1792 die
772 1751 964 1802 Virginis

143 1805 451 1858 Conceptionis
471 1819 597 1848 sacro
618 1807 851 1858 quotannis
868 1819 964 1849 esse

141 1862 446 1914 peragendam.
475 1865 622 1915 Atque
642 1866 903 1916 exoptantes
921 1864 964 1904 in

141 1916 335 1960 fidelium
353 1919 508 1960 animis
533 1919 728 1971 quotidie
747 1920 885 1970 magis
903 1919 964 1961 fo-

142 1975 244 2016 vere
262 1974 374 2017 hanc
393 1975 448 2017 de
462 1975 746 2017 Immaculata
759 1976 964 2028 Deiparae

143 2029 439 2084 Conceptione
455 2031 708 2082 doctrinam,
724 2034 964 2083 eorumque

141 2087 350 2138 pietatem
374 2088 564 2129 excitare
587 2086 644 2129 ad
662 2088 805 2140 ipsam
823 2088 963 2138 Virgi-

141 2155 252 2193 nem,
271 2144 362 2186 sine
381 2144 479 2186 labe
496 2144 694 2196 originali
707 2145 964 2196 conceptam

142 2198 371 2241 colendam
402 2206 446 2241 et
478 2199 787 2249 venerandam,
826 2201 964 2251 gavisi

142 2260 245 2297 sunt⁴
260 2269 390 2308 quarn
408 2256 693 2298 libentissime
715 2255 965 2298 facultatem

141 2310 348 2362 tribuere,
369 2317 417 2354 ut
434 2313 479 2353 in
497 2312 754 2354 Lauretanis
772 2312 963 2361 Litaniis,

142 2372 186 2409 et
217 2368 260 2408 in
292 2369 388 2421 ipsa
418 2369 565 2410 Missae
592 2368 854 2410 Praefatione
882 2369 963 2408 Im-

141 2423 383 2467 maculatus
414 2424 608 2477 ejusdem
640 2425 833 2476 Virginis
866 2436 962 2476 pro-

142 2479 402 2522 clamaretur
422 2482 681 2533 Conceptus,
701 2486 831 2532 atque
851 2479 962 2522 adeo

141 2535 212 2577 lex
230 2536 437 2578 credendi
460 2537 556 2589 ipsa
575 2536 848 2590 supplicandi
866 2536 963 2586 lege

142 2595 415 2635 statueretur.

195 2646 246 2697 Rt·
268 2648 447 2699 Signum
468 2662 671 2700 magnum
695 2648 895 2701 apparuit
919 2648 963 2688 in

142 2703 272 2746 coelo:
297 2704 452 2746 Mulier
478 2707 635 2747 amicta
659 2704 768 2754 sole,
797 2709 841 2746 et
862 2703 963 2746 luna

1023 289 1103 330 sub
1135 289 1322 342 pedibus
1355 292 1459 343 ejus:
1486 291 1505 308 *
1536 292 1591 332 Et
1623 292 1666 332 in
1699 293 1844 344 capite

1024 347 1114 405 eJus
1145 349 1307 388 corona
1343 347 1566 388 stellarum
1603 348 1844 390 duodecim.

1025 396 1070 440 ἳν-
1097 401 1242 444 Induit
1266 415 1362 444 eam
1381 404 1593 445 Dominus
1617 404 1844 446 vestimen-

1023 459 1079 499 tis
1107 458 1274 507 salutis,
1302 458 1555 501 indumento
1584 461 1773 511 justitiae,
1802 467 1844 502 et

1024 515 1147 566 quasi
1171 527 1378 567 sponsam
1401 516 1571 557 ornavit
1595 528 1689 557 eam
1711 519 1843 558 moni·

1023 570 1136 612 libus
1153 571 1253 611 suis.
1282 571 1348 612 Et.
1377 571 1528 613 Gloria
1545 572 1676 613 Patri.
1703 573 1769 614 Et.

1236 647 1282 685 In
1311 647 1380 685 III.
1409 647 1443 685 N
1446 648 1628 685 octurno.

1076 706 1173 746 Ant.
1198 706 1489 750 Sanctimonia
1509 715 1551 752 et
1570 710 1841 761 magnificen-

1022 762 1082 802 tia
1108 764 1131 789 *
1155 763 1198 803 in
1224 764 1523 818 Conceptione
1552 768 1656 818 ejus;
1684 779 1841 808 annun-

1022 818 1128 860 tiate
1156 819 1199 859 in
1228 821 1428 862 omnibus
1458 822 1633 875 populis
1661 823 1843 873 gloriam

1022 887 1122 926 ejus.

1077 934 1171 973 Ant.
1207 933 1432 974 Laetamini
1463 947 1614 977 omnes
1640 936 1663 960 *
1687 936 1730 976 in
1754 935 1841 976 Do-

1018 987 1148 1038 mino,
1168 994 1211 1030 et
1228 989 1492 1032 confitemini
1509 992 1733 1033 memoriae
1749 1005 1841 1032 san-

1019 1044 1182 1086 ctitatis
1203 1046 1303 1097 ejus.

1075 1103 1172 1142 Ant.
1218 1102 1380 1143 Notum
1422 1103 1525 1145 fecit
1563 1105 1586 1130 *
1627 1104 1841 1145 Dominus

1020 1167 1132 1208 opus
1156 1170 1297 1199 suum:
1322 1159 1365 1199 in
1391 1162 1630 1212 conspectu
1649 1161 1842 1211 gentium

1020 1212 1230 1255 revelavit
1249 1214 1431 1265 gloriam
1452 1216 1683 1258 Genitricis
1703 1229 1804 1258 suae.

1072 1269 1121 1318 Υ.
1135 1270 1351 1312 Exaltabo
1367 1277 1410 1313 te
1421 1272 1619 1322 Domine,
1636 1273 1841 1324 quoniam

1020 1326 1250 1388 suscepisti
1279 1340 1359 1368 me.
1407 1327 1454 1375 Rg.
1486 1328 1580 1369 Nec
1614 1328 1841 1371 delectasti

1019 1383 1215 1423 inimicos
1235 1395 1357 1425 meos
1378 1397 1509 1436 super
1526 1397 1605 1426 me.

1021 1455 1174 1496 Lectio
1199 1456 1337 1497 sancti
1356 1457 1581 1508 Evangelii
1602 1457 1839 1500 secundum

1340 1512 1514 1554 Lucam.

1121 1568 1271 1607 Lectio
1292 1567 1360 1606 vii.
1540 1567 1641 1616 Cap.
1658 1567 1685 1604 1.
1702 1578 1735 1605 c.

1066 1637 1094 1664 n
1112 1623 1187 1665 illo
1206 1626 1416 1677 tempore:
1435 1625 1595 1667 Missus
1615 1630 1680 1667 est
1698 1625 1838 1676 Ange-

1082 1680 1150 1721 lus
1177 1680 1355 1722 Gabriel
1381 1695 1405 1722 a
1430 1682 1527 1724 Deo
1553 1682 1596 1722 in
1622 1681 1841 1723 civitatem

1019 1737 1228 1786 Galilaeae,
1256 1738 1325 1779 cui
1343 1751 1501 1781 nomen
1519 1738 1758 1788 Nazareth,
1784 1737 1840 1780 ad

1017 1793 1242 1844 Virginem
1277 1794 1588 1847 desponsatam
1622 1796 1735 1845 viro,
1772 1795 1839 1836 cui

1016 1862 1175 1891 nomen
1200 1855 1293 1892 erat
1316 1851 1498 1903 Joseph‚
1523 1852 1578 1894 de
1603 1851 1736 1893 domo
1755 1852 1838 1892 Da-

1017 1905 1107 1955 vid,
1133 1911 1176 1947 et
1201 1919 1358 1948 nomen
1381 1907 1574 1959 Virginis
1599 1908 1746 1949 Maria.
1783 1907 1839 1948 Et

1016 1961 1194 2014 reliqua.

1021 2031 1208 2073 Homilia
1235 2033 1374 2075 sancti
1402 2032 1614 2075 Bernardi
1640 2032 1836 2074 Abbatis.

1115 2093 1174 2126 Ex
1200 2094 1366 2128 Homiliu
1390 2095 1419 2128 2.
1446 2105 1561 2137 super
1584 2093 1736 2128 Missus.

1020 2147 1283 2194 actare,
1310 2150 1435 2197 pater
1460 2145 1619 2194 Adam,
1647 2145 1725 2187 sed
1750 2157 1835 2186 ma-

1020 2195 1021 2220 ³
1058 2191 1127 2262 *223⁸
1149 2201 1214 2252 gis
1232 2206 1289 2251 tu,
1311 2214 1336 2243 o
1352 2202 1477 2243 Heva
1490 2206 1638 2250 mater,
1657 2201 1834 2250 exsulta,

1035 2257 1104 2283 4
1125 2263 1126 2267 ’
1151 2258 1241 2309 qui,
1268 2258 1380 2299 sicut
1406 2258 1597 2300 omnium
1620 2259 1835 2310 parenteS‚

1015 2313 1075 2354 ita
1111 2313 1304 2355 omnium
1338 2313 1478 2355 fuistis
1514 2315 1834 2365 peremptores;

1016 2374 1059 2411 et
1079 2368 1199 2420 quod
1213 2369 1424 2410 infelicius
1438 2374 1514 2418 est,
1534 2369 1653 2421 prius
1668 2382 1834 2421 perem-

1014 2427 1180 2477 ptores,
1203 2438 1333 2477 quam
1352 2427 1565 2477 parentes.
1598 2425 1758 2474 Ambo,
1777 2426 1835 2466 in-

1017 2493 1158 2532 quam,
1189 2481 1474 2522 consolamini
1500 2494 1631 2533 super
1657 2481 1760 2530 filia,
1793 2488 1836 2523 et

1015 2537 1091 2578 tali
1119 2537 1222 2586 filia;
1254 2536 1331 2578 sed
1359 2536 1431 2577 illa
1459 2537 1644 2589 amplius
1670 2537 1724 2579 de
1750 2551 1834 2589 qua

1015 2593 1176 2634 malum
1199 2597 1342 2633 ortum
1368 2598 1434 2634 est
1456 2593 1593 2645 prius,
1622 2595 1742 2645 cujus
1762 2606 1835 2645 op·

1014 2648 1239 2701 probrium
1280 2648 1322 2688 in
1366 2661 1516 2690 omnes
1559 2650 1836 2701 pertransivit

1006 2704 1227 2745 mulieres.
1267 2703 1407 2746 Instat
1438 2717 1625 2757 namque
1651 2711 1835 2758 tempus,
