<?xml version="1.0" encoding="UTF-8"?>
<!DOCTYPE html PUBLIC "-//W3C//DTD XHTML 1.0 Transitional//EN"
    "http://www.w3.org/TR/xhtml1/DTD/xhtml1-transitional.dtd">
<html xmlns="http://www.w3.org/1999/xhtml" xml:lang="en" lang="en">
 <head>
  <title>
</title>
<meta http-equiv="Content-Type" content="text/html;charset=utf-8" />
  <meta name='ocr-system' content='tesseract 3.04.00' />
  <meta name='ocr-capabilities' content='ocr_page ocr_carea ocr_par ocr_line ocrx_word'/>
</head>
<body>
  <div class='ocr_page' id='page_1' title='image "./p2breviariumroma00cathuoft_0514.png"; bbox 0 0 2066 2904; ppageno 0'>
   <div class='ocr_carea' id='block_1_1' title="bbox 201 167 270 200">
    <p class='ocr_par' dir='ltr' id='par_1_1' title="bbox 201 167 270 200">
     <span class='ocr_line' id='line_1_1' title="bbox 201 167 270 200; baseline 0 0"><span class='ocrx_word' id='word_1_1' title='bbox 201 167 270 200; x_wconf 70' lang='lat' dir='ltr'>48ss</span> 
     </span>
    </p>
   </div>
   <div class='ocr_carea' id='block_1_2' title="bbox 199 256 1023 1214">
    <p class='ocr_par' dir='ltr' id='par_1_2' title="bbox 199 256 1023 1090">
     <span class='ocr_line' id='line_1_2' title="bbox 204 256 1017 309; baseline -0.007 -6"><span class='ocrx_word' id='word_1_2' title='bbox 204 261 325 303; x_wconf 86' lang='lat' dir='ltr'>dixit:</span> <span class='ocrx_word' id='word_1_3' title='bbox 357 261 464 302; x_wconf 93' lang='lat' dir='ltr'>Cum</span> <span class='ocrx_word' id='word_1_4' title='bbox 490 265 636 302; x_wconf 89' lang='lat' dir='ltr'>autem</span> <span class='ocrx_word' id='word_1_5' title='bbox 661 264 777 301; x_wconf 85' lang='lat' dir='ltr'>esset</span> <span class='ocrx_word' id='word_1_6' title='bbox 800 256 1017 309; x_wconf 82' lang='lat' dir='ltr'>Jerosoly·</span> 
     </span>
     <span class='ocr_line' id='line_1_3' title="bbox 203 314 1020 365; baseline -0.006 -6"><span class='ocrx_word' id='word_1_7' title='bbox 203 319 283 359; x_wconf 92' lang='lat' dir='ltr'>mis</span> <span class='ocrx_word' id='word_1_8' title='bbox 310 318 352 358; x_wconf 93' lang='lat' dir='ltr'>in</span> <span class='ocrx_word' id='word_1_9' title='bbox 376 316 544 359; x_wconf 85' lang='lat' dir='ltr'>Pascha</span> <span class='ocrx_word' id='word_1_10' title='bbox 568 317 611 357; x_wconf 91' lang='lat' dir='ltr'>in</span> <span class='ocrx_word' id='word_1_11' title='bbox 639 316 709 358; x_wconf 89' lang='lat' dir='ltr'>die</span> <span class='ocrx_word' id='word_1_12' title='bbox 737 316 866 365; x_wconf 87' lang='lat' dir='ltr'>festo,</span> <span class='ocrx_word' id='word_1_13' title='bbox 896 314 1020 355; x_wconf 87' lang='lat' dir='ltr'>multi</span> 
     </span>
     <span class='ocr_line' id='line_1_4' title="bbox 202 371 1021 423; baseline -0.007 -7"><span class='ocrx_word' id='word_1_14' title='bbox 202 373 478 416; x_wconf 88' lang='lat' dir='ltr'>crediderunt</span> <span class='ocrx_word' id='word_1_15' title='bbox 497 373 539 414; x_wconf 92' lang='lat' dir='ltr'>in</span> <span class='ocrx_word' id='word_1_16' title='bbox 558 372 731 414; x_wconf 74' lang='lat' dir='ltr'>nemine</span> <span class='ocrx_word' id='word_1_17' title='bbox 750 372 851 423; x_wconf 88' lang='lat' dir='ltr'>ejus.</span> <span class='ocrx_word' id='word_1_18' title='bbox 879 371 1021 420; x_wconf 84' lang='lat' dir='ltr'><strong>Quare</strong></span> 
     </span>
     <span class='ocr_line' id='line_1_5' title="bbox 200 425 1020 479; baseline -0.007 -7"><span class='ocrx_word' id='word_1_19' title='bbox 200 429 477 472; x_wconf 88' lang='lat' dir='ltr'>crediderunt</span> <span class='ocrx_word' id='word_1_20' title='bbox 511 430 555 470; x_wconf 92' lang='lat' dir='ltr'>in</span> <span class='ocrx_word' id='word_1_21' title='bbox 590 429 764 470; x_wconf 84' lang='lat' dir='ltr'>nomine</span> <span class='ocrx_word' id='word_1_22' title='bbox 801 425 913 479; x_wconf 88' lang='lat' dir='ltr'>ejus?</span> <span class='ocrx_word' id='word_1_23' title='bbox 950 426 1020 467; x_wconf 78' lang='lat' dir='ltr'>se-</span> 
     </span>
     <span class='ocr_line' id='line_1_6' title="bbox 200 483 1021 538; baseline -0.007 -10"><span class='ocrx_word' id='word_1_24' title='bbox 200 487 360 538; x_wconf 90' lang='lat' dir='ltr'>quitur,</span> <span class='ocrx_word' id='word_1_25' title='bbox 401 491 445 528; x_wconf 92' lang='lat' dir='ltr'>et</span> <span class='ocrx_word' id='word_1_26' title='bbox 481 485 601 527; x_wconf 90' lang='lat' dir='ltr'>dicit:</span> <span class='ocrx_word' id='word_1_27' title='bbox 642 483 856 526; x_wconf 90' lang='lat' dir='ltr'>Videntes</span> <span class='ocrx_word' id='word_1_28' title='bbox 899 483 1021 533; x_wconf 90' lang='lat' dir='ltr'>signa</span> 
     </span>
     <span class='ocr_line' id='line_1_7' title="bbox 202 538 1019 595; baseline -0.006 -11"><span class='ocrx_word' id='word_1_29' title='bbox 202 544 307 595; x_wconf 91' lang='lat' dir='ltr'>ejus,</span> <span class='ocrx_word' id='word_1_30' title='bbox 334 556 432 595; x_wconf 87' lang='lat' dir='ltr'>quae</span> <span class='ocrx_word' id='word_1_31' title='bbox 456 541 651 584; x_wconf 89' lang='lat' dir='ltr'>faciebat.</span> <span class='ocrx_word' id='word_1_32' title='bbox 684 541 739 582; x_wconf 90' lang='lat' dir='ltr'>Et</span> <span class='ocrx_word' id='word_1_33' title='bbox 760 540 814 581; x_wconf 89' lang='lat' dir='ltr'>de</span> <span class='ocrx_word' id='word_1_34' title='bbox 832 538 1019 580; x_wconf 90' lang='lat' dir='ltr'>Nicode-</span> 
     </span>
     <span class='ocr_line' id='line_1_8' title="bbox 201 595 1019 652; baseline -0.007 -11"><span class='ocrx_word' id='word_1_35' title='bbox 201 613 272 641; x_wconf 92' lang='lat' dir='ltr'>mo</span> <span class='ocrx_word' id='word_1_36' title='bbox 302 599 405 652; x_wconf 91' lang='lat' dir='ltr'>quid</span> <span class='ocrx_word' id='word_1_37' title='bbox 433 598 558 640; x_wconf 84' lang='lat' dir='ltr'>dicit?</span> <span class='ocrx_word' id='word_1_38' title='bbox 595 598 701 638; x_wconf 86' lang='lat' dir='ltr'>Erat</span> <span class='ocrx_word' id='word_1_39' title='bbox 727 596 931 649; x_wconf 89' lang='lat' dir='ltr'>princeps</span> <span class='ocrx_word' id='word_1_40' title='bbox 950 595 1019 635; x_wconf 91' lang='lat' dir='ltr'>Ju-</span> 
     </span>
     <span class='ocr_line' id='line_1_9' title="bbox 200 651 1021 704; baseline -0.007 -7"><span class='ocrx_word' id='word_1_41' title='bbox 200 655 411 704; x_wconf 83' lang='lat' dir='ltr'>daeorum‚</span> <span class='ocrx_word' id='word_1_42' title='bbox 435 654 609 696; x_wconf 76' lang='lat' dir='ltr'>nemine</span> <span class='ocrx_word' id='word_1_43' title='bbox 627 652 903 694; x_wconf 81' lang='lat' dir='ltr'>Nicodemus.</span> <span class='ocrx_word' id='word_1_44' title='bbox 936 651 1021 692; x_wconf 90' lang='lat' dir='ltr'>Hic</span> 
     </span>
     <span class='ocr_line' id='line_1_10' title="bbox 201 706 1021 758; baseline -0.006 -6"><span class='ocrx_word' id='word_1_45' title='bbox 201 712 318 754; x_wconf 86' lang='lat' dir='ltr'>venit</span> <span class='ocrx_word' id='word_1_46' title='bbox 354 711 409 753; x_wconf 91' lang='lat' dir='ltr'>ad</span> <span class='ocrx_word' id='word_1_47' title='bbox 445 724 543 752; x_wconf 90' lang='lat' dir='ltr'>eum</span> <span class='ocrx_word' id='word_1_48' title='bbox 579 714 725 758; x_wconf 89' lang='lat' dir='ltr'>nocte,</span> <span class='ocrx_word' id='word_1_49' title='bbox 771 712 814 749; x_wconf 93' lang='lat' dir='ltr'>et</span> <span class='ocrx_word' id='word_1_50' title='bbox 850 707 912 748; x_wconf 90' lang='lat' dir='ltr'>ait</span> <span class='ocrx_word' id='word_1_51' title='bbox 946 706 1021 748; x_wconf 91' lang='lat' dir='ltr'>illi:</span> 
     </span>
     <span class='ocr_line' id='line_1_11' title="bbox 202 763 1021 818; baseline -0.009 -8"><span class='ocrx_word' id='word_1_52' title='bbox 202 768 363 817; x_wconf 89' lang='lat' dir='ltr'>Rabbi,</span> <span class='ocrx_word' id='word_1_53' title='bbox 390 767 549 809; x_wconf 88' lang='lat' dir='ltr'>scimus</span> <span class='ocrx_word' id='word_1_54' title='bbox 575 766 676 818; x_wconf 89' lang='lat' dir='ltr'>quia</span> <span class='ocrx_word' id='word_1_55' title='bbox 699 777 724 805; x_wconf 91' lang='lat' dir='ltr'>a</span> <span class='ocrx_word' id='word_1_56' title='bbox 743 764 839 805; x_wconf 92' lang='lat' dir='ltr'>Deo</span> <span class='ocrx_word' id='word_1_57' title='bbox 864 763 1021 805; x_wconf 88' lang='lat' dir='ltr'>venisti</span> 
     </span>
     <span class='ocr_line' id='line_1_12' title="bbox 199 819 1022 876; baseline -0.006 -10"><span class='ocrx_word' id='word_1_58' title='bbox 199 827 416 876; x_wconf 86' lang='lat' dir='ltr'>magister.</span> <span class='ocrx_word' id='word_1_59' title='bbox 456 823 512 864; x_wconf 91' lang='lat' dir='ltr'>Et</span> <span class='ocrx_word' id='word_1_60' title='bbox 538 823 619 863; x_wconf 89' lang='lat' dir='ltr'>iste</span> <span class='ocrx_word' id='word_1_61' title='bbox 645 833 749 871; x_wconf 88' lang='lat' dir='ltr'>ergo</span> <span class='ocrx_word' id='word_1_62' title='bbox 775 819 1022 861; x_wconf 83' lang='lat' dir='ltr'>crediderat</span> 
     </span>
     <span class='ocr_line' id='line_1_13' title="bbox 200 875 1021 931; baseline -0.006 -10"><span class='ocrx_word' id='word_1_63' title='bbox 200 881 243 921; x_wconf 90' lang='lat' dir='ltr'>in</span> <span class='ocrx_word' id='word_1_64' title='bbox 264 880 437 921; x_wconf 79' lang='lat' dir='ltr'>nemine</span> <span class='ocrx_word' id='word_1_65' title='bbox 455 880 556 931; x_wconf 91' lang='lat' dir='ltr'>ejus.</span> <span class='ocrx_word' id='word_1_66' title='bbox 592 878 648 920; x_wconf 93' lang='lat' dir='ltr'>Et</span> <span class='ocrx_word' id='word_1_67' title='bbox 671 877 765 929; x_wconf 91' lang='lat' dir='ltr'>ipse</span> <span class='ocrx_word' id='word_1_68' title='bbox 791 875 907 917; x_wconf 89' lang='lat' dir='ltr'>unde</span> <span class='ocrx_word' id='word_1_69' title='bbox 933 889 1021 917; x_wconf 90' lang='lat' dir='ltr'>cre-</span> 
     </span>
     <span class='ocr_line' id='line_1_14' title="bbox 201 932 1023 987; baseline -0.006 -9"><span class='ocrx_word' id='word_1_70' title='bbox 201 935 392 978; x_wconf 89' lang='lat' dir='ltr'>diderat?</span> <span class='ocrx_word' id='word_1_71' title='bbox 411 934 630 987; x_wconf 80' lang='lat' dir='ltr'>sequitur:</span> <span class='ocrx_word' id='word_1_72' title='bbox 647 934 789 975; x_wconf 92' lang='lat' dir='ltr'>Nemo</span> <span class='ocrx_word' id='word_1_73' title='bbox 805 932 918 974; x_wconf 87' lang='lat' dir='ltr'>enim</span> <span class='ocrx_word' id='word_1_74' title='bbox 932 937 1023 985; x_wconf 94' lang='lat' dir='ltr'>pot-</span> 
     </span>
     <span class='ocr_line' id='line_1_15' title="bbox 202 989 1022 1043; baseline -0.006 -9"><span class='ocrx_word' id='word_1_75' title='bbox 202 998 269 1034; x_wconf 87' lang='lat' dir='ltr'>est</span> <span class='ocrx_word' id='word_1_76' title='bbox 287 992 381 1034; x_wconf 90' lang='lat' dir='ltr'>haec</span> <span class='ocrx_word' id='word_1_77' title='bbox 400 992 522 1043; x_wconf 87' lang='lat' dir='ltr'>signa</span> <span class='ocrx_word' id='word_1_78' title='bbox 540 991 700 1040; x_wconf 82' lang='lat' dir='ltr'>facere,</span> <span class='ocrx_word' id='word_1_79' title='bbox 720 1002 818 1042; x_wconf 88' lang='lat' dir='ltr'>quae</span> <span class='ocrx_word' id='word_1_80' title='bbox 838 994 886 1031; x_wconf 94' lang='lat' dir='ltr'>tu</span> <span class='ocrx_word' id='word_1_81' title='bbox 905 989 1022 1038; x_wconf 85' lang='lat' dir='ltr'>facis,</span> 
     </span>
     <span class='ocr_line' id='line_1_16' title="bbox 202 1048 771 1090; baseline -0.005 0"><span class='ocrx_word' id='word_1_82' title='bbox 202 1049 282 1090; x_wconf 88' lang='lat' dir='ltr'>nisi</span> <span class='ocrx_word' id='word_1_83' title='bbox 302 1048 430 1090; x_wconf 74' lang='lat' dir='ltr'>fuerit</span> <span class='ocrx_word' id='word_1_84' title='bbox 448 1048 568 1089; x_wconf 88' lang='lat' dir='ltr'>Deus</span> <span class='ocrx_word' id='word_1_85' title='bbox 589 1059 687 1088; x_wconf 91' lang='lat' dir='ltr'>cum</span> <span class='ocrx_word' id='word_1_86' title='bbox 706 1059 771 1088; x_wconf 91' lang='lat' dir='ltr'>eo.</span> 
     </span>
    </p>

    <p class='ocr_par' dir='ltr' id='par_1_3' title="bbox 202 1102 1023 1214">
     <span class='ocr_line' id='line_1_17' title="bbox 255 1102 1021 1161; baseline -0.008 -13"><span class='ocrx_word' id='word_1_87' title='bbox 255 1110 301 1161; x_wconf 54' lang='lat' dir='ltr'>lxffa</span> <span class='ocrx_word' id='word_1_88' title='bbox 328 1104 467 1146; x_wconf 84' lang='lat' dir='ltr'>Dulce</span> <span class='ocrx_word' id='word_1_89' title='bbox 491 1104 668 1155; x_wconf 86' lang='lat' dir='ltr'>lignum,</span> <span class='ocrx_word' id='word_1_90' title='bbox 694 1103 843 1144; x_wconf 87' lang='lat' dir='ltr'>dulces</span> <span class='ocrx_word' id='word_1_91' title='bbox 862 1102 1021 1152; x_wconf 88' lang='lat' dir='ltr'>clavos,</span> 
     </span>
     <span class='ocr_line' id='line_1_18' title="bbox 202 1158 1023 1214; baseline -0.005 -11"><span class='ocrx_word' id='word_1_92' title='bbox 202 1161 328 1203; x_wconf 85' lang='lat' dir='ltr'>dulce</span> <span class='ocrx_word' id='word_1_93' title='bbox 346 1161 519 1214; x_wconf 92' lang='lat' dir='ltr'>pondus</span> <span class='ocrx_word' id='word_1_94' title='bbox 535 1160 752 1201; x_wconf 85' lang='lat' dir='ltr'><strong>sustinuit:</strong></span> <span class='ocrx_word' id='word_1_95' title='bbox 766 1166 785 1187; x_wconf 84' lang='lat'>*</span> <span class='ocrx_word' id='word_1_96' title='bbox 805 1160 912 1209; x_wconf 89' lang='lat' dir='ltr'>Quae</span> <span class='ocrx_word' id='word_1_97' title='bbox 931 1158 1023 1199; x_wconf 90' lang='lat' dir='ltr'>sola</span> 
     </span>
    </p>
   </div>
   <div class='ocr_carea' id='block_1_3' title="bbox 203 1213 1155 1270">
    <p class='ocr_par' dir='ltr' id='par_1_4' title="bbox 203 1213 1155 1270">
     <span class='ocr_line' id='line_1_19' title="bbox 203 1213 1155 1270; baseline -0.006 -11"><span class='ocrx_word' id='word_1_98' title='bbox 203 1217 332 1268; x_wconf 80' lang='lat' dir='ltr'>digna</span> <span class='ocrx_word' id='word_1_99' title='bbox 365 1218 444 1259; x_wconf 90' lang='lat' dir='ltr'>fuit</span> <span class='ocrx_word' id='word_1_100' title='bbox 475 1218 653 1270; x_wconf 82' lang='lat' dir='ltr'>portare</span> <span class='ocrx_word' id='word_1_101' title='bbox 683 1216 872 1268; x_wconf 87' lang='lat' dir='ltr'>pretium</span> <span class='ocrx_word' id='word_1_102' title='bbox 899 1214 1023 1266; x_wconf 89' lang='lat' dir='ltr'>hujus</span> <span class='ocrx_word' id='word_1_103' title='bbox 1078 1213 1155 1263; x_wconf 49' lang='lat' dir='ltr'>f&#39;ssssfae</span> 
     </span>
    </p>
   </div>
   <div class='ocr_carea' id='block_1_4' title="bbox 202 1271 1030 2387">
    <p class='ocr_par' dir='ltr' id='par_1_5' title="bbox 202 1271 1024 1486">
     <span class='ocr_line' id='line_1_20' title="bbox 203 1271 1024 1325; baseline -0.006 -10"><span class='ocrx_word' id='word_1_104' title='bbox 203 1274 366 1325; x_wconf 71' lang='lat' dir='ltr'>sa&#39;eculi,</span> <span class='ocrx_word' id='word_1_105' title='bbox 403 1273 583 1324; x_wconf 79' lang='lat' dir='ltr'>alleluja.</span> <span class='ocrx_word' id='word_1_106' title='bbox 631 1272 676 1323; x_wconf 48' lang='grc' dir='ltr'>δ”.</span> <span class='ocrx_word' id='word_1_107' title='bbox 720 1272 819 1313; x_wconf 93' lang='lat' dir='ltr'>Hoc</span> <span class='ocrx_word' id='word_1_108' title='bbox 855 1271 1024 1322; x_wconf 85' lang='lat' dir='ltr'>signum</span> 
     </span>
     <span class='ocr_line' id='line_1_21' title="bbox 204 1327 1024 1372; baseline -0.006 0"><span class='ocrx_word' id='word_1_109' title='bbox 204 1331 352 1372; x_wconf 79' lang='lat' dir='ltr'>Crucis</span> <span class='ocrx_word' id='word_1_110' title='bbox 379 1330 460 1372; x_wconf 90' lang='lat' dir='ltr'>erit</span> <span class='ocrx_word' id='word_1_111' title='bbox 484 1330 527 1370; x_wconf 94' lang='lat' dir='ltr'>in</span> <span class='ocrx_word' id='word_1_112' title='bbox 552 1329 664 1371; x_wconf 88' lang='lat' dir='ltr'>coelo</span> <span class='ocrx_word' id='word_1_113' title='bbox 690 1341 788 1370; x_wconf 90' lang='lat' dir='ltr'>cum</span> <span class='ocrx_word' id='word_1_114' title='bbox 811 1327 1024 1368; x_wconf 75' lang='lat' dir='ltr'>Deminus</span> 
     </span>
     <span class='ocr_line' id='line_1_22' title="bbox 202 1384 894 1439; baseline -0.004 -11"><span class='ocrx_word' id='word_1_115' title='bbox 202 1385 258 1428; x_wconf 91' lang='lat' dir='ltr'>ad</span> <span class='ocrx_word' id='word_1_116' title='bbox 276 1385 552 1439; x_wconf 83' lang='lat' dir='ltr'>judicandum</span> <span class='ocrx_word' id='word_1_117' title='bbox 571 1385 747 1426; x_wconf 87' lang='lat' dir='ltr'>venerit.</span> <span class='ocrx_word' id='word_1_118' title='bbox 776 1384 894 1434; x_wconf 83' lang='lat' dir='ltr'>Quae.</span> 
     </span>
     <span class='ocr_line' id='line_1_23' title="bbox 483 1445 734 1486; baseline 0 -2"><span class='ocrx_word' id='word_1_119' title='bbox 483 1445 631 1486; x_wconf 79' lang='lat' dir='ltr'>Lectio</span> <span class='ocrx_word' id='word_1_120' title='bbox 653 1445 734 1485; x_wconf 79' lang='lat' dir='ltr'>viii.</span> 
     </span>
    </p>

    <p class='ocr_par' dir='ltr' id='par_1_6' title="bbox 269 1497 1023 1549">
     <span class='ocr_line' id='line_1_24' title="bbox 269 1497 1023 1549; baseline -0.003 -9"><span class='ocrx_word' id='word_1_121' title='bbox 269 1498 282 1539; x_wconf 94' lang='lat' dir='ltr'>i</span> <span class='ocrx_word' id='word_1_122' title='bbox 307 1511 410 1549; x_wconf 85' lang='lat' dir='ltr'>ergo</span> <span class='ocrx_word' id='word_1_123' title='bbox 433 1498 701 1540; x_wconf 91' lang='lat' dir='ltr'>Nicodemus</span> <span class='ocrx_word' id='word_1_124' title='bbox 726 1497 781 1539; x_wconf 95' lang='lat' dir='ltr'>de</span> <span class='ocrx_word' id='word_1_125' title='bbox 807 1497 891 1538; x_wconf 91' lang='lat' dir='ltr'>illis</span> <span class='ocrx_word' id='word_1_126' title='bbox 918 1497 1023 1539; x_wconf 92' lang='lat' dir='ltr'>mul-</span> 
     </span>
    </p>

    <p class='ocr_par' dir='ltr' id='par_1_7' title="bbox 203 1552 1030 2387">
     <span class='ocr_line' id='line_1_25' title="bbox 285 1552 1024 1607; baseline -0.003 -11"><span class='ocrx_word' id='word_1_127' title='bbox 285 1555 340 1596; x_wconf 88' lang='lat' dir='ltr'>tis</span> <span class='ocrx_word' id='word_1_128' title='bbox 359 1560 469 1605; x_wconf 90' lang='lat' dir='ltr'>erat,</span> <span class='ocrx_word' id='word_1_129' title='bbox 496 1555 570 1607; x_wconf 92' lang='lat' dir='ltr'>qui</span> <span class='ocrx_word' id='word_1_130' title='bbox 595 1552 871 1596; x_wconf 84' lang='lat' dir='ltr'>crediderant</span> <span class='ocrx_word' id='word_1_131' title='bbox 890 1554 933 1594; x_wconf 94' lang='lat' dir='ltr'>in</span> <span class='ocrx_word' id='word_1_132' title='bbox 951 1556 1024 1595; x_wconf 84' lang='lat' dir='ltr'>no-</span> 
     </span>
     <span class='ocr_line' id='line_1_26' title="bbox 203 1610 1025 1664; baseline 0 -12"><span class='ocrx_word' id='word_1_133' title='bbox 203 1612 316 1653; x_wconf 91' lang='lat' dir='ltr'>mine</span> <span class='ocrx_word' id='word_1_134' title='bbox 341 1612 448 1664; x_wconf 90' lang='lat' dir='ltr'>ejus,</span> <span class='ocrx_word' id='word_1_135' title='bbox 487 1612 570 1663; x_wconf 88' lang='lat' dir='ltr'>jam</span> <span class='ocrx_word' id='word_1_136' title='bbox 599 1612 641 1651; x_wconf 90' lang='lat' dir='ltr'>in</span> <span class='ocrx_word' id='word_1_137' title='bbox 669 1611 755 1653; x_wconf 91' lang='lat' dir='ltr'>isto</span> <span class='ocrx_word' id='word_1_138' title='bbox 779 1610 1025 1652; x_wconf 92' lang='lat' dir='ltr'>Nicodemo</span> 
     </span>
     <span class='ocr_line' id='line_1_27' title="bbox 203 1667 1026 1720; baseline -0.001 -10"><span class='ocrx_word' id='word_1_139' title='bbox 203 1667 494 1718; x_wconf 74' lang='lat' dir='ltr'>attendamus,</span> <span class='ocrx_word' id='word_1_140' title='bbox 535 1681 670 1720; x_wconf 91' lang='lat' dir='ltr'>quare</span> <span class='ocrx_word' id='word_1_141' title='bbox 701 1668 828 1709; x_wconf 90' lang='lat' dir='ltr'>Jesus</span> <span class='ocrx_word' id='word_1_142' title='bbox 859 1680 947 1708; x_wconf 89' lang='lat' dir='ltr'>non</span> <span class='ocrx_word' id='word_1_143' title='bbox 979 1681 1026 1709; x_wconf 89' lang='lat' dir='ltr'>se</span> 
     </span>
     <span class='ocr_line' id='line_1_28' title="bbox 204 1724 1028 1777; baseline -0.004 -10"><span class='ocrx_word' id='word_1_144' title='bbox 204 1724 409 1767; x_wconf 90' lang='lat' dir='ltr'>credebat</span> <span class='ocrx_word' id='word_1_145' title='bbox 435 1725 508 1766; x_wconf 91' lang='lat' dir='ltr'>eis.</span> <span class='ocrx_word' id='word_1_146' title='bbox 544 1724 793 1777; x_wconf 83' lang='lat' dir='ltr'>Respondit</span> <span class='ocrx_word' id='word_1_147' title='bbox 815 1724 839 1764; x_wconf 92' lang='lat' dir='ltr'><strong>J</strong></span> <span class='ocrx_word' id='word_1_148' title='bbox 842 1736 958 1773; x_wconf 82' lang='lat' dir='ltr'>esuS,</span> <span class='ocrx_word' id='word_1_149' title='bbox 985 1729 1028 1765; x_wconf 93' lang='lat' dir='ltr'>et</span> 
     </span>
     <span class='ocr_line' id='line_1_29' title="bbox 204 1779 1028 1830; baseline -0.002 -7"><span class='ocrx_word' id='word_1_150' title='bbox 204 1781 311 1823; x_wconf 81' lang='lat' dir='ltr'>dixit</span> <span class='ocrx_word' id='word_1_151' title='bbox 326 1781 381 1822; x_wconf 92' lang='lat' dir='ltr'>ei:</span> <span class='ocrx_word' id='word_1_152' title='bbox 402 1781 552 1830; x_wconf 90' lang='lat' dir='ltr'>Amen,</span> <span class='ocrx_word' id='word_1_153' title='bbox 572 1793 697 1823; x_wconf 88' lang='lat' dir='ltr'>amen</span> <span class='ocrx_word' id='word_1_154' title='bbox 717 1780 818 1822; x_wconf 91' lang='lat' dir='ltr'>dico</span> <span class='ocrx_word' id='word_1_155' title='bbox 837 1779 927 1830; x_wconf 90' lang='lat' dir='ltr'>tibi,</span> <span class='ocrx_word' id='word_1_156' title='bbox 946 1780 1028 1821; x_wconf 89' lang='lat' dir='ltr'>nisi</span> 
     </span>
     <span class='ocr_line' id='line_1_30' title="bbox 206 1837 1028 1890; baseline -0.001 -11"><span class='ocrx_word' id='word_1_157' title='bbox 206 1838 301 1890; x_wconf 89' lang='lat' dir='ltr'>quis</span> <span class='ocrx_word' id='word_1_158' title='bbox 320 1839 495 1879; x_wconf 79' lang='lat' dir='ltr'>renatus</span> <span class='ocrx_word' id='word_1_159' title='bbox 515 1838 642 1880; x_wconf 82' lang='lat' dir='ltr'>fuerit</span> <span class='ocrx_word' id='word_1_160' title='bbox 656 1837 810 1886; x_wconf 82' lang='lat' dir='ltr'>denuo,</span> <span class='ocrx_word' id='word_1_161' title='bbox 825 1849 914 1878; x_wconf 92' lang='lat' dir='ltr'>non</span> <span class='ocrx_word' id='word_1_162' title='bbox 933 1841 1028 1889; x_wconf 91' lang='lat' dir='ltr'>pot·</span> 
     </span>
     <span class='ocr_line' id='line_1_31' title="bbox 206 1893 1028 1946; baseline -0.001 -10"><span class='ocrx_word' id='word_1_163' title='bbox 206 1900 273 1936; x_wconf 94' lang='lat' dir='ltr'>est</span> <span class='ocrx_word' id='word_1_164' title='bbox 292 1893 439 1935; x_wconf 86' lang='lat' dir='ltr'>videre</span> <span class='ocrx_word' id='word_1_165' title='bbox 462 1907 639 1946; x_wconf 83' lang='lat' dir='ltr'>regnum</span> <span class='ocrx_word' id='word_1_166' title='bbox 659 1894 753 1936; x_wconf 91' lang='lat' dir='ltr'>Dei.</span> <span class='ocrx_word' id='word_1_167' title='bbox 789 1893 903 1946; x_wconf 83' lang='lat' dir='ltr'>Ipsis</span> <span class='ocrx_word' id='word_1_168' title='bbox 923 1906 1028 1945; x_wconf 88' lang='lat' dir='ltr'>ergo</span> 
     </span>
     <span class='ocr_line' id='line_1_32' title="bbox 206 1950 1030 2003; baseline -0.001 -11"><span class='ocrx_word' id='word_1_169' title='bbox 206 1963 253 1992; x_wconf 88' lang='lat' dir='ltr'>se</span> <span class='ocrx_word' id='word_1_170' title='bbox 287 1950 424 1992; x_wconf 91' lang='lat' dir='ltr'>credit</span> <span class='ocrx_word' id='word_1_171' title='bbox 455 1951 596 2000; x_wconf 89' lang='lat' dir='ltr'>Jesus,</span> <span class='ocrx_word' id='word_1_172' title='bbox 639 1951 713 2003; x_wconf 93' lang='lat' dir='ltr'>qui</span> <span class='ocrx_word' id='word_1_173' title='bbox 747 1950 837 1992; x_wconf 89' lang='lat' dir='ltr'>nati</span> <span class='ocrx_word' id='word_1_174' title='bbox 871 1950 1030 1991; x_wconf 74' lang='lat' dir='ltr'>fuerint</span> 
     </span>
     <span class='ocr_line' id='line_1_33' title="bbox 206 2006 1028 2049; baseline -0.001 -1"><span class='ocrx_word' id='word_1_175' title='bbox 206 2007 362 2048; x_wconf 91' lang='lat' dir='ltr'>denuo.</span> <span class='ocrx_word' id='word_1_176' title='bbox 421 2007 535 2048; x_wconf 90' lang='lat' dir='ltr'>Ecce</span> <span class='ocrx_word' id='word_1_177' title='bbox 571 2007 631 2048; x_wconf 92' lang='lat' dir='ltr'>illi</span> <span class='ocrx_word' id='word_1_178' title='bbox 672 2006 949 2049; x_wconf 84' lang='lat' dir='ltr'>crediderant</span> <span class='ocrx_word' id='word_1_179' title='bbox 986 2006 1028 2047; x_wconf 91' lang='lat' dir='ltr'>in</span> 
     </span>
     <span class='ocr_line' id='line_1_34' title="bbox 206 2062 1029 2113; baseline -0.001 -9"><span class='ocrx_word' id='word_1_180' title='bbox 206 2076 321 2113; x_wconf 86' lang='lat' dir='ltr'>eum,</span> <span class='ocrx_word' id='word_1_181' title='bbox 348 2068 391 2105; x_wconf 90' lang='lat' dir='ltr'>et</span> <span class='ocrx_word' id='word_1_182' title='bbox 409 2064 433 2104; x_wconf 86' lang='lat' dir='ltr'><strong>J</strong></span> <span class='ocrx_word' id='word_1_183' title='bbox 436 2076 536 2105; x_wconf 91' lang='lat' dir='ltr'>esus</span> <span class='ocrx_word' id='word_1_184' title='bbox 554 2076 641 2105; x_wconf 93' lang='lat' dir='ltr'>non</span> <span class='ocrx_word' id='word_1_185' title='bbox 662 2077 710 2106; x_wconf 88' lang='lat' dir='ltr'>se</span> <span class='ocrx_word' id='word_1_186' title='bbox 730 2062 938 2106; x_wconf 88' lang='lat' dir='ltr'>credebat</span> <span class='ocrx_word' id='word_1_187' title='bbox 955 2062 1029 2104; x_wconf 89' lang='lat' dir='ltr'>eis.</span> 
     </span>
     <span class='ocr_line' id='line_1_35' title="bbox 206 2119 1029 2162; baseline 0 -2"><span class='ocrx_word' id='word_1_188' title='bbox 206 2119 337 2161; x_wconf 90' lang='lat' dir='ltr'>Tales</span> <span class='ocrx_word' id='word_1_189' title='bbox 383 2125 483 2162; x_wconf 84' lang='lat' dir='ltr'>sunt</span> <span class='ocrx_word' id='word_1_190' title='bbox 522 2133 672 2162; x_wconf 92' lang='lat' dir='ltr'>omnes</span> <span class='ocrx_word' id='word_1_191' title='bbox 714 2119 1029 2162; x_wconf 81' lang='lat' dir='ltr'>catechumeni:</span> 
     </span>
     <span class='ocr_line' id='line_1_36' title="bbox 207 2175 1029 2228; baseline 0 -12"><span class='ocrx_word' id='word_1_192' title='bbox 207 2176 291 2228; x_wconf 90' lang='lat' dir='ltr'>ipsi</span> <span class='ocrx_word' id='word_1_193' title='bbox 311 2177 394 2228; x_wconf 90' lang='lat' dir='ltr'>jam</span> <span class='ocrx_word' id='word_1_194' title='bbox 409 2175 591 2218; x_wconf 91' lang='lat' dir='ltr'>credunt</span> <span class='ocrx_word' id='word_1_195' title='bbox 609 2176 652 2217; x_wconf 91' lang='lat' dir='ltr'>in</span> <span class='ocrx_word' id='word_1_196' title='bbox 669 2177 842 2218; x_wconf 80' lang='lat' dir='ltr'>nemine</span> <span class='ocrx_word' id='word_1_197' title='bbox 858 2175 1029 2226; x_wconf 86' lang='lat' dir='ltr'>Christi,</span> 
     </span>
     <span class='ocr_line' id='line_1_37' title="bbox 209 2232 1028 2293; baseline -0.001 -20"><span class='ocrx_word' id='word_1_198' title='bbox 209 2232 286 2273; x_wconf 93' lang='lat' dir='ltr'>sed</span> <span class='ocrx_word' id='word_1_199' title='bbox 311 2233 437 2274; x_wconf 87' lang='lat' dir='ltr'>Jesus</span> <span class='ocrx_word' id='word_1_200' title='bbox 463 2245 550 2274; x_wconf 93' lang='lat' dir='ltr'>non</span> <span class='ocrx_word' id='word_1_201' title='bbox 574 2246 621 2274; x_wconf 84' lang='lat' dir='ltr'>se</span> <span class='ocrx_word' id='word_1_202' title='bbox 648 2232 786 2274; x_wconf 92' lang='lat' dir='ltr'>credit</span> <span class='ocrx_word' id='word_1_203' title='bbox 813 2232 886 2274; x_wconf 91' lang='lat' dir='ltr'>eis.</span> <span class='ocrx_word' id='word_1_204' title='bbox 906 2244 928 2293; x_wconf 68' lang='lat'>3</span> <span class='ocrx_word' id='word_1_205' title='bbox 963 2233 1028 2273; x_wconf 88' lang='lat' dir='ltr'>In-</span> 
     </span>
     <span class='ocr_line' id='line_1_38' title="bbox 208 2287 1030 2340; baseline 0 -11"><span class='ocrx_word' id='word_1_206' title='bbox 208 2287 357 2330; x_wconf 87' lang='lat' dir='ltr'>tendat</span> <span class='ocrx_word' id='word_1_207' title='bbox 387 2293 430 2330; x_wconf 91' lang='lat' dir='ltr'>et</span> <span class='ocrx_word' id='word_1_208' title='bbox 454 2288 665 2340; x_wconf 87' lang='lat' dir='ltr'>intelligat</span> <span class='ocrx_word' id='word_1_209' title='bbox 690 2289 849 2330; x_wconf 80' lang='lat' dir='ltr'>caritas</span> <span class='ocrx_word' id='word_1_210' title='bbox 874 2293 1030 2330; x_wconf 89' lang='lat' dir='ltr'>vestra.</span> 
     </span>
     <span class='ocr_line' id='line_1_39' title="bbox 210 2344 1030 2387; baseline 0.002 -3"><span class='ocrx_word' id='word_1_211' title='bbox 210 2344 254 2384; x_wconf 90' lang='lat' dir='ltr'>Si</span> <span class='ocrx_word' id='word_1_212' title='bbox 274 2344 507 2386; x_wconf 78' lang='lat' dir='ltr'>dixerimus</span> <span class='ocrx_word' id='word_1_213' title='bbox 526 2345 853 2387; x_wconf 80' lang='lat' dir='ltr'>catechumeno:</span> <span class='ocrx_word' id='word_1_214' title='bbox 878 2344 1030 2386; x_wconf 88' lang='lat' dir='ltr'>Credis</span> 
     </span>
    </p>
   </div>
   <div class='ocr_carea' id='block_1_5' title="bbox 210 2399 1033 2734">
    <p class='ocr_par' dir='ltr' id='par_1_8' title="bbox 210 2399 1033 2734">
     <span class='ocr_line' id='line_1_40' title="bbox 210 2399 1031 2454; baseline 0.004 -14"><span class='ocrx_word' id='word_1_215' title='bbox 210 2399 253 2440; x_wconf 92' lang='lat' dir='ltr'>in</span> <span class='ocrx_word' id='word_1_216' title='bbox 287 2400 526 2443; x_wconf 85' lang='lat' dir='ltr'>Christum?</span> <span class='ocrx_word' id='word_1_217' title='bbox 567 2401 841 2454; x_wconf 83' lang='lat' dir='ltr'>Respondet,</span> <span class='ocrx_word' id='word_1_218' title='bbox 876 2400 1031 2451; x_wconf 89' lang='lat' dir='ltr'>Credo,</span> 
     </span>
     <span class='ocr_line' id='line_1_41' title="bbox 212 2456 1032 2510; baseline 0.006 -15"><span class='ocrx_word' id='word_1_219' title='bbox 212 2461 255 2496; x_wconf 89' lang='lat' dir='ltr'>et</span> <span class='ocrx_word' id='word_1_220' title='bbox 278 2456 418 2506; x_wconf 88' lang='lat' dir='ltr'>signat</span> <span class='ocrx_word' id='word_1_221' title='bbox 443 2470 489 2499; x_wconf 88' lang='lat' dir='ltr'>se</span> <span class='ocrx_word' id='word_1_222' title='bbox 517 2458 654 2499; x_wconf 89' lang='lat' dir='ltr'>Cruce</span> <span class='ocrx_word' id='word_1_223' title='bbox 681 2458 857 2500; x_wconf 88' lang='lat' dir='ltr'>Christi:</span> <span class='ocrx_word' id='word_1_224' title='bbox 884 2462 1032 2510; x_wconf 90' lang='lat' dir='ltr'>portat</span> 
     </span>
     <span class='ocr_line' id='line_1_42' title="bbox 212 2511 1031 2562; baseline 0.006 -11"><span class='ocrx_word' id='word_1_225' title='bbox 212 2511 255 2551; x_wconf 88' lang='lat' dir='ltr'>in</span> <span class='ocrx_word' id='word_1_226' title='bbox 274 2512 431 2562; x_wconf 89' lang='lat' dir='ltr'>fronte,</span> <span class='ocrx_word' id='word_1_227' title='bbox 450 2518 494 2555; x_wconf 91' lang='lat' dir='ltr'>et</span> <span class='ocrx_word' id='word_1_228' title='bbox 512 2527 598 2555; x_wconf 90' lang='lat' dir='ltr'>non</span> <span class='ocrx_word' id='word_1_229' title='bbox 618 2514 835 2556; x_wconf 88' lang='lat' dir='ltr'>erubescit</span> <span class='ocrx_word' id='word_1_230' title='bbox 854 2514 909 2556; x_wconf 88' lang='lat' dir='ltr'>de</span> <span class='ocrx_word' id='word_1_231' title='bbox 929 2513 1031 2556; x_wconf 91' lang='lat' dir='ltr'>Cru—</span> 
     </span>
     <span class='ocr_line' id='line_1_43' title="bbox 214 2567 1032 2612; baseline 0.006 -5"><span class='ocrx_word' id='word_1_232' title='bbox 214 2579 263 2608; x_wconf 88' lang='lat' dir='ltr'>ce</span> <span class='ocrx_word' id='word_1_233' title='bbox 282 2567 454 2609; x_wconf 83' lang='lat' dir='ltr'>Domini</span> <span class='ocrx_word' id='word_1_234' title='bbox 477 2570 552 2610; x_wconf 86' lang='lat' dir='ltr'>sui.</span> <span class='ocrx_word' id='word_1_235' title='bbox 586 2570 700 2612; x_wconf 90' lang='lat' dir='ltr'>Ecce</span> <span class='ocrx_word' id='word_1_236' title='bbox 725 2569 865 2612; x_wconf 79' lang='lat' dir='ltr'>credit</span> <span class='ocrx_word' id='word_1_237' title='bbox 889 2571 933 2612; x_wconf 91' lang='lat' dir='ltr'>in</span> <span class='ocrx_word' id='word_1_238' title='bbox 958 2573 1032 2612; x_wconf 80' lang='lat' dir='ltr'>ne-</span> 
     </span>
     <span class='ocr_line' id='line_1_44' title="bbox 213 2622 1033 2676; baseline 0.006 -13"><span class='ocrx_word' id='word_1_239' title='bbox 213 2622 327 2664; x_wconf 90' lang='lat' dir='ltr'>mine</span> <span class='ocrx_word' id='word_1_240' title='bbox 338 2625 436 2675; x_wconf 89' lang='lat' dir='ltr'>ejus.</span> <span class='ocrx_word' id='word_1_241' title='bbox 463 2625 784 2676; x_wconf 85' lang='lat' dir='ltr'>Interrogemus</span> <span class='ocrx_word' id='word_1_242' title='bbox 795 2640 909 2669; x_wconf 88' lang='lat' dir='ltr'>eum:</span> <span class='ocrx_word' id='word_1_243' title='bbox 922 2627 1033 2668; x_wconf 92' lang='lat' dir='ltr'>Man-</span> 
     </span>
     <span class='ocr_line' id='line_1_45' title="bbox 215 2677 1032 2734; baseline 0.007 -14"><span class='ocrx_word' id='word_1_244' title='bbox 215 2677 349 2721; x_wconf 79' lang='lat' dir='ltr'>ducas</span> <span class='ocrx_word' id='word_1_245' title='bbox 372 2692 545 2723; x_wconf 90' lang='lat' dir='ltr'>carnem</span> <span class='ocrx_word' id='word_1_246' title='bbox 560 2682 657 2723; x_wconf 89' lang='lat' dir='ltr'>Filii</span> <span class='ocrx_word' id='word_1_247' title='bbox 680 2683 884 2734; x_wconf 78' lang='lat' dir='ltr'>heminiS‚</span> <span class='ocrx_word' id='word_1_248' title='bbox 911 2689 953 2726; x_wconf 91' lang='lat' dir='ltr'>et</span> <span class='ocrx_word' id='word_1_249' title='bbox 972 2684 1032 2726; x_wconf 90' lang='lat' dir='ltr'>bi-</span> 
     </span>
    </p>
   </div>
   <div class='ocr_carea' id='block_1_6' title="bbox 638 165 1447 209">
    <p class='ocr_par' dir='ltr' id='par_1_9' title="bbox 638 165 1447 209">
     <span class='ocr_line' id='line_1_46' title="bbox 638 165 1447 209; baseline -0.007 -6"><span class='ocrx_word' id='word_1_250' title='bbox 638 169 706 203; x_wconf 79' lang='lat' dir='ltr'>l)ic</span> <span class='ocrx_word' id='word_1_251' title='bbox 731 171 760 202; x_wconf 70' lang='lat'>25.</span> <span class='ocrx_word' id='word_1_252' title='bbox 785 169 883 209; x_wconf 73' lang='lat' dir='ltr'>Maii.</span> <span class='ocrx_word' id='word_1_253' title='bbox 932 169 970 201; x_wconf 85' lang='lat' dir='ltr'>ln</span> <span class='ocrx_word' id='word_1_254' title='bbox 997 167 1220 201; x_wconf 60' lang='lat' dir='ltr'>Inventione</span> <span class='ocrx_word' id='word_1_255' title='bbox 1245 168 1279 199; x_wconf 62' lang='lat' dir='ltr'>S».</span> <span class='ocrx_word' id='word_1_256' title='bbox 1305 165 1447 199; x_wconf 72' lang='lat' dir='ltr'>Crucis.</span> 
     </span>
    </p>
   </div>
   <div class='ocr_carea' id='block_1_7' title="bbox 1073 251 1910 2736">
    <p class='ocr_par' dir='ltr' id='par_1_10' title="bbox 1073 251 1896 410">
     <span class='ocr_line' id='line_1_47' title="bbox 1073 251 1896 307; baseline -0.002 -10"><span class='ocrx_word' id='word_1_257' title='bbox 1073 255 1141 297; x_wconf 88' lang='lat' dir='ltr'>bis</span> <span class='ocrx_word' id='word_1_258' title='bbox 1169 255 1423 307; x_wconf 81' lang='lat' dir='ltr'>sanguinem</span> <span class='ocrx_word' id='word_1_259' title='bbox 1449 253 1547 295; x_wconf 88' lang='lat' dir='ltr'>Filii</span> <span class='ocrx_word' id='word_1_260' title='bbox 1572 251 1784 294; x_wconf 82' lang='lat' dir='ltr'>hominis?</span> <span class='ocrx_word' id='word_1_261' title='bbox 1811 252 1896 295; x_wconf 88' lang='lat' dir='ltr'>Ne-</span> 
     </span>
     <span class='ocr_line' id='line_1_48' title="bbox 1074 309 1895 364; baseline -0.002 -12"><span class='ocrx_word' id='word_1_262' title='bbox 1074 311 1156 353; x_wconf 93' lang='lat' dir='ltr'>scit</span> <span class='ocrx_word' id='word_1_263' title='bbox 1181 311 1286 364; x_wconf 93' lang='lat' dir='ltr'>quid</span> <span class='ocrx_word' id='word_1_264' title='bbox 1312 310 1511 360; x_wconf 89' lang='lat' dir='ltr'>dicimus,</span> <span class='ocrx_word' id='word_1_265' title='bbox 1539 309 1641 362; x_wconf 85' lang='lat' dir='ltr'>quia</span> <span class='ocrx_word' id='word_1_266' title='bbox 1658 309 1785 351; x_wconf 80' lang='lat' dir='ltr'>Jesus</span> <span class='ocrx_word' id='word_1_267' title='bbox 1809 322 1895 351; x_wconf 92' lang='lat' dir='ltr'>non</span> 
     </span>
     <span class='ocr_line' id='line_1_49' title="bbox 1074 367 1394 410; baseline -0.006 0"><span class='ocrx_word' id='word_1_268' title='bbox 1074 381 1121 410; x_wconf 87' lang='lat' dir='ltr'>se</span> <span class='ocrx_word' id='word_1_269' title='bbox 1141 367 1326 409; x_wconf 90' lang='lat' dir='ltr'>credidit</span> <span class='ocrx_word' id='word_1_270' title='bbox 1345 367 1394 409; x_wconf 91' lang='lat' dir='ltr'>ei.</span> 
     </span>
    </p>

    <p class='ocr_par' dir='ltr' id='par_1_11' title="bbox 1073 423 1899 1040">
     <span class='ocr_line' id='line_1_50' title="bbox 1124 423 1896 478; baseline -0.001 -12"><span class='ocrx_word' id='word_1_271' title='bbox 1124 427 1174 478; x_wconf 62' lang='lat' dir='ltr'>R.</span> <span class='ocrx_word' id='word_1_272' title='bbox 1211 424 1331 466; x_wconf 89' lang='lat' dir='ltr'>Sicut</span> <span class='ocrx_word' id='word_1_273' title='bbox 1360 423 1536 476; x_wconf 82' lang='lat' dir='ltr'>Moyses</span> <span class='ocrx_word' id='word_1_274' title='bbox 1569 423 1779 465; x_wconf 77' lang='lat' dir='ltr'>exaltavit</span> <span class='ocrx_word' id='word_1_275' title='bbox 1810 436 1896 466; x_wconf 84' lang='lat' dir='ltr'>ser-</span> 
     </span>
     <span class='ocr_line' id='line_1_51' title="bbox 1073 478 1897 534; baseline -0.002 -11"><span class='ocrx_word' id='word_1_276' title='bbox 1073 483 1249 534; x_wconf 90' lang='lat' dir='ltr'>pentem</span> <span class='ocrx_word' id='word_1_277' title='bbox 1292 481 1334 521; x_wconf 86' lang='lat' dir='ltr'>in</span> <span class='ocrx_word' id='word_1_278' title='bbox 1380 478 1574 529; x_wconf 88' lang='lat' dir='ltr'>deserto,</span> <span class='ocrx_word' id='word_1_279' title='bbox 1619 480 1680 522; x_wconf 90' lang='lat' dir='ltr'>ita</span> <span class='ocrx_word' id='word_1_280' title='bbox 1717 479 1897 522; x_wconf 82' lang='lat' dir='ltr'>exaltari</span> 
     </span>
     <span class='ocr_line' id='line_1_52' title="bbox 1074 535 1897 589; baseline 0 -11"><span class='ocrx_word' id='word_1_281' title='bbox 1074 539 1251 589; x_wconf 82' lang='lat' dir='ltr'>oportet</span> <span class='ocrx_word' id='word_1_282' title='bbox 1264 536 1421 577; x_wconf 87' lang='lat' dir='ltr'>Filium</span> <span class='ocrx_word' id='word_1_283' title='bbox 1440 535 1641 577; x_wconf 78' lang='lat' dir='ltr'>heminis:</span> <span class='ocrx_word' id='word_1_284' title='bbox 1650 536 1746 578; x_wconf 69' lang='lat' dir='ltr'>*Ut</span> <span class='ocrx_word' id='word_1_285' title='bbox 1756 537 1897 578; x_wconf 89' lang='lat' dir='ltr'>omnis</span> 
     </span>
     <span class='ocr_line' id='line_1_53' title="bbox 1075 592 1898 646; baseline 0 -11"><span class='ocrx_word' id='word_1_286' title='bbox 1075 594 1148 645; x_wconf 92' lang='lat' dir='ltr'>qui</span> <span class='ocrx_word' id='word_1_287' title='bbox 1182 592 1320 635; x_wconf 88' lang='lat' dir='ltr'>credit</span> <span class='ocrx_word' id='word_1_288' title='bbox 1351 593 1394 633; x_wconf 90' lang='lat' dir='ltr'>in</span> <span class='ocrx_word' id='word_1_289' title='bbox 1425 592 1589 644; x_wconf 92' lang='lat' dir='ltr'>ipsum,</span> <span class='ocrx_word' id='word_1_290' title='bbox 1620 605 1709 634; x_wconf 92' lang='lat' dir='ltr'>non</span> <span class='ocrx_word' id='word_1_291' title='bbox 1735 595 1898 646; x_wconf 83' lang='lat' dir='ltr'>pereat,</span> 
     </span>
     <span class='ocr_line' id='line_1_54' title="bbox 1075 649 1897 702; baseline 0 -11"><span class='ocrx_word' id='word_1_292' title='bbox 1075 649 1153 691; x_wconf 90' lang='lat' dir='ltr'>sed</span> <span class='ocrx_word' id='word_1_293' title='bbox 1169 649 1328 691; x_wconf 81' lang='lat' dir='ltr'>habeat</span> <span class='ocrx_word' id='word_1_294' title='bbox 1338 649 1471 690; x_wconf 86' lang='lat' dir='ltr'>vitam</span> <span class='ocrx_word' id='word_1_295' title='bbox 1483 650 1702 699; x_wconf 81' lang='lat' dir='ltr'>aeternam,</span> <span class='ocrx_word' id='word_1_296' title='bbox 1717 649 1897 702; x_wconf 78' lang='lat' dir='ltr'>alleluja.</span> 
     </span>
     <span class='ocr_line' id='line_1_55' title="bbox 1075 703 1897 754; baseline -0.001 -6"><span class='ocrx_word' id='word_1_297' title='bbox 1075 703 1120 754; x_wconf 55' lang='grc' dir='ltr'>Υ.</span> <span class='ocrx_word' id='word_1_298' title='bbox 1141 706 1242 748; x_wconf 92' lang='lat' dir='ltr'>Non</span> <span class='ocrx_word' id='word_1_299' title='bbox 1260 705 1376 747; x_wconf 87' lang='lat' dir='ltr'>misit</span> <span class='ocrx_word' id='word_1_300' title='bbox 1395 705 1516 746; x_wconf 90' lang='lat' dir='ltr'>Deus</span> <span class='ocrx_word' id='word_1_301' title='bbox 1533 705 1692 746; x_wconf 88' lang='lat' dir='ltr'>Filium</span> <span class='ocrx_word' id='word_1_302' title='bbox 1710 718 1837 747; x_wconf 88' lang='lat' dir='ltr'>suum</span> <span class='ocrx_word' id='word_1_303' title='bbox 1854 706 1897 747; x_wconf 94' lang='lat' dir='ltr'>in</span> 
     </span>
     <span class='ocr_line' id='line_1_56' title="bbox 1075 761 1899 813; baseline 0.001 -9"><span class='ocrx_word' id='word_1_304' title='bbox 1075 762 1284 804; x_wconf 91' lang='lat' dir='ltr'>mundum</span> <span class='ocrx_word' id='word_1_305' title='bbox 1307 768 1355 804; x_wconf 93' lang='lat' dir='ltr'>ut</span> <span class='ocrx_word' id='word_1_306' title='bbox 1380 761 1543 813; x_wconf 83' lang='lat' dir='ltr'>judicet</span> <span class='ocrx_word' id='word_1_307' title='bbox 1565 761 1792 813; x_wconf 90' lang='lat' dir='ltr'>mundum,</span> <span class='ocrx_word' id='word_1_308' title='bbox 1820 762 1899 805; x_wconf 86' lang='lat' dir='ltr'>sed</span> 
     </span>
     <span class='ocr_line' id='line_1_57' title="bbox 1074 817 1899 871; baseline 0 -10"><span class='ocrx_word' id='word_1_309' title='bbox 1074 824 1122 861; x_wconf 93' lang='lat' dir='ltr'>ut</span> <span class='ocrx_word' id='word_1_310' title='bbox 1140 819 1332 861; x_wconf 87' lang='lat' dir='ltr'>salvetur</span> <span class='ocrx_word' id='word_1_311' title='bbox 1350 817 1538 859; x_wconf 89' lang='lat' dir='ltr'>mundus</span> <span class='ocrx_word' id='word_1_312' title='bbox 1556 831 1636 871; x_wconf 92' lang='lat' dir='ltr'>per</span> <span class='ocrx_word' id='word_1_313' title='bbox 1654 818 1809 871; x_wconf 89' lang='lat' dir='ltr'>ipsum.</span> <span class='ocrx_word' id='word_1_314' title='bbox 1840 819 1899 861; x_wconf 86' lang='lat' dir='ltr'>Ut</span> 
     </span>
     <span class='ocr_line' id='line_1_58' title="bbox 1075 875 1811 917; baseline -0.001 0"><span class='ocrx_word' id='word_1_315' title='bbox 1075 875 1228 917; x_wconf 91' lang='lat' dir='ltr'>omnis.</span> <span class='ocrx_word' id='word_1_316' title='bbox 1253 875 1407 916; x_wconf 85' lang='lat' dir='ltr'>Gloria</span> <span class='ocrx_word' id='word_1_317' title='bbox 1426 875 1556 916; x_wconf 89' lang='lat' dir='ltr'>Patri.</span> <span class='ocrx_word' id='word_1_318' title='bbox 1582 875 1642 917; x_wconf 89' lang='lat' dir='ltr'>Ut</span> <span class='ocrx_word' id='word_1_319' title='bbox 1660 875 1811 916; x_wconf 87' lang='lat' dir='ltr'>omnis.</span> 
     </span>
     <span class='ocr_line' id='line_1_59' title="bbox 1075 948 1893 992; baseline -0.004 -7"><span class='ocrx_word' id='word_1_320' title='bbox 1075 952 1146 985; x_wconf 83' lang='lat' dir='ltr'>I’ro</span> <span class='ocrx_word' id='word_1_321' title='bbox 1176 951 1231 985; x_wconf 71' lang='lat' dir='ltr'>Ss.</span> <span class='ocrx_word' id='word_1_322' title='bbox 1260 949 1485 983; x_wconf 76' lang='lat' dir='ltr'>Alexandro</span> <span class='ocrx_word' id='word_1_323' title='bbox 1515 948 1539 982; x_wconf 89' lang='grc' dir='ltr'>Ι.</span> <span class='ocrx_word' id='word_1_324' title='bbox 1570 948 1690 992; x_wconf 79' lang='lat' dir='ltr'>Papa,</span> <span class='ocrx_word' id='word_1_325' title='bbox 1719 949 1893 990; x_wconf 80' lang='lat' dir='ltr'>Eventio,</span> 
     </span>
     <span class='ocr_line' id='line_1_60' title="bbox 1074 997 1893 1040; baseline -0.004 -6"><span class='ocrx_word' id='word_1_326' title='bbox 1074 1006 1109 1034; x_wconf 82' lang='lat' dir='ltr'>ct</span> <span class='ocrx_word' id='word_1_327' title='bbox 1132 998 1334 1033; x_wconf 72' lang='lat' dir='ltr'>&#39;l&#39;hcodulo</span> <span class='ocrx_word' id='word_1_328' title='bbox 1360 997 1612 1040; x_wconf 77' lang='lat' dir='ltr'>Martyribus,</span> <span class='ocrx_word' id='word_1_329' title='bbox 1637 1007 1681 1031; x_wconf 82' lang='lat' dir='ltr'>ae</span> <span class='ocrx_word' id='word_1_330' title='bbox 1706 997 1893 1031; x_wconf 80' lang='lat' dir='ltr'>Juvenale</span> 
     </span>
    </p>

    <p class='ocr_par' dir='ltr' id='par_1_12' title="bbox 1084 1044 1900 1215">
     <span class='ocr_line' id='line_1_61' title="bbox 1321 1044 1643 1088; baseline 0 -9"><span class='ocrx_word' id='word_1_331' title='bbox 1321 1045 1448 1088; x_wconf 79' lang='lat' dir='ltr'>Episc.</span> <span class='ocrx_word' id='word_1_332' title='bbox 1475 1049 1511 1079; x_wconf 87' lang='lat' dir='ltr'>ct</span> <span class='ocrx_word' id='word_1_333' title='bbox 1535 1044 1643 1079; x_wconf 86' lang='lat' dir='ltr'>Conf.</span> 
     </span>
     <span class='ocr_line' id='line_1_62' title="bbox 1373 1101 1596 1142; baseline -0.009 0"><span class='ocrx_word' id='word_1_334' title='bbox 1373 1101 1524 1142; x_wconf 86' lang='lat' dir='ltr'>Lectio</span> <span class='ocrx_word' id='word_1_335' title='bbox 1543 1101 1596 1141; x_wconf 81' lang='lat' dir='ltr'>ix.</span> 
     </span>
     <span class='ocr_line' id='line_1_63' title="bbox 1186 1159 1900 1210; baseline -0.001 -9.125"><span class='ocrx_word' id='word_1_336' title='bbox 1186 1159 1394 1201; x_wconf 79' lang='lat' dir='ltr'>lexander</span> <span class='ocrx_word' id='word_1_337' title='bbox 1425 1159 1667 1210; x_wconf 78' lang='lat' dir='ltr'>Romanus,</span> <span class='ocrx_word' id='word_1_338' title='bbox 1703 1159 1900 1201; x_wconf 80' lang='lat' dir='ltr'>Adriano</span> 
     </span>
    </p>

    <p class='ocr_par' dir='ltr' id='par_1_13' title="bbox 1075 1179 1910 2736">
     <span class='ocr_line' id='line_1_64' title="bbox 1138 1179 1901 1269; baseline 0.001 -13"><span class='ocrx_word' id='word_1_339' title='bbox 1138 1179 1176 1256; x_wconf 31' lang='grc' dir='ltr'>Χ</span> <span class='ocrx_word' id='word_1_340' title='bbox 1197 1217 1461 1269; x_wconf 77' lang='lat' dir='ltr'>imperatore</span> <span class='ocrx_word' id='word_1_341' title='bbox 1476 1228 1631 1267; x_wconf 85' lang='lat' dir='ltr'>regens</span> <span class='ocrx_word' id='word_1_342' title='bbox 1648 1216 1901 1266; x_wconf 74' lang='lat' dir='ltr'>Ecclesiam,</span> 
     </span>
     <span class='ocr_line' id='line_1_65' title="bbox 1076 1272 1900 1326; baseline -0.001 -11"><span class='ocrx_word' id='word_1_343' title='bbox 1076 1287 1277 1325; x_wconf 88' lang='lat' dir='ltr'>magnam</span> <span class='ocrx_word' id='word_1_344' title='bbox 1309 1277 1480 1326; x_wconf 90' lang='lat' dir='ltr'>partem</span> <span class='ocrx_word' id='word_1_345' title='bbox 1507 1273 1721 1314; x_wconf 68' lang='lat' dir='ltr'>Romenae</span> <span class='ocrx_word' id='word_1_346' title='bbox 1750 1272 1900 1314; x_wconf 91' lang='lat' dir='ltr'>nobili-</span> 
     </span>
     <span class='ocr_line' id='line_1_66' title="bbox 1075 1329 1902 1373; baseline -0.004 0"><span class='ocrx_word' id='word_1_347' title='bbox 1075 1331 1179 1373; x_wconf 81' lang='lat' dir='ltr'>tatis</span> <span class='ocrx_word' id='word_1_348' title='bbox 1199 1329 1255 1371; x_wconf 91' lang='lat' dir='ltr'>ad</span> <span class='ocrx_word' id='word_1_349' title='bbox 1271 1329 1491 1371; x_wconf 90' lang='lat' dir='ltr'>Christum</span> <span class='ocrx_word' id='word_1_350' title='bbox 1508 1329 1733 1371; x_wconf 84' lang='lat' dir='ltr'>convertit.</span> <span class='ocrx_word' id='word_1_351' title='bbox 1751 1329 1796 1370; x_wconf 86' lang='lat' dir='ltr'>Is</span> <span class='ocrx_word' id='word_1_352' title='bbox 1810 1341 1902 1370; x_wconf 93' lang='lat' dir='ltr'>con-</span> 
     </span>
     <span class='ocr_line' id='line_1_67' title="bbox 1077 1385 1902 1438; baseline -0.002 -10"><span class='ocrx_word' id='word_1_353' title='bbox 1077 1387 1227 1436; x_wconf 90' lang='lat' dir='ltr'>stituit,</span> <span class='ocrx_word' id='word_1_354' title='bbox 1246 1391 1294 1428; x_wconf 91' lang='lat' dir='ltr'>ut</span> <span class='ocrx_word' id='word_1_355' title='bbox 1312 1385 1617 1427; x_wconf 79' lang='lat' dir='ltr'>tantummodo</span> <span class='ocrx_word' id='word_1_356' title='bbox 1637 1385 1762 1438; x_wconf 86' lang='lat' dir='ltr'>panis</span> <span class='ocrx_word' id='word_1_357' title='bbox 1781 1389 1826 1427; x_wconf 94' lang='lat' dir='ltr'>et</span> <span class='ocrx_word' id='word_1_358' title='bbox 1842 1385 1902 1426; x_wconf 87' lang='lat' dir='ltr'>vi-</span> 
     </span>
     <span class='ocr_line' id='line_1_68' title="bbox 1076 1441 1904 1494; baseline -0.001 -10"><span class='ocrx_word' id='word_1_359' title='bbox 1076 1457 1179 1485; x_wconf 91' lang='lat' dir='ltr'>num</span> <span class='ocrx_word' id='word_1_360' title='bbox 1197 1443 1241 1484; x_wconf 90' lang='lat' dir='ltr'>in</span> <span class='ocrx_word' id='word_1_361' title='bbox 1259 1442 1469 1494; x_wconf 87' lang='lat' dir='ltr'>mysterio</span> <span class='ocrx_word' id='word_1_362' title='bbox 1487 1441 1732 1484; x_wconf 88' lang='lat' dir='ltr'>offerretur:</span> <span class='ocrx_word' id='word_1_363' title='bbox 1755 1441 1904 1483; x_wconf 86' lang='lat' dir='ltr'>vinum</span> 
     </span>
     <span class='ocr_line' id='line_1_69' title="bbox 1077 1498 1905 1551; baseline -0.004 -10"><span class='ocrx_word' id='word_1_364' title='bbox 1077 1505 1223 1541; x_wconf 87' lang='lat' dir='ltr'>autem</span> <span class='ocrx_word' id='word_1_365' title='bbox 1243 1511 1357 1550; x_wconf 88' lang='lat' dir='ltr'>aqua</span> <span class='ocrx_word' id='word_1_366' title='bbox 1375 1498 1549 1540; x_wconf 87' lang='lat' dir='ltr'>misceri</span> <span class='ocrx_word' id='word_1_367' title='bbox 1566 1499 1704 1550; x_wconf 90' lang='lat' dir='ltr'>jussit,</span> <span class='ocrx_word' id='word_1_368' title='bbox 1722 1501 1905 1551; x_wconf 87' lang='lat' dir='ltr'>propter</span> 
     </span>
     <span class='ocr_line' id='line_1_70' title="bbox 1078 1553 1905 1607; baseline -0.002 -10"><span class='ocrx_word' id='word_1_369' title='bbox 1078 1556 1331 1607; x_wconf 76' lang='lat' dir='ltr'>sanguinem</span> <span class='ocrx_word' id='word_1_370' title='bbox 1349 1559 1393 1596; x_wconf 92' lang='lat' dir='ltr'>et</span> <span class='ocrx_word' id='word_1_371' title='bbox 1412 1567 1588 1607; x_wconf 89' lang='lat' dir='ltr'>aquam,</span> <span class='ocrx_word' id='word_1_372' title='bbox 1609 1567 1708 1606; x_wconf 89' lang='lat' dir='ltr'>quae</span> <span class='ocrx_word' id='word_1_373' title='bbox 1728 1567 1783 1596; x_wconf 88' lang='lat' dir='ltr'>ex</span> <span class='ocrx_word' id='word_1_374' title='bbox 1800 1553 1824 1595; x_wconf 88' lang='lat' dir='ltr'><strong>J</strong></span> <span class='ocrx_word' id='word_1_375' title='bbox 1827 1565 1905 1596; x_wconf 89' lang='lat' dir='ltr'>esu</span> 
     </span>
     <span class='ocr_line' id='line_1_71' title="bbox 1079 1611 1905 1663; baseline -0.002 -9"><span class='ocrx_word' id='word_1_376' title='bbox 1079 1612 1239 1654; x_wconf 89' lang='lat' dir='ltr'>Christi</span> <span class='ocrx_word' id='word_1_377' title='bbox 1267 1611 1405 1653; x_wconf 83' lang='lat' dir='ltr'>latere</span> <span class='ocrx_word' id='word_1_378' title='bbox 1432 1611 1749 1663; x_wconf 85' lang='lat' dir='ltr'>profluxerunt:</span> <span class='ocrx_word' id='word_1_379' title='bbox 1786 1615 1830 1652; x_wconf 93' lang='lat' dir='ltr'>et</span> <span class='ocrx_word' id='word_1_380' title='bbox 1861 1611 1905 1652; x_wconf 91' lang='lat' dir='ltr'>in</span> 
     </span>
     <span class='ocr_line' id='line_1_72' title="bbox 1080 1667 1905 1721; baseline 0 -11"><span class='ocrx_word' id='word_1_381' title='bbox 1080 1669 1256 1711; x_wconf 81' lang='lat' dir='ltr'>Canone</span> <span class='ocrx_word' id='word_1_382' title='bbox 1276 1668 1424 1708; x_wconf 83' lang='lat' dir='ltr'>Missae</span> <span class='ocrx_word' id='word_1_383' title='bbox 1443 1667 1630 1709; x_wconf 69' lang='lat' dir='ltr'>eddidit:</span> <span class='ocrx_word' id='word_1_384' title='bbox 1655 1668 1741 1718; x_wconf 90' lang='lat' dir='ltr'>Qui</span> <span class='ocrx_word' id='word_1_385' title='bbox 1764 1667 1905 1721; x_wconf 88' lang='lat' dir='ltr'>pridie</span> 
     </span>
     <span class='ocr_line' id='line_1_73' title="bbox 1080 1722 1907 1778; baseline 0 -12"><span class='ocrx_word' id='word_1_386' title='bbox 1080 1738 1211 1778; x_wconf 91' lang='lat' dir='ltr'>quam</span> <span class='ocrx_word' id='word_1_387' title='bbox 1229 1725 1466 1776; x_wconf 91' lang='lat' dir='ltr'>pateretur.</span> <span class='ocrx_word' id='word_1_388' title='bbox 1494 1722 1619 1765; x_wconf 89' lang='lat' dir='ltr'>Idem</span> <span class='ocrx_word' id='word_1_389' title='bbox 1634 1723 1840 1774; x_wconf 87' lang='lat' dir='ltr'>decrevit,</span> <span class='ocrx_word' id='word_1_390' title='bbox 1858 1729 1907 1766; x_wconf 93' lang='lat' dir='ltr'>ut</span> 
     </span>
     <span class='ocr_line' id='line_1_74' title="bbox 1079 1779 1905 1833; baseline -0.001 -10"><span class='ocrx_word' id='word_1_391' title='bbox 1079 1794 1193 1833; x_wconf 90' lang='lat' dir='ltr'>aqua</span> <span class='ocrx_word' id='word_1_392' title='bbox 1211 1779 1442 1822; x_wconf 88' lang='lat' dir='ltr'>benedicta</span> <span class='ocrx_word' id='word_1_393' title='bbox 1461 1779 1552 1821; x_wconf 89' lang='lat' dir='ltr'>sale</span> <span class='ocrx_word' id='word_1_394' title='bbox 1573 1779 1784 1830; x_wconf 82' lang='lat' dir='ltr'>admixto,</span> <span class='ocrx_word' id='word_1_395' title='bbox 1809 1793 1905 1833; x_wconf 88' lang='lat' dir='ltr'>per-</span> 
     </span>
     <span class='ocr_line' id='line_1_75' title="bbox 1078 1836 1907 1891; baseline -0.001 -11"><span class='ocrx_word' id='word_1_396' title='bbox 1078 1840 1215 1891; x_wconf 87' lang='lat' dir='ltr'>petuo</span> <span class='ocrx_word' id='word_1_397' title='bbox 1238 1837 1283 1878; x_wconf 90' lang='lat' dir='ltr'>in</span> <span class='ocrx_word' id='word_1_398' title='bbox 1308 1836 1494 1878; x_wconf 90' lang='lat' dir='ltr'>ecclesia</span> <span class='ocrx_word' id='word_1_399' title='bbox 1519 1838 1834 1887; x_wconf 80' lang='lat' dir='ltr'>asservaretur,</span> <span class='ocrx_word' id='word_1_400' title='bbox 1863 1842 1907 1879; x_wconf 87' lang='lat' dir='ltr'>et</span> 
     </span>
     <span class='ocr_line' id='line_1_76' title="bbox 1079 1891 1907 1944; baseline 0 -9"><span class='ocrx_word' id='word_1_401' title='bbox 1079 1895 1122 1935; x_wconf 94' lang='lat' dir='ltr'>in</span> <span class='ocrx_word' id='word_1_402' title='bbox 1147 1893 1358 1936; x_wconf 87' lang='lat' dir='ltr'>cubiculis</span> <span class='ocrx_word' id='word_1_403' title='bbox 1381 1891 1662 1939; x_wconf 88' lang='lat' dir='ltr'>adhiberetur</span> <span class='ocrx_word' id='word_1_404' title='bbox 1686 1892 1743 1934; x_wconf 90' lang='lat' dir='ltr'>ad</span> <span class='ocrx_word' id='word_1_405' title='bbox 1760 1893 1907 1944; x_wconf 78' lang='lat' dir='ltr'>fugan-</span> 
     </span>
     <span class='ocr_line' id='line_1_77' title="bbox 1081 1949 1906 2000; baseline -0.001 -7"><span class='ocrx_word' id='word_1_406' title='bbox 1081 1950 1162 1993; x_wconf 89' lang='lat' dir='ltr'>dos</span> <span class='ocrx_word' id='word_1_407' title='bbox 1183 1949 1418 1992; x_wconf 69' lang='lat' dir='ltr'>daemones</span> <span class='ocrx_word' id='word_1_408' title='bbox 1445 1949 1568 1991; x_wconf 89' lang='lat' dir='ltr'>Sedit</span> <span class='ocrx_word' id='word_1_409' title='bbox 1586 1962 1723 1992; x_wconf 88' lang='lat' dir='ltr'>annos</span> <span class='ocrx_word' id='word_1_410' title='bbox 1743 1949 1906 2000; x_wconf 88' lang='lat' dir='ltr'>decem,</span> 
     </span>
     <span class='ocr_line' id='line_1_78' title="bbox 1079 2005 1907 2058; baseline -0.001 -10"><span class='ocrx_word' id='word_1_411' title='bbox 1079 2020 1252 2049; x_wconf 88' lang='lat' dir='ltr'>menses</span> <span class='ocrx_word' id='word_1_412' title='bbox 1291 2006 1498 2058; x_wconf 89' lang='lat' dir='ltr'>quinque,</span> <span class='ocrx_word' id='word_1_413' title='bbox 1534 2010 1579 2047; x_wconf 91' lang='lat' dir='ltr'>et</span> <span class='ocrx_word' id='word_1_414' title='bbox 1614 2005 1708 2048; x_wconf 91' lang='lat' dir='ltr'>dies</span> <span class='ocrx_word' id='word_1_415' title='bbox 1743 2006 1907 2058; x_wconf 89' lang='lat' dir='ltr'>viginti,</span> 
     </span>
     <span class='ocr_line' id='line_1_79' title="bbox 1080 2062 1907 2105; baseline -0.001 0"><span class='ocrx_word' id='word_1_416' title='bbox 1080 2064 1183 2105; x_wconf 88' lang='lat' dir='ltr'>vitae</span> <span class='ocrx_word' id='word_1_417' title='bbox 1215 2063 1446 2105; x_wconf 79' lang='lat' dir='ltr'>sanctitate</span> <span class='ocrx_word' id='word_1_418' title='bbox 1479 2067 1523 2104; x_wconf 92' lang='lat' dir='ltr'>et</span> <span class='ocrx_word' id='word_1_419' title='bbox 1554 2062 1817 2104; x_wconf 82' lang='lat' dir='ltr'>salutaribus</span> <span class='ocrx_word' id='word_1_420' title='bbox 1847 2063 1907 2104; x_wconf 90' lang='lat' dir='ltr'>in-</span> 
     </span>
     <span class='ocr_line' id='line_1_80' title="bbox 1081 2119 1907 2172; baseline -0.002 -10"><span class='ocrx_word' id='word_1_421' title='bbox 1081 2121 1244 2162; x_wconf 78' lang='lat' dir='ltr'>stitutis</span> <span class='ocrx_word' id='word_1_422' title='bbox 1267 2119 1460 2161; x_wconf 77' lang='lat' dir='ltr'>illustris.</span> <span class='ocrx_word' id='word_1_423' title='bbox 1493 2119 1704 2172; x_wconf 69' lang='lat' dir='ltr'>Martyrio</span> <span class='ocrx_word' id='word_1_424' title='bbox 1728 2121 1907 2161; x_wconf 80' lang='lat' dir='ltr'>corona-</span> 
     </span>
     <span class='ocr_line' id='line_1_81' title="bbox 1080 2174 1907 2219; baseline -0.002 -1"><span class='ocrx_word' id='word_1_425' title='bbox 1080 2182 1152 2219; x_wconf 85' lang='lat' dir='ltr'>tus</span> <span class='ocrx_word' id='word_1_426' title='bbox 1177 2181 1244 2218; x_wconf 86' lang='lat' dir='ltr'>est</span> <span class='ocrx_word' id='word_1_427' title='bbox 1268 2188 1354 2217; x_wconf 91' lang='lat' dir='ltr'>una</span> <span class='ocrx_word' id='word_1_428' title='bbox 1379 2188 1478 2217; x_wconf 91' lang='lat' dir='ltr'>cum</span> <span class='ocrx_word' id='word_1_429' title='bbox 1495 2175 1682 2217; x_wconf 88' lang='lat' dir='ltr'>Eventio</span> <span class='ocrx_word' id='word_1_430' title='bbox 1703 2180 1747 2217; x_wconf 90' lang='lat' dir='ltr'>et</span> <span class='ocrx_word' id='word_1_431' title='bbox 1765 2174 1907 2216; x_wconf 89' lang='lat' dir='ltr'>Theo—</span> 
     </span>
     <span class='ocr_line' id='line_1_82' title="bbox 1082 2231 1909 2285; baseline -0.001 -11"><span class='ocrx_word' id='word_1_432' title='bbox 1082 2232 1187 2275; x_wconf 80' lang='lat' dir='ltr'>dulo</span> <span class='ocrx_word' id='word_1_433' title='bbox 1214 2231 1501 2285; x_wconf 75' lang='lat' dir='ltr'>presbyteris,</span> <span class='ocrx_word' id='word_1_434' title='bbox 1529 2231 1816 2284; x_wconf 77' lang='lat' dir='ltr'>sepultusque</span> <span class='ocrx_word' id='word_1_435' title='bbox 1841 2236 1909 2273; x_wconf 84' lang='lat' dir='ltr'>est</span> 
     </span>
     <span class='ocr_line' id='line_1_83' title="bbox 1082 2287 1906 2339; baseline -0.002 -8"><span class='ocrx_word' id='word_1_436' title='bbox 1082 2289 1151 2331; x_wconf 88' lang='lat' dir='ltr'>via</span> <span class='ocrx_word' id='word_1_437' title='bbox 1169 2289 1460 2339; x_wconf 79' lang='lat' dir='ltr'>Nomentana,</span> <span class='ocrx_word' id='word_1_438' title='bbox 1486 2288 1617 2330; x_wconf 88' lang='lat' dir='ltr'>tertio</span> <span class='ocrx_word' id='word_1_439' title='bbox 1636 2287 1692 2330; x_wconf 91' lang='lat' dir='ltr'>ab</span> <span class='ocrx_word' id='word_1_440' title='bbox 1710 2287 1830 2330; x_wconf 89' lang='lat' dir='ltr'>Urbe</span> <span class='ocrx_word' id='word_1_441' title='bbox 1848 2287 1906 2329; x_wconf 77' lang='lat' dir='ltr'>la-</span> 
     </span>
     <span class='ocr_line' id='line_1_84' title="bbox 1082 2343 1908 2399; baseline -0.001 -13"><span class='ocrx_word' id='word_1_442' title='bbox 1082 2345 1197 2399; x_wconf 84' lang='lat' dir='ltr'>pide,</span> <span class='ocrx_word' id='word_1_443' title='bbox 1216 2345 1373 2387; x_wconf 82' lang='lat' dir='ltr'>e6dem</span> <span class='ocrx_word' id='word_1_444' title='bbox 1391 2345 1436 2385; x_wconf 92' lang='lat' dir='ltr'>in</span> <span class='ocrx_word' id='word_1_445' title='bbox 1449 2344 1549 2386; x_wconf 92' lang='lat' dir='ltr'>loco</span> <span class='ocrx_word' id='word_1_446' title='bbox 1564 2343 1640 2386; x_wconf 92' lang='lat' dir='ltr'>ubi</span> <span class='ocrx_word' id='word_1_447' title='bbox 1654 2344 1799 2386; x_wconf 80' lang='lat' dir='ltr'>securi</span> <span class='ocrx_word' id='word_1_448' title='bbox 1812 2357 1908 2397; x_wconf 91' lang='lat' dir='ltr'>per-</span> 
     </span>
     <span class='ocr_line' id='line_1_85' title="bbox 1083 2399 1906 2451; baseline -0.002 -7"><span class='ocrx_word' id='word_1_449' title='bbox 1083 2405 1236 2444; x_wconf 77' lang='lat' dir='ltr'>cussus</span> <span class='ocrx_word' id='word_1_450' title='bbox 1256 2402 1411 2451; x_wconf 79' lang='lat' dir='ltr'>fuerat3</span> <span class='ocrx_word' id='word_1_451' title='bbox 1430 2401 1589 2442; x_wconf 79' lang='lat' dir='ltr'>creatis</span> <span class='ocrx_word' id='word_1_452' title='bbox 1608 2399 1782 2442; x_wconf 87' lang='lat' dir='ltr'>diverso</span> <span class='ocrx_word' id='word_1_453' title='bbox 1801 2403 1906 2442; x_wconf 92' lang='lat' dir='ltr'>tem-</span> 
     </span>
     <span class='ocr_line' id='line_1_86' title="bbox 1082 2456 1909 2512; baseline -0.004 -11"><span class='ocrx_word' id='word_1_454' title='bbox 1082 2471 1192 2512; x_wconf 89' lang='lat' dir='ltr'>pore</span> <span class='ocrx_word' id='word_1_455' title='bbox 1215 2470 1364 2499; x_wconf 90' lang='lat' dir='ltr'>mense</span> <span class='ocrx_word' id='word_1_456' title='bbox 1382 2456 1618 2499; x_wconf 89' lang='lat' dir='ltr'>Decembri</span> <span class='ocrx_word' id='word_1_457' title='bbox 1639 2457 1909 2509; x_wconf 68' lang='lat' dir='ltr'>presbyteris</span> 
     </span>
     <span class='ocr_line' id='line_1_87' title="bbox 1083 2513 1910 2566; baseline -0.004 -9"><span class='ocrx_word' id='word_1_458' title='bbox 1083 2529 1178 2565; x_wconf 86' lang='lat' dir='ltr'>sex,</span> <span class='ocrx_word' id='word_1_459' title='bbox 1198 2514 1394 2556; x_wconf 78' lang='lat' dir='ltr'>diaconis</span> <span class='ocrx_word' id='word_1_460' title='bbox 1414 2513 1604 2564; x_wconf 84' lang='lat' dir='ltr'>duobus,</span> <span class='ocrx_word' id='word_1_461' title='bbox 1628 2518 1671 2556; x_wconf 91' lang='lat' dir='ltr'>et</span> <span class='ocrx_word' id='word_1_462' title='bbox 1690 2514 1910 2566; x_wconf 88' lang='lat' dir='ltr'>episcopis</span> 
     </span>
     <span class='ocr_line' id='line_1_88' title="bbox 1084 2570 1910 2625; baseline -0.004 -11"><span class='ocrx_word' id='word_1_463' title='bbox 1084 2585 1164 2625; x_wconf 92' lang='lat' dir='ltr'>per</span> <span class='ocrx_word' id='word_1_464' title='bbox 1187 2571 1360 2613; x_wconf 89' lang='lat' dir='ltr'>diversa</span> <span class='ocrx_word' id='word_1_465' title='bbox 1384 2570 1482 2612; x_wconf 90' lang='lat' dir='ltr'>loca</span> <span class='ocrx_word' id='word_1_466' title='bbox 1507 2570 1708 2623; x_wconf 87' lang='lat' dir='ltr'>quinque.</span> <span class='ocrx_word' id='word_1_467' title='bbox 1746 2570 1910 2612; x_wconf 85' lang='lat' dir='ltr'>Eorum</span> 
     </span>
     <span class='ocr_line' id='line_1_89' title="bbox 1084 2626 1910 2681; baseline -0.004 -11"><span class='ocrx_word' id='word_1_468' title='bbox 1084 2631 1273 2681; x_wconf 83' lang='lat' dir='ltr'>corpora</span> <span class='ocrx_word' id='word_1_469' title='bbox 1297 2629 1454 2680; x_wconf 82' lang='lat' dir='ltr'>postea</span> <span class='ocrx_word' id='word_1_470' title='bbox 1477 2627 1520 2667; x_wconf 91' lang='lat' dir='ltr'>in</span> <span class='ocrx_word' id='word_1_471' title='bbox 1538 2626 1703 2668; x_wconf 90' lang='lat' dir='ltr'>Urbem</span> <span class='ocrx_word' id='word_1_472' title='bbox 1726 2626 1910 2668; x_wconf 80' lang='lat' dir='ltr'>transla-</span> 
     </span>
     <span class='ocr_line' id='line_1_90' title="bbox 1084 2682 1910 2736; baseline -0.002 -9"><span class='ocrx_word' id='word_1_473' title='bbox 1084 2691 1144 2736; x_wconf 90' lang='lat' dir='ltr'>ta,</span> <span class='ocrx_word' id='word_1_474' title='bbox 1170 2685 1214 2726; x_wconf 91' lang='lat' dir='ltr'>in</span> <span class='ocrx_word' id='word_1_475' title='bbox 1233 2683 1418 2727; x_wconf 88' lang='lat' dir='ltr'>ecclesia</span> <span class='ocrx_word' id='word_1_476' title='bbox 1435 2689 1598 2726; x_wconf 87' lang='lat' dir='ltr'>sanctae</span> <span class='ocrx_word' id='word_1_477' title='bbox 1617 2682 1790 2726; x_wconf 81' lang='lat' dir='ltr'>Sabinae</span> <span class='ocrx_word' id='word_1_478' title='bbox 1811 2685 1910 2725; x_wconf 82' lang='lat' dir='ltr'>con·</span> 
     </span>
    </p>
   </div>
   <div class='ocr_carea' id='block_1_8' title="bbox 131 106 1969 2794">
    <p class='ocr_par' dir='ltr' id='par_1_14' title="bbox 131 106 1969 2794">
     <span class='ocr_line' id='line_1_91' title="bbox 131 106 1969 2794; baseline 0 0"><span class='ocrx_word' id='word_1_479' title='bbox 131 106 1969 2794; x_wconf 95' lang='lat' dir='ltr'> </span> 
     </span>
    </p>
   </div>
  </div>
 </body>
</html>
