2066 2956
246 197 290 233 6*
839 196 1074 240 Ss.St-ptc1n
1103 197 1363 232 Fundanorum

551 297 700 338 Lectio
720 298 772 337 ix.

400 349 630 392 occasione
676 350 801 402 hujus
848 351 1075 392 sententiae

346 406 523 458 quidam
550 406 832 449 introducunt
858 407 975 448 mille
1002 420 1074 448 an-

245 475 325 504 nos
344 468 446 515 post
465 463 846 514 resurrectionem,
867 463 1074 512 dicentes,

244 524 348 560 tunc
371 518 497 560 nobis
522 519 775 572 centuplum
799 520 992 561 emnium
1010 532 1073 561 re-

244 588 339 616 rum
367 588 475 627 quas
501 574 762 626 dimisimus,
791 582 835 618 et
858 577 992 618 vitam
1018 589 1072 617 ae-

243 633 412 673 ternam
444 644 542 673 esse
574 631 860 675 reddendam:
891 646 980 674 non
1012 633 1072 673 in-

243 688 499 739 telligentes,
516 688 646 741 quod,
662 689 698 730 si
714 690 758 730 in
774 690 930 731 ceteris
944 688 1074 741 digna

244 745 299 786 sit
318 746 619 798 repromissio,
646 747 688 787 in
707 746 917 788 uxoribus
937 749 1071 799 appa-

243 807 337 843 reat
363 802 609 855 turpitudo:
650 809 698 844 ut
731 803 804 855 qui
831 816 962 845 unam
990 816 1072 856 pro

242 859 432 900 D6mino
453 859 675 910 dimiserit,
695 865 870 902 centum
889 861 1072 913 recipiat

243 915 285 955 in
303 915 460 957 futuro.
489 917 651 957 Sensus
667 930 772 967 ergo
787 916 870 959 iste
888 922 968 959 est:
989 918 1071 968 Qui

244 972 433 1013 carnalia
466 985 548 1025 pro
580 972 807 1015 Salvatore
841 972 1071 1025 dimiserit,

243 1028 488 1080 spiritualia
506 1030 702 1082 recipiet:
726 1043 824 1082 quae
845 1042 1071 1083 compara-

243 1085 362 1126 tione
383 1090 426 1127 et
445 1086 602 1127 merito
623 1087 689 1127 sui
708 1086 768 1128 ita
788 1092 924 1137 erunt,
945 1088 1070 1140 quasi

243 1142 279 1182 si
306 1155 444 1194 parvo
479 1145 662 1184 numero
692 1144 966 1185 centenarius
994 1147 1070 1185 nu-

242 1211 387 1239 merus
408 1201 699 1252 comparetur.

300 1263 361 1300 'l'e
382 1260 525 1302 Deum
543 1260 784 1303 laudamus.

505 1342 584 1384 Ad
610 1342 807 1385 Laudes

451 1410 501 1438 ct
541 1413 637 1446 per
679 1403 870 1437 Horas

300 1462 396 1501 Ant.
419 1462 445 1500 l.
475 1458 662 1500 Domine
689 1460 882 1513 quinque
906 1461 1071 1504 talenta

242 1512 499 1555 *tradidisti
517 1514 636 1556 mihi:
656 1528 759 1558 ecce
776 1517 860 1558 alia
877 1518 1070 1571 quinque

243 1570 567 1622 superlucratus
588 1585 694 1614 sum.

300 1630 363 1669 l’s.
395 1628 602 1670 Dominus
622 1632 831 1682 regnavit.

295 1687 329 1725 2.
356 1686 476 1736 Euge
496 1699 622 1727 serve
641 1687 768 1738 bone,
788 1691 811 1714 *
830 1689 874 1729 in
893 1689 1070 1732 modico

244 1739 396 1790 fidelis,
411 1741 525 1783 intra
536 1743 579 1783 in
589 1743 797 1794 gaudium
806 1746 985 1787 Domini
996 1747 1070 1788 tui.

298 1801 333 1837 3.
376 1797 535 1839 Fidelis
563 1812 716 1842 servus
745 1803 767 1828 *
796 1807 839 1844 et
865 1801 1071 1855 prudens,

245 1866 374 1905 quem
411 1857 638 1898 constituit
678 1857 893 1900 Deminus
938 1873 1070 1913 super

243 1909 448 1952 familiam
468 1925 601 1953 suam.

301 1970 335 2007 4.
384 1970 541 2010 Beatus
574 1970 646 2011 ille
682 1984 851 2023 servus,
883 1974 906 1998 *
940 1987 1070 2026 quem

244 2035 342 2064 curn
362 2025 529 2066 venerit
548 2026 762 2069 Dominus
781 2029 888 2080 ejus,
914 2035 957 2071 et
977 2030 1085 2083 pul-v

244 2081 406 2121 saverit
432 2081 622 2133 januam,
651 2084 864 2127 invenerit
892 2086 1069 2137 vigilan-

242 2141 341 2177 tem.

295 2195 331 2233 Γ).
359 2195 492 2236 Serve
517 2195 631 2238 bone
655 2199 678 2222 *
702 2203 746 2239 et
770 2198 929 2249 fidelis,
958 2201 1070 2243 intra

243 2248 285 2290 in
304 2250 510 2301 gaudium
530 2252 706 2295 Domini
725 2255 799 2296 tui.

298 2315 555 2365 Capitulum.
811 2318 835 2355 1.
857 2317 964 2357 l'ctr.
981 2321 1017 2357 4.

245 2369 516 2477 Carissimi:
543 2377 924 2424 Communicantes
951 2382 1068 2425 Chri-

336 2432 390 2473 sti
418 2434 694 2484 passionibus
719 2436 924 2488 gaudete,
953 2446 1000 2481 ut
1027 2446 1070 2483 et

243 2487 286 2527 in
311 2488 575 2531 revelatione
599 2491 751 2542 gloriae
772 2495 862 2546 eius
881 2496 1067 2545 gaudea-

243 2543 299 2584 tis
319 2545 594 2588 exsultantes.

555 2607 759 2657 Hymnus.

379 2671 484 2712 atris
503 2673 582 2715 sub
604 2674 729 2717 almae
748 2678 924 2719 mimine

398 2727 588 2781 Septena
606 2731 755 2783 proles
773 2734 981 2775 nascitur:

1232 294 1337 347 Ipsa
1355 297 1555 343 vocante,
1576 295 1633 337 ad
1652 295 1839 338 arduum

1231 350 1393 392 Tendit
1412 351 1564 392 Senari
1582 351 1805 394 verticem.

1182 429 1303 477 Quos
1322 429 1438 466 terra
1458 424 1625 466 fructus
1643 425 1841 478 proferet

1230 481 1347 522 Dum
1367 493 1492 522 sacra
1510 481 1661 534 proles
1679 483 1904 534 germinat,

1230 537 1338 579 Uvis
1357 539 1539 590 repente
1557 537 1743 590 turgidis

1231 594 1400 636 Onusta
1419 594 1520 636 vitis
1539 596 1794 647 praemonet.

1183 668 1353 710 Virtute
1374 667 1517 710 claros
1536 668 1674 710 nobili

1228 725 1349 766 Mors
1369 730 1522 766 sancta
1542 725 1657 767 coelo
1678 728 1922 770 consecrat:

1228 781 1399 823 Tenent
1420 781 1587 834 olympi
1605 781 1758 824 limina⁴

1227 838 1351 879 Servi
1370 837 1525 880 fideles
1545 838 1749 890 Virginis.
1787 891 1793 896 ι

1179 911 1350 954 Cohors
1369 911 1510 963 beata,
1528 912 1731 954 Numinis

1227 969 1382 1020 Regno
1403 971 1556 1022 potita,
1577 970 1748 1023 respice

1228 1026 1350 1076 Quos
1373 1026 1475 1068 hinc
1493 1025 1707 1068 recedens
1727 1027 1955 1070 fraudibus

1227 1082 1405 1124 Cinctos
1426 1083 1635 1135 relinquis
1654 1083 1860 1126 hestium.

1184 1155 1307 1206 Ergo,
1327 1169 1407 1209 per
1427 1156 1555 1198 almae
1574 1157 1756 1199 vulnera

1227 1212 1382 1255 Matris
1401 1216 1607 1265 rogamus
1627 1214 1863 1267 supplices,

1229 1270 1388 1312 Mentis
1407 1270 1613 1312 tenebras
1633 1270 1794 1324 disjice,

1228 1326 1386 1369 Cordis
1405 1327 1625 1380 procellas
1645 1328 1898 1381 cumprime.
1914 1371 1918 1373 Α

1180 1404 1244 1443 'Pu
1263 1413 1354 1450 nos,
1373 1400 1506 1442 beata
1523 1401 1728 1452 Trinitas,

1225 1457 1447 1500 Perfunde
1467 1464 1623 1500 sancto
1642 1458 1815 1510 robore,

1226 1515 1453 1556 Possimus
1472 1520 1520 1556 ut
1540 1515 1727 1557 feliciter

1227 1571 1440 1625 Exempla
1459 1577 1635 1625 patrum
1654 1572 1878 1626 subsequi.

1437 1629 1591 1670 Amen.

1181 1701 1230 1752 V.
1251 1703 1316 1745 Sit
1340 1703 1552 1745 memeria
1569 1703 1744 1746 illorum
1762 1705 1806 1745 in
1824 1703 1954 1746 bene-

1124 1759 1328 1802 dictiune.
1370 1765 1420 1816 R.
1437 1760 1495 1802 Et
1519 1773 1621 1802 ossa
1641 1763 1796 1803 eorum
1814 1760 1953 1814 pullu-

1123 1816 1214 1859 lent
1233 1816 1289 1859 de
1307 1817 1408 1859 loco
1429 1829 1520 1858 suo.

1183 1888 1251 1929 Ad
1274 1889 1434 1930 Bened.
1467 1891 1564 1931 Ant.
1588 1890 1705 1930 Ecce
1727 1898 1859 1940 quam
1877 1887 1953 1930 bo·

1123 1957 1243 1993 num,
1271 1948 1316 1985 et
1342 1956 1473 1997 quam
1497 1943 1735 1996 jucundum
1752 1943 1954 1987 habitare

1123 1999 1279 2041 fratres
1298 2000 1342 2041 in
1362 2014 1506 2042 unum.

1481 2071 1645 2112 Oratio.

1213 2136 1358 2178 omine
1376 2136 1400 2176 J
1404 2148 1482 2178 esu
1502 2135 1691 2186 Christe,
1722 2136 1795 2189 qui
1814 2136 1871 2178 ad
1889 2149 1953 2178 re-

1224 2192 1455 2234 colendam
1474 2192 1731 2234 memoriam
1752 2192 1955 2234 dolorum

1123 2249 1411 2291 sanctissimae
1451 2249 1688 2291 Genitricis
1724 2255 1830 2299 tuae,
1874 2261 1954 2302 per

1098 2301 1100 2306 ’
1122 2306 1301 2359 Septem
1318 2305 1478 2347 beatos
1490 2306 1644 2348 Patres
1663 2318 1780 2348 nova
1798 2305 1953 2348 Servo-

1122 2376 1219 2403 rum
1244 2363 1337 2414 ejus
1361 2362 1544 2404 Familia
1562 2362 1809 2404 Ecclesiam
1833 2366 1954 2404 tuam

1122 2418 1402 2461 foecundasti:
1422 2418 1618 2461 concede
1637 2419 1875 2472 propitius;
1893 2418 1954 2460 ita

1122 2489 1203 2517 nos
1233 2477 1386 2516 eorum
1414 2475 1658 2517 consociari
1684 2474 1876 2525 fletibus,
1906 2481 1954 2516 ut

1122 2532 1399 2584 perfruamur
1433 2536 1477 2573 et
1510 2531 1696 2583 gaudiis:
1728 2531 1814 2582 Qui
1843 2531 1953 2573 vivis

1125 2594 1168 2629 et
1188 2600 1344 2639 regnas
1363 2600 1462 2629 cum
1481 2588 1578 2630 Deo
1597 2588 1738 2629 Patre.

1392 2674 1459 2710 Ad
1483 2675 1685 2711 Tertiam.

1178 2743 1211 2780 Α
1220 2748 1276 2781 nt.
1305 2740 1427 2789 Euge
1447 2749 1573 2780 serve
1592 2736 1720 2778 bone.
