2028 2892
748 163 859 199 Furia
883 166 1016 209 quinta
1041 168 1089 201 ad
1115 169 1348 206 Matutinum.
1805 173 1848 209 77

149 217 1847 241 Ἃ

203 253 338 303 Quasi
365 253 410 294 in
438 253 547 295 silva
574 254 793 306 lignerum
818 259 975 299 securi-

150 308 233 350 bus
263 309 520 352 exciderunt
547 311 696 362 januas
722 313 812 364 ejus
843 315 886 355 in
913 315 975 356 id-

149 367 308 418 ipsum:
341 366 364 391 *
399 366 443 407 in
471 368 615 408 securi
648 373 691 410 et
719 370 837 411 ascia
864 371 975 423 deje-

150 423 303 463 cerunt
331 435 438 464 eam.

200 478 496 521 Incenderunt
539 481 629 533 igni
681 484 975 525 sanctuarium

147 539 287 576 tuum:
309 536 333 561 *
356 536 400 576 in
423 541 541 578 terra
566 538 818 590 polluerunt
834 539 974 581 taber-

148 591 353 633 naculum
379 593 569 635 neminis
596 595 670 635 tui.

199 648 416 690 Dixerunt
440 650 484 690 in
510 650 644 692 corde
671 664 750 693 suo
771 654 974 704 cognatio

149 706 300 746 eerum
316 706 459 747 simul:
475 707 498 732 *
511 707 747 757 Quiescere
765 709 974 751 faciamus

149 774 301 804 omnes
330 762 424 804 dies
452 763 590 805 festos
617 764 701 806 Dei
727 778 751 806 a
778 771 905 807 terra.

198 818 331 870 Signa
358 824 509 861 nostra
536 833 623 862 non
654 821 858 872 vidimus,
890 824 974 875 jam

147 887 235 916 non
268 880 335 917 est
366 876 600 929 propheta:
632 878 655 903 *
692 884 735 920 et
770 892 851 920 nos
887 892 974 920 non

148 933 387 982 cognoscet
415 933 613 986 amplius.

198 987 440 1041 Usquequo
488 990 610 1031 Deus
655 991 974 1044 improperabit

146 1043 361 1086 inimicus:
385 1046 408 1072 *
427 1046 569 1088 irritat
596 1047 874 1089 adversarius
898 1061 972 1090 no-

145 1113 246 1142 men
272 1106 396 1143 tuum
420 1103 465 1143 in
492 1103 643 1144 finem?

197 1157 257 1200 Ut
296 1158 402 1211 quid
438 1160 600 1201 avertis
634 1173 810 1201 manum
842 1166 972 1212 tuam,

147 1218 190 1255 et
227 1214 454 1257 dexteram
491 1221 633 1267 tuam,
673 1218 696 1242 *
734 1216 790 1259 de
825 1218 971 1259 medio

84 1295 87 1297 -
146 1270 243 1311 sinu
267 1276 344 1313 tuo
371 1272 416 1313 in
445 1272 603 1314 finem?

196 1327 317 1369 Deus
332 1333 479 1370 autem
492 1330 590 1371 Rex
611 1335 761 1372 noster
777 1335 877 1372 ante
894 1333 971 1372 sae-

145 1382 257 1424 cula:
293 1385 317 1411 *
358 1387 567 1438 operatus
601 1391 669 1428 est
705 1386 891 1428 salutem
926 1388 971 1428 in

143 1439 291 1482 medio
319 1445 462 1483 terrae.
812 1497 815 1499 Α

195 1497 264 1538 Tu
301 1497 571 1540 confirmasti
611 1499 655 1539 in
686 1499 857 1541 .virt1'1te
895 1505 970 1542 tua

143 1565 278 1595 mare:
305 1555 329 1581 ²⁸¹
357 1554 662 1596 contribulasti
695 1556 842 1608 capita
875 1556 969 1598 dra-

144 1611 303 1651 cenum
326 1610 371 1651 in
398 1611 535 1663 aquis.

194 1666 264 1707 Tu
279 1666 532 1719 confregisti
547 1668 695 1721 capita
709 1667 927 1710 draconis:
945 1672 969 1697 *

143 1721 305 1764 dedisti
333 1736 432 1765 eum
459 1736 606 1766 escam
628 1725 806 1777 pepulis
829 1726 968 1767 AEthi-

142 1790 287 1831 opum.

193 1836 263 1877 Tu
298 1836 502 1889 dirupisti
532 1838 692 1888 fontes,
728 1843 771 1879 et
801 1841 966 1880 torren-

141 1895 224 1933 tes:
251 1894 276 1920 *
301 1898 350 1934 tu
377 1893 553 1935 siccasti
581 1894 740 1936 fluvios
767 1895 921 1936 Ethan.

192 1949 314 1990 Tuus
338 1954 404 1991 est
430 1949 534 2000 dies
562 1955 606 1992 et
628 1955 704 1992 tua
730 1955 797 1992 est
816 1964 918 1992 nox:
942 1953 966 1979 *

139 2009 188 2046 tu
205 2004 444 2048 fabricatus
468 2020 515 2048 es
534 2009 736 2048 auroram
754 2012 797 2048 et
817 2007 965 2049 solem.

192 2061 261 2103 Tu
274 2062 417 2104 fecisti
432 2076 582 2104 omnes
597 2063 808 2105 terminos
820 2068 964 2105 terrae:

139 2118 163 2144 *
185 2120 387 2160 aestatem
415 2124 458 2160 et
477 2132 553 2161 ver
580 2124 627 2161 tu
646 2119 874 2172 plasmasti
903 2133 964 2161 ea.

190 2174 360 2216 Memor
388 2180 483 2217 esto
510 2176 645 2228 hujus,
665 2176 864 2217 inimicus
887 2176 963 2217 im-

138 2232 394 2284 properavit
417 2233 623 2273 Domino:
651 2234 675 2260 *
704 2237 747 2274 et
773 2232 962 2284 pepulus

138 2287 347 2340 insipiens
374 2289 571 2330 incitavit
598 2301 757 2330 nomen
784 2293 916 2330 tuum.

188 2344 256 2385 Ne
283 2344 432 2386 tradas
459 2345 612 2386 bestiis
639 2345 803 2386 animas
832 2345 960 2386 confi-

136 2401 279 2442 tentes
297 2401 389 2451 tibi,
413 2403 436 2428 *
461 2406 504 2443 et
530 2401 695 2442 animas
718 2405 961 2454 paliperum

137 2458 312 2498 tuorum
338 2470 393 2498 ne
419 2457 694 2499 obliviscaris
723 2459 766 2498 in
794 2458 934 2498 finem.

187 2513 378 2566 Respice
396 2514 440 2554 in
458 2515 768 2555 testamentum
788 2515 959 2554 tuumz*

137 2569 238 2621 quia
274 2569 433 2622 repleti
469 2575 588 2619 sunt,
627 2570 699 2622 qui
736 2569 958 2611 obscurati

136 2630 236 2666 sunt
260 2630 391 2667 terrae
419 2626 621 2668 domibus
649 2626 934 2677 iniquitatum.
997 2623 1294 2676 confringam:
1310 2626 1333 2651 *
1349 2629 1391 2665 et
1409 2623 1714 2666 exaltabuntur
1732 2627 1823 2665 cer-

185 2681 254 2723 Ne
274 2684 496 2724 avertatur
510 2682 684 2723 hamih's
698 2682 839 2722 factus
859 2693 957 2722 con·
1009 2694 1095 2722 nua
1120 2681 1230 2733 justi.

288 2823 352 2848 Pars
368 2824 462 2848 Vei-na.

1027 260 1164 302 flisus:
1200 263 1223 289 *
1258 276 1425 316 pauper
1458 271 1500 307 et
1536 267 1664 320 inops
1700 269 1846 311 lauda-

1027 315 1135 358 bunt
1162 331 1320 360 nomen
1348 325 1479 362 tuum.

1079 373 1275 426 Exsurge
1315 377 1454 427 Deus,
1495 379 1635 430 judica
1671 394 1846 423 causam

1027 434 1163 470 tuam:
1189 432 1212 457 *
1239 445 1406 474 memor
1440 439 1535 476 esto
1563 436 1845 490 improperio-

1027 498 1124 526 rum
1150 489 1334 538 tu6rum,
1363 491 1514 531 cerum
1542 504 1639 543 quae
1667 493 1721 534 ab
1748 495 1846 535 insi-

1026 542 1172 593 piente
1201 550 1302 585 sunt
1328 550 1422 587 tota
1449 547 1530 588 die.

1078 598 1146 639 Ne
1183 599 1456 643 obliviscaris
1492 616 1623 645 voces
1656 605 1844 648 inimico-

1026 667 1122 695 rum
1138 658 1326 697 tuorum:
1337 660 1360 684 *
1371 659 1575 711 superbia
1595 663 1754 710 earum,
1771 664 1845 714 qui

1026 714 1069 751 te
1099 711 1295 762 oderunt,
1323 715 1519 756 ascendit
1548 729 1729 770 semper.

1083 769 1180 808 Ant.
1213 769 1432 811 Liberasti
1468 771 1634 823 virgam
1665 773 1843 816 haeredi-

1025 824 1127 864 tatis
1154 828 1253 866 tuae.

1078 884 1176 924 Ant.
1205 884 1261 923 Et
1288 883 1598 926 invocabimus.

1292 942 1490 983 Psalmus
1518 944 1579 983 74.

1101 994 1379 1036 onfitebimur
1405 996 1485 1037 tibi
1503 998 1638 1039 Deus:
1663 1000 1686 1025 *
1714 1000 1843 1040 confi-

1129 1051 1332 1101 tebimur,
1370 1057 1413 1093 et
1445 1053 1741 1095 invocabimus
1770 1068 1842 1096 no-

1023 1119 1123 1148 men
1151 1112 1283 1148 tuum.
1589 1131 1592 1135 ·

1075 1163 1361 1205 Narrabimus
1376 1165 1590 1207 mirabilia
1605 1172 1694 1208 tua:
1708 1168 1731 1194 ²⁸¹
1746 1181 1843 1208 cum

1024 1222 1236 1273 accepero
1261 1226 1445 1274 tempus,
1471 1235 1552 1274 ego
1577 1224 1761 1275 justitias
1786 1226 1842 1275 ju-

1024 1275 1193 1318 dicabo.

1075 1333 1331 1384 Liquefacta
1359 1339 1425 1375 est
1451 1338 1582 1384 terra,
1617 1340 1659 1376 et
1692 1349 1841 1377 omnes

1024 1389 1098 1440 qui
1130 1389 1328 1431 habitant
1359 1391 1402 1431 in
1431 1403 1496 1431 ea:
1529 1393 1552 1418 *
1581 1404 1661 1443 ego
1690 1393 1840 1433 confir-

1021 1446 1138 1486 mavi
1166 1445 1390 1488 columnas
1420 1449 1520 1498 ejus,

1073 1502 1177 1542 Dixi
1187 1502 1361 1554 iniquis:
1375 1503 1523 1544 Nolite
1538 1504 1683 1555 inique
1698 1507 1839 1556 agere:

1022 1559 1045 1585 *
1074 1563 1117 1599 et
1145 1557 1514 1611 delinquentibus:
1546 1560 1694 1602 Nolite
1727 1562 1838 1603 exal-

1021 1617 1115 1656 tare
1143 1627 1294 1656 cornu:

1071 1671 1221 1712 Nolite
1247 1672 1457 1713 extollere
1481 1673 1525 1713 in
1548 1673 1682 1714 altum
1707 1687 1838 1715 cornu

1020 1732 1229 1768 vestrum:
1257 1729 1280 1755 *
1307 1728 1443 1770 nolite
1478 1729 1598 1781 loqui
1631 1729 1837 1772 adversus

1019 1783 1162 1825 Deum
1188 1784 1472 1836 iniquitatem.

1072 1840 1183 1889 Quia
1214 1853 1356 1892 neque
1387 1841 1442 1882 ab
1472 1841 1663 1891 Oriente,
1696 1855 1836 1894 neque

1019 1895 1073 1936 ab
1114 1896 1371 1947 Occidente,
1411 1910 1552 1949 neque
1589 1911 1615 1938 a
1651 1898 1834 1940 desertis

1017 1952 1256 1994 mentibus:
1279 1954 1303 1980 *
1329 1954 1533 2005 quoniam
1560 1954 1678 1995 Deus
1706 1954 1833 2006 judex

1019 2012 1095 2049 est.

1068 2065 1197 2105 Hunc
1216 2064 1423 2115 humiliat,
1449 2071 1492 2107 et
1516 2065 1631 2107 hunc
1659 2066 1832 2107 exaltat:

1017 2121 1040 2147 *
1065 2121 1166 2172 quia
1191 2121 1304 2162 calix
1327 2121 1371 2162 in
1394 2135 1523 2162 manu
1546 2122 1720 2162 Demini
1744 2121 1831 2162 vini

1015 2177 1124 2218 meri
1151 2176 1307 2229 plenus
1334 2178 1476 2219 misto.

1066 2234 1124 2274 Et
1142 2233 1366 2275 inclinavit
1391 2247 1443 2275 ex
1462 2234 1546 2275 hoc
1568 2233 1611 2274 in
1636 2233 1734 2274 hoc:
1762 2246 1830 2275 ve-

1014 2292 1258 2331 rumtamen
1290 2290 1375 2331 faex
1408 2291 1495 2341 ejus
1528 2301 1613 2330 non
1647 2294 1712 2330 est
1745 2290 1829 2331 exi-

1014 2348 1176 2387 nanita:
1194 2347 1218 2373 *
1236 2345 1387 2387 bibent
1406 2357 1554 2386 omnes
1573 2347 1828 2397 peccatores

1013 2406 1154 2443 terrae.

1064 2458 1158 2509 Ego
1183 2462 1326 2499 autem
1346 2456 1610 2498 annuntiabo
1634 2457 1678 2498 in
1696 2459 1826 2499 saecu-

1012 2514 1117 2554 lum:
1144 2516 1168 2541 *
1195 2513 1380 2555 cantabo
1403 2513 1499 2553 Deo
1528 2513 1674 2554 Jacob.

1062 2571 1119 2611 Et
1162 2570 1305 2610 omnia
1344 2570 1506 2609 cernua
1545 2571 1825 2621 peccatorum
