2028 2892
526 170 626 203 Infra
655 170 944 205 Hebdomadam
971 173 1020 206 iii.
1047 181 1135 216 post
1160 176 1238 209 Oct.
1263 177 1430 212 Paschae.

133 259 403 301 Sancterum.
434 259 492 301 Et
515 259 626 302 dixit
644 260 764 302 mihi:
792 262 956 306 Scribe:

133 315 260 357 Beati
295 316 370 367 qui
407 315 464 358 ad
500 328 670 357 coenam
705 318 955 370 nuptiarum

134 371 250 422 Agni
281 371 426 413 vocati
456 377 567 413 sunt.
606 372 663 414 Et
695 372 804 415 dixit
835 375 955 416 mihi:

133 427 244 469 Haec
267 427 403 469 verba
420 428 504 469 Dei
527 441 633 470 vera
659 434 769 471 sunt.
809 430 866 472 Et
890 433 954 472 ce-

134 482 221 525 cidi
243 487 343 525 ante
365 483 503 536 pedes
522 485 627 536 ejuS,
652 490 701 526 ut
725 485 955 529 adorarem

133 551 242 580 eum.
277 539 335 581 Et
359 539 464 581 dicit
486 540 606 581 mihi:
632 540 748 583 Vide
772 555 826 584 ne
845 543 953 586 fece-

132 595 206 636 ris:
225 597 461 637 conservus
476 601 577 637 tuus
591 609 697 646 sum,
717 602 761 639 et
775 599 954 641 fratrum

132 653 306 693 tuerum
356 652 606 694 habentium
659 655 953 696 testimenium

132 707 157 748 J
159 720 246 749 esu.
283 708 425 749 Deum
451 708 598 751 adera.
639 710 954 752 Testimenium

132 764 248 804 enim
270 764 295 805 J
299 777 375 806 esu
403 770 469 807 est
496 766 673 817 spiritus
697 767 953 820 prophetiae.

184 832 234 882 R».
268 827 430 870 Audivi
465 842 631 871 vocem.
666 844 762 871 cum
800 831 953 873 Gleria

131 883 261 925 Patri.
288 884 468 926 Timete.
483 888 522 926 in
547 888 640 928 fine.
664 887 758 927 292.

430 969 580 1010 Lectio
602 970 655 1009 iii.

212 1035 231 1072 t
248 1030 339 1073 vidi
362 1032 521 1074 coelum
546 1036 761 1087 apertum,
787 1040 831 1077 et
850 1048 951 1077 ecce

221 1099 359 1139 equus
379 1088 513 1139 albus,
534 1094 577 1131 et
597 1091 671 1142 qui
690 1090 871 1133 sedebat
885 1105 951 1134 su-

129 1156 209 1196 per
227 1156 336 1195 eum,
354 1144 594 1187 vocabatur
612 1145 784 1198 Fidelis,
806 1153 849 1190 et
866 1148 950 1190 Ve-

129 1211 223 1250 rax,
250 1204 293 1241 et
311 1213 409 1241 cum
428 1202 589 1253 justitia
606 1201 782 1254 judicat,
808 1208 852 1245 et
874 1217 951 1256 pu-

129 1260 244 1307 gnat.
279 1256 404 1297 Oculi
427 1262 571 1299 autem
595 1259 685 1310 ejus
704 1259 815 1301 sicut
834 1260 950 1301 flam-

129 1324 200 1353 ma
222 1312 348 1363 ignis,
384 1318 428 1355 et
451 1314 495 1354 in
520 1315 662 1366 capite
690 1316 780 1367 ejus
807 1315 950 1358 diade-

129 1372 247 1409 mata
277 1368 428 1419 multa,
465 1369 630 1412 habens
661 1384 818 1413 nomen
849 1373 949 1414 scri-

128 1428 269 1475 ptum,
299 1424 419 1476 quod
445 1438 572 1468 nemo
597 1427 718 1468 novit
740 1428 822 1468 nisi
844 1429 949 1481 ipse.

128 1479 186 1520 Et
202 1482 386 1522 vestitus
405 1486 499 1523 erat
516 1487 637 1524 veste
657 1486 835 1536 aspersa
854 1487 947 1526 san-

127 1536 270 1586 guine:
289 1540 333 1577 et
346 1540 528 1579 vocetur
546 1551 704 1581 nomen
721 1541 822 1592 81118,
841 1541 948 1582 Ver-

129 1590 232 1634 bum
250 1592 344 1634 Dei.
377 1594 434 1635 Et
457 1596 672 1637 exercitus
696 1597 768 1648 qui
787 1602 887 1639 sunt
905 1598 947 1638 in

129 1648 262 1699 coelo,
299 1650 594 1702 sequebantur
630 1665 728 1693 eum
754 1653 798 1694 in
825 1655 947 1706 equis

128 1704 252 1756 albis,
271 1707 416 1748 vestiti
435 1707 612 1760 byssino
632 1708 748 1760 albo,
768 1715 811 1752 et
829 1724 947 1752 mun-

128 1759 197 1802 do.
245 1761 303 1803 Et
330 1761 384 1804 de
413 1776 488 1805 ore
516 1765 606 1817 ejus
633 1765 834 1818 procedit
858 1766 946 1817 gla-

127 1814 224 1858 dius
252 1829 306 1859 ex
332 1821 518 1871 utreque
545 1825 669 1873 parte
697 1825 863 1863 acutus:
899 1827 948 1864 ut

125 1872 169 1912 in
192 1873 290 1925 ipso
314 1875 531 1927 percutiat
557 1876 731 1918 Gentes.
771 1877 828 1919 Et
850 1878 946 1931 ipse

125 1933 248 1979 reget
275 1942 349 1971 eas
375 1930 420 1971 in
446 1931 567 1982 virga
594 1932 750 1974 ferrea:
782 1938 826 1974 et
850 1934 945 1986 ipse

128 1983 266 2025 calcat
283 1986 476 2028 t6rcular
493 1987 580 2028 vini
598 1987 756 2029 fureris
771 1989 848 2030 irae
862 1989 946 2031 Dei

127 2040 446 2093 omnipotentis.
493 2043 551 2085 Et
581 2043 714 2085 habet
743 2044 787 2084 in
818 2045 944 2086 vesti-

125 2097 289 2146 mento,
313 2100 357 2138 et
379 2097 423 2138 111
441 2098 603 2140 femore
622 2112 701 2140 suo
721 2100 944 2152 scriptum:

126 2151 222 2192 Rex
240 2164 405 2203 regum,
431 2158 475 2195 et
492 2155 704 2196 Dominus
724 2154 943 2197 dominan-

124 2206 241 2248 tium.

181 2272 242 2314 Te
261 2274 403 2316 Deum
419 2274 656 2317 laudamus.
675 2277 733 2317 15.

178 2339 247 2380 Ad
267 2340 426 2381 Bened.
462 2341 558 2382 Ant.
592 2343 900 2395 Cognoverunt
918 2347 941 2372 *

125 2398 358 2440 Deminum
384 2400 408 2440 J
410 2412 546 2451 esum,
574 2401 761 2453 alleluja,
792 2402 836 2442 in
861 2401 940 2442 fra-

124 2454 268 2497 ctiene
285 2456 420 2508 panis,
439 2456 619 2509 alleluja.

176 2536 238 2570 Ad
261 2536 469 2579 Vespems,
498 2537 573 2570 nisi
602 2543 773 2571 occurrat
804 2538 936 2571 festum

124 2583 164 2617 ix
178 2583 416 2623 Lectionum,
441 2596 461 2619 a
484 2584 662 2627 capitulo
687 2586 725 2619 fit
748 2586 793 2619 dc
811 2586 844 2619 S.
863 2585 937 2619 Ma-

124 2631 191 2673 ria,
213 2635 255 2666 ut
276 2632 382 2667 infra.

1275 268 1559 310 Sabbata

1012 319 1079 360 De
1101 319 1213 361 libro
1231 321 1520 376 Apoealypsis
1542 325 1657 368 beati
1674 328 1822 370 Joafiis

1310 379 1524 430 Apestoli.

1111 434 1259 475 Lectio
1281 436 1303 474 i.
1542 442 1640 490 Cap.
1656 444 1717 481 22.

1017 488 1819 604 ἴΜῖῗὲΠῖἷξιὲῗὲὲἒὲὲνίἓᾶᾚὲἓΞ

1012 567 1083 586 ⁷214
1229 576 1238 594 ‚

1006 599 1272 650 crystallum,
1300 602 1609 654 procedentem
1639 606 1692 648 de
1717 608 1819 651 sede

1005 654 1089 696 Dei
1105 660 1148 696 et
1162 657 1287 707 Agni.
1311 658 1362 698 In
1381 660 1525 702 medio
1544 662 1700 713 plateae
1720 665 1819 716 ejus,

1006 715 1051 752 et
1086 723 1140 752 ex
1175 715 1360 766 utraque
1395 721 1520 767 parte
1552 718 1740 760 fluminis
1772 721 1818 761 li-

1004 780 1135 818 gnum
1162 768 1279 819 vitae,
1311 770 1495 813 afferens
1524 773 1688 816 fructus
1716 775 1819 818 due-

1005 821 1161 873 decim,
1196 838 1276 877 per
1307 839 1478 869 menses
1506 830 1697 881 singulos
1725 832 1818 874 red-

1005 877 1112 920 dens
1138 880 1326 922 fructum
1353 896 1492 934 suum,
1521 890 1564 926 et
1589 886 1692 928 felia
1718 888 1819 939 ligni

1004 934 1060 976 ad
1092 936 1322 979 sanitatem
1347 939 1561 982 Gentium.
1605 942 1660 984 Et
1692 956 1818 986 omne

1003 992 1281 1034 maledictum
1305 1008 1391 1036 non
1416 997 1497 1038 erit
1516 998 1714 1050 amplius:
1739 1001 1817 1043 sed

1004 1048 1132 1090 sedes
1150 1049 1233 1091 Dei
1256 1055 1300 1092 et
1317 1051 1432 1103 Agni
1455 1053 1499 1094 in
1517 1054 1588 1095 illa
1608 1061 1745 1106 erunt,
1774 1062 1816 1099 et

1003 1105 1118 1145 servi
1138 1106 1226 1158 ejus
1242 1108 1431 1150 servient
1443 1109 1514 1150 illi.
1540 1111 1596 1152 Et
1610 1111 1817 1155 videbunt

1002 1160 1156 1203 faciem
1175 1163 1279 1214 ejus:
1299 1169 1342 1205 et
1359 1177 1517 1206 nomen
1536 1167 1624 1218 ejus
1643 1167 1686 1208 in
1704 1168 1815 1210 fren-

1001 1217 1117 1258 tibus
1134 1221 1294 1260 eerum.
1316 1219 1373 1261 Et
1390 1234 1477 1262 nox
1496 1222 1606 1264 ultra
1620 1236 1708 1265 non
1723 1226 1817 1267 erit:

1002 1277 1046 1314 et
1080 1286 1166 1315 non
1204 1275 1389 1326 egebunt
1424 1277 1583 1320 lumine
1618 1279 1815 1331 lucernae,

1001 1342 1142 1382 neque
1165 1330 1326 1374 lumine
1351 1332 1473 1383 solis,
1502 1336 1705 1386 queniam
1728 1337 1814 1378 De-

1000 1385 1140 1427 minus
1176 1387 1296 1429 Deus
1331 1388 1587 1431 illuminabit
1622 1391 1736 1442 illos,
1772 1399 1814 1435 et

1000 1442 1242 1492 regnabunt
1275 1444 1319 1484 in
1355 1446 1514 1487 saecula
1546 1448 1812 1490 saeculerum.

999 1497 1055 1539 Et
1074 1498 1182 1540 dixit
1200 1500 1318 1541 mihi:
1341 1500 1450 1543 Haec
1468 1502 1601 1544 verba
1618 1504 1812 1546 fidelissi-

999 1566 1070 1594 ma
1083 1560 1193 1605 sunt,
1213 1560 1256 1597 et
1269 1569 1383 1599 vera.
1404 1558 1460 1599 Et
1472 1558 1682 1601 Dominus
1692 1561 1811 1602 Deus

999 1610 1227 1662 spirituum
1249 1613 1561 1666 prophetarum
1587 1616 1704 1658 misit
1726 1617 1811 1658 An-

998 1666 1142 1717 gelum
1164 1680 1290 1709 suum
1313 1670 1542 1712 ostendere
1565 1673 1700 1713 servis
1724 1674 1811 1714 suis

1000 1735 1097 1774 quae
1117 1726 1292 1776 opertet
1309 1725 1405 1768 fieri
1423 1727 1522 1768 cito.
1549 1728 1605 1769 Et
1622 1740 1723 1770 ecce
1742 1731 1810 1770 ve-

997 1779 1069 1820 nio
1097 1780 1316 1823 veleciter.
1364 1782 1543 1833 Beatus,
1571 1785 1644 1836 qui
1671 1787 1809 1826 custe-

998 1834 1062 1876 dit
1079 1835 1214 1878 verba
1231 1837 1475 1890 prophetiae
1494 1839 1590 1882 libri
1607 1840 1740 1893 huJus.

1303 1898 1453 1940 Lectio
1473 1900 1511 1940 ii.

1078 1957 1097 1994 t
1126 1965 1207 2004 ego
1239 1954 1444 2004 Joannes‚
1476 1956 1549 2007 qui
1580 1956 1738 2007 audivi,
1766 1962 1809 1999 et

1088 2009 1178 2051 vidi
1194 2009 1299 2051 haec.
1334 2010 1391 2052 Et
1413 2016 1646 2064 postquam
1669 2013 1806 2054 audis-

995 2077 1102 2115 sem,
1128 2070 1171 2107 et
1189 2065 1412 2117 vidissem,
1437 2066 1573 2109 cecidi
1592 2072 1639 2109 ut
1657 2068 1805 2110 adora-

994 2133 1087 2162 rem
1114 2125 1214 2163 ante
1241 2121 1377 2174 pedes
1404 2122 1576 2174 Angeli,
1605 2124 1678 2175 qui
1703 2124 1806 2165 mihi

994 2176 1089 2218 haec
1107 2177 1377 2220 ostendebat:
1402 2183 1445 2220 et
1466 2178 1574 2220 dixit
1592 2179 1710 2220 mihi:
1733 2180 1805 2221 Vi-

994 2231 1049 2273 de
1067 2245 1121 2274 ne
1139 2233 1307 2275 feceris:
1325 2236 1559 2275 conservus
1579 2234 1691 2275 enim
1705 2239 1804 2276 tuus

993 2300 1099 2338 sum,
1121 2293 1164 2330 et
1183 2289 1365 2331 fratrum
1383 2291 1555 2331 tuerum
1573 2290 1804 2342 prophete-

992 2355 1103 2394 rum,
1131 2349 1174 2386 et
1195 2347 1357 2394 eorum,
1385 2345 1458 2396 qui
1480 2349 1653 2386 servant
1670 2346 1804 2388 verba

991 2399 1235 2452 prophetiae
1249 2400 1346 2442 libri
1357 2399 1494 2451 hujus:
1506 2400 1648 2442 Deum
1658 2401 1803 2444 adera.

990 2455 1048 2496 Et
1066 2455 1170 2497 dicit
1187 2456 1303 2497 mihi:
1325 2455 1392 2496 Ne
1415 2456 1650 2506 signaveris
1669 2458 1803 2499 verba

990 2511 1233 2563 prophetiae
1247 2511 1344 2552 libri
1357 2511 1493 2562 hujus:
1506 2516 1678 2565 tempus
1691 2514 1802 2555 enim

1021 2579 1128 2619 rope
1154 2572 1229 2608 est.
1274 2566 1357 2616 Qui
1379 2571 1524 2616 nocet,
1551 2570 1707 2610 noceat
1730 2569 1801 2611 ad-

989 2578 1087 2663 fiuc:
1112 2627 1155 2664 et
1174 2623 1246 2674 qui
1263 2622 1307 2662 in
1325 2621 1526 2664 serdibus
1546 2628 1628 2673 est,
1655 2625 1799 2667 sorde-

989 2682 1083 2719 scat
1100 2677 1255 2720 adhuc:
1278 2682 1320 2720 et
1339 2678 1412 2729 qui
1430 2678 1565 2729 justus
1584 2685 1665 2730 est,
1686 2681 1799 2732 justi-
