2066 2956
1145 733 1170 751 vx·
1194 733 1239 759 mn
1250 733 1287 756 zm
1298 712 1776 764 5⁴,n41angzx·‚01r:3rx«.·31wz;*maxx-5112:

1197 734 1336 773 wilhalm
1343 753 1434 773 &mm
1444 736 1679 773 mmmmm
1689 754 1731 773 m*
1738 754 1776 772 u

729 863 832 914 Die
860 864 920 914 11.
950 862 1241 915 Februarii.

882 972 932 1012 In
954 972 1086 1013 Festo

303 1056 440 1127 Ss.
488 1057 907 1144 Septem
951 1059 1675 1130 Fundatorum

521 1171 720 1213 Ordinis
747 1163 1018 1214 Servorum
1044 1174 1095 1214 B.
1123 1174 1298 1217 Mariae
1321 1174 1458 1225 virg.

896 1251 1080 1302 Duplex.

110 1338 115 1346 ’
189 1341 326 1376 Omnia
356 1342 402 1377 de
430 1342 573 1377 Comm.
601 1341 708 1375 Conf.
740 1351 816 1374 non
841 1340 959 1382 Pont.‚

134 1395 276 1434 praeter
300 1390 511 1434 sequentia.

353 1457 415 1498 In
437 1457 473 1498 1.
492 1458 742 1508 vesperis.

188 1531 276 1565 Ant.
302 1530 349 1565 de
371 1530 490 1564 Laud.
516 1530 661 1564 Psalmi
686 1535 726 1565 ut
748 1528 827 1563 inl.
845 1528 961 1572 Vesp.

136 1578 183 1613 de
205 1578 409 1613 Communi
425 1579 563 1622 Apost.

140 1676 174 1694 ἵ»,
256 1676 264 1679 ,
362 1640 502 1692 Capit.
663 1640 692 1678 1.
712 1638 826 1679 Petr.
847 1639 884 1677 4.

176 1698 264 1748 effi}
287 1690 488 1731 arissimi:
500 1690 838 1732 Comunicantes
851 1690 962 1732 Chri-

303 1746 361 1787 sti
383 1747 663 1799 passienibus
687 1747 889 1798 gaudete,
913 1752 962 1789 ut

138 1821 140 1829 ν
184 1795 209 1809 ”
252 1807 262 1844 ζ
304 1807 348 1844 et
362 1803 406 1844 in
420 1804 688 1846 revelatiene
704 1804 856 1856 gleriae
872 1805 961 1856 ejus

282 1859 364 1901 atis
383 1861 663 1903 exsultantes.

447 1932 658 1983 Hymnus.

219 1999 303 2041 ella
322 2001 427 2042 dum
445 2002 532 2043 late
550 2002 753 2051 furerent,
774 2006 817 2043 et
831 2001 962 2043 urbes

242 2056 375 2099 Caede
402 2058 594 2100 fraterna
620 2061 844 2111 gemerent
869 2071 961 2100 cru-

189 2169 343 2213 Adfuit
374 2117 685 2224 virzlgff'nova
716 2184 890 2225 semper
921 2183 960 2212 e-

291 2229 653 2329 Munergeffiztris.

138 2360 202 2399 En
223 2364 354 2401 vocat
372 2360 552 2413 Septem
569 2359 788 2407 Famulos‚
807 2357 960 2399 fideles

188 2414 248 2456 Ut
263 2415 346 2457 sibi
359 2416 402 2457 in
416 2416 547 2466 luctu,
562 2416 758 2458 recolant
773 2414 960 2463 doleres,

189 2471 311 2522 Quos
335 2472 436 2514 tulit
454 2474 478 2514 J
481 2486 600 2522 esus,
624 2472 723 2514 tulit
746 2472 841 2524 ipsa
859 2482 958 2512 con-

290 2585 379 2627 Sub
399 2542 663 2627 chZZSNati.

140 2657 259 2699 Illico
279 2664 434 2711 parent
453 2658 654 2700 Deminae
674 2656 865 2698 vocanti:

187 2714 579 2812 Splendidisttiesctis
591 2713 838 2766 opibusque
850 2723 960 2763 spre-

1065 1336 1184 1378 Urbe
1208 1337 1418 1379 secedunt
1441 1339 1595 1391 procul
1618 1340 1661 1380 in
1684 1341 1837 1382 Senari

1168 1393 1333 1435 Abdita
1351 1396 1522 1436 montis.

1017 1468 1212 1519 Corpora
1237 1467 1306 1508 hic
1331 1468 1474 1521 poenis
1501 1470 1695 1511 cruciant
1721 1472 1835 1511 acer-

1066 1580 1263 1623 Sentium
1278 1525 1401 1623 laEeSs’
1414 1581 1637 1623 heminum
1651 1583 1836 1635 piantes:

1065 1638 1150 1679 Hic
1177 1651 1308 1690 prece
1333 1640 1534 1704 avertunt
1558 1638 1836 1692 lacrimisque

1168 1696 1506 1793 Namintilssiljam.

1021 1825 1253 1867 Perdolens
1272 1825 1413 1867 Mater
1432 1826 1566 1876 fovet,
1586 1830 1716 1878 atque
1736 1828 1836 1867 ami-

1066 1939 1170 1991 Ipsa
1210 1887 1442 1988 lugugsselttiil
1474 1942 1624 1980 monet
1660 1937 1836 1979 induen-

1067 2051 1264 2103 Agminis
1297 1994 1440 2093 sgrlilgtli'
1467 2052 1541 2104 pia
1572 2059 1720 2104 coepta
1747 2064 1835 2092 sur-

1167 2165 1278 2206 Mira
1296 2113 1538 2217 pgilesstcunt.

1019 2239 1184 2281 Palmes
1220 2240 1265 2280 in
1297 2239 1450 2280 bruma
1479 2237 1670 2280 viridans
1701 2236 1834 2279 hone-

1320 2309 1391 2338 res

1064 2353 1247 2394 Nuntiat
1260 2357 1446 2404 patrum:
1465 2350 1670 2404 preprios
1685 2350 1834 2391 Mariae

1066 2409 1153 2450 Ore
1176 2408 1353 2450 lactenti
1378 2408 1572 2449 vocitant
1594 2406 1729 2459 puelli

1167 2464 1353 2506 Nemine
1372 2464 1542 2505 Servos.

1018 2543 1079 2586 Sit
1097 2543 1229 2584 decus
1244 2541 1374 2590 Patri,
1394 2540 1639 2592 genitaeque
1653 2539 1784 2589 Proli,

1062 2600 1119 2641 Et
1133 2599 1222 2648 tibi,
1242 2610 1423 2650 compar
1439 2596 1666 2647 utriusque
1682 2595 1834 2636 Virtus

1064 2655 1248 2707 Spiritus
1274 2665 1462 2717 semper,
1489 2652 1610 2694 Deus
1634 2664 1762 2701 unus,
1790 2663 1833 2691 0-

1167 2722 1408 2817 Tempgssilsl
1419 2776 1527 2805 aevo.
1554 2763 1706 2804 Amen.
