2066 2956
522 234 607 268 »Die
631 235 682 268 21.
703 235 806 275 Maii.
853 235 887 269 S
913 235 1053 269 Felicis
1080 246 1098 268 a
1126 235 1340 269 Cantalicio
1365 235 1471 268 Conf.

1757 237 1850 282 [379]

156 331 322 374 sentiet
341 332 466 382 vires,
485 331 727 384 animaeque
748 345 917 384 magnae

205 387 445 440 Prodigum
462 392 632 441 pectus:
651 388 866 430 violentus
884 389 948 429 ira

205 445 309 487 Non
332 444 471 497 quatit
494 445 602 486 recti
623 443 764 486 solida
781 447 979 487 tenacem

309 501 456 543 Mente
475 501 661 543 satelles.

156 567 222 607 En
239 566 326 608 ruit
342 579 543 619 praeceps
562 565 801 608 tumulatus
820 566 936 607 unda

206 623 388 675 Martyr,
417 627 461 664 et
489 623 624 665 fluctu
651 623 828 676 placido
854 623 977 666 silen-

204 735 453 787 Naufragus
461 684 666 787 tl<i3111nguam
684 736 876 778 melioris
896 736 980 777 aevi

310 793 464 842 Servat
483 793 526 835 in
544 806 681 834 usum.

159 859 216 899 At
234 858 492 910 superjectae
511 857 626 899 facili
645 860 845 900 natantes

206 914 347 956 Amne
399 914 664 980 discurrunt,
713 914 979 967 rutilantque

206 1027 445 1080 Martyrem
464 984 679 1069 cillaciraimae:
711 1027 823 1069 bene
854 1032 979 1078 gesta

463 1084 678 1137 plaudens

311 1140 449 1182 Ornat
470 1140 701 1194 Olympus(

157 1206 294 1247 Ornat
309 1211 353 1249 et
365 1206 567 1258 linguam,
586 1206 703 1248 rosei
713 1206 848 1247 instar
858 1205 979 1256 ignis,

208 1262 414 1305 Vividam
442 1276 638 1313 servans,
671 1268 715 1304 et
742 1262 885 1304 adhue
912 1276 979 1303 ru-

464 1319 650 1369 bentem,

208 1375 394 1426 Iudicat,
418 1389 618 1428 quaenam
642 1376 772 1418 fuerit
795 1376 980 1417 tacentis

313 1432 467 1474 Gratia
484 1432 653 1484 linguae.

155 1495 219 1537 Sit
238 1496 372 1539 decus
391 1498 522 1548 Patri,
541 1499 787 1550 genitaeque
806 1497 933 1548 Proli,

208 1553 416 1606 Spiritum
457 1554 651 1620 laudent,
696 1554 750 1595 ab
793 1556 979 1606 utroque

209 1667 292 1717 Qui
312 1667 425 1710 calet
444 1624 639 1717 gria-igis,
659 1668 751 1709 sine
766 1667 851 1709 fine
866 1667 978 1720 psal-

311 1780 441 1822 Orbis
460 1724 655 1834 llietIelssque.
683 1780 834 1822 Amen.

207 1833 259 1885 V.
280 1841 414 1882 Posui
434 1841 500 1883 ori
518 1854 616 1883 meo
637 1840 898 1890 custodiam,
922 1840 979 1881 al-

155 1897 293 1949 leluja.
329 1896 379 1948 R.
407 1897 515 1939 Cum
541 1900 801 1940 consisteret
825 1899 978 1950 pecca-

155 1957 226 1994 tor
246 1952 478 1995 adversum
495 1966 576 2003 me,
596 1954 777 2006 allehija.

207 2017 278 2059 Ad
306 2017 478 2068 Magnis.
523 2019 618 2061 Ant.
660 2020 709 2059 In
739 2019 978 2070 conspectu

155 2074 400 2126 potentium
427 2073 693 2117 admirabilis
723 2087 815 2124 ero,
848 2079 892 2115 et
919 2073 978 2114 fa-

157 2130 245 2171 cies
263 2131 510 2184 principum
528 2131 798 2173 mirabuntur
816 2143 898 2171 me:
918 2132 978 2171 ta-

157 2188 327 2228 centem
345 2199 414 2228 me
434 2187 717 2237 sustinebunt,
740 2192 783 2229 et
801 2187 978 2238 loquen-

155 2247 246 2284 tem
263 2255 333 2289 me
353 2244 598 2296 respicient,
618 2243 800 2295 alleluia.

426 2356 509 2398 Die
527 2356 585 2396 21.
602 2355 715 2407 Maji.

197 2421 240 2462 S.
262 2420 440 2462 Felicis
465 2431 496 2462 a
520 2419 792 2462 Cantalicio
818 2419 937 2460 Conf.

440 2481 697 2524 Serniduplex.

207 2536 342 2571 Omnia
372 2537 417 2571 de
450 2538 592 2571 Comm.
622 2536 729 2571 Conf.
762 2546 838 2570 non
868 2535 975 2569 Pont.

159 2584 231 2628 [84]
258 2590 398 2627 praeter
423 2596 527 2629 sequ.
552 2585 611 2628 (m.
635 2589 659 2620 t.
683 2584 731 2626 v.)

490 2642 652 2682 Oratio.

156 2691 286 2796 Fac
304 2715 395 2752 nos,
414 2702 600 2744 Domine
620 2702 644 2742 J
647 2714 734 2750 esu,
756 2701 800 2740 in
820 2701 978 2753 simpli-

250 2758 380 2800 citate
404 2763 447 2800 et
469 2758 716 2800 innocentia
740 2757 886 2798 cordis
905 2769 979 2798 no-

1031 333 1108 374 stri
1137 333 1373 375 ambulare:
1412 346 1593 386 quarum
1621 336 1769 375 amore
1798 335 1852 376 de

1031 389 1127 430 sinu
1143 389 1292 430 Matris
1312 390 1423 432 inter
1440 390 1557 432 beati
1571 390 1728 432 Felicis
1743 391 1851 432 Con-

1031 445 1207 487 fessoris
1248 447 1311 488 tui
1352 446 1529 488 brachia
1575 446 1854 489 descendisti:

1031 502 1114 552 Qui
1133 502 1243 543 vivis
1263 508 1306 545 et
1325 515 1491 554 regnas.

1083 557 1125 590 In
1156 557 1181 591 1.
1212 558 1409 591 Nocturno
1444 558 1645 591 Lectiones
1678 558 1723 591 de
1756 557 1853 591 Scri-

1032 611 1142 648 ptura
1168 611 1399 639 occurrente.

1259 663 1307 701 In
1333 663 1382 701 ΙΙ.
1407 662 1627 701 Nocturno.

1332 721 1480 761 Lectio
1502 720 1553 759 iv.

1035 787 1233 849 ἦ(
1265 801 1290 829 a
1324 788 1561 830 Cantalicio
1594 790 1637 830 in
1668 790 1852 840 Sabinis,

1035 842 1046 885 511
1101 842 1141 900 ῑῗξ
1160 844 1392 887 humilibus
1408 844 1487 887 sed
1502 846 1586 898 piis
1601 846 1853 898 parentibus

1035 900 1046 919 Γ
1160 906 1296 951 natus,
1316 915 1342 943 a
1361 906 1499 954 puero
1515 902 1746 955 pascendis
1760 905 1853 954 gre-

1031 957 1175 1008 gibus,
1202 971 1305 999 mox
1331 964 1374 1000 et
1398 971 1503 1009 agro
1528 958 1714 1000 colendo
1734 959 1853 1001 addi-

1032 1019 1143 1064 ctus,
1173 1014 1310 1055 multo
1339 1015 1575 1067 impensius
1601 1028 1746 1057 rerum
1769 1029 1852 1058 coe-

1030 1070 1204 1112 lestium
1237 1070 1522 1113 meditatione
1560 1072 1748 1113 animum
1779 1086 1853 1113 nu-

1031 1129 1151 1177 trire,
1178 1132 1221 1168 et
1240 1140 1401 1179 corpus
1421 1127 1607 1169 assiduis
1626 1129 1783 1179 vigiliis
1803 1142 1854 1171 ac

1032 1183 1196 1235 jejuniis
1216 1183 1395 1225 domare
1415 1185 1564 1237 coepit,
1589 1185 1855 1226 eremiticam

1032 1252 1165 1290 agens
1184 1240 1317 1282 vitam
1331 1241 1478 1293 potius
1495 1254 1624 1293 quam
1639 1242 1854 1283 rusticam.

1032 1297 1313 1338 Ferventiore
1333 1302 1477 1339 autem
1498 1297 1541 1337 in
1559 1298 1702 1339 Deum
1720 1299 1853 1351 pieta-

1031 1358 1075 1394 te
1094 1353 1312 1403 incensus,
1341 1367 1439 1395 cum
1463 1367 1550 1395 non
1574 1359 1726 1406 posset
1751 1367 1854 1406 quo-

1031 1409 1155 1459 tidie,
1183 1415 1230 1451 ut
1250 1410 1450 1462 optabat,
1480 1411 1613 1451 sacris
1638 1411 1854 1463 mysteriis

1031 1466 1259 1515 interesse,
1292 1479 1423 1517 grege
1452 1466 1509 1507 ad
1535 1466 1633 1508 loca
1661 1466 1854 1508 solitaria

1033 1522 1277 1575 compulso,
1301 1523 1395 1575 ipse
1415 1528 1515 1564 ante
1535 1535 1709 1564 crucem
1728 1523 1853 1564 arbo-

1031 1591 1127 1619 rum
1153 1578 1386 1620 corticibus
1415 1579 1594 1621 incisam
1620 1578 1693 1620 diu
1718 1582 1854 1629 orare,

1032 1647 1167 1686 seque
1192 1635 1349 1677 acriter
1374 1636 1594 1686 flagellare
1620 1638 1853 1677 consueve-

1031 1698 1113 1741 rat,
1160 1691 1239 1733 sed
1275 1697 1318 1733 et
1355 1691 1589 1744 aliquando
1625 1692 1775 1742 glebas
1812 1693 1854 1732 in

1031 1760 1137 1799 agro
1170 1750 1357 1797 vertere,
1390 1749 1604 1800 simulque
1635 1748 1777 1789 Sacris
1812 1748 1854 1788 in

1031 1804 1196 1856 templo
1223 1803 1379 1846 adesse
1398 1805 1516 1845 visus
1541 1809 1618 1845 est.
1655 1804 1776 1845 Alias
1795 1804 1853 1844 in-

1031 1866 1099 1902 ter
1118 1860 1329 1905 arandum
1348 1860 1608 1910 furentibus,
1637 1873 1747 1912 quos
1766 1861 1853 1912 jun-

1031 1922 1171 1966 xerat,
1217 1916 1439 1958 indomitis
1484 1917 1691 1968 juvencis,
1736 1916 1855 1958 humi

1032 1979 1210 2023 stratus,
1241 1978 1283 2014 et
1307 1975 1452 2014 aratro
1478 1972 1744 2025 superducto
1764 1973 1853 2025 pla-

1030 2042 1084 2070 ne
1103 2028 1460 2082 proscindendus,
1479 2030 1669 2070 lacerata
1690 2028 1854 2071 dumta-

1031 2090 1106 2126 xat
1135 2090 1273 2135 veste,
1311 2085 1498 2126 surrexit
1530 2085 1702 2125 illaesus.
1756 2085 1852 2134 Quo

1031 2142 1243 2193 periculo,
1268 2146 1316 2182 ut
1340 2141 1396 2183 ad
1414 2141 1621 2182 tutiorem
1644 2140 1853 2191 regularis

1033 2197 1275 2250 disciplinae
1298 2197 1548 2250 palaestram
1571 2197 1745 2238 vocanti
1770 2197 1854 2248 jam

1031 2253 1202 2306 pridem
1236 2254 1332 2295 Deo
1368 2255 1559 2306 pareret,
1596 2252 1854 2302 admonitus,

1030 2310 1195 2351 rustica
1210 2309 1469 2362 supellectili
1484 2308 1751 2361 pauperibus
1769 2307 1852 2350 dis-

1030 2365 1163 2407 tribui
1201 2367 1331 2417 jussa,
1368 2364 1425 2406 ad
1460 2364 1616 2405 fratres
1649 2364 1853 2413 Minores,

1032 2434 1143 2473 quos
1168 2422 1439 2473 Capuccinos
1462 2424 1638 2470 vocant,
1663 2421 1853 2472 propere

1031 2490 1078 2518 se
1098 2478 1290 2519 contulit.

1083 2534 1133 2584 R.
1159 2534 1406 2575 Honestum
1432 2533 1534 2574 fecit
1560 2532 1681 2573 illum
1705 2533 1853 2574 Domi-

1030 2603 1122 2639 nus,
1149 2595 1192 2631 et
1211 2588 1447 2630 custodivit
1467 2601 1566 2630 eum
1586 2588 1640 2630 ab
1659 2588 1854 2638 inimicis,

1031 2651 1075 2687 et
1102 2659 1128 2687 a
1155 2644 1459 2686 seductoribus
1487 2645 1646 2686 tutavit
1672 2645 1808 2686 illum:
1828 2641 1850 2663 *

1030 2702 1088 2743 Et
1120 2701 1240 2742 dedit
1271 2701 1333 2741 illi
1366 2701 1608 2742 claritatem
1635 2702 1852 2750 aeternam,

1032 2757 1212 2808 alleluja.
1246 2749 1296 2799 V·
1316 2757 1341 2797 J
1342 2761 1487 2798 ustum
1506 2756 1688 2798 deduxit
1706 2756 1852 2797 Domi-
