2028 2892
180 210 254 245 306

378 303 550 339 Feria
585 302 813 349 Quarta.

184 363 249 401 De
268 360 468 412 Epistola
485 358 606 401 beati
624 359 648 399 J
651 358 779 400 acebi
794 357 1012 410 Apostoli.

283 425 434 464 Lectio
456 424 477 462 i.
699 423 803 474 Cap.
819 426 854 463 2.
872 438 903 463 c.

188 486 1011 596 O“lssssf‘iffissstd22³25³32mffassi÷r{·

183 601 319 651 opera
349 604 495 640 autem
526 612 614 640 non
647 598 833 640 habeat?
878 598 1012 639 Num—

183 655 289 707 quid
325 656 487 709 p6terit
528 654 639 696 fides
682 655 853 696 salvare
889 652 1012 695 eum?

181 711 226 752 Si
246 715 392 752 autem
410 711 560 759 frater,
581 716 624 752 et
644 724 772 752 soror
790 709 896 751 nudi
916 709 1012 758 sint,

183 771 226 808 et
240 766 463 817 indigeant
478 767 596 808 victu
612 766 880 818 quotidiano,
897 766 1014 807 dicat

182 827 329 863 autem
349 822 507 873 aliquis
532 835 587 863 ex
603 822 731 863 vobis
753 822 855 863 illis:
883 822 950 862 Ite
969 821 1013 860 in

181 891 309 930 pace,
345 878 646 927 calefacimini,
674 883 718 919 et
747 877 1013 919 saturamini:

184 946 272 974 non
299 933 508 975 dederitis
534 939 681 975 autem
707 934 786 983 eis,
817 947 916 986 quae
941 946 1012 974 ne-

183 990 374 1031 cessaria
403 995 504 1031 sunt
530 990 722 1041 cerpori,
751 989 857 1041 quid
881 989 1012 1041 pred-

183 1044 288 1086 erit?
328 1045 398 1086 Sic
432 1051 475 1087 et
509 1044 631 1094 fides,
667 1046 703 1086 si
735 1058 823 1086 non
853 1045 1014 1086 habeat

184 1104 331 1153 Opera,
349 1103 522 1143 mertua
542 1106 609 1142 est
625 1101 668 1141 in
688 1103 937 1153 semetipsa.

233 1163 283 1213 lig.
311 1162 432 1202 Deus
453 1161 682 1202 canticum.
701 1162 800 1202 303.

493 1226 645 1266 Lectio
666 1227 704 1266 ii.

182 1282 307 1388 Sed
333 1285 449 1326 dicet
475 1285 586 1337 quis:
613 1285 682 1325 Tu
707 1285 840 1326 fidem
865 1284 1014 1334 habes,

271 1346 315 1382 et
342 1353 423 1391 ego
454 1343 591 1393 epera
617 1340 772 1382 habeo.
818 1340 1014 1381 Ostende

183 1396 289 1437 mihi
309 1396 443 1438 fidem
461 1402 582 1438 tuam
609 1396 702 1437 sine
725 1396 945 1448 operibus:
971 1400 1014 1437 et

184 1466 265 1503 ego
293 1452 525 1494 ostendam
550 1452 631 1493 tibi
658 1465 712 1493 ex
736 1451 943 1518 operibus
968 1452 1013 1491 fi-

184 1508 285 1549 dem
321 1521 474 1549 meam.
522 1508 591 1548 Tu
628 1507 771 1548 credis
809 1507 1015 1559 quoniam

183 1577 294 1605 unus
315 1569 382 1605 est
400 1564 536 1605 Deus:
564 1564 684 1605 Bene
708 1563 831 1604 facis:
860 1568 904 1604 et
929 1563 1014 1604 dae-

183 1632 337 1661 mones
363 1619 565 1668 credunt,
593 1624 636 1660 et
661 1620 1014 1660 contremiscunt.

183 1676 264 1716 Vis
297 1680 444 1716 autem
482 1675 595 1715 scire
632 1687 658 1715 o
692 1674 825 1715 homo
859 1674 1014 1722 inanis,

185 1731 391 1782 queniam
415 1730 527 1771 fides
551 1730 644 1770 sine
669 1729 878 1781 operibus
901 1731 1014 1770 mer-

184 1791 259 1828 tua
296 1784 384 1827 est?
440 1785 666 1826 Abraham
701 1790 827 1837 pater
863 1789 1015 1825 noster

183 1854 328 1883 nonne
354 1854 408 1882 ex
432 1840 640 1893 operibus
659 1841 918 1892 justificatus
938 1845 1015 1890 est,

185 1897 375 1938 efferens
403 1898 528 1937 Isaac
560 1896 698 1936 filium
730 1909 857 1937 suum
883 1908 1016 1947 super

185 1951 347 1994 altare?
388 1952 528 1993 Vides
561 1952 767 2003 queniam
800 1951 911 1993 fides
945 1964 1015 1992 co-

185 2007 454 2061 operabatur
483 2007 694 2060 operibus
722 2007 852 2049 illius:
889 2012 933 2049 et
961 2020 1015 2048 ex

185 2063 393 2116 operibus
413 2063 524 2104 fides
545 2065 845 2104 consummata
866 2062 954 2104 est?

235 2127 285 2176 R.
314 2124 487 2164 Bonum
507 2128 584 2165 est.
604 2124 703 2163 303.

487 2188 636 2227 Lectio
659 2187 710 2225 iii.

264 2252 282 2288 t
297 2246 500 2299 suppleta
515 2251 582 2287 est
596 2247 831 2298 Scriptura,
850 2245 1015 2287 dicens:

277 2302 474 2344 Credidit
492 2302 717 2343 Abraham
741 2302 855 2350 Deo,
884 2307 927 2343 et
951 2315 1014 2342 re—

185 2360 386 2409 putatum
419 2362 487 2398 est
527 2356 589 2397 illi
621 2356 678 2397 ad
712 2357 935 2408 justitiam,
972 2363 1016 2397 et

187 2415 350 2454 amicus
369 2413 453 2454 Dei
473 2412 721 2465 appellatus
742 2417 818 2452 est.
843 2412 1015 2452 Videtis

188 2468 393 2518 queniam
429 2481 483 2509 ex
516 2468 725 2520 operibus
758 2467 1016 2518 justificatur

186 2522 335 2571 homo,
364 2529 407 2564 et
432 2536 520 2564 non
546 2536 598 2565 ex
624 2522 711 2565 fide
730 2522 920 2564 tantum?
955 2523 1015 2563 Si-

186 2577 345 2618 militer
372 2583 414 2619 et
439 2578 594 2620 Rahab
620 2578 842 2627 meretrix,
870 2590 1015 2618 nonne

187 2645 240 2672 ex
262 2633 471 2683 operibus
490 2634 724 2684 justificata
739 2638 817 2682 est,
837 2633 1015 2684 suscipi-

188 2700 265 2727 ens
292 2688 486 2737 nuntios,
522 2695 565 2730 et
598 2689 682 2730 alia
710 2689 779 2729 via
815 2686 1014 2739 ejiciens?

575 210 675 243 Infra
705 209 998 243 llebdomadam
1028 208 1073 240 iv.
1102 212 1189 249 post
1215 206 1294 239 Oct.
1320 206 1492 239 Paschae.

1063 299 1183 340 Sicut
1230 299 1344 340 enim
1389 311 1549 351 corpus
1601 298 1695 339 sine
1737 297 1893 350 spiritu

1062 357 1284 396 mertuum
1305 359 1384 405 est,
1404 355 1465 395 ita
1485 359 1529 395 et
1547 354 1658 395 fides
1678 354 1770 395 sine
1790 354 1892 406 ope-

1063 410 1184 452 ribus
1203 413 1378 451 mortua
1395 415 1472 451 est.

1118 475 1179 516 Te
1198 474 1343 515 Deum
1361 473 1603 515 laudamus.
1622 474 1681 514 15.

1118 545 1188 585 Ad
1210 545 1371 587 Bened.
1408 546 1509 586 Ant.
1543 546 1728 598 Spiritus
1753 547 1775 571 *
1801 557 1891 586 car-

1063 615 1163 644 nem
1191 607 1235 644 et
1263 615 1364 643 ossa
1393 615 1482 643 non
1508 601 1657 651 habet,
1689 602 1801 643 sicut
1823 612 1894 641 me

1064 658 1223 699 videtis
1251 658 1429 699 habere:
1463 658 1548 709 jam
1576 656 1759 707 credite,
1792 656 1893 697 alle-

1064 714 1160 763 luia.

1118 778 1187 817 Ad
1217 777 1389 826 Magnis.
1432 778 1530 816 Ant.
1578 776 1732 818 Adhuc
1757 775 1895 817 multa

1063 833 1207 875 habeo
1228 835 1251 860 *
1271 833 1398 874 vobis
1420 832 1577 881 dicere,
1597 832 1676 873 sed
1695 845 1782 873 non
1797 835 1894 884 pot·

1065 890 1168 931 estis
1208 891 1388 941 portare
1420 888 1570 930 modo:
1612 901 1712 930 cum
1749 891 1895 928 autem

1064 946 1233 987 venerit
1260 945 1333 986 ille
1361 945 1550 997 Spiritus
1579 944 1790 993 veritatis,
1819 942 1895 984 do·

1064 1001 1181 1042 cebit
1205 1014 1286 1043 vos
1317 1013 1491 1042 omnem
1517 1000 1766 1048 veritatem,
1794 998 1894 1040 alle-

1064 1057 1161 1109 luja.

1265 1167 1437 1203 Feria
1471 1166 1697 1214 Quinta.

1067 1229 1132 1269 De
1151 1227 1352 1279 Epistola
1372 1227 1492 1268 beati
1509 1226 1534 1267 J
1535 1225 1664 1267 acebi
1678 1223 1896 1277 Apostoli.

1172 1297 1204 1335 L
1208 1297 1321 1337 ectio
1343 1297 1365 1335 i.
1634 1296 1738 1347 Cap.
1757 1296 1793 1335 3.

1087 1361 1270 1449 mjg'lolite
1297 1359 1446 1412 plures
1472 1359 1670 1409 magistri
1693 1358 1790 1399 fieri
1815 1357 1896 1398 fra-

1096 1412 1131 1459 s*
1183 1422 1273 1458 tres
1313 1416 1415 1464 mei,
1460 1415 1650 1456 scientes
1689 1413 1897 1466 quoniam

1065 1474 1203 1524 majus
1227 1472 1433 1524 judicium
1458 1471 1639 1512 sumitis.
1675 1470 1727 1510 In
1747 1468 1896 1510 multis

1067 1528 1182 1570 enim
1215 1527 1476 1569 offendimus
1509 1539 1673 1567 omnes.
1720 1525 1765 1566 Si
1801 1525 1897 1576 quis

1065 1585 1109 1624 in
1143 1583 1279 1625 verbo
1313 1596 1401 1624 non
1431 1581 1629 1623 offendit:
1659 1581 1730 1622 hic
1758 1580 1896 1633 perfe-

1067 1645 1164 1680 ctus
1197 1644 1264 1681 est
1293 1639 1368 1679 vir.
1409 1639 1564 1679 Potest
1595 1637 1728 1679 etiam
1758 1636 1896 1677 fraeno

1067 1694 1396 1736 circumducere
1437 1698 1580 1735 totum
1623 1704 1795 1744 corpus.
1852 1690 1898 1731 Si

1067 1755 1214 1792 autem
1252 1750 1376 1801 equis
1414 1749 1550 1789 fraena
1581 1748 1626 1788 in
1659 1760 1735 1788 ora
1766 1747 1896 1788 mitti-

1066 1819 1164 1846 mus
1194 1805 1250 1846 ad
1278 1803 1641 1846 consentiendum
1670 1802 1815 1851 nobis,
1855 1807 1899 1843 et

1068 1874 1196 1902 omne
1231 1873 1391 1913 corpus
1428 1859 1603 1900 illorum
1635 1857 1896 1900 circumferi-

1067 1929 1175 1957 mus.

1123 1978 1171 2027 R.
1198 1980 1243 2021 Si
1263 1979 1437 2021 oblitus.
1457 1980 1550 2019 301.

1379 2055 1531 2096 Lectio
1552 2055 1590 2094 ii.

1069 2116 1226 2220 Ecce
1251 2128 1294 2165 et
1319 2136 1468 2172 naveS,
1493 2136 1592 2165 cum
1610 2135 1781 2174 magnae
1801 2123 1897 2172 sint,

1153 2184 1197 2221 et
1211 2192 1237 2219 a
1251 2179 1393 2220 ventis
1408 2178 1566 2220 validis
1580 2179 1808 2227 minentur,
1827 2179 1899 2219 cir-

1068 2235 1366 2277 cumferuntur
1385 2247 1410 2275 a
1429 2234 1606 2276 medico
1629 2233 1897 2285 gubernacu-

1067 2291 1127 2340 lo,
1149 2290 1224 2331 ubi
1242 2292 1432 2341 impetus
1453 2289 1679 2340 dirigentis
1698 2289 1898 2330 voluerit.

1067 2347 1136 2387 Ita
1182 2350 1225 2386 et
1270 2345 1417 2395 lingua
1461 2345 1683 2386 medicum
1721 2344 1897 2395 quidem

1067 2400 1311 2442 membrum
1345 2405 1425 2449 est,
1459 2405 1502 2441 et
1533 2412 1692 2449 magna
1725 2399 1897 2440 exaltat.

1068 2457 1184 2497 Ecce
1205 2460 1394 2507 quantus
1413 2455 1524 2506 ignis
1545 2467 1676 2506 quam
1695 2466 1898 2504 magnam

1068 2511 1221 2552 silvam
1257 2508 1466 2551 incendit!
1511 2510 1567 2550 Et
1603 2509 1749 2559 lingua
1785 2509 1897 2559 ignis

1070 2571 1148 2615 est,
1167 2565 1428 2607 universitas
1447 2564 1700 2616 iniquitatis.

1128 2632 1174 2680 lig.
1202 2628 1431 2671 Viderunt.
1463 2640 1558 2666 cum
1589 2626 1740 2667 Gloria
1766 2626 1897 2668 Patri.

1068 2684 1316 2727 Multitudo.
1335 2684 1374 2721 in
1398 2683 1492 2721 fine.
1513 2683 1606 2723 301.
