2028 2892
553 178 653 212 Infra
681 179 973 214 lrlebdomadam
999 181 1061 214 111.
1089 186 1177 223 post
1203 183 1281 214 ‹)ct.
1309 182 1477 214 Paschae.

141 262 242 304 Scio
270 263 600 306 tribulationem
626 270 766 316 tuam,
798 272 842 308 et
868 281 971 320 pau-

142 320 363 370 pertatem
393 318 532 371 tuam,
566 321 646 362 sed
674 321 796 363 dives
829 336 895 364 es:
928 329 972 365 et

141 373 460 427 blasphemaris
480 376 535 418 ab
556 376 639 426 his,
661 378 736 429 qui
755 391 802 419 se
822 378 972 421 dicunt

140 430 320 472 Judaeos
340 444 448 482 esse,
467 437 512 474 et
532 446 621 474 non
640 439 752 484 sunt,
771 435 850 476 sed
870 441 972 477 sunt

142 489 366 538 synagoga
390 490 566 530 satanae.
602 489 723 530 Nihil
746 489 903 531 horum
921 494 970 532 ti-

141 554 261 583 meas
283 555 382 594 quae
404 548 614 596 passurus
638 558 697 586 es.
736 546 851 587 Ecce
871 548 969 588 mis-

142 601 271 639 surus
286 604 354 640 est
370 599 573 642 diabolus
588 600 760 653 aliquos
776 614 830 642 ex
843 603 970 644 vobis

140 653 186 694 in
205 657 428 696 carcerem
446 661 495 697 ut
513 657 756 698 tentemini:
780 663 824 699 et
842 658 970 699 habe-

140 709 244 751 bitis
271 711 597 754 tribulationem
625 713 780 755 diebus
807 714 971 756 decem.

140 765 250 807 Esto
275 767 419 808 fidelis
446 781 586 821 usque
613 769 670 811 ad
694 775 899 819 mortem,
928 776 971 812 et

141 821 258 864 dabo
273 823 354 865 tibi
374 826 583 866 coronam
598 826 711 866 vitae.
741 826 824 876 Qui
838 826 971 867 habet

141 890 307 929 aurem,
335 879 487 922 audiat
512 881 617 933 quid
640 881 829 934 Spiritus
855 882 971 924 dicat

140 934 365 976 Ecclesiis:
389 936 475 986 Qui
493 937 659 987 vicerit,
677 950 768 979 non
786 938 971 980 laedetur

139 1002 167 1030 a
183 995 326 1032 morte
346 992 550 1034 secunda.

193 1048 245 1099 R.
276 1047 482 1090 Ostendit
514 1049 621 1090 mihi
648 1049 844 1100 Angelus
878 1050 969 1091 fon-

139 1106 229 1143 tem
248 1115 375 1156 aquae
394 1104 518 1154 vivae,
541 1109 585 1146 et
605 1104 716 1147 dixit
734 1105 791 1147 ad
809 1119 890 1155 me,
913 1106 969 1147 al-

138 1157 281 1210 leluja:
306 1162 327 1185 *
346 1160 433 1201 Hic
451 1161 596 1202 Deum
615 1161 762 1212 adora,
787 1162 969 1214 alleluja,

139 1214 321 1267 alleluja,
346 1216 528 1269 alleluja.
561 1213 612 1265 Υ.
637 1218 880 1270 Postquam
900 1231 970 1259 au-

140 1269 304 1312 dissem
329 1276 373 1313 et
400 1272 626 1322 vidissem,
654 1274 796 1315 cecidi
823 1279 871 1315 ut
897 1274 969 1315 ad-

139 1328 314 1368 orarem
328 1333 429 1370 ante
443 1328 582 1381 pedes
593 1330 763 1380 Angeli,
777 1330 852 1381 qui
863 1330 970 1370 mihi

138 1381 235 1424 haec
255 1384 528 1434 ostendebat,
547 1389 592 1427 et
607 1385 716 1427 dixit
730 1385 845 1426 mihi.
873 1386 969 1427 Hic.

140 1438 293 1480 Gloria
309 1440 441 1481 Patri.
467 1441 564 1482 Hic.

292 1542 294 1544 ,
442 1496 595 1537 Lectio
616 1498 670 1537 iii.

221 1556 240 1593 t
249 1552 422 1603 Angelo
432 1554 634 1604 Pergami
643 1554 854 1595 Ecclesiae
867 1555 968 1595 scri-

232 1607 303 1650 be:
325 1609 436 1650 Haec
456 1609 562 1650 dicit
582 1610 656 1662 qui
674 1610 806 1651 habet
825 1610 968 1651 rhom-

137 1663 312 1716 phaeam
325 1667 510 1718 utraque
523 1671 649 1718 parte
665 1670 852 1708 acutam:
867 1667 967 1708 Scio

137 1719 214 1761 ubi
231 1719 420 1771 habitas,
445 1721 520 1763 ubi
543 1721 673 1764 sedes
697 1727 765 1764 est
789 1725 968 1764 satanae:

138 1780 183 1817 et
204 1780 329 1818 tenes
352 1790 512 1819 nomen
535 1791 697 1828 meum,
722 1783 767 1820 et
790 1792 879 1820 non
897 1792 968 1820 ne-

137 1832 252 1882 gasti
277 1831 413 1874 fidem
444 1846 598 1875 meam.
652 1834 710 1876 Et
741 1835 785 1875 in
814 1834 968 1877 diebus

137 1887 222 1928 illis
237 1888 425 1941 Antipas
444 1890 570 1931 testis
584 1902 709 1931 meus
723 1890 878 1940 fidelis,
895 1891 968 1942 qui

139 1946 311 1985 occisus
336 1950 403 1986 est
427 1945 546 1998 apud
570 1958 666 1995 vos,
692 1945 768 1987 ubi
792 1948 967 1987 satanas

138 1998 319 2041 habitat.
346 2044 349 2048 ,
372 2000 460 2042 Sed
495 2001 640 2043 habeo
677 2002 889 2043 adversus
922 2006 967 2042 te

138 2067 297 2107 pauca:
338 2057 440 2108 quia
472 2057 609 2098 habes
645 2057 734 2098 illic
768 2059 967 2099 tenentes

139 2110 386 2152 doctrinam
421 2112 622 2162 Balaam,
664 2113 738 2165 qui
778 2112 967 2154 docebat

138 2166 272 2208 Balac
291 2169 466 2209 mittere
485 2169 741 2210 scandalum
757 2182 906 2210 coram
919 2169 965 2209 fi-

137 2222 207 2263 liis
229 2223 384 2272 Israel,
413 2223 559 2274 edere,
588 2229 632 2266 et
658 2225 882 2266 fornicari:
906 2225 967 2265 ita

137 2277 275 2320 habes
290 2284 334 2320 et
352 2284 400 2320 tu
417 2282 617 2321 tenentes
633 2280 879 2322 doctrinam
892 2280 966 2321 Ni-

139 2334 407 2376 colaitarum.
440 2336 646 2378 Similiter
664 2337 966 2389 poenitentiam

138 2402 234 2440 age:
252 2391 290 2431 si
308 2404 396 2443 quo
415 2392 557 2432 minus
577 2393 750 2433 veniam
769 2392 848 2433 tibi
867 2392 966 2439 cito,

139 2450 183 2487 et
200 2446 407 2498 pugnabo
428 2460 528 2489 cum
546 2447 630 2489 illis
648 2449 692 2488 in
711 2447 857 2498 gladio
878 2447 965 2488 oris

137 2502 233 2543 mei.
262 2503 347 2552 Qui
363 2502 496 2545 habet
516 2517 675 2553 aurem,
695 2503 845 2544 audiat
862 2501 966 2554 quid

138 2557 326 2609 Spiritus
355 2559 473 2601 dicat
500 2560 730 2601 Ecclesiis:
761 2558 966 2601 Vincenti

139 2612 256 2654 dabo
273 2627 434 2656 manna
452 2615 770 2664 absconditum,
790 2619 833 2655 et
849 2613 964 2654 dabo

138 2667 201 2708 illi
226 2669 443 2711 calculum
467 2670 716 2712 candidum:
744 2675 787 2711 et
812 2669 856 2709 in
881 2668 964 2709 cal-

1024 269 1124 310 culo
1140 283 1300 311 nomen
1315 284 1477 313 novum
1492 275 1712 326 scriptum,
1730 275 1850 328 quod

1023 337 1153 367 nemo
1173 327 1266 376 scit,
1286 328 1367 368 nisi
1389 329 1462 380 qui
1481 331 1651 382 accipit.

1081 384 1140 423 Te
1159 383 1303 424 Deum
1321 383 1560 426 laudamus.
1579 387 1637 427 15.

1082 440 1150 481 Ad
1184 442 1341 483 Bened.
1373 444 1468 484 Ant.
1512 446 1561 483 Et
1587 442 1797 494 incipiens
1824 444 1848 470 *

1024 505 1050 533 a
1085 493 1239 546 Moyse
1281 500 1324 536 et
1365 497 1566 538 omnibus
1604 499 1847 551 ProphetiS,

1023 549 1393 601 interpretabatur
1450 553 1533 594 illis
1590 554 1847 606 Scripturas,

1025 618 1124 656 quae
1153 605 1208 647 de
1236 607 1334 659 ipso
1363 614 1495 658 erant,
1524 609 1703 661 alleluja.

1083 667 1149 706 Ad
1172 667 1342 713 Magnif.
1365 668 1459 706 Ant.
1486 666 1681 706 Tristitia
1702 672 1847 709 vestra

1023 718 1046 742 *
1066 719 1260 759 vertetur
1278 719 1322 758 in
1344 720 1568 770 gaudium,
1593 721 1776 773 alleluja:
1805 728 1848 764 et

1023 773 1231 822 gaudium
1268 780 1462 817 vestrum
1499 789 1627 818 nemo
1663 778 1788 819 tollet
1822 791 1848 819 a

1023 829 1160 880 vobis,
1189 830 1371 882 alleluia,
1399 833 1580 884 alleluja.

1228 939 1642 982 Feria,Tertia.

1025 996 1091 1034 De
1115 993 1226 1035 libro
1246 995 1538 1048 Apocalypsis
1563 997 1679 1038 beati
1697 997 1722 1038 J
1724 998 1846 1039 oanis

1326 1051 1544 1103 Apostoli.

1131 1110 1281 1151 Lectio
1307 1111 1329 1149 i.
1588 1113 1689 1161 (lap.
1709 1114 1745 1150 4.

1024 1173 1030 1182 ‘-
1052 1178 1079 1212 ς
1099 1166 1176 1202 ost
1207 1162 1304 1203 haec
1335 1163 1442 1204 vidi:
1476 1169 1519 1205 et
1551 1177 1652 1206 ecce
1687 1167 1847 1207 ostium

1046 1215 1100 1261 [ἐς
1122 1220 1322 1270 apertum
1337 1219 1380 1259 in
1397 1220 1521 1269 coelo,
1538 1225 1582 1261 et
1596 1234 1683 1262 vox
1696 1223 1847 1274 prima,

1024 1285 1155 1324 quam
1191 1274 1338 1315 audivi
1376 1280 1599 1327 tamquam
1635 1277 1752 1318 tubae
1787 1278 1847 1320 lo-

1024 1330 1196 1380 quentis
1224 1343 1415 1380 mecum,
1445 1331 1613 1373 dicens:
1644 1333 1846 1375 Ascende

1021 1383 1117 1434 huc⁷
1142 1391 1185 1426 et
1204 1386 1433 1428 ostendam
1451 1387 1531 1429 tibi
1553 1401 1650 1440 quae
1670 1391 1846 1441 oportet

1022 1440 1115 1481 fieri
1129 1446 1232 1493 post
1247 1441 1352 1483 haec.
1380 1443 1436 1484 Et
1455 1444 1602 1484 statim
1620 1445 1681 1484 fui
1699 1446 1741 1485 in
1760 1447 1845 1497 spi-

1021 1497 1124 1537 ritu:
1152 1502 1196 1538 et
1223 1510 1325 1539 ecce
1354 1499 1481 1540 sedes
1509 1500 1654 1551 posita
1682 1506 1775 1541 erat
1801 1502 1845 1541 in

1022 1552 1152 1602 coelo,
1182 1558 1225 1594 et
1250 1567 1381 1606 supra
1408 1555 1558 1596 sedem
1581 1555 1750 1597 sedens.
1788 1556 1844 1597 Et

1023 1609 1097 1660 qui
1124 1609 1322 1659 sedebat,
1351 1610 1500 1651 similis
1529 1616 1621 1652 erat
1648 1613 1843 1664 aspectui

1020 1663 1180 1716 lapidis
1199 1660 1394 1718 jaspidis,
1420 1671 1463 1707 et
1481 1667 1683 1708 sardinis:
1708 1673 1751 1708 et
1770 1668 1843 1708 iris

1022 1725 1115 1761 erat
1129 1721 1173 1761 in
1190 1721 1372 1762 circuitu
1386 1722 1504 1763 sedis
1523 1722 1673 1763 similis
1688 1723 1844 1764 visioni

1021 1776 1322 1827 smaragdinae.
1360 1778 1417 1819 Et
1443 1779 1486 1818 in
1515 1779 1699 1819 circuitu
1727 1778 1842 1820 sedis

1021 1832 1175 1874 sedilia
1217 1833 1580 1885 vigintiquatuor:
1627 1839 1671 1876 et
1715 1847 1846 1886 super

1019 1889 1204 1930 thronos
1220 1889 1564 1941 vigintiquatuor
1579 1890 1773 1931 seniores
1789 1903 1845 1931 se-

1021 1944 1195 1993 dentes,
1232 1945 1543 1986 circumamicti
1575 1946 1843 1987 vestimentis

1021 2000 1146 2049 albis,
1172 2005 1216 2041 et
1238 2001 1282 2040 in
1306 2001 1522 2053 capitibus
1547 2003 1698 2042 eorum
1721 2003 1842 2042 coro-

1019 2069 1089 2096 nae
1113 2059 1270 2097 aureae.
1306 2057 1362 2098 Et
1382 2056 1437 2098 de
1457 2057 1616 2098 throno
1636 2056 1841 2108 procede·

1019 2112 1125 2153 bant
1143 2111 1324 2162 fulgura,
1348 2117 1392 2153 et
1410 2125 1552 2162 voces,
1576 2118 1619 2153 et
1637 2115 1842 2153 tonitrua:

1020 2173 1064 2209 et
1083 2172 1254 2219 septem
1274 2167 1500 2220 lampades
1520 2168 1722 2209 ardentes
1741 2172 1840 2208 ante

1019 2223 1241 2273 thronum,
1265 2225 1339 2275 qui
1358 2228 1458 2264 sunt
1476 2229 1644 2276 septem
1664 2223 1840 2275 spiritus

1017 2279 1112 2320 Dei.

1072 2336 1122 2386 R.
1159 2334 1264 2376 Vidi
1299 2334 1540 2375 Jerusalem
1577 2333 1840 2376 descenden-

1017 2395 1107 2431 tem
1131 2390 1186 2431 de
1212 2390 1339 2439 coelo,
1368 2391 1565 2430 ornatam
1590 2403 1696 2430 auro
1721 2403 1840 2430 mun-

1018 2446 1088 2495 do,
1109 2451 1152 2487 et
1167 2446 1383 2498 lapidibus
1398 2445 1602 2497 pretiosis
1617 2446 1840 2487 intextam:

1019 2505 1041 2527 *
1055 2501 1252 2553 Alleluja,
1271 2501 1450 2552 alleluja.
1475 2493 1521 2542 ,V-
1544 2501 1602 2541 Et
1618 2506 1713 2543 erat
1731 2506 1839 2543 stru-

1018 2560 1142 2598 ctura
1164 2557 1276 2598 muri
1300 2557 1389 2608 ejus
1413 2568 1467 2596 ex
1490 2556 1638 2608 lapide
1656 2557 1839 2609 jaspide;

1017 2613 1115 2664 ipsa
1138 2625 1243 2654 vero
1269 2623 1421 2653 aurum
1446 2611 1673 2662 mundum,
1702 2612 1839 2653 simile

1016 2669 1132 2710 vitro
1152 2667 1327 2709 mundo.
1354 2667 1549 2718 Alleluia.

1783 180 1851 216 295
1900 211 1903 216 .
