2066 2956
747 190 922 226 Officium
946 192 1232 226 Defunctorum.

136 299 221 328 me:
238 286 262 312 *
282 286 337 328 de
355 298 481 327 mane
499 297 638 338 usque
658 284 715 326 ad
730 286 962 338 vesperam

135 342 261 384 finies
279 355 361 384 me.

187 398 428 452 Sperabam
442 410 581 450 usque
597 397 654 439 ad
667 410 804 447 mane,
818 398 842 424 *
858 409 960 449 qua-

137 455 174 496 si
187 455 258 497 leo
275 455 337 497 sic
353 454 557 497 contrivit
574 454 718 495 013313
735 466 837 496 0883
849 466 961 495 mea:

187 512 256 554 De
277 524 404 554 mane
427 523 566 564 usque
586 510 644 552 ad
664 512 897 564 vesperam
915 510 960 551 fi-

136 568 230 610 nies
254 581 339 610 me:
363 568 387 595 *
412 568 524 610 sicut
548 566 694 620 pullus
718 566 961 608 hirundinis

136 625 199 666 sic
209 624 419 674 clamabo,
426 623 675 666 meditabor
685 628 734 665 ut
744 623 961 666 columba:

187 681 416 723 Attenuati
443 685 543 722 sunt
571 680 686 722 oculi
711 681 813 731 mei,
841 682 864 707 *
894 693 961 722 su-

136 737 371 790 spicientes
389 738 434 778 in
453 736 688 779 excelsum:

188 794 377 836 Domine
410 794 499 835 vim
535 793 696 846 patior,
742 792 961 846 responde

135 862 216 902 pro
248 863 329 892 me.
354 852 377 877 *
401 850 518 901 Quid
550 849 710 900 dicam,
749 855 823 891 aut
855 849 963 901 quid

136 906 421 959 respondebit
434 906 550 957 mihi,
566 919 664 948 cum
678 907 773 959 ipse
787 906 961 948 fecerit?

186 963 462 1015 Recogitabo
507 962 587 1005 tibi
631 975 783 1004 omnes
823 974 961 1004 annos

135 1031 258 1061 meos
269 1020 292 1046 *
302 1020 346 1060 in
362 1019 652 1061 amaritudine
668 1019 825 1060 animae
840 1031 962 1060 meae.

187 1076 375 1118 Domine
395 1076 432 1117 si
450 1076 513 1117 sic
531 1076 708 1126 vivitur,
735 1080 778 1117 et
800 1075 845 1116 in
866 1075 960 1117 1311-

136 1132 219 1174 bus
233 1133 323 1174 vita
338 1132 516 1185 spiritus
535 1133 631 1182 mei,
651 1132 861 1185 corripies
879 1145 961 1183 me,

137 1194 181 1231 et
207 1189 448 1231 vivificabis
469 1202 556 1231 me.
583 1191 606 1216 *
634 1190 750 1230 Ecce
781 1189 825 1230 in
851 1201 961 1242 pace

136 1245 381 1287 amaritudo
398 1258 497 1287 mea
515 1246 797 1286 amarissima:

189 1302 258 1343 Tu
276 1306 422 1343 autem
442 1302 593 1343 eruisti
613 1302 800 1343 animam
819 1313 962 1342 meam

136 1363 185 1400 ut
214 1371 303 1400 non
333 1360 510 1411 periret:
542 1359 566 1386 *
596 1358 820 1411 projecisti
859 1362 963 1410 post

136 1418 308 1465 tergum
331 1419 455 1456 tuum
481 1415 626 1456 omnia
649 1417 832 1467 peccata
854 1427 962 1455 mea.

190 1471 301 1522 Quia
335 1484 423 1513 non
458 1471 651 1512 infernus
684 1470 963 1512 confitebitur

136 1527 226 1577 fibi,
245 1540 387 1581 neque
405 1540 524 1569 mors
542 1526 738 1569 laudabit
756 1531 814 1568 te:
832 1528 856 1554 *
874 1539 963 1567 non

138 1583 457 1637 exspectabunt
500 1583 575 1636 qui
611 1583 884 1626 descendunt
919 1583 963 1623 in

136 1639 292 1691 1363111,
311 1640 542 1682 veritatem
559 1645 691 1682 tuam.

187 1697 354 1739 Vivens
380 1697 533 1738 vivens
561 1697 656 1750 ipse
683 1695 964 1738 confitebitur

136 1753 232 1804 tibi,
256 1753 368 1795 sicut
392 1757 435 1795 et
459 1766 541 1805 ego
563 1752 710 1795 hodie:
729 1755 753 1780 *
771 1758 897 1806 pater
916 1752 963 1792 fi-

137 1809 206 1851 liis
225 1814 376 1851 notam
393 1809 525 1852 faciet
544 1810 776 1852 veritatem
794 1810 924 1850 133111.

188 1866 376 1907 Demine
396 1866 565 1907 salvum
582 1879 652 1907 me
667 1866 746 1916 fac,
756 1867 780 1894 *
792 1871 836 1908 et
849 1865 962 1918 psal-

137 1934 234 1963 mos
268 1926 446 1964 nostros
487 1922 756 1964 cantabimus
798 1922 964 1963 cunctis

140 1977 295 2043 diebus
322 1978 424 2020 vitae
451 1983 616 2020 nostrae
642 1979 687 2020 in
715 1977 848 2020 domo
876 1979 964 2020 Do-

92 2064 93 2067 =
139 2047 244 2075 mlm

191 2066 407 2142 Requiem
426 2092 644 2132 aeternam.

194 2151 291 2191 Ant.
312 2152 351 2190 A
368 2155 501 2205 porta
518 2151 644 2193 inferi
659 2153 761 2192 erue
776 2151 964 2192 Domine

57 2211 65 2218 ‘
140 2207 327 2248 animam
344 2219 498 2248 meam.

192 2266 290 2307 Ant.
310 2267 462 2308 Omnis
482 2268 661 2320 spiritus
675 2269 699 2295 *
714 2267 864 2310 laudet
877 2268 964 2308 Do-

138 2323 312 2365 minum.

400 2369 597 2410 Psalmus
616 2370 714 2408 148:

218 2428 378 2471 audate
410 2429 648 2471 Deminum
682 2429 737 2470 de
769 2428 907 2470 coelis:
941 2428 965 2454 *

240 2484 418 2527 laudate
437 2499 536 2527 eum
553 2486 598 2526 in
617 2485 811 2526 excelsis.

191 2540 389 2584 Laudate
405 2555 505 2584 eum
519 2554 671 2583 omnes
686 2540 844 2592 Angeli
861 2540 966 2590 ejus:

142 2595 166 2621 *
183 2595 359 2639 laudate
378 2610 477 2640 eum
496 2611 648 2640 omnes
663 2598 846 2638 virtutes
864 2597 965 2647 ejus.

193 2651 390 2695 Laudate
415 2667 514 2696 eum
540 2653 606 2695 sol
630 2658 674 2695 et
696 2653 812 2694 luna:
830 2653 854 2677 ’⁸‘
878 2652 966 2693 lau-

143 2706 245 2749 date
270 2720 369 2750 eum
393 2722 544 2752 omnes
564 2709 719 2759 stellae,
744 2714 787 2750 et
810 2708 966 2749 lumen.

1038 284 1263 326 ‘Laudate
1297 297 1396 326 eum
1426 284 1528 326 coeli
1560 284 1788 326 coelorum:
1815 284 1839 309 *
1891 327 1892 330 ,

1014 345 1058 383 61
1077 353 1204 393 aquae
1224 354 1392 391 omnes,
1420 354 1519 393 quae
1543 354 1675 394 super
1700 340 1839 382 coelos

1013 402 1123 448 sunt,
1142 397 1320 439 laudent
1339 411 1500 440 nomen
1518 398 1706 439 Domini.

1066 454 1178 504 Quia
1200 455 1295 507 ipse
1322 454 1447 504 dixit,
1476 458 1519 495 et
1544 454 1659 496 facta
1682 458 1797 496 sunt:
1815 454 1840 479 *

1012 511 1109 564 ipse
1128 510 1364 561 mandavit,
1384 515 1428 552 et
1446 513 1593 552 creata
1612 515 1722 552 sunt.

1067 567 1227 609 Statuit
1247 580 1297 609 63
1316 567 1360 607 13
1380 569 1606 617 3616133111,
1633 572 1676 608 61
1700 567 1742 607 13
1763 569 1839 609 836-

1013 624 1159 666 6313111
1178 623 1341 665 saeculi:
1355 624 1378 649 *
1393 626 1667 676 praeceptum
1681 624 1840 676 posuit,
1890 667 1891 671 ,

1014 685 1057 723 61
1074 693 1163 722 303
1181 680 1435 733 praeteribit.

1063 737 1262 779 Laudate
1294 737 1532 778 Dominum
1563 736 1618 778 de
1650 742 1783 787 terra,
1815 737 1839 763 *

1014 794 1239 844 dracones,
1260 798 1303 835 61
1322 806 1473 835 013368
1492 794 1650 846 abvssi}
1890 835 1891 841 ,

1064 851 1194 903 Ignis,
1219 851 1399 902 grando,
1418 851 1503 901 nix,
1522 850 1697 902 glacies,
1718 850 1839 903 spiri-

1012 913 1084 950 tus
1098 907 1406 961 procellarum:
1421 908 1444 933 *
1461 920 1560 959 quae
1575 907 1739 949 faciunt
1754 920 1842 949 ver-

1013 965 1118 1006 bum
1138 966 1245 1017 ejus:

1064 1021 1253 1071 Montes,
1279 1025 1322 1062 61
1341 1033 1492 1062 omnes
1513 1020 1662 1062 colles:
1682 1021 1705 1046 *
1723 1020 1841 1072 ligna

1012 1077 1249 1132 fructifera,
1270 1082 1313 1119 et
1332 1090 1484 1119 omnes
1503 1077 1633 1118 cedri.

1064 1134 1238 1184 Bestiae,
1255 1139 1298 1175 et
1313 1134 1517 1175 universa
1531 1135 1708 1186 pecora:
1718 1133 1742 1159 *
1754 1146 1839 1174 ser·
1890 1154 1892 1159 ν

1012 1192 1179 1243 pentes,
1199 1195 1242 1232 et
1259 1190 1462 1232 volucres
1481 1192 1698 1242 pennatae:

1064 1248 1211 1299 Reges
1229 1252 1375 1297 terrae,
1396 1251 1439 1288 et
1458 1259 1610 1288 omnes
1628 1245 1797 1299 populi:
1816 1246 1839 1272 *

1013 1304 1248 1356 principes,
1273 1307 1316 1344 et
1340 1315 1491 1344 omnes
1514 1303 1680 1355 judices
1699 1307 1840 1344 terrae.

1065 1360 1255 1401 Juvenes
1283 1365 1327 1401 et
1352 1360 1555 1411 virgines:
1585 1372 1711 1400 senes
1740 1372 1840 1400 cum

1013 1415 1254 1468 junioribus
1272 1415 1453 1457 laudent
1471 1429 1631 1457 nomen
1648 1415 1841 1456 Domini:

1013 1473 1037 1498 *
1067 1472 1169 1524 quia
1196 1472 1436 1514 exaltatum
1467 1478 1534 1513 est
1561 1485 1721 1513 nomen
1749 1472 1839 1523 ejus

1014 1528 1162 1570 solius.

1067 1585 1294 1626 Confessio
1320 1585 1409 1637 ejus
1435 1597 1567 1637 super
1590 1584 1768 1633 coelum,
1797 1588 1842 1625 61

1014 1646 1193 1682 terram:
1220 1641 1244 1666 *
1273 1646 1315 1682 et
1352 1641 1560 1682 exaltavit
1593 1653 1731 1682 cornu
1762 1642 1840 1693 po-

1014 1698 1107 1750 puli
1127 1698 1205 1739 sui.

1067 1755 1267 1807 Hymnus
1287 1753 1489 1795 omnibus
1509 1753 1671 1795 sanctis
1692 1753 1799 1804 ejus:
1817 1753 1841 1779 *

1014 1811 1115 1852 filiis
1126 1809 1273 1860 Israel,
1288 1810 1455 1863 populo
1471 1809 1843 1863 appropinquanti

1016 1867 1108 1909 sibi.

1070 1923 1154 1963 Hic
1173 1935 1261 1962 non
1282 1921 1439 1963 dicitur
1454 1923 1681 1976 Requiem.

1276 1982 1474 2022 Psalmus
1494 1982 1580 2021 149.

1094 2038 1241 2078 331316
1275 2037 1467 2079 Domino
1508 2036 1727 2078 canticum
1767 2047 1841 2075 no-

1107 2105 1224 2133 vum:
1260 2094 1284 2120 *
1319 2093 1414 2134 laus
1451 2093 1541 2145 ejus
1576 2092 1619 2133 in
1656 2090 1842 2133 ecclesia

1017 2150 1280 2190 sanctorum.

1067 2204 1262 2246 Laetetur
1288 2205 1426 2247 Israel
1452 2205 1497 2246 in
1524 2217 1594 2254 eo,
1636 2203 1710 2255 qui
1738 2202 1840 2245 fecit

1017 2272 1130 2302 eum:
1149 2263 1174 2289 *
1193 2266 1237 2303 61
1254 2262 1333 2303 filii
1352 2261 1457 2303 Sion
1477 2260 1697 2302 exsultent
1714 2259 1759 2300 in
1777 2271 1841 2300 re-

1014 2329 1070 2368 ge
1089 2330 1181 2359 suo.

1067 2373 1268 2416 Laudent
1291 2385 1452 2415 nomen
1475 2374 1565 2424 ejus
1584 2372 1628 2413 in
1647 2371 1799 2413 choro:
1817 2371 1842 2398 *
1889 2400 1891 2418 ;

1015 2429 1060 2470 13
1074 2432 1294 2482 tympano,
1311 2435 1354 2471 et
1367 2429 1575 2482 psalterio
1589 2428 1778 2481 psallant
1789 2428 1842 2469 ei:

1069 2486 1180 2536 Quia
1206 2485 1530 2538 beneplacitum
1557 2490 1624 2526 est
1651 2484 1840 2525 Demino

1016 2541 1060 2581 in
1078 2542 1245 2594 populo
1266 2554 1362 2583 suo:
1381 2542 1404 2567 *
1424 2546 1468 2582 et
1492 2540 1700 2582 exaltabit
1723 2553 1840 2581 man-

1018 2600 1166 2639 suetos
1186 2598 1230 2638 in
1250 2597 1446 2638 salutem.

1068 2653 1361 2695 Exsultabunt
1392 2653 1533 2694 sancti
1564 2652 1608 2693 in
1640 2652 1792 2703 gloria:
1817 2652 1841 2678 *

1018 2709 1282 2751 laetabuntur
1301 2709 1345 2750 in
1363 2708 1577 2751 cubilibus
1597 2709 1696 2751 suis.
