2028 2892
764 161 934 195 Sabbato
961 162 1010 195 ad
1031 161 1236 204 Vesperas.

206 251 410 294 Custodit
439 251 656 293 Dominus
694 264 846 294 omnes
887 253 978 294 dili-

151 311 305 360 gentes
333 321 395 350 se:
417 308 442 334 *
467 312 511 350 et
539 321 691 350 omnes
719 312 978 361 peccatores

151 364 390 418 disperdet.

151 474 156 478 .
201 420 522 463 Laudationem
557 421 735 464 Domini
773 422 978 474 loquetur

151 490 202 519 os
237 490 398 519 meum:
429 477 453 503 *
488 482 532 519 et
569 477 803 519 benedicat
837 479 978 520 omnis

151 546 254 575 caro
281 533 447 574 nomini
475 538 630 575 sancto
658 535 749 586 ejus
776 534 819 574 in
843 537 977 576 saecu-

150 589 250 640 lum,
269 594 314 632 et
332 590 378 630 in
396 589 608 631 saeculum
626 590 787 631 saeculi.

206 647 308 688 Ant.
342 647 424 688 Per
458 646 653 697 singulos
682 646 775 688 dies
802 647 976 688 benedi-

151 715 247 744 cam
266 706 311 744 te
329 702 529 744 Domine.

201 761 302 803 Ant.
328 758 557 801 Laudabo.

412 820 612 862 Psalmus
631 823 718 862 145.

218 871 332 913 auda
351 872 495 913 anima
512 884 611 913 mea
623 871 870 925 Dominum,
889 872 976 912 lau-

245 927 362 970 dabo
382 928 620 969 Dominum
642 927 687 968 in
710 928 799 969 vita
820 941 934 969 mea:
953 929 976 953 *

148 984 335 1036 psallam
352 984 449 1026 Deo
468 996 568 1026 meo
589 983 798 1036 quamdiu
816 984 951 1026 fuero.

199 1040 349 1082 Nolite
374 1040 597 1083 confidere
624 1040 669 1080 in
692 1040 977 1093 principibus:

149 1096 174 1123 *
191 1097 236 1137 in
254 1096 355 1138 filiis
378 1096 617 1146 hominum,
641 1097 684 1137 in
709 1096 867 1149 quibus
888 1109 976 1138 non

149 1157 216 1195 est
235 1153 364 1194 salus.

198 1209 349 1251 Exibit
362 1209 542 1262 spiritus
554 1209 654 1261 ejus,
675 1213 720 1250 et
733 1210 977 1250 revertetur

147 1265 191 1306 in
218 1270 383 1307 terram
410 1278 547 1307 suam:
567 1265 591 1291 *
610 1265 655 1306 in
681 1264 756 1305 illa
783 1264 854 1306 die
880 1277 976 1317 per-

147 1321 273 1363 ibunt
291 1334 446 1364 omnes
465 1322 755 1373 cogitationes
774 1323 937 1362 eorum.

199 1378 382 1428 Beatus,
411 1378 532 1430 cujus
550 1377 672 1420 Deus
695 1376 834 1419 Jacob
859 1376 975 1428 adju-

146 1438 218 1476 tor
237 1435 343 1486 ejus,
368 1446 471 1486 spes
491 1434 582 1485 ejus
605 1434 650 1474 in
667 1433 859 1475 Domino
878 1433 975 1474 Deo

147 1490 335 1543 ipsium*
349 1490 423 1542 qui
435 1489 540 1532 fecit
558 1489 720 1531 coelum
739 1494 783 1531 et
801 1494 975 1538 terram,

146 1560 278 1597 mare,
297 1550 341 1588 et
361 1546 518 1596 omnia,
538 1559 637 1598 quae
655 1546 700 1586 in
719 1546 781 1587 eis
802 1550 912 1588 sunt.

200 1603 286 1653 Qui
309 1601 504 1644 custodit
523 1602 756 1644 veritatem
776 1602 821 1642 in
841 1604 974 1644 saecu-

146 1659 247 1709 lum,
261 1659 366 1700 facit
379 1658 587 1710 judicium
600 1658 800 1713 injuriam
810 1659 975 1710 patien-

147 1714 281 1757 tibus:
299 1715 327 1755 *.
343 1714 420 1756 dat
439 1727 587 1757 escam
605 1713 907 1756 esurientibus.

195 1771 414 1813 Dominus
452 1769 584 1812 solvit
621 1769 915 1822 compeditos:
951 1771 975 1796 *

142 1827 358 1869 Dominus
376 1826 590 1868 illuminat
609 1838 764 1868 caecos.

195 1883 413 1925 Dominus
442 1883 569 1934 erigit
596 1882 748 1932 elisos,
775 1882 799 1908 *
826 1882 973 1923 Domi-

144 1953 228 1981 nus
247 1939 388 1991 diligit
410 1940 561 1992 justos.

196 1996 414 2037 Dominus
439 1994 635 2037 custodit
659 1993 870 2043 AdvenaS‚
897 2006 973 2046 pu-

146 2051 301 2104 pillum
333 2055 378 2093 et
408 2051 586 2093 viduam
619 2049 845 2102 suscipiet:
875 2049 899 2075 *
930 2054 974 2091 et

146 2108 239 2149 vias
257 2109 544 2160 peccatorum
563 2105 798 2159 disperdet.

198 2162 420 2215 Regnabit
462 2163 679 2204 Dominus
723 2162 768 2202 in
813 2161 974 2202 saecula

147 2220 269 2261 Deus
287 2224 388 2261 tuus
408 2219 523 2269 Sion,
542 2219 566 2245 *
586 2219 629 2259 in
648 2217 974 2270 generationem

148 2281 193 2318 et
211 2276 549 2327 generationem.

202 2332 302 2371 Ant.
348 2330 562 2373 Laudabo
589 2331 733 2372 Deum
759 2341 904 2371 meum
930 2328 974 2368 in

148 2388 238 2429 vita
255 2401 364 2430 mea.

206 2443 307 2483 Ant.
329 2444 615 2485 Deosnostro.

411 2500 612 2539 Psalmus
631 2500 718 2537 146.

151 2549 378 2654 Laudate
402 2555 640 2596 Dominum
666 2553 871 2606 quoniam
898 2551 973 2592 bo-

240 2625 323 2652 nus
342 2616 409 2652 est
422 2610 638 2663 psahnus:
656 2610 680 2636 *
699 2609 795 2650 Deo
820 2612 973 2648 nostro
995 2620 998 2625 ·

150 2667 207 2708 sit
224 2667 423 2718 jucunda,
442 2666 692 2717 decoraque
710 2663 914 2705 laudatio.

1083 252 1326 294 AEdificans
1353 253 1593 295 Jerusalem
1624 254 1854 295 Dominus:

1031 309 1055 335 *
1067 309 1362 361 dispersiones
1372 309 1545 350 Israelis
1560 309 1854 360 congregabit.

1085 366 1169 415 Qui
1196 369 1323 406 sanat
1352 367 1562 406 contritos
1591 365 1738 407 corde:
1761 366 1785 392 *
1810 371 1853 407 et

1033 421 1181 471 alligat
1201 421 1484 462 contritiones
1504 423 1664 462 eorum.

1083 477 1168 527 Qui
1191 480 1391 518 numerat
1413 476 1735 518 multitudinem
1755 478 1852 519 stel-

1030 533 1185 574 larum:
1211 534 1235 559 *
1264 538 1308 575 et
1344 533 1545 574 omnibus
1582 533 1643 574 eis
1678 533 1853 574 nomina

1030 595 1173 631 vocat.

1082 646 1267 696 Magnus
1286 645 1502 686 Dominus
1520 650 1683 695 noster,
1704 651 1748 687 et
1765 659 1850 686 ma-

1029 715 1116 753 gna
1132 702 1270 743 virtus
1291 702 1395 753 ejus:
1414 702 1437 727 *
1458 705 1501 742 et
1520 701 1744 753 sapientiae
1763 703 1852 754 ejus

1029 771 1118 799 non
1138 762 1204 800 est
1226 761 1443 800 numerus.

1081 814 1332 866 Suscipiens
1355 814 1607 854 mansuetos
1626 813 1853 854 Dominus:

1030 871 1053 895 *
1076 870 1308 911 humilians
1333 874 1478 911 autem
1504 871 1762 921 peccatores
1785 882 1851 910 us-

1032 939 1116 978 que
1135 927 1192 968 ad
1210 931 1382 968 terram.

1080 983 1311 1023 Praecinite
1332 981 1524 1023 Domino
1551 982 1594 1021 in
1620 981 1852 1023 confessio-

1030 1038 1318 1091 ne:*psallite
1327 1039 1424 1079 Deo
1443 1041 1595 1078 nostro
1614 1038 1658 1078 in
1677 1037 1852 1078 cithara.

1081 1095 1165 1145 Qui
1193 1095 1336 1147 operit
1364 1093 1523 1135 coelum
1546 1093 1748 1135 nubibus:
1767 1094 1791 1119 *
1810 1098 1854 1135 et

1030 1155 1157 1203 parat
1175 1155 1305 1192 terrae
1324 1150 1529 1203 pluviam.

1073 1207 1157 1258 Qui
1168 1206 1374 1259 producit
1387 1206 1430 1246 in
1439 1205 1660 1247 montibus
1675 1205 1853 1247 foenum:
1887 1233 1889 1235 -

1029 1264 1053 1289 *
1073 1268 1117 1305 et
1135 1263 1316 1305 herbam
1336 1261 1534 1304 servituti
1552 1261 1785 1302 hominum.

1082 1320 1166 1370 Qui
1185 1318 1260 1360 dat
1275 1318 1474 1370 jumentis
1486 1330 1632 1359 escam
1642 1318 1852 1370 ipsorum:

1029 1375 1052 1401 *
1072 1380 1115 1416 et
1139 1374 1268 1427 pullis
1293 1376 1527 1416 corvorum
1549 1373 1851 1415 invocantibus

1029 1444 1139 1472 eum.

1078 1487 1179 1528 Non
1197 1487 1241 1527 in
1265 1485 1518 1527 fortitudine
1538 1485 1638 1536 equi
1656 1485 1849 1526 volunta-

1027 1547 1116 1584 tem
1131 1542 1322 1584 habebit:
1341 1541 1364 1567 *
1383 1554 1465 1582 nec
1483 1542 1525 1582 in
1544 1540 1661 1582 tibiis
1679 1541 1760 1582 viri
1778 1540 1848 1582 be·
1898 1547 1901 1548 ’

1028 1599 1295 1652 neplacitum
1315 1597 1396 1639 erit
1415 1597 1465 1639 ei.

1078 1654 1410 1707 Beneplacitum
1429 1657 1496 1695 est
1508 1653 1699 1694 Domino
1719 1665 1850 1704 super

1027 1711 1230 1752 timentes
1249 1723 1362 1752 eum:
1380 1709 1404 1735 *
1424 1714 1468 1751 et
1490 1709 1533 1749 in
1557 1709 1632 1760 eis,
1662 1709 1735 1760 qui
1755 1721 1848 1760 spe-

1027 1772 1126 1809 rant
1144 1779 1276 1819 super
1294 1765 1594 1807 misericordia
1612 1765 1713 1816 ejus.

1082 1825 1181 1864 Ant.
1200 1824 1296 1865 Deo
1315 1826 1466 1864 nostro
1485 1820 1672 1873 jucunda
1690 1821 1746 1862 sit
1762 1820 1848 1861 lau-

1027 1879 1160 1924 datio.

1085 1936 1182 1975 Ant.
1209 1934 1372 1976 Lauda.

1294 1989 1491 2029 Psalmus
1513 1989 1595 2027 147.

1031 2042 1213 2146 Lauda
1255 2044 1497 2088 Jerusalem
1540 2044 1788 2085 Dominum:
1823 2042 1847 2068 *

1113 2104 1137 2130 *
1155 2102 1286 2144 lauda
1303 2102 1446 2143 Deum
1463 2105 1585 2141 tuum
1603 2100 1716 2141 Sion.

1080 2159 1297 2211 Quoniam
1320 2156 1582 2199 confortavit
1604 2166 1724 2196 seras
1747 2165 1846 2205 por-

1024 2219 1170 2258 tarum
1204 2216 1391 2256 tuarum:
1426 2213 1450 2239 *
1484 2209 1706 2253 benedixit
1748 2208 1846 2249 filiis

1025 2273 1111 2314 tuis
1129 2272 1173 2312 in
1191 2275 1246 2312 te.

1077 2327 1162 2378 Qui
1188 2325 1336 2379 posuit
1361 2324 1469 2365 fines
1496 2326 1596 2363 tuos
1622 2333 1796 2373 pacem:
1822 2321 1847 2346 *

1027 2388 1070 2426 et
1097 2382 1227 2435 adipe
1254 2379 1456 2422 frumenti
1482 2377 1613 2418 satiat
1638 2381 1693 2418 te.

1077 2439 1162 2489 Qui
1189 2436 1345 2479 emittit
1371 2433 1590 2485 eloquium
1618 2440 1743 2473 suum
1764 2436 1845 2473 ter-

1025 2508 1101 2536 rae:
1129 2495 1153 2520 *
1179 2491 1387 2535 velociter
1414 2488 1547 2530 currit
1574 2500 1718 2530 sermo
1746 2488 1846 2539 ejus.

1077 2550 1162 2600 Qui
1198 2548 1273 2590 dat
1306 2547 1449 2587 nivem
1485 2544 1597 2585 sicut
1632 2543 1789 2584 lanam:
1822 2543 1845 2568 *

1025 2605 1227 2648 nebulam
1255 2603 1366 2643 sicut
1393 2602 1581 2641 cinerem
1608 2599 1786 2651 spargit.

1076 2661 1208 2702 Mittit
1222 2656 1473 2709 crystallum
1488 2668 1610 2699 suam
1622 2655 1733 2696 sicut
1742 2653 1843 2696 buc-
