2066 2956
469 186 645 222 Officium
671 186 844 219 votivum
871 185 917 219 de
943 185 998 219 Ss.
1023 185 1277 218 Eucharistiae
1303 185 1560 219 Sacramento.

1776 187 1872 231 [239]

357 286 418 327 In
443 286 505 327 11.
530 285 784 336 vesperis.

210 350 345 383 Omnia
379 354 417 383 ut
449 350 483 382 in
516 350 540 383 Ι,
570 350 681 391 vesp.
705 351 813 394 [229]‚
847 355 985 391 prater

158 398 368 439 sequentia.

212 448 261 499 V.
281 454 372 497 Sub
397 455 552 496 umbra
576 454 691 496 illius
717 467 849 507 quem
874 455 984 497 desi-

154 511 411 553 deraveram
429 510 535 553 sedi.
569 512 617 562 Rv.
639 511 696 553 Et
711 511 877 553 fructus
893 513 985 564 ejus

154 566 294 609 dulcis
312 568 478 619 gutturi
495 580 608 609 meo.

208 626 278 667 Ad
296 627 468 674 Magnis.
487 629 584 667 Ant.
604 628 698 678 Fili,
718 628 825 680 quid
844 629 985 671 fecisti

153 685 177 711 *
196 683 324 726 nobis
341 685 426 726 sic?
453 685 570 726 Ecce
584 690 712 738 pater
726 691 828 727 tuus
842 690 887 727 et
901 698 985 736 ego

154 740 354 782 dolentes
375 741 682 793 quaerebamus
700 746 756 783 te.

347 853 468 895 Pro
505 853 702 895 Feria
738 854 791 894 V.

386 923 563 957 Officium
587 924 763 958 votivum

154 977 215 1018 de
226 977 637 1020 &Eucharistiae
646 978 984 1020 sacramento.

441 1040 701 1083 Scmiduplcx.

377 1118 438 1158 In
454 1118 492 1159 Ι.
512 1117 764 1169 vesperis.

210 1183 309 1222 Ant.
338 1184 553 1226 Sacerdos
573 1184 616 1225 in
636 1185 860 1227 aeternum.

418 1249 614 1288 I‘salmus
635 1250 728 1288 109.

396 1308 615 1350 Dominus
644 1309 837 1351 Domino
869 1322 987 1352 meo:

196 1363 235 1417 »ιζ’
304 1364 329 1391 *
355 1363 470 1406 Sede
498 1377 524 1405 a
551 1364 721 1406 dextris
748 1365 873 1406 meis:

232 1441 247 1443 ff
351 1420 507 1462 Donec
523 1433 687 1473 ponam
704 1421 906 1463 inimicos
922 1426 986 1462 tu-

154 1488 216 1525 os,
235 1476 260 1503 *
279 1475 520 1518 scabellum
538 1476 703 1529 pedum
722 1479 910 1519 tuorum.

205 1536 389 1588 virgam
406 1537 583 1579 virtutis
603 1542 692 1580 tuae
712 1540 884 1580 emittet
898 1538 985 1579 Do-

152 1593 296 1634 minus
317 1605 373 1635 ex
391 1593 512 1635 Sion:
531 1595 555 1621 *
575 1593 805 1636 dominere
829 1594 874 1635 in
899 1595 986 1635 me-

155 1648 230 1691 dio
251 1649 528 1691 inimicorum
546 1652 735 1692 tuorum.

204 1709 372 1752 Tecum
395 1711 659 1764 principium
686 1712 731 1752 in
757 1711 829 1752 die
853 1712 986 1752 virtu-

153 1766 211 1807 tis
225 1770 314 1808 tuae
331 1767 376 1807 in
391 1766 702 1820 splendoribus
717 1769 986 1809 sanctorum:

154 1822 178 1849 *
198 1835 253 1864 ex
271 1826 399 1864 utero
419 1827 522 1865 ante
536 1823 766 1865 luciferum
780 1823 911 1874 genui
930 1828 985 1864 te.

205 1882 376 1925 Juravit
400 1883 633 1934 Dominus,
662 1888 707 1926 et
734 1896 822 1926 non
846 1883 984 1936 poeni-

154 1938 266 1980 tebit
302 1952 416 1981 eum:
451 1941 476 1967 *
511 1940 581 1982 Tu
615 1953 663 1982 es
700 1940 910 1982 sacerdos
942 1940 987 1980 in

155 1996 371 2036 aeternum
389 1995 634 2038 secundum
659 1995 861 2038 ordinem
881 1995 986 2036 Mel-

156 2050 402 2093 chisedech.

206 2112 422 2153 Dominus
442 2125 468 2154 a
483 2113 651 2155 dextris
667 2113 766 2163 tuis,
781 2114 805 2141 *
820 2113 985 2154 confre-

86 2161 89 2166 ’
155 2167 220 2218 git
238 2167 282 2213 in
303 2167 375 2209 die
391 2168 469 2210 irae
488 2181 580 2210 suae
601 2182 740 2221 reges.

207 2228 232 2268 J
232 2227 431 2270 udicabit
445 2228 490 2269 in
503 2229 767 2279 nationibus,
786 2228 987 2281 implebit

155 2286 319 2325 ruinas:
350 2286 375 2312 *
407 2286 723 2337 conquassabit
759 2285 907 2337 capita
943 2286 987 2325 in

155 2344 275 2382 terra
292 2340 542 2382 multorum.

208 2401 276 2442 De
300 2402 498 2443 torrente
522 2402 567 2443 in
593 2402 665 2443 via
687 2401 826 2444 bibet:
845 2403 869 2429 *
887 2414 987 2453 pro-

156 2458 310 2508 pterea
329 2457 542 2500 exaltabit
560 2462 704 2510 caput.

214 2518 309 2560 Ant.
338 2521 555 2564 Sacerdos
573 2523 617 2564 in
636 2525 849 2564 aeternum
869 2521 987 2563 Chri-

158 2582 252 2618 stus
276 2578 370 2620 Dfis
398 2579 639 2621 secundum
665 2578 866 2620 ordinem
883 2578 987 2619 Mel-

159 2632 404 2684 chisedech,
419 2648 578 2687 panem
593 2639 637 2676 et
654 2635 803 2676 vinum
818 2633 987 2676 obtulit.

215 2694 249 2732 Α
255 2699 312 2734 nt.
341 2695 576 2741 Miserator
594 2698 820 2740 Dominus

1312 281 1507 321 psalmus
1533 283 1581 319 11(
1595 287 1615 319 ).

1044 335 1338 443 Confitebor
1368 343 1449 385 tibi
1475 343 1664 384 Domine
1699 344 1743 384 in
1774 348 1870 385 toto

1131 399 1264 441 corde
1285 412 1400 441 meo:
1420 401 1444 425 *
1463 400 1506 440 in
1530 399 1714 441 consilio
1740 400 1871 451 justo-

1037 469 1145 505 rum,
1167 460 1212 497 et
1232 456 1584 506 congregatione.

1091 512 1251 562 Magna
1283 514 1420 564 opera
1452 512 1644 553 Domini:
1672 513 1696 537 *
1723 513 1871 565 exqui-

1039 570 1123 610 sita
1139 569 1184 608 in
1203 580 1356 609 omnes
1377 567 1630 609 voluntates
1650 569 1753 619 ejus.

1091 624 1319 665 Confessio
1344 629 1388 665 et
1410 624 1735 676 magnificentia
1759 637 1871 677 opus

1039 681 1145 732 ejus:
1163 681 1187 705 *
1207 685 1250 721 et
1270 680 1433 731 justitia
1453 681 1544 732 ejus
1563 685 1711 721 manet
1729 681 1773 721 in
1794 683 1871 722 sae-

1040 736 1185 777 culum
1206 736 1367 777 saeculi.

1091 793 1351 834 Memoriam
1370 792 1473 834 fecit
1491 792 1756 834 mirabilium
1775 795 1872 834 suo-

1040 862 1154 898 rum,
1181 849 1433 890 misericors
1460 853 1505 890 et
1531 849 1765 890 miserator
1783 849 1872 890 Do-

1040 905 1198 946 minus:
1208 906 1231 931 *
1244 917 1392 946 escam
1407 904 1529 947 dedit
1543 905 1799 946 timentibus
1814 919 1872 947 se.

1091 961 1262 1002 Memor
1300 961 1383 1003 erit
1419 961 1464 1002 in
1497 961 1708 1003 saeculum
1740 966 1872 1003 testa-

1039 1017 1175 1059 menti
1194 1018 1275 1059 sui:
1294 1018 1318 1043 *
1338 1018 1547 1059 virtutem
1568 1020 1754 1070 eperum
1775 1020 1871 1059 suo-

1039 1087 1137 1114 rum
1154 1073 1429 1115 annuntiabit
1447 1074 1615 1126 populo
1635 1087 1731 1115 suo:

1091 1130 1152 1171 Ut
1191 1129 1267 1171 det
1302 1129 1387 1170 illis
1419 1129 1727 1172 haereditatem
1760 1130 1872 1171 Gen-

1039 1186 1164 1226 tium:
1192 1187 1216 1213 *
1245 1188 1382 1238 opera
1409 1188 1617 1227 manuum
1646 1187 1737 1238 ejus
1765 1186 1873 1227 veri-

1039 1247 1119 1291 tas,
1139 1247 1183 1283 et
1200 1241 1419 1294 judicium.

1091 1298 1261 1339 Fidelia
1274 1298 1421 1339 omnia
1431 1298 1640 1340 mandata
1651 1299 1756 1350 ejus:
1772 1311 1871 1339 con-

1039 1354 1214 1395 firmata
1231 1355 1276 1395 in
1300 1354 1511 1395 saeculum
1530 1354 1695 1404 saeculi,
1714 1356 1739 1381 *
1757 1354 1873 1395 facta

1039 1411 1083 1451 in
1102 1411 1288 1452 veritate
1309 1415 1353 1451 et
1372 1411 1592 1462 aequitate.

1093 1466 1464 1519 Redemptionem
1473 1467 1592 1508 misit
1600 1466 1767 1520 populo
1777 1479 1872 1508 suo:

1038 1525 1062 1550 *
1081 1523 1307 1565 mandavit
1331 1523 1375 1563 in
1400 1525 1614 1564 aeternum
1639 1525 1871 1565 testamen-

1038 1584 1131 1620 tum
1153 1592 1290 1620 suum.

1090 1635 1310 1686 Sanctum,
1326 1641 1370 1678 et
1384 1635 1580 1677 terribile
1594 1648 1755 1677 nomen
1767 1636 1872 1687 ejus:

1039 1693 1063 1718 '⁶¹
1080 1693 1251 1734 initium
1276 1692 1505 1745 sapientiae
1529 1692 1662 1733 timor
1681 1691 1871 1733 Domini.

1090 1748 1347 1790 Intellectus
1386 1748 1530 1790 bonus
1573 1748 1777 1790 omnibus
1814 1748 1872 1788 fa-

1040 1805 1256 1847 cientibus
1277 1818 1391 1847 eum:
1410 1805 1433 1831 *
1452 1805 1649 1847 laudatio
1675 1806 1766 1857 ejus
1785 1817 1873 1845 ma-

1038 1866 1114 1903 net
1133 1862 1177 1903 in
1197 1861 1408 1903 saeculum
1428 1861 1588 1903 saeeffl.

1099 1930 1197 1970 Ant.
1226 1931 1456 1973 Miserator
1483 1931 1699 1972 Dominus
1727 1943 1874 1971 escam

1041 1986 1164 2028 dedit
1191 1987 1447 2029 timentibus
1474 2000 1522 2029 se
1547 1987 1591 2028 in
1617 1986 1873 2028 memoriam

1041 2045 1221 2085 suorum
1239 2043 1513 2085 mirabilium.

1096 2113 1195 2152 Ant.
1221 2112 1414 2154 Calicem
1433 2111 1647 2154 saluteris.

1311 2188 1507 2228 Psalmus
1529 2187 1606 2226 115.

1046 2242 1288 2350 Credidi,
1315 2257 1500 2305 propter
1539 2251 1659 2304 quod
1699 2251 1874 2292 locutus

1138 2321 1253 2350 sum:
1284 2309 1308 2335 *
1337 2321 1419 2359 ego
1447 2313 1593 2350 autem
1621 2307 1874 2349 humiliatus

1042 2376 1139 2405 sum
1162 2365 1302 2406 nimis.

1093 2420 1188 2471 Ego
1201 2420 1292 2462 dixi
1306 2421 1351 2461 in
1361 2421 1546 2462 excessu
1560 2419 1707 2461 meoz*
1718 2419 1873 2460 Omnis

1041 2474 1175 2517 homo
1194 2476 1395 2518 mendax.

1094 2532 1211 2581 Quid
1238 2531 1476 2574 retribuam
1504 2532 1712 2581 Domino,
1738 2531 1762 2557 *
1789 2544 1872 2583 pro

1042 2587 1255 2638 omnibus,
1284 2601 1383 2640 quae
1403 2587 1604 2629 retribuit
1622 2586 1751 2628 mihi?

1095 2643 1287 2685 Calicem
1307 2643 1511 2685 saluteris
1530 2644 1758 2696 accipiam:
1781 2643 1805 2669 *
1830 2647 1874 2684 et

1005 2722 1008 2726 -
1040 2711 1200 2741 nomen
1219 2700 1399 2741 Domini
1417 2699 1647 2742 invocabo.
