2028 2892
551 169 623 203 Die
648 170 680 202 8.
706 170 843 203 Martii.
891 174 925 205 ὃ.
951 172 1113 205 mannis
1141 173 1186 205 dc
1213 172 1294 205 heo
1322 175 1429 207 (loni.

190 263 242 315 R.
266 263 446 305 Amavit
463 277 563 306 eum
582 265 815 315 DominuS,
837 271 882 308 et
900 279 966 308 or-

137 318 258 360 navit
295 331 407 360 eum:
450 321 610 362 stolam
641 321 794 372 gloriae
826 323 967 364 induit

138 386 248 424 eum,
267 376 290 399 *
307 375 365 416 Et
384 375 441 417 ad
459 382 612 428 portas
631 377 825 429 paradisi
844 391 966 420 coro-

137 430 258 471 navit
286 443 396 472 eum.
434 427 484 479 V.
512 433 661 474 Induit
689 447 790 475 eum
816 435 966 475 Domi-

136 498 219 526 nus
236 485 418 528 loricam
440 488 564 538 fidei,
592 494 636 530 et
659 490 832 531 ornavit
856 503 966 531 eum.

136 541 195 582 Et
212 541 269 583 ad
286 548 450 595 portas

438 599 590 639 Lectio
610 600 662 639 vi.

222 655 401 697 Summo
416 656 629 698 Pontifice
641 658 820 700 Urbano
842 671 965 710 quar-

239 715 287 752 to
307 711 498 752 Romam
516 715 716 763 vocatus,
737 715 827 766 ejus
847 716 966 766 jussu

137 766 483 809 ecclesiasticum
508 768 756 812 lucubravit
775 770 966 812 officium

136 822 181 862 in
198 823 407 875 Corporis
423 823 584 866 Christi
604 825 879 868 solemnitate
900 839 966 868 ce-

137 878 411 929 lebrandum3
440 879 615 922 oblatos
641 894 748 923 vero
776 882 966 924 honores

138 939 182 976 et
225 935 567 988 Neapolitanum
618 938 966 991 archiepiscopa-

137 995 246 1041 tum,
297 991 429 1033 etiam
474 992 698 1035 deferente
742 994 966 1037 Clemente

138 1051 309 1098 quarto,
327 1049 556 1090 recusavit.
587 1050 629 1090 A
650 1049 966 1102 praedicatione

138 1101 276 1154 divini
300 1102 423 1145 verbi
447 1116 535 1145 non
561 1104 817 1156 desistebat3
846 1106 967 1158 quod

138 1170 238 1199 cum
261 1158 426 1200 faceret
449 1172 530 1212 per
555 1162 758 1203 octavam
781 1162 966 1203 Paschae

136 1213 181 1254 in
203 1213 385 1256 basilica
409 1216 549 1257 sancti
566 1216 702 1266 Petri,
726 1217 966 1267 mulierem,

137 1280 237 1321 quae
256 1271 347 1322 ejus
366 1270 584 1312 fimbriam
601 1275 824 1323 tetigerat,
845 1286 870 1314 a
889 1273 965 1314 flu-

136 1338 195 1366 xu
230 1326 452 1377 sanguinis
489 1326 700 1369 liberavit.
745 1328 905 1370 Missus
941 1342 966 1370 a

136 1380 268 1422 beato
293 1382 510 1432 Gregorio
539 1382 710 1424 decimo
740 1383 797 1425 ad
824 1386 965 1425 conci-

137 1436 243 1477 lium
272 1436 582 1488 Lugdunense,
622 1438 666 1478 in
698 1439 964 1481 monasterio

136 1492 289 1534 Fossae
319 1493 462 1534 Novae
493 1492 537 1533 in
568 1493 772 1536 morbum
802 1494 965 1544 incidit,

136 1547 212 1590 ubi
247 1549 439 1599 aegrotus
476 1548 657 1590 Cantica
695 1550 965 1591 canticorum

137 1603 400 1656 explanavit.
436 1603 608 1646 Ibidem
627 1604 736 1646 obiit
756 1605 965 1657 quinqua-

136 1659 356 1710 genarius,
393 1672 507 1700 anno
545 1659 698 1701 salutis
733 1661 964 1703 millesimo

137 1713 437 1756 ducentesimo
452 1716 780 1768 septuagesimo
796 1722 965 1769 quarto,

136 1770 277 1812 Nonis
290 1771 446 1812 Martii.
473 1771 695 1813 Miraculis
715 1772 847 1813 etiam
861 1775 967 1814 mor-

136 1830 237 1867 tuus
255 1826 424 1877 claruit3
445 1827 602 1879 quibus
620 1827 831 1880 probatis,
851 1841 877 1869 a
894 1829 918 1868 J
921 1841 964 1869 o-

138 1883 250 1929 anne
268 1882 480 1933 vigesimo
505 1882 700 1924 secundo
723 1883 768 1924 in
786 1883 964 1925 Sancto-

136 1949 233 1979 rum
263 1941 493 1980 numerum
525 1938 691 1980 relatus
724 1943 809 1989 est,
849 1952 964 1980 anno

135 1993 366 2035 millesimo
406 1994 714 2036 tercentesimo
751 1994 963 2045 vigesimo

137 2050 285 2099 terti03
315 2049 527 2091 translato
560 2051 718 2102 postea
750 2050 840 2101 ejus
872 2051 964 2091 cor-

136 2117 246 2157 pore
265 2104 500 2155 Tolosam,
529 2118 584 2146 ex
610 2104 819 2146 mandato
846 2104 966 2146 beati

136 2160 305 2202 Urbani
329 2161 479 2212 quinti.
516 2161 626 2202 Cum
651 2161 812 2202 sanctis
838 2162 964 2211 ange-

136 2215 230 2257 licis
250 2216 475 2268 spiritibus
494 2229 583 2257 non
601 2216 742 2257 minus
762 2217 964 2256 innocen-

136 2271 199 2312 tia
218 2284 350 2324 quam
367 2272 541 2322 ingenio
562 2274 858 2324 comparatus,
877 2271 965 2311 Do-

137 2328 271 2369 ctoris
290 2327 490 2378 Angelici
513 2340 674 2369 nomen
697 2328 788 2378 jure
808 2331 874 2367 est
892 2325 965 2367 ad-

139 2384 281 2435 eptus,
302 2383 445 2424 eidem
463 2383 724 2424 auctoritate
743 2382 883 2423 sancti
900 2381 965 2422 Pii

139 2438 277 2490 quinti
313 2438 627 2480 confirmatum.
689 2438 781 2479 Leo
818 2442 963 2478 autem

139 2493 333 2535 decimus
352 2494 521 2544 tertius,
547 2494 833 2535 libentissime
853 2494 964 2533 exci-

138 2549 264 2601 piens
287 2549 608 2602 postulationes
634 2554 678 2591 et
699 2554 805 2591 vota
830 2547 964 2589 omni-

139 2616 213 2645 um
239 2617 352 2657 pene
380 2607 606 2646 sacrorum
631 2605 873 2646 antistitum
899 2615 964 2643 or-

139 2658 208 2701 bis
228 2660 445 2711 catholici,
470 2659 527 2702 ad
546 2665 612 2701 tot
629 2662 852 2712 praecipue
871 2657 963 2710 phi-

1016 268 1348 323 losophicorum
1377 272 1664 323 systematum
1689 285 1714 313 a
1738 273 1845 314 veri-

1016 328 1109 368 tate
1128 326 1423 368 aberrantium
1448 327 1565 369 luem
1586 328 1845 381 propulsan-

1018 382 1135 432 dam,
1169 382 1225 424 ad
1256 383 1524 425 incrementa
1556 385 1846 435 scientiarum,

1018 444 1061 480 et
1081 442 1359 480 communem
1378 439 1557 481 humani
1574 442 1748 491 generis
1767 442 1846 483 uti-

1016 494 1195 546 litatem,
1215 508 1324 545 eum,
1345 508 1400 537 ex
1418 496 1652 538 Sacrorum
1666 498 1847 539 Rituum

1017 551 1379 602 Congregationis
1400 552 1614 603 consulto,
1633 566 1712 606 per
1727 554 1846 606 Apo-

1018 607 1196 648 stolicas
1232 607 1401 649 litteras
1440 608 1665 650 coelestem
1701 612 1847 662 patro-

1018 676 1122 704 num
1157 664 1409 705 scholarum
1447 665 1641 706 omnium
1670 665 1847 707 catholi-

1018 721 1168 760 carum
1188 719 1428 762 declaravit
1447 725 1492 762 et
1510 720 1707 762 instituit.

1073 776 1122 826 R».
1147 776 1238 817 Iste
1258 775 1404 817 homo.
1421 776 1505 828 [89]

1071 843 1111 876 In
1147 844 1211 877 ΠῘ.
1244 844 1354 877 Noct.
1390 845 1558 878 Homilia
1596 846 1629 878 in
1667 846 1846 886 Iix‘zxngel.

1029 891 1100 927 Vos
1125 892 1218 927 estis
1248 893 1307 927 sal
1330 897 1452 928 terrae.
1486 893 1531 925 dc
1565 893 1708 926 (mmm.
1739 893 1846 926 Doct.

1020 938 1047 972 1.
1072 939 1170 973 loco.
1196 940 1268 983 [81]

1071 996 1203 1030 Lectio
1232 998 1278 1030 ix.
1312 999 1358 1031 dc
1384 998 1554 1031 Homilin
1586 1003 1620 1031 ct
1651 1007 1845 1031 commem.
1893 1026 1895 1028 ,

1018 1044 1141 1077 Ferizc
1168 1056 1311 1078 occurs.
1339 1046 1375 1078 in
1400 1047 1609 1079 Laudibus
1674 1056 1679 1061 “

1073 1101 1213 1134 Postea
1240 1104 1295 1135 ὃς.
1325 1102 1429 1135 Mart.
1457 1108 1495 1136 ut
1521 1113 1647 1145 supra.

1071 1158 1186 1200 chp.
1214 1169 1234 1190 a
1260 1158 1383 1201 Capit.
1415 1160 1460 1192 dc
1491 1158 1681 1201 sequenti,
1714 1169 1846 1191 comm.
1896 1159 1899 1199 j

1018 1206 1182 1247 praeced.
1209 1212 1243 1239 ct
1266 1206 1398 1240 Furiae.

1277 1297 1360 1339 Die
1379 1299 1416 1338 8.
1435 1298 1591 1339 Martii.

1018 1365 1061 1406 S.
1092 1364 1304 1407 Joannis
1334 1364 1395 1405 de
1425 1364 1529 1405 Deo
1564 1364 1847 1404 Confessoris.

1351 1426 1513 1467 Duplex.

1072 1488 1208 1522 Omnia
1240 1490 1286 1522 de
1317 1491 1461 1522 (Iomm.
1494 1490 1601 1523 Cous.
1631 1500 1709 1523 non
1738 1489 1846 1523 Pont.

1018 1537 1090 1580 [84]
1113 1542 1254 1579 practer
1279 1548 1383 1579 sequ.

1356 1596 1519 1636 Oratio.

1017 1651 1204 1757 Deus,
1225 1658 1298 1710 qui
1320 1657 1499 1699 beatum
1517 1657 1542 1698 J
1545 1659 1745 1706 oannem,
1768 1661 1846 1698 tuo

1117 1716 1266 1754 amore
1291 1714 1566 1763 succensum,
1592 1713 1704 1754 inter
1729 1712 1846 1753 flam-

1017 1782 1111 1810 mas
1142 1769 1367 1810 innoxium
1398 1767 1602 1810 incedere
1635 1768 1777 1810 fecisti
1804 1773 1847 1809 et

1017 1838 1098 1878 per
1142 1838 1242 1866 eum
1282 1824 1525 1866 Ecclesiam
1569 1829 1689 1865 tuam
1732 1837 1847 1865 nova

1017 1881 1143 1934 prole
1180 1879 1459 1922 foecundasti:
1495 1885 1674 1932 praesta,
1710 1879 1847 1932 ipsius

1019 1936 1358 1988 suffragantibus
1375 1936 1556 1986 meritis3
1582 1941 1630 1977 ut
1652 1936 1752 1987 igne
1778 1947 1845 1976 ca-

1018 1993 1159 2035 ritatis
1176 1998 1265 2034 tuae
1280 1992 1385 2034 vitia
1403 1996 1555 2033 nostra
1570 1993 1784 2040 curentur,
1803 1995 1847 2031 et

1016 2048 1211 2090 remedia
1231 2048 1359 2090 nobis
1387 2049 1552 2090 aeterna
1574 2047 1846 2099 proveniant.

1015 2104 1101 2145 Per
1119 2104 1366 2145 Dominum.

1070 2170 1219 2205 Deinde
1246 2171 1285 2204 tit
1310 2181 1505 2205 commem.
1531 2181 1643 2212 price.

1070 2223 1169 2262 Ant.
1194 2222 1230 2260 O
1249 2223 1420 2264 Doctor
1438 2221 1614 2274 optime,
1633 2220 1844 2261 Ecclesiae

1018 2285 1181 2320 sanctae
1200 2278 1362 2327 lumen,
1386 2278 1515 2319 beate
1533 2276 1719 2325 Thoma,
1738 2275 1843 2317 divi-

1015 2347 1085 2375 nae
1120 2334 1231 2385 legis
1269 2336 1454 2381 amator,
1493 2332 1730 2383 deprecare
1762 2343 1843 2383 pro

1016 2390 1143 2432 nobis
1160 2390 1318 2430 Filium
1335 2388 1430 2429 Dei.

1070 2440 1119 2489 V·
1137 2445 1163 2486 J
1164 2450 1311 2486 ustum
1331 2442 1513 2484 deduxit
1531 2441 1745 2482 Dominus
1763 2454 1843 2494 per

1016 2499 1110 2541 vias
1134 2506 1287 2542 rectaS.
1325 2499 1375 2547 R
1396 2498 1454 2538 Et
1478 2496 1670 2538 ostendit
1691 2497 1754 2538 illi
1778 2510 1842 2539 re-

1007 2567 1148 2605 gnum
1166 2555 1260 2596 Dei.

1070 2610 1232 2648 Oratio.
1270 2610 1406 2657 Deus,
1434 2607 1520 2658 qui.
1546 2607 1634 2648 391.

1069 2662 1208 2697 Postea
1234 2664 1355 2696 Feriae
1382 2674 1524 2698 occurs.
