2028 2892
752 182 792 216 In
818 184 1056 220 Ascensione
1081 186 1244 221 Domini.

1779 193 1844 229 319

173 283 176 287 '
205 282 302 323 Ant.
331 278 544 322 Dominus
571 278 615 319 in
643 278 808 331 templo
834 279 858 304 *
881 293 973 321 san-

152 341 223 378 cto
244 348 335 386 suo,
354 335 567 377 Dominus
586 335 629 375 in
649 334 773 384 coelo,
794 335 973 388 alleluja.

418 421 615 463 Psalmus
645 424 707 463 10.

147 474 226 581 In
244 475 436 517 Demino
456 473 647 517 confido:
672 474 893 527 quemodo
914 475 973 517 di-

219 531 317 573 citis
336 532 492 573 animae
506 544 632 572 meae:
653 531 676 557 *
692 531 973 582 Transmigra

149 588 194 630 in
212 593 407 630 montem
424 588 537 630 sicut
556 586 732 640 passer?

202 645 419 695 Quoniam
439 657 541 686 ecce
559 646 818 697 peccateres
838 645 971 686 inten-

149 700 308 743 derunt
325 714 489 751 arcum,
510 702 774 754 paraverunt
793 703 971 752 sagittas

149 771 250 799 suas
274 758 319 799 in
342 757 563 811 pharetra,
581 758 605 783 *
624 762 672 799 ut
699 760 903 808 sagittent
928 758 972 798 in

149 814 340 856 obscuro
359 819 505 856 rectos
526 813 670 855 corde.

200 871 418 922 Queniam
438 884 535 923 quae
555 870 786 924 perfecisti,
806 869 970 912 destru-

147 929 319 969 xerunt:
337 928 361 954 *
383 928 521 980 justus
546 926 691 969 autem
717 926 821 979 quid
846 925 969 968 fecit?

197 984 413 1025 Deminus
434 984 477 1024 in
495 983 660 1036 templo
677 988 828 1025 sancto
844 996 934 1033 suo,
945 984 968 1009 *

145 1041 360 1082 Deminus
378 1041 422 1081 in
441 1040 555 1082 coelo
578 1039 705 1081 sedes
727 1041 831 1092 ejus:

199 1097 326 1139 Oculi
349 1098 439 1149 ejus
462 1097 506 1137 in
530 1100 770 1149 pauperem
794 1097 968 1149 respici-

146 1159 237 1196 unt:
263 1154 287 1180 *
314 1153 540 1207 palpebrae
575 1154 664 1205 ejus
697 1153 967 1204 interrogant

144 1209 260 1252 filios
280 1210 516 1252 heminum.

195 1266 409 1308 Dominus
450 1266 692 1317 interrogat
727 1267 887 1318 justum
924 1270 967 1307 et

143 1323 340 1376 impium:
354 1323 379 1349 *
399 1323 472 1375 qui
491 1327 636 1363 autem
657 1321 796 1372 diligit
815 1322 966 1374 iniqui-

142 1382 289 1430 tatem,
309 1379 403 1421 odit
421 1379 610 1420 animam
628 1391 760 1419 suam.

193 1436 321 1478 Pluet
340 1448 471 1488 super
494 1437 750 1488 peccatores
770 1434 965 1486 laqueos:

143 1494 167 1520 *
185 1492 307 1544 ignis,
329 1496 372 1534 et
391 1491 582 1544 sulphur,
607 1495 651 1532 et
670 1491 847 1543 spiritus
866 1503 965 1543 pro-

143 1548 351 1590 cellarum
370 1561 472 1602 pars
492 1547 639 1589 calicis
658 1549 819 1588 eerum.

195 1605 411 1656 Queniam
429 1605 566 1656 justus
584 1603 816 1653 Deminus‚
845 1607 888 1644 et
906 1603 964 1654 ju-

142 1662 282 1704 stitias
319 1660 485 1702 dilexit:
511 1661 536 1685 *
568 1659 821 1712 aequitatem
856 1658 965 1700 vidit

141 1717 286 1759 vultus
305 1718 406 1770 ejus.

193 1781 290 1822 Ant.
323 1778 534 1820 Deminus
556 1777 601 1817 in
623 1776 788 1829 templo
813 1780 963 1818 sancto

142 1846 233 1884 suo,
253 1834 466 1876 Doniinus
485 1833 529 1874 in
548 1832 672 1883 coelo,
692 1831 873 1884 alleluja.

191 1902 288 1943 Ant.
318 1902 355 1942 A
385 1911 553 1940 summo
583 1897 695 1940 coelo
722 1899 746 1925 *
771 1897 962 1948 egressio

142 1956 248 2007 ejus,
283 1961 326 1998 et
363 1958 571 1997 occursus
607 1955 697 2006 ejus
732 1966 871 2006 usque
907 1953 963 1995 ad

141 2024 355 2053 summum
374 2012 475 2064 ejus,
494 2010 676 2063 alleluia.

406 2087 602 2129 Psalmus
630 2089 687 2129 18.

216 2145 289 2187 oeli
317 2148 518 2188 enarrant
544 2145 726 2196 gloriam
748 2145 841 2195 Dei,
869 2146 892 2171 *
919 2150 963 2187 et

234 2204 370 2255 epera
392 2204 599 2243 manuum
624 2202 713 2253 ejus
740 2201 962 2243 annuntiat

140 2258 468 2300 firmamentum.

190 2315 296 2356 Dies
329 2314 414 2356 diei
447 2318 615 2356 eructat
644 2313 840 2364 verbum,
868 2314 890 2339 *
919 2319 962 2355 et

138 2383 226 2412 nox
245 2371 363 2413 nocti
382 2370 544 2412 indicat
563 2370 796 2412 scientiam.

189 2427 291 2468 Non
310 2433 408 2468 sunt
426 2426 626 2479 loquelae,
644 2439 786 2478 neque
802 2428 959 2467 sermo-

138 2495 231 2533 nes,
259 2484 282 2508 *
311 2492 496 2535 quorum
522 2495 609 2524 non
633 2482 861 2524 audiantur
887 2493 959 2523 vo-

139 2551 211 2580 ces
239 2542 399 2581 eorum.

188 2595 239 2636 In
267 2608 439 2637 omnem
469 2601 629 2638 terram
662 2594 794 2635 exivit
826 2604 957 2633 sonus
990 2621 993 2625 -

1077 282 1128 323 In
1153 283 1246 324 sole
1265 285 1411 336 posuit
1434 286 1759 331 tabernaculum
1778 304 1844 333 su-

1025 351 1115 379 um:
1148 340 1170 365 *
1205 346 1249 381 et
1281 341 1373 393 ipse
1406 348 1626 395 tamquam
1657 359 1844 399 sponsus

1025 395 1270 447 procedens
1290 397 1344 439 de
1363 398 1553 442 thalamo
1575 414 1670 443 suo:

1076 456 1322 500 Exsultavit
1354 465 1401 501 ut
1432 460 1551 511 gigas
1586 461 1641 503 ad
1675 466 1843 505 curren-

1026 510 1126 576 dam
1146 513 1270 577 yiam‚
1290 516 1313 540 ¹⁸¹
1333 528 1358 556 a
1376 529 1543 558 summo
1568 518 1679 560 coelo
1704 522 1843 570 egres·

1025 581 1089 609 sio
1119 581 1227 627 ejus:

1075 629 1132 671 Et
1152 634 1359 672 occursus
1385 633 1473 684 ejus
1498 646 1635 685 usque
1658 635 1713 677 ad
1733 649 1842 678 sum-

1023 699 1141 726 mum
1161 687 1264 738 ejus:
1283 688 1306 713 *
1325 700 1404 730 nec
1425 695 1490 731 est
1510 690 1583 741 qui
1601 703 1647 732 se
1666 691 1842 734 abscon-

1025 741 1099 784 dat
1119 756 1144 784 a
1164 743 1308 785 calore
1331 746 1431 796 ejus.

1075 804 1167 844 Lex
1183 805 1357 846 Demini
1377 806 1651 849 immaculata
1669 812 1842 850 conver-

1022 865 1118 901 tens
1134 861 1311 902 animas:
1325 862 1348 887 *
1363 863 1654 904 testimenium
1669 864 1842 906 Demini

1023 915 1168 1013 fidlele‚
1210 918 1464 970 sapientiam
1499 926 1711 971 praestans
1746 924 1839 974 par-

1023 986 1080 1013 vu
1098 986 1144 1013 is.

1074 1029 1099 1070 J
1100 1030 1259 1072 ustitiae
1276 1031 1450 1072 Domini
1467 1037 1608 1082 rectae,
1622 1033 1840 1074 laetifican-

1022 1091 1088 1126 tes
1126 1086 1276 1128 corda:
1309 1089 1333 1114 *
1366 1090 1635 1140 praeceptum
1667 1089 1839 1131 Demini

1022 1141 1229 1184 lucidum:
1255 1143 1498 1185 illuminans
1526 1145 1688 1186 oculos.

1073 1203 1223 1245 Timor
1251 1205 1427 1246 Demini
1454 1211 1642 1256 sanctus,
1675 1209 1839 1259 perma-

1023 1272 1127 1300 nens
1154 1260 1198 1300 in
1225 1261 1432 1302 saeculum
1458 1261 1620 1303 saeculi:
1639 1263 1662 1288 *
1685 1262 1839 1314 judicia

1021 1316 1196 1357 Domini
1223 1330 1340 1367 vera,
1365 1318 1595 1370 justificata
1620 1318 1663 1359 in
1688 1325 1839 1362 semet-

1019 1385 1126 1425 ipsa.

1070 1429 1387 1472 Desiderabilia
1429 1442 1559 1483 super
1600 1444 1750 1472 aurum
1795 1438 1838 1473 et

1017 1486 1209 1539 lapidem
1244 1487 1483 1539 pretiesum
1515 1487 1709 1528 multum:
1740 1488 1763 1513 *
1795 1494 1838 1530 et

1019 1542 1213 1584 dulci6ra
1232 1555 1363 1595 super
1380 1542 1466 1584 mel
1485 1548 1528 1584 et
1546 1543 1702 1584 favum.

1068 1603 1239 1644 Etenim
1259 1615 1409 1644 servus
1436 1608 1535 1644 tuus
1560 1603 1749 1645 custedit
1775 1616 1835 1655 ea,

1017 1661 1040 1686 *
1079 1659 1123 1699 in
1161 1658 1456 1702 custodiendis
1494 1659 1577 1700 illis
1609 1659 1834 1702 retributio

1015 1715 1162 1757 multa.

1067 1776 1239 1818 Delicta
1263 1775 1359 1828 quis
1378 1775 1595 1826 intelligit?
1621 1775 1674 1817 ab
1695 1775 1835 1817 occul—

1015 1834 1071 1875 tis
1089 1833 1196 1874 meis
1215 1831 1376 1873 munda
1393 1844 1478 1874 me:
1495 1832 1518 1858 *
1538 1837 1581 1874 et
1606 1831 1660 1873 ab
1687 1831 1834 1873 alienis

1015 1902 1147 1943 parce
1167 1901 1293 1930 servo
1312 1894 1400 1930 tuo.

1066 1951 1111 1992 Si
1127 1950 1211 1991 mei
1226 1962 1312 1990 non
1327 1948 1483 1990 fuerint
1499 1947 1717 1997 dominati,
1731 1954 1833 1990 tunc

1014 2006 1315 2048 immaculatus
1340 2017 1431 2046 ero:
1450 2005 1472 2030 *
1498 2009 1540 2045 et
1565 2003 1831 2045 emundabor

1015 2076 1039 2104 a
1060 2061 1220 2104 delicto
1239 2061 1440 2102 maximo.

1065 2124 1122 2165 Et
1139 2128 1264 2164 erunt
1280 2127 1328 2164 ut
1344 2120 1642 2173 complaceant
1659 2118 1830 2171 eloquia

1014 2180 1101 2221 oris
1120 2179 1218 2220 mei:
1237 2179 1260 2204 *
1280 2183 1323 2220 et
1340 2176 1564 2218 meditatio
1585 2174 1727 2216 cordis
1745 2174 1829 2216 mei

1013 2236 1056 2277 in
1075 2236 1313 2288 conspectu
1331 2238 1406 2275 tuo
1427 2243 1607 2283 semper.

1063 2295 1248 2337 Domine
1274 2292 1444 2345 adjutor
1467 2302 1599 2340 meus
1617 2290 1640 2315 *
1666 2294 1708 2331 et
1734 2287 1827 2331 red-

1013 2354 1184 2404 emptor
1210 2362 1343 2391 meus.

1063 2417 1159 2458 Ant.
1209 2419 1245 2458 A
1285 2423 1452 2454 summo
1487 2409 1599 2451 coelo
1636 2409 1826 2459 egressio

1012 2472 1119 2523 ejus,
1154 2476 1196 2512 et
1230 2472 1435 2511 occursus
1470 2466 1560 2517 ejus
1595 2477 1734 2516 usque
1771 2463 1826 2506 ad

1011 2539 1224 2568 summum
1243 2526 1342 2577 ejus,
1362 2521 1541 2573 alleluia.

1060 2587 1108 2638 V.
1136 2588 1344 2631 Ascendit
1363 2587 1482 2628 Deus
1504 2585 1547 2626 in
1566 2584 1823 2638 jubilatiene,

139 2653 306 2692 eorum:
339 2654 363 2679 *
395 2657 439 2693 et
469 2651 514 2692 in
548 2651 655 2692 fines
684 2649 802 2691 orbis
828 2654 956 2690 terrae
1009 2646 1188 2699 alleluja.
1229 2647 1277 2695 Rg.
1313 2643 1368 2684 Et
1398 2641 1610 2683 Dominus
1640 2642 1683 2682 in
1714 2653 1822 2683 voce

138 2706 271 2748 verba
297 2709 459 2749 eerum.

1006 2702 1134 2752 tubae,
1160 2699 1338 2751 alleluia.
