2066 2956
656 168 831 204 Officium
857 179 1019 212 parvum
1043 168 1083 203 B.
1107 168 1240 202 Maria:
1264 169 1367 211 Virg.

215 267 332 308 Ecce
352 278 439 307 non
457 264 711 307 dormitabit
727 276 870 316 neque
890 262 988 306 der-

163 324 278 374 miet,
297 323 320 350 *
341 322 416 375 qui
434 321 627 364 custedit
644 320 791 362 Israel.

215 383 428 425 Dominus
458 381 651 424 cust6dit
677 386 741 431 te,
773 381 988 422 Dominus

164 439 383 494 protectio
399 443 485 490 tua,
503 440 528 466 *
548 451 680 491 super
695 450 871 479 manum
886 437 986 479 dex·

163 502 302 539 teram
319 500 450 537 tuam.

213 554 299 594 Per
323 552 439 594 diem
463 551 529 593 sol
551 564 640 593 non
663 556 760 593 uret
782 556 842 593 te:
867 551 891 577 *
916 563 987 592 ne-

164 622 248 662 que
266 609 368 650 luna
385 621 465 661 per
482 613 667 650 noctem.

213 665 427 707 Dominus
467 663 659 708 custodit
693 669 738 706 te
776 664 832 706 ab
870 665 987 706 omni

162 722 298 764 malo:
332 723 356 747 *
394 720 612 763 custodiat
647 721 835 762 animam
867 726 987 762 tuam

162 779 387 820 Dominus.

213 835 427 876 Dominus
446 833 664 875 custodiat
680 833 906 875 introitum
923 838 986 874 tu-

163 904 256 941 um,
297 895 340 933 et
376 890 539 931 exitum
574 895 715 931 tuum:
752 891 776 917 ¹⁸¹
814 903 867 931 ex
901 889 987 931 hoc

162 959 287 997 nunc,
316 951 360 988 et
386 959 526 998 usque
552 946 597 987 in
625 946 843 988 saeculum.

128 1068 135 1077 ι
215 1011 366 1053 Gloria
382 1011 513 1052 Patri.

426 1091 624 1133 Psalmus
645 1093 721 1133 121.

223 1160 380 1200 aetatus
413 1171 508 1199 sum
539 1158 583 1199 in
613 1157 701 1209 his,
738 1171 835 1211 quae
869 1158 986 1200 dicta

261 1219 362 1256 sunt
378 1214 496 1255 mihi:
513 1216 537 1242 *
555 1215 600 1255 in
619 1213 798 1257 domum
811 1215 987 1256 Domini

163 1270 332 1313 ibimus.

214 1332 387 1374 Stantes
411 1336 536 1374 erant
557 1331 695 1384 pedes
719 1332 869 1382 nostri,
895 1333 918 1359 *
943 1332 986 1373 in

164 1388 284 1430 atriis
302 1388 387 1429 tuis
406 1387 659 1430 Jerusalem.

213 1448 464 1499 Jerusalem,
485 1461 583 1501 quae
603 1448 845 1490 aedificatur
864 1453 913 1490 ut
932 1451 986 1490 ci-

163 1505 291 1546 vitas:
319 1505 344 1531 *
371 1506 492 1557 cujus
518 1504 797 1557 participatio
827 1506 916 1557 ejus
943 1506 986 1546 in

161 1560 363 1613 idipsum.

213 1621 322 1664 IHuc
359 1622 473 1663 enim
509 1621 799 1663 ascenderunt
834 1621 986 1671 tribus⁷

162 1677 302 1720 tribus
328 1678 521 1720 Domini:
549 1679 574 1705 *
601 1678 901 1720 testimenium
926 1679 985 1719 Is-

161 1734 253 1776 rael
286 1734 343 1776 ad
376 1733 674 1777 confitendum
708 1735 872 1776 nemini
898 1735 986 1776 Do-

161 1804 278 1832 mim.

214 1852 325 1902 Quia
350 1852 438 1894 illic
468 1852 675 1894 sederunt
702 1850 830 1894 sedes
857 1852 901 1892 in
928 1853 985 1903 ju-

164 1907 290 1959 dicio,
307 1909 332 1935 *
351 1908 480 1950 sedes
494 1921 625 1961 super
640 1907 818 1949 domum
831 1907 986 1950 David.
1049 1913 1084 1966 ᾗ

214 1969 387 2020 Rogate
413 1982 511 2021 quae
537 1968 593 2011 ad
617 1981 771 2021 pacem
797 1973 898 2010 sunt
919 1969 943 2009 J
946 1982 984 2010 e·
1048 1966 1149 2026 7222:

164 2025 366 2067 rusalem:
386 2027 410 2053 *
430 2030 473 2068 et
491 2025 757 2067 abundantia
776 2025 986 2076 diligenti·
1157 2035 1162 2036 ⁷

163 2082 245 2123 bus
265 2087 325 2123 te:

214 2142 311 2184 Fiat
329 2155 417 2195 pax
439 2142 484 2182 in
506 2142 667 2184 virtute
689 2147 778 2183 tua:

162 2198 370 2240 undantia
388 2199 431 2239 in
450 2198 642 2240 turribus
660 2198 758 2240 tuis.

212 2260 400 2312 Propter
425 2260 581 2301 fratres
606 2272 745 2310 meos,
774 2264 817 2301 et
842 2259 986 2312 proxi-

162 2329 258 2357 mos
272 2329 406 2366 meos
422 2316 445 2342 *
462 2315 675 2367 loquebar
688 2329 844 2369 pacem
860 2315 914 2357 de
929 2320 987 2357 te:

212 2377 401 2430 Propter
419 2376 598 2433 domum
617 2377 793 2417 Domini
809 2377 892 2418 Dei
912 2389 986 2417 no-

162 2433 250 2482 stri,
269 2433 293 2459 *
314 2433 496 2485 quaesivi
514 2432 630 2474 bona
648 2432 737 2474 tibi.

215 2497 366 2539 Gloria
382 2497 512 2539 Patri.

802 2143 825 2170 *
849 2146 893 2183 et
914 2141 985 2183 ab·

216 2573 315 2615 Ant.
341 2574 478 2616 Maria
500 2575 638 2626 Virgo
666 2578 892 2627 assumpta
920 2579 986 2616 est

164 2628 220 2671 ad
256 2629 493 2672 aethereum
528 2630 786 2680 thalamum,
822 2631 865 2671 in
898 2643 985 2682 quo

164 2686 260 2726 Rex
278 2698 428 2736 regum
447 2686 622 2728 stellato
642 2686 767 2728 sedet
786 2686 909 2728 solio.
972 2720 975 2724 ,

1773 166 1864 211 [173]

1094 264 1351 316 Capitulum.
1540 265 1669 306 Eccli.
1689 266 1754 305 24.
1775 265 1813 306 b.

1120 327 1137 364 t
1159 323 1222 365 sic
1244 325 1288 365 in
1306 325 1410 366 Sion
1428 325 1601 366 firmata
1625 337 1731 373 sum,
1755 327 1800 365 et
1821 323 1866 364 in

1145 380 1320 423 civitate
1359 381 1631 423 sanctificata
1667 380 1865 422 similiter

1039 436 1247 488 requievi,
1273 442 1317 478 et
1339 438 1383 478 in
1402 437 1645 479 Jerusalem
1667 438 1865 489 potestas

1038 505 1147 535 mea.
1196 496 1245 548 152
1273 494 1370 535 Deo
1398 494 1573 545 gratias.

1094 546 1143 598 Ψ.
1176 549 1347 591 Diffusa
1383 555 1450 592 est
1485 550 1625 601 gratia
1661 550 1705 590 in
1738 549 1866 591 labiis

1038 605 1136 646 tuis.
1189 609 1239 660 R
1275 607 1517 659 Propterea
1556 606 1781 684 benedixit
1821 611 1865 648 te

1038 662 1159 703 Deus
1187 662 1231 703 in
1258 665 1480 704 aeternum.

1094 719 1226 771 Kyrie
1258 719 1432 762 eleison.
1489 682 1661 761 Christe
1691 719 1866 761 eleison.

1043 775 1176 827 Kyrie
1196 775 1370 817 eleison.

1093 827 1142 879 Ψ.
1180 832 1395 874 Dominus
1431 832 1670 875 vobiscum.
1726 837 1774 886 R.

1040 900 1138 929 cum
1158 889 1315 941 spiritu
1332 895 1421 931 tuo.

1378 954 1539 994 Oratio.

1129 1016 1216 1055 eus,
1242 1006 1316 1058 qui
1339 1006 1492 1048 salutis
1512 1007 1699 1058 aeternae,
1723 1006 1866 1047 beatae

1150 1061 1301 1103 Mariae
1350 1062 1598 1113 virginitate
1646 1061 1867 1112 foecunda,

1039 1115 1230 1159 humano
1266 1119 1415 1169 generi
1450 1119 1632 1171 praemia
1662 1119 1866 1171 praestiti-

1040 1173 1113 1214 sti:
1145 1173 1307 1224 tr1'bue‚
1341 1177 1610 1226 quaesumus3
1647 1180 1695 1216 ut
1726 1175 1867 1227 ipsam

1039 1241 1121 1281 pro
1153 1230 1281 1272 nobis
1312 1231 1587 1273 intercedere
1618 1231 1867 1280 sentiamus,

1039 1298 1119 1337 per
1144 1299 1274 1338 quam
1296 1288 1534 1329 meruimus
1559 1290 1785 1329 auctorem
1808 1287 1866 1328 vi-

1038 1346 1097 1382 tae
1130 1345 1372 1396 suscipere,
1403 1344 1641 1385 Deminum
1667 1349 1867 1384 nostrum

1039 1398 1063 1438 J
1066 1410 1188 1439 esum
1207 1399 1428 1441 Christum
1446 1400 1604 1441 Filium
1624 1405 1761 1442 tuum:
1783 1400 1867 1450 Qui

1039 1458 1185 1495 tecum
1203 1456 1310 1497 vivit
1329 1461 1373 1498 et
1390 1461 1553 1508 regnat.

1318 1530 1386 1566 Ad
1410 1530 1597 1567 Sextam.

1096 1590 1190 1629 Ave
1208 1587 1356 1628 Maria.

1091 1646 1141 1698 Ψ.
1169 1649 1289 1690 Deus
1309 1648 1353 1688 in
1372 1647 1646 1700 adjutorium.

1091 1712 1302 1762 Hymnus.
1333 1710 1562 1750 Memento.
1590 1709 1692 1761 [172]

1090 1771 1189 1811 Ant.
1218 1770 1269 1810 In
1288 1769 1482 1811 odorem.

1302 1839 1445 1879 Psalm
1452 1854 1498 1880 us
1519 1842 1602 1880 122.

1811 834 1867 875 Et

1126 1911 1167 1921 ⁹
1189 1899 1218 1942 d
1244 1905 1288 1942 te
1315 1900 1458 1942 levavi
1488 1899 1640 1941 eculos
1667 1913 1810 1950 meos,
1842 1902 1866 1927 *

1090 1955 1129 2000 *R*
1207 1957 1281 2008 qui
1299 1956 1501 1998 habitas
1490 1970 1535 1996 111
1555 1957 1690 1998 coelis.

1126 2016 1136 2024 ⁴
1177 2022 1179 2024 ’
1239 2014 1355 2055 Ecce
1370 2013 1484 2055 sicut
1499 2012 1614 2055 oculi
1628 2014 1865 2061 servorum,

1039 2070 1092 2095 *
1080 2083 1125 2110 1n
1143 2070 1344 2112 manibus
1364 2069 1640 2111 dominorum
1659 2071 1848 2118 suorum,

1090 2126 1210 2168 Sicut
1241 2126 1357 2168 oculi
1389 2126 1558 2168 ancillae
1591 2126 1635 2166 in
1665 2125 1864 2167 manibus

1040 2181 1229 2224 deminae
1253 2195 1359 2224 suae:
1381 2183 1405 2208 *
1428 2182 1489 2224 ita
1512 2181 1628 2223 oculi
1650 2181 1790 2223 nostri
1808 2181 1863 2222 ad

1038 2238 1276 2280 Deminum
1310 2239 1453 2280 Deum
1487 2242 1687 2279 nostrum
1723 2237 1864 2280 donec

1038 2295 1296 2337 misereatur
1323 2294 1471 2336 nostri.

1090 2351 1298 2393 Miserere
1329 2350 1470 2392 nostri
1495 2349 1704 2400 Demine‚
1738 2349 1864 2391 mise-

1039 2408 1135 2448 rere
1157 2407 1309 2448 nostri:
1332 2409 1356 2434 *
1380 2407 1481 2459 quia
1501 2406 1685 2448 multum
1708 2406 1865 2459 repleti
1886 2435 1895 2446 .

1039 2475 1187 2504 sumus
1207 2463 1505 2515 despectione:

1090 2520 1201 2570 Quia
1223 2519 1407 2560 multum
1434 2517 1604 2571 repleta
1630 2523 1697 2561 est
1722 2519 1864 2560 anima

1038 2580 1206 2617 nostra:
1238 2577 1262 2603 *
1294 2574 1581 2627 oppr6brium
1609 2575 1863 2617 abundanti-

1039 2630 1134 2680 bus,
1151 2636 1195 2673 et
1215 2630 1441 2683 despectio
1461 2631 1674 2683 superbis.

1092 2687 1242 2728 Gloria
1260 2687 1389 2728 Patri.
