2028 2892
758 171 856 205 Infra
885 172 1069 204 Octavam
1095 170 1351 205 pentecostes.

507 265 657 306 Lectio
679 265 716 304 ii.

263 324 424 366 abbato
450 324 679 366 medicinae
705 323 949 365 Dominicae
977 325 1019 364 ό-

271 394 386 437 pera
413 386 560 434 coepta
585 381 817 431 significat,
847 385 894 421 ut
918 379 1020 421 inde

193 450 309 479 nova
334 441 534 479 creatura
563 437 765 490 coeperit,
795 435 868 477 ubi
894 441 1020 477 vetus

194 498 393 535 creatura
411 500 510 535 ante
531 493 702 535 desivit:
721 506 802 534 nec
821 492 903 534 sub
923 492 1020 543 lege

194 563 290 592 esse
311 551 393 592 Dei
412 550 587 599 Filium,
615 549 693 591 sed
721 562 853 602 supra
878 549 1020 600 legem

193 607 236 648 in
264 608 361 660 ipso
391 607 607 660 principio
635 606 904 656 designaret:
940 618 1020 647 nec

193 664 305 705 solvi
337 664 496 715 legem,
529 662 607 705 sed
636 662 820 715 impleri.
864 662 1020 714 Neque

194 721 307 762 enim
332 733 412 773 per
436 720 594 771 legem,
624 719 702 760 sed
722 719 859 761 verbo
880 719 1020 760 factus

194 782 260 818 est
279 776 484 826 mundus,
513 777 624 818 sicut
642 776 839 826 legimus:
868 775 1019 817 Verbo

192 833 370 874 Demini
389 834 490 875 coeli
510 833 668 873 firmati
684 838 794 874 sunt.
821 832 922 875 Non
938 832 1020 873 sol-

193 890 308 931 vitur
329 903 433 941 ergo
449 889 531 938 leit,
551 889 629 931 sed
644 888 864 941 impletur:
883 893 931 930 ut
945 888 1021 929 fiat

192 947 420 988 renovatio
466 946 653 987 hominis
699 946 781 995 jam
823 944 1020 986 labentis.

192 1002 318 1045 Unde
339 1008 382 1044 et
401 1002 643 1055 Apestolus
663 1002 738 1043 ait:
762 1001 1017 1054 Exspolian-

191 1065 259 1101 tes
279 1072 357 1100 vos
378 1061 572 1101 veterem
592 1058 828 1108 hominem,
853 1057 1020 1100 induite

191 1128 369 1165 novum,
399 1116 472 1168 qui
499 1114 739 1157 secundum
764 1115 906 1156 Deum
933 1127 1020 1156 cre-

193 1174 289 1214 atus
309 1179 386 1214 est.
808 1220 809 1225 ¹

247 1234 295 1285 Rv.
329 1230 426 1270 Jam
458 1241 546 1270 non
576 1228 719 1270 dicam
747 1241 826 1270 vos
856 1240 1020 1277 servos,

192 1286 271 1328 sed
291 1289 454 1327 amicos
472 1298 610 1327 meos:
636 1286 736 1338 quia
756 1285 902 1326 emnia
921 1297 1018 1335 cog-

191 1344 386 1391 novistis
409 1355 507 1395 quae
527 1345 736 1395 operatus
756 1355 852 1383 sum
870 1341 914 1382 in
932 1343 1018 1382 me-

192 1399 265 1441 dio
287 1400 435 1449 vestri,
456 1399 641 1451 alleluja:
663 1398 683 1420 *
704 1398 906 1451 Accipite
925 1398 1018 1451 Spi-

191 1456 322 1498 ritum
359 1461 558 1498 sanctum
593 1456 636 1496 in
674 1455 800 1497 vobis
833 1454 1019 1496 Paracli-

191 1518 298 1554 tum:
338 1512 410 1554 ille
439 1518 523 1562 est,
557 1525 686 1564 quem
714 1511 844 1553 Pater
876 1511 1020 1552 mittet

192 1569 336 1619 vobis,
365 1568 545 1621 alleluja.
585 1565 635 1613 V·
659 1568 755 1610 Vos
783 1568 909 1609 amici
934 1567 1020 1608 mei

193 1627 306 1675 estis,
327 1627 362 1667 si
382 1626 572 1667 feceritis
593 1638 692 1677 quae
708 1637 790 1676 ego
806 1624 1018 1677 praecipio

191 1682 327 1724 vobis.
362 1682 572 1735 Accipite.
607 1681 755 1722 Gloria
773 1681 904 1723 Patri.
936 1681 1018 1722 Ac-

192 1740 336 1792 cipite.

251 1795 407 1835 ssened.
443 1795 506 1837 Ad
525 1795 793 1836 societatem.

499 1861 647 1901 Lectio
670 1861 722 1899 iii.

274 1917 415 1960 tbene
436 1917 621 1958 sabbato
643 1916 789 1969 coepit,
808 1921 856 1958 ut
874 1916 1019 1969 ipsum

283 1987 330 2016 se
359 1973 611 2015 ostenderet
640 1973 910 2023 Creatorem,
946 1973 1018 2025 qui

192 2033 327 2084 epera
345 2029 552 2083 operibus
567 2030 791 2079 intexeret,
811 2034 854 2070 et
868 2041 1017 2082 prose-

193 2089 398 2140 queretur
420 2099 547 2139 opuS,
578 2085 698 2138 quod
716 2086 810 2138 ipse
830 2087 912 2138 jam
933 2089 1017 2127 co‘e-

191 2150 331 2197 perat:
351 2148 398 2185 ut
418 2144 454 2184 si
474 2142 651 2184 domum
668 2141 790 2183 faber
805 2145 1018 2184 renovare

192 2199 408 2253 disponat,
427 2212 514 2241 non
534 2212 559 2240 a
574 2198 877 2249 fundamentis,
898 2198 976 2240 sed
993 2212 1018 2240 a

1073 262 1334 306 culminibus
1352 264 1505 317 incipit
1521 265 1692 308 solvere
1711 269 1900 309 vetuste-

1074 326 1174 362 tem.
1210 320 1365 372 Itaque
1392 320 1452 362 ibi
1480 321 1601 373 prius
1627 334 1804 364 manum
1827 323 1900 366 ed-

1073 381 1236 425 movet,
1254 375 1330 417 ubi
1349 382 1449 418 ante
1470 376 1677 419 desierat:
1698 378 1856 421 deinde
1876 393 1902 422 a

1074 432 1314 474 minoribus
1351 434 1519 486 incipit,
1558 439 1606 475 ut
1643 434 1700 476 ad
1737 436 1902 487 majera

1074 489 1310 542 perveniat.
1347 489 1558 532 Liberare
1582 503 1607 532 a
1631 490 1832 534 daemone
1858 497 1901 535 et

1074 545 1283 595 hemineS‚
1300 544 1379 587 sed
1394 546 1437 587 in
1452 546 1588 588 verbo
1602 547 1685 589 Dei
1701 553 1902 600 possunt:

1074 602 1440 644 resurrectionem
1465 603 1650 645 mertuis
1674 603 1901 657 imperare,

1075 658 1234 700 divinae
1261 658 1396 701 solius
1423 664 1490 701 est
1514 661 1760 712 potestatis.
1797 661 1902 703 For·

1073 716 1203 758 tessis
1228 716 1359 756 etiam
1382 716 1426 756 in
1448 721 1555 769 typo
1575 717 1768 759 mulieris
1786 717 1902 760 illius

1075 785 1229 814 socrus
1252 772 1441 814 Simonis
1467 778 1510 815 et
1535 772 1743 824 Andreae,
1770 775 1902 816 variis

1075 829 1302 870 criminum
1321 828 1514 871 febribus
1530 842 1632 871 caro
1648 836 1801 872 nostra
1814 831 1902 872 lan-

1073 885 1246 936 guebat,
1267 890 1311 927 et
1328 885 1598 927 diversarum
1613 887 1903 940 cupiditzitum

1074 942 1319 983 immodicis
1335 942 1551 984 aestuebat
1561 942 1789 985 illecebris
1808 944 1903 986 Nec

1074 999 1287 1040 minerem
1319 998 1487 1040 febrem
1520 1000 1680 1041 ameris
1713 1013 1810 1043 esse
1842 1000 1902 1042 di-

1075 1056 1228 1105 xerim,
1262 1069 1393 1109 quam
1424 1056 1595 1098 caletis.
1640 1057 1797 1109 Itaque
1828 1057 1903 1100 illa

1075 1112 1283 1162 animum,
1319 1112 1415 1155 haec
1452 1125 1614 1166 corpus
1651 1113 1902 1155 inflammat.

1074 1168 1228 1210 Febris
1261 1169 1375 1211 enim
1407 1174 1575 1221 nostra,
1609 1170 1789 1212 avaritia
1821 1175 1903 1212 est:

1074 1225 1207 1266 febris
1226 1230 1392 1275 nostra,
1411 1225 1548 1267 libido
1569 1231 1650 1268 est:
1674 1225 1808 1268 febris
1827 1239 1901 1268 no-

1074 1287 1174 1332 stra,
1193 1282 1366 1323 luxuria
1385 1287 1465 1324 est:
1485 1281 1619 1324 febris
1634 1288 1796 1333 nostra,
1815 1295 1901 1324 am·

1073 1338 1181 1380 bitio
1211 1344 1292 1380 est:
1318 1338 1454 1380 febris
1482 1343 1650 1389 nostra,
1677 1338 1902 1382 iracundia

1074 1400 1151 1437 est.

1128 1453 1191 1494 Te
1210 1453 1354 1494 Deum
1372 1451 1612 1495 laudamus.
1631 1452 1690 1493 15.

1128 1518 1197 1558 Ad
1227 1518 1386 1559 Bened.
1432 1519 1527 1560 Ant.
1568 1519 1739 1560 Caritas
1766 1519 1851 1561 Dei
1877 1521 1901 1547 *

1074 1573 1233 1615 diffusa
1252 1580 1318 1616 est
1336 1574 1380 1615 in
1400 1573 1606 1616 cordibus
1625 1575 1801 1625 nostris,
1821 1588 1901 1628 per

1072 1630 1389 1673 inhabitantem
1407 1630 1616 1684 Spiritum
1641 1632 1732 1683 ejus
1756 1632 1801 1673 in
1825 1645 1899 1674 no-

1071 1686 1148 1736 bis,
1168 1686 1350 1739 alleluja.

1410 1742 1574 1782 Oratio.

1176 1807 1347 1850 entibus
1365 1808 1537 1858 nostris,
1558 1810 1809 1860 quaesumus
1820 1807 1901 1848 De-

1192 1865 1318 1914 mine,
1337 1864 1544 1917 Spiritum
1565 1868 1762 1906 sanctum
1781 1863 1898 1906 beni-

1071 1934 1182 1972 gnus
1213 1920 1407 1962 infunde:
1449 1921 1568 1972 cujus
1607 1925 1651 1963 et
1686 1920 1900 1973 sapientia

1073 1977 1238 2019 cenditi
1263 1990 1427 2027 sumus,
1456 1982 1499 2019 et
1522 1975 1801 2030 providentia
1824 1989 1899 2027 gu-

1071 2033 1316 2076 bernemur.
1370 2034 1454 2075 Per
1481 2033 1717 2074 Dominum
1738 2065 1746 2073 .
1766 2065 1774 2073 .
1794 2065 1802 2073 .
1821 2064 1830 2073 .
1854 2033 1899 2073 in

1072 2090 1238 2132 unitate
1258 2088 1455 2142 eiusdem
1473 2090 1672 2142 Spiritus.

1127 2154 1217 2188 Post
1242 2154 1388 2188 Nonam
1417 2154 1606 2188 celebrata
1632 2155 1748 2189 Missa
1775 2154 1900 2189 termi-

1073 2209 1184 2236 natur
1209 2207 1358 2245 tempus
1387 2201 1582 2235 Paschale.
