2066 2904
847 164 1055 194 (Iommuuc
1084 160 1292 200 wir-uinum.

530 257 736 306 Hymnus.

312 332 401 367 esu,
421 319 585 359 corena
601 316 842 367 Virginum,

333 375 473 425 Quem
491 378 631 414 mater
648 372 723 413 illa
741 371 942 423 cencipit,

295 431 404 480 Quae
424 430 517 471 sola
534 429 672 480 Virgo
691 428 891 480 parturit:

295 487 404 527 Haec
424 490 528 527 vota
549 484 741 526 clemens
761 483 923 535 eccipe.

242 550 326 601 Qui
342 550 489 602 pergis
508 549 620 590 inter
639 548 739 596 lilia,

293 607 453 659 Septus
473 605 647 646 choreis
666 604 906 654 Virginum‚

292 663 490 715 Sponsus
510 660 698 702 decoms
717 659 866 711 gloria,

293 718 564 771 Sponsisque
583 716 774 758 reddens
792 714 984 767 praemia.

243 785 534 834 Quocumque
552 779 708 828 tendis,
727 778 932 829 Virgines

292 839 552 890 Sequuntur,
574 840 705 887 atque
724 833 928 875 laudibus

292 894 401 935 Post
419 899 464 935 te
485 894 691 934 canentes
709 890 932 939 cursitant,

293 951 582 1002 Hymnesque
603 947 757 994 dulces,
773 947 1022 999 personant.

240 1017 302 1056 'l'e
326 1014 615 1066 deprecemur
635 1011 873 1064 supplices3

290 1070 466 1111 Nostris
485 1074 532 1110 ut
552 1067 690 1109 addas
709 1066 919 1115 sensibus,

292 1126 476 1167 Nescire
494 1136 677 1177 prorsus
697 1123 843 1164 emnia

295 1180 599 1233 Corruptienis
620 1179 810 1220 vulnera.

240 1244 403 1295 Virtus,
422 1245 575 1294 honor,
594 1244 700 1292 laus,
718 1243 857 1293 gloria

291 1302 388 1343 Deo
408 1301 527 1342 Patri
544 1313 643 1342 cum
663 1299 786 1347 Filio,

290 1358 450 1399 Sancto
470 1356 598 1397 simul
616 1354 847 1403 ParaelitQ

291 1414 341 1454 In
361 1413 624 1454 saeculerum
644 1410 817 1452 saecula.
853 1411 1006 1452 Amen.

267 1467 312 1517 δ”.
349 1469 504 1521 Specie
538 1473 613 1510 tua
646 1472 690 1508 et
715 1466 1043 1519 pulchritudine

213 1532 299 1568 tua.
320 1527 367 1578 R.
393 1523 589 1573 Intende,
608 1525 823 1575 prospere
837 1523 1043 1575 procede,

213 1588 257 1624 et
278 1594 421 1634 regna.

264 1638 330 1677 Ad
345 1637 605 1685 Magnificam
628 1640 726 1678 Ant.
759 1637 863 1680 Veni
879 1652 1043 1692 sponsa

213 1698 387 1740 Christi:
413 1699 436 1724 *
467 1698 618 1750 accipe
654 1699 879 1745 corenam,
913 1709 1043 1748 quam

212 1755 293 1797 tibi
316 1755 531 1796 Deminus
558 1753 825 1806 praepareivit
853 1753 895 1793 in
920 1755 1043 1794 aeter-

213 1825 327 1853 num.

543 1858 705 1898 Oratio.

209 1911 398 2017 Deus,
427 1923 500 1975 qui
523 1923 636 1964 inter
660 1923 807 1963 cetera
830 1920 1042 1973 potentiae

307 1985 396 2021 tuae
412 1978 622 2020 miracula
637 1977 768 2018 etiam
782 1977 826 2017 in
842 1989 950 2017 sexu
960 1976 1042 2016 fra·

213 2036 288 2088 gili
315 2035 546 2077 victoriam
577 2033 772 2085 martyrii
804 2032 1042 2073 contulisti:

213 2090 409 2134 concede
428 2090 662 2144 propitius3
680 2093 729 2130 ut
744 2088 818 2141 qui
831 2088 976 2129 beatae
988 2085 1037 2124 N.

212 2148 406 2199 Virginis
431 2151 475 2189 et
497 2145 702 2197 Martyris
727 2149 816 2186 tuae
845 2144 1042 2186 natalitia

213 2204 416 2253 colimus,
452 2215 533 2256 per
563 2203 655 2253 ejus
683 2200 740 2242 ad
767 2205 812 2242 te
840 2200 1041 2252 exempla

213 2260 472 2311 gradiamur.
508 2259 593 2300 Per
612 2256 860 2298 Dominum.

484 2328 578 2368 Alia
602 2328 764 2368 Oratio.

214 2380 558 2486 Indulgentiam
596 2383 743 2434 nobis,
789 2385 1039 2435 quaesumus

296 2442 502 2491 D6mine,
549 2441 679 2483 beata
714 2439 765 2479 N.
818 2439 954 2490 Virgo
998 2444 1041 2480 et

214 2496 380 2548 Martyr
417 2497 636 2549 imploret:
675 2508 774 2548 quae
807 2494 886 2536 tibi
917 2499 1040 2546 grata

214 2565 388 2604 semper
418 2554 584 2594 exstitit
612 2558 655 2594 et
684 2552 842 2593 merito
869 2551 1039 2592 castita-

213 2608 280 2657 tis,
300 2613 344 2649 et
363 2613 450 2649 tuae
465 2609 739 2661 professiene
753 2607 937 2648 virtutis.
955 2607 1040 2647 Per

212 2663 450 2705 Dominum
468 2670 676 2707 nostrum.

1193 256 1276 295 Pro
1309 256 1486 306 Virgine
1516 268 1598 295 non
1632 255 1831 305 Martyre.

1436 321 1597 361 Oratio.

1098 380 1316 485 Exaudi
1350 398 1433 427 nos
1465 386 1587 427 Deus
1619 385 1822 426 salutaris
1855 397 1929 426 no-

1201 446 1304 483 ster:
1330 446 1379 483 ut
1397 442 1509 482 sicut
1528 440 1584 483 de
1601 440 1743 483 beetae
1768 442 1816 481 N.
1833 441 1929 482 Vir-

1099 498 1212 549 ginis
1230 503 1318 539 tuae
1335 497 1573 539 festivitate
1591 496 1847 548 gaudemus
1870 497 1930 538 ita

1099 554 1187 606 piae
1212 553 1461 595 devotionis
1487 552 1736 594 erudiemur
1760 552 1931 594 affectu.

1099 610 1185 651 Per
1201 610 1449 651 Deminum.

1150 682 1189 716 Si
1214 682 1354 715 fuerint
1379 681 1527 722 p1u1·eS‚
1553 679 1591 711 in
1616 678 1790 721 utrisque
1808 677 1926 720 Vesp.

1098 729 1146 762 ad
1157 729 1376 770 Magnificat
1388 732 1423 761 ct
1436 728 1473 760 in
1487 726 1604 760 Laud.
1618 725 1668 759 ad
1678 724 1926 760 Benedictus:

1150 791 1249 830 Ant.
1274 789 1517 831 l'rudentes
1527 789 1734 839 Virgines
1744 789 1768 815 *
1781 791 1930 842 aptate

1100 850 1268 887 vestras
1305 844 1548 898 lampades:
1594 857 1697 887 ecce
1740 858 1930 898 sponsus

1099 902 1227 950 venit,
1247 904 1363 943 exite
1383 901 1559 942 Obviam
1579 901 1631 942 ei.

1150 970 1196 1020 ,V-
1240 974 1530 1016 Adducentur
1570 974 1684 1025 Regi
1724 975 1929 1026 Virgines

1099 1035 1202 1083 post
1230 1043 1337 1072 eam.
1382 1033 1429 1084 R.
1459 1030 1679 1072 Preximae
1708 1032 1800 1083 ejus
1827 1030 1928 1072 affe—

1099 1089 1247 1127 rentur
1268 1086 1358 1128 tibi.

1428 1153 1594 1193 Oratio.

1186 1230 1212 1258 a
1252 1217 1395 1266 nobis,
1447 1218 1698 1269 quaesumus
1738 1217 1929 1260 Domine

1203 1273 1325 1314 Deus
1356 1278 1523 1323 noster,
1554 1275 1804 1315 sanctarum
1831 1273 1928 1315 Vir-

1096 1329 1246 1380 ginum
1274 1334 1318 1370 et
1342 1329 1586 1381 Martyrum
1609 1331 1785 1370 tuarum
1806 1328 1859 1368 N.
1884 1334 1928 1372 et

1096 1388 1146 1427 N.
1187 1385 1357 1437 palmas
1398 1384 1651 1427 incessabili
1691 1384 1928 1428 devotione

1097 1442 1311 1482 venerari:
1330 1446 1379 1482 ut
1397 1454 1506 1494 quas
1524 1440 1655 1492 digna
1674 1446 1822 1483 mente
1839 1454 1928 1484 non

1096 1498 1332 1549 pessumus
1347 1497 1583 1546 celebrere,
1596 1496 1832 1539 humilibus
1847 1497 1928 1538 sal-

1095 1557 1186 1594 tem
1212 1553 1540 1606 frequentemus
1568 1552 1803 1606 obsequiis.
1843 1554 1929 1595 Per

1095 1609 1333 1650 Dominum
1351 1614 1560 1650 nostrum.

1252 1701 1340 1742 Ad
1379 1701 1767 1742 matutinum.

1150 1766 1271 1806 Invit.
1308 1766 1477 1818 Regem
1511 1766 1743 1817 Virginum
1777 1766 1926 1807 Demi-

1095 1835 1212 1871 num,
1229 1822 1252 1845 *
1272 1822 1432 1864 Venite
1453 1821 1699 1863 adoremus.

1147 1878 1212 1917 Ps.
1249 1878 1415 1928 Venite,
1435 1878 1715 1920 exsultemus.
1732 1879 1770 1919 2.

1406 1951 1616 2001 Hymnus.

1094 2013 1533 2118 Virginis-Proles,
1562 2021 1811 2074 Opifexque
1836 2021 1932 2062 Ma-.

1146 2133 1285 2184 Virgo
1300 2082 1451 2197 ῒὲιῗέιῐι
1479 2132 1631 2184 gessit,
1663 2134 1926 2185 peperitque

1146 2189 1518 2297 Ἤτὲἰωξιῖπξῖἷοε
1542 2244 1740 2286 canimus
1761 2243 1925 2286 decora

1249 2300 1393 2342 Morte
1411 2300 1669 2352 triumphos.

1096 2382 1205 2423 Haec
1225 2381 1339 2423 enim
1358 2381 1518 2434 palmae
1538 2381 1727 2434 duplicis
1746 2381 1878 2423 beata

1144 2438 1288 2486 Sorte,
1325 2437 1429 2478 dum
1462 2437 1595 2488 gestit
1622 2436 1820 2488 fragilem
1848 2437 1923 2478 do-

1145 2495 1371 2601 661·ροῖιίῘέ
1374 2505 1550 2597 gissam,
1579 2547 1749 2590 demuit
1773 2549 1923 2590 cruen-

1249 2609 1642 2712 Cagcllleltyrennum.
