2028 2892
539 174 609 207 bie
639 174 684 206 11.
710 173 866 216 Aprilis,
913 174 947 206 S.
974 172 1111 205 Leonis
1135 172 1159 206 1.
1189 172 1303 215 l‘upzc
1326 172 1433 206 Cous.
1462 173 1566 207 Doct.

504 271 654 311 Lectio
676 270 725 310 vi.

179 381 182 384 Δ
203 327 327 432 His
347 329 466 378 actis,
486 335 662 372 sanctus
680 330 883 372 Pontifex
902 342 949 372 se
968 330 1023 371 ad

301 385 560 427 reficiendas
585 391 629 429 et
652 386 934 428 aedificandas
959 399 1024 428 ec-

197 441 352 483 clesias
372 443 598 485 convertit.
633 443 763 495 Cujus
788 446 921 485 suasu
939 443 1023 485 De-

196 499 361 548 metria,
380 499 453 552 pia
472 499 642 550 femina,
661 500 800 542 sancti
814 500 1023 553 Stephani

196 555 428 597 ecclesiam
451 557 697 599 construxit
719 557 762 597 in
788 569 868 598 suo
888 555 1022 598 fundo

196 612 265 653 via
292 612 461 663 Latina,
493 613 625 655 tertio
650 613 705 655 ab
729 613 849 655 Urbe
873 613 1023 654 millia-

194 668 275 710 rio:
311 669 407 721 ipse
441 670 511 712 via
546 670 694 724 Appia
731 670 812 712 sub
848 670 1023 712 nemine

195 725 334 767 sancti
367 725 558 768 Cornelii
595 727 778 769 alteram
816 726 1023 769 candidit.

194 782 354 824 Multas
386 785 601 835 praeterea
634 789 678 826 et
710 796 858 825 sacras
893 782 1023 833 aedes,

194 844 238 880 et
262 851 387 880 sacra
416 842 567 881 earum
590 853 695 882 vasa
723 841 925 882 restituit.
971 841 1022 881 In

191 895 331 937 tribus
368 895 577 946 basilicis,
619 897 755 947 Petri,
796 897 937 947 Pauli,
980 902 1023 939 et

193 951 562 1003 Constantiniana,
579 956 776 996 cameras
791 955 1022 996 exstruxit:

193 1008 428 1051 aedificavit
472 1011 786 1052 monasterium
831 1011 1022 1052 vicinum

191 1064 386 1108 basilicae
424 1067 565 1108 sancti
602 1068 736 1109 Petri:
776 1067 1021 1120 sepulchris

191 1122 511 1174 Apostolorum
558 1124 765 1166 cust6des
811 1124 1020 1174 adhibuit,

192 1191 304 1231 quos
326 1179 628 1222 Cubicularios
648 1181 897 1234 appellavit.
929 1181 1020 1222 Sta-

190 1236 288 1286 tuit,
314 1241 362 1278 ut
385 1237 429 1277 in
448 1237 622 1279 actione
642 1238 838 1290 mysterii
858 1237 1020 1279 dicere·

190 1297 275 1334 tur:
296 1293 503 1335 Sanctum
523 1294 796 1344 sacrificium,
815 1295 1019 1336 immacu-

189 1348 324 1391 latam
348 1349 550 1392 hostiam.
595 1351 764 1400 Sanxit,
792 1363 847 1392 ne
871 1352 1018 1392 mena-

190 1405 272 1447 cha
307 1406 591 1448 benedictum
628 1407 786 1460 capitis
820 1407 1020 1449 velamen

190 1465 424 1515 reciperet,
455 1463 539 1504 nisi
571 1463 860 1515 quadraginta
890 1465 1019 1505 anno-

189 1532 287 1560 rum
318 1520 616 1570 virginitatem
647 1520 892 1573 probasset.
937 1520 1020 1561 His

190 1580 233 1617 et
252 1575 349 1617 aliis
368 1576 581 1629 praeclare
600 1578 746 1628 gestis,
767 1590 866 1618 cum
883 1577 1020 1619 multa

189 1637 339 1675 sancte
386 1638 429 1675 et
473 1632 716 1676 luculenter
759 1634 1019 1687 scripsisset,

187 1690 320 1731 tertio
349 1689 456 1731 Idus
483 1690 649 1743 Aprilis
679 1690 948 1733 obdormivit
975 1690 1019 1731 in

188 1746 392 1787 Demino.
433 1746 555 1789 Sedit
587 1747 630 1788 in
659 1747 919 1800 pontificatu
948 1759 1019 1788 an-

189 1815 270 1844 nos
303 1803 470 1854 viginti,
507 1816 681 1846 menses
716 1804 886 1854 decem,
925 1803 1019 1845 dies

188 1860 341 1911 viginti
361 1865 476 1902 octo.
517 1864 565 1913 Re».
587 1861 677 1903 Iste
697 1866 764 1903 est
784 1860 867 1914 qui.
887 1859 960 1913 [71]

417 1941 465 1979 In
484 1941 554 1980 III.
575 1941 796 1980 Nocturno.

194 2000 341 2042 Lectio
368 2001 506 2042 sancti
526 2000 753 2052 Evangelii
777 2001 1020 2044 secundum

468 2057 737 2100 Matthaeum.

295 2118 445 2159 Lectio
467 2118 534 2158 vii.
681 2119 783 2170 Cap.
801 2120 859 2159 16.
875 2118 913 2160 b.

187 2173 264 2280 In
296 2178 371 2220 illo
404 2180 619 2232 tempore:
651 2180 786 2222 Venit
812 2181 941 2222 Jesus
974 2181 1018 2222 in

253 2241 403 2287 partes
423 2235 639 2278 Caesareae
658 2236 866 2289 Philippi,
894 2243 938 2280 et
958 2238 1017 2279 in-

187 2291 442 2344 terrogabat
457 2291 698 2345 discipulos
714 2305 829 2343 suos,
850 2293 1016 2336 dicens:

187 2348 327 2398 Quem
351 2347 503 2390 dicunt
525 2348 723 2391 hemines
744 2363 840 2391 esse
859 2350 1016 2392 Filium

186 2403 396 2446 hominis?
425 2405 482 2447 Et
500 2405 679 2458 reliqua.

260 2474 446 2516 Homilia
466 2475 605 2517 sancti
623 2475 784 2517 Leonis
804 2475 947 2528 Papae.

190 2535 1015 2579 Serme.inannivassumptsuze,antcmcd.

296 2604 394 2657 um,
421 2592 533 2634 sicut
557 2592 808 2644 evangelica
827 2592 1015 2636 lectione

263 2674 266 2677 »
296 2667 298 2682 s
322 2651 564 2690 reseratum
591 2655 672 2699 est,
700 2650 1015 2701 interrogasset

234 2695 268 2729 ’Ὗ
320 2704 534 2747 Dominus
580 2706 838 2759 discipuIOS,
885 2719 1014 2759 quem

1077 268 1221 321 ipsum
1241 270 1403 321 (multis
1423 269 1596 312 diversa
1612 271 1905 325 opinantibus)

1078 324 1322 376 crederent;
1342 326 1730 380 respondissetque
1748 328 1904 372 beatus

1078 381 1250 433 Petrus,
1275 383 1440 426 dicens:
1464 384 1601 430 Tues
1621 383 1820 427 Christus
1838 387 1905 428 Fi—

1077 437 1159 480 lius
1179 439 1263 481 Dei
1282 440 1383 482 vivi:
1409 440 1625 482 Deminus
1644 442 1717 483 ait:
1742 442 1905 485 Beatus

1078 507 1124 536 es
1149 495 1299 538 Simon
1323 497 1570 548 Bar-Jona,
1603 498 1706 551 quia
1733 511 1836 541 caro
1863 505 1907 541 et

1078 553 1253 605 sanguis
1271 566 1361 595 non
1380 554 1592 596 revelavit
1610 555 1705 605 tibi,
1730 555 1809 598 sed
1827 556 1904 598 Pa-

1077 613 1146 650 ter
1163 623 1303 660 meus,
1330 610 1405 662 qui
1430 611 1474 655 in
1499 611 1623 653 coelis
1646 617 1729 654 est:
1755 617 1798 654 et
1821 625 1905 664 ego

1077 663 1178 708 dico
1198 666 1296 716 tibi,
1322 667 1424 719 quia
1442 672 1490 708 tu
1509 679 1556 709 es
1576 667 1750 719 Petrus,
1776 673 1820 711 et
1837 682 1904 711 su-

1076 736 1157 776 per
1180 723 1292 765 hanc
1310 728 1483 776 petram
1505 723 1738 766 aedificabo
1756 725 1904 768 Eccle-

1077 781 1186 822 siam
1215 792 1376 829 meam‚
1409 785 1453 822 et
1485 784 1628 833 portae
1659 780 1786 823 inferi
1816 795 1904 829 non

1075 836 1379 890 praevalebunt
1397 835 1609 878 adversus
1629 849 1742 887 eam,
1763 842 1807 880 et
1824 837 1904 880 tibi

1077 893 1192 935 dabo
1239 893 1386 935 claves
1424 894 1547 945 regni
1583 894 1815 936 coelorum:
1861 899 1906 937 et

1077 949 1388 1003 quodcumque
1418 950 1623 1001 ligaveris
1655 963 1788 1004 super
1820 956 1903 993 ter-

1076 1019 1186 1057 ram,
1220 1007 1301 1048 erit
1332 1006 1515 1058 ligatum
1547 1011 1592 1048 et
1618 1007 1663 1048 in
1695 1007 1832 1050 coelis:
1861 1013 1904 1050 et

1078 1062 1390 1116 quodcumque
1428 1063 1613 1105 salveris
1652 1076 1787 1116 super
1821 1068 1904 1106 ter-

1075 1132 1182 1169 ram,
1209 1120 1290 1162 erit
1309 1120 1502 1162 solutum
1522 1125 1566 1162 et
1584 1120 1629 1161 in
1651 1120 1787 1162 coelis.
1814 1120 1903 1162 Ma-

1075 1182 1149 1218 net
1186 1189 1291 1227 ergo
1333 1176 1564 1229 dispositio
1601 1178 1814 1228 veritatis,
1860 1182 1904 1220 et

1074 1232 1229 1276 beatus
1256 1234 1413 1275 Petrus
1447 1233 1491 1274 in
1523 1235 1705 1286 accepta
1732 1234 1902 1276 fortitu—

1075 1288 1175 1331 dine
1201 1295 1341 1343 petrae
1366 1291 1668 1342 perseverans,
1697 1292 1903 1343 suscepta

1074 1346 1286 1388 Ecclesiae
1303 1346 1600 1398 gubernacula
1614 1359 1703 1388 non
1717 1346 1902 1400 reliquit.

1127 1406 1177 1457 R.
1207 1403 1386 1444 Amavit
1405 1415 1504 1444 eum
1522 1403 1754 1452 Dominus,
1774 1409 1818 1445 et
1837 1416 1903 1446 or·

1074 1460 1192 1501 navit
1225 1472 1339 1501 eum:
1382 1459 1541 1501 stolam
1579 1459 1732 1510 gloriae
1763 1459 1903 1502 induit

1074 1529 1184 1566 eum,
1204 1519 1225 1542 *
1247 1517 1303 1558 Et
1321 1515 1378 1558 ad
1396 1521 1548 1568 portas
1567 1515 1761 1568 paradisi
1780 1529 1902 1559 coro-

1073 1573 1193 1614 navit
1221 1586 1332 1615 eum.
1374 1569 1422 1621 V.
1451 1571 1598 1614 Induit
1626 1585 1725 1614 eum
1753 1573 1901 1615 Demi-

1072 1642 1154 1671 nus
1179 1630 1362 1672 loricam
1381 1629 1500 1678 fidei,
1527 1634 1571 1671 et
1595 1629 1768 1672 ornavit
1793 1643 1902 1672 eum.

1072 1686 1128 1728 Et
1148 1686 1205 1728 ad
1223 1691 1387 1740 portas.

1319 1754 1325 1761 ²
1364 1745 1514 1786 Lectio
1536 1744 1618 1785 viii.

1073 1796 1147 1901 In
1167 1800 1368 1841 universa
1386 1813 1576 1853 namque
1595 1799 1808 1850 Ecclesia,
1832 1801 1902 1844 Tu

1134 1869 1181 1898 es
1202 1856 1401 1898 Christus
1419 1857 1554 1898 Filius
1574 1857 1658 1899 Dei
1677 1857 1774 1907 vivi,
1795 1870 1900 1910 quo-

1072 1912 1178 1955 tidie
1196 1913 1353 1955 Petrus
1373 1912 1492 1956 dicit:
1515 1919 1558 1955 et
1583 1913 1724 1954 omnis
1742 1913 1900 1966 lingua,

1074 1982 1172 2022 quae
1208 1970 1439 2012 confitetur
1476 1970 1730 2020 Dominum,
1767 1971 1899 2022 magi-

1072 2026 1206 2068 sterio
1231 2026 1357 2078 hujus
1382 2027 1504 2068 vocis
1530 2026 1749 2068 imbuitur.
1789 2027 1900 2070 Haec

1071 2082 1182 2125 fides
1208 2083 1434 2126 diabolum
1457 2083 1606 2134 vincit,
1635 2087 1679 2126 et
1707 2083 1899 2137 captivo-

1071 2152 1168 2181 rum
1201 2141 1291 2193 ejus
1323 2140 1495 2182 vincula
1529 2139 1742 2182 dissolvit.
1787 2140 1899 2182 Haec

1073 2198 1221 2238 erutos
1239 2196 1404 2239 mundo
1422 2197 1575 2239 inserit
1592 2197 1718 2247 coelo,
1737 2201 1781 2239 et
1798 2209 1898 2250 por-

1070 2258 1128 2294 tae
1151 2253 1276 2295 inferi
1300 2253 1513 2295 adversus
1537 2266 1634 2296 eam
1656 2254 1898 2306 praevalere

1070 2322 1158 2351 non
1186 2315 1384 2363 possunt.
1425 2310 1567 2353 Tanta
1599 2310 1713 2352 enim
1745 2309 1897 2352 divini-

1070 2372 1141 2408 tus
1168 2366 1389 2409 soliditate
1416 2369 1583 2409 munita
1611 2372 1695 2416 est,
1723 2372 1771 2409 ut
1800 2380 1897 2410 eam

1069 2435 1211 2475 neque
1235 2423 1443 2465 haeretica
1468 2436 1676 2476 umquam
1705 2426 1897 2465 corr-um—

1068 2492 1172 2532 pere
1190 2479 1397 2532 pravitas,
1416 2492 1498 2522 nec
1517 2481 1689 2532 pagana
1702 2480 1898 2533 potuerit

1069 2538 1278 2589 superare
1297 2535 1494 2589 perfidia.
1531 2537 1614 2578 His
1637 2539 1786 2589 itaque
1808 2549 1896 2579 mo-

1069 2593 1151 2643 dis,
1180 2591 1468 2643 dilectissimi,
1496 2593 1743 2635 rationabili
1771 2594 1896 2636 obse-

1069 2650 1172 2702 quio
1210 2649 1456 2692 celebretur
1492 2649 1703 2692 hodierna
1736 2650 1895 2693 festivi-

1067 2711 1148 2748 tas:
1171 2712 1220 2749 ut
1238 2707 1281 2748 in
1301 2709 1490 2760 persona
1508 2706 1764 2749 humilitatis
1782 2719 1894 2750 meae
