<?xml version="1.0" encoding="UTF-8"?>
<!DOCTYPE html PUBLIC "-//W3C//DTD XHTML 1.0 Transitional//EN"
    "http://www.w3.org/TR/xhtml1/DTD/xhtml1-transitional.dtd">
<html xmlns="http://www.w3.org/1999/xhtml" xml:lang="en" lang="en">
 <head>
  <title>
</title>
<meta http-equiv="Content-Type" content="text/html;charset=utf-8" />
  <meta name='ocr-system' content='tesseract 3.04.00' />
  <meta name='ocr-capabilities' content='ocr_page ocr_carea ocr_par ocr_line ocrx_word'/>
</head>
<body>
  <div class='ocr_page' id='page_1' title='image "./p2breviariumroma00cathuoft_0666.png"; bbox 0 0 2066 2904; ppageno 0'>
   <div class='ocr_carea' id='block_1_1' title="bbox 662 152 1486 186">
    <p class='ocr_par' dir='ltr' id='par_1_1' title="bbox 662 152 1486 186">
     <span class='ocr_line' id='line_1_1' title="bbox 662 152 1486 186; baseline 0 -2"><span class='ocrx_word' id='word_1_1' title='bbox 662 153 874 185; x_wconf 65' lang='lat' dir='ltr'>Commune</span> <span class='ocrx_word' id='word_1_2' title='bbox 901 152 1149 185; x_wconf 61' lang='lat' dir='ltr'>(Ionfcssmis</span> <span class='ocrx_word' id='word_1_3' title='bbox 1175 162 1249 186; x_wconf 85' lang='lat' dir='ltr'>non</span> <span class='ocrx_word' id='word_1_4' title='bbox 1277 152 1486 185; x_wconf 65' lang='lat' dir='ltr'>l&#39;ontiticis.</span> 
     </span>
    </p>
   </div>
   <div class='ocr_carea' id='block_1_2' title="bbox 213 240 1047 410">
    <p class='ocr_par' dir='ltr' id='par_1_2' title="bbox 213 240 1047 410">
     <span class='ocr_line' id='line_1_2' title="bbox 271 240 1047 298; baseline 0.003 -15"><span class='ocrx_word' id='word_1_5' title='bbox 271 240 318 291; x_wconf 60' lang='lat' dir='ltr'>Y.</span> <span class='ocrx_word' id='word_1_6' title='bbox 340 242 434 283; x_wconf 82' lang='lat' dir='ltr'>Lex</span> <span class='ocrx_word' id='word_1_7' title='bbox 452 242 537 284; x_wconf 87' lang='lat' dir='ltr'>Dei</span> <span class='ocrx_word' id='word_1_8' title='bbox 562 243 653 294; x_wconf 90' lang='lat' dir='ltr'>ejus</span> <span class='ocrx_word' id='word_1_9' title='bbox 676 243 719 284; x_wconf 92' lang='lat' dir='ltr'>in</span> <span class='ocrx_word' id='word_1_10' title='bbox 745 244 880 287; x_wconf 90' lang='lat' dir='ltr'>corde</span> <span class='ocrx_word' id='word_1_11' title='bbox 899 246 1047 298; x_wconf 83' lang='lat' dir='ltr'>ipsius,</span> 
     </span>
     <span class='ocr_line' id='line_1_3' title="bbox 214 298 1047 354; baseline 0.004 -15"><span class='ocrx_word' id='word_1_12' title='bbox 214 298 396 350; x_wconf 70' lang='lat' dir='ltr'>alleluja.</span> <span class='ocrx_word' id='word_1_13' title='bbox 437 303 482 353; x_wconf 72' lang='lat' dir='ltr'>R:-</span> <span class='ocrx_word' id='word_1_14' title='bbox 507 299 565 340; x_wconf 89' lang='lat' dir='ltr'>Et</span> <span class='ocrx_word' id='word_1_15' title='bbox 588 312 677 341; x_wconf 92' lang='lat' dir='ltr'>non</span> <span class='ocrx_word' id='word_1_16' title='bbox 702 302 1047 354; x_wconf 84' lang='lat' dir='ltr'>supplantabun-</span> 
     </span>
     <span class='ocr_line' id='line_1_4' title="bbox 213 356 808 410; baseline 0.002 -13"><span class='ocrx_word' id='word_1_17' title='bbox 213 360 284 397; x_wconf 90' lang='lat' dir='ltr'>tur</span> <span class='ocrx_word' id='word_1_18' title='bbox 301 368 479 405; x_wconf 83' lang='lat' dir='ltr'>gressus</span> <span class='ocrx_word' id='word_1_19' title='bbox 500 357 603 408; x_wconf 82' lang='lat' dir='ltr'>ejus,</span> <span class='ocrx_word' id='word_1_20' title='bbox 622 356 808 410; x_wconf 84' lang='lat' dir='ltr'>alleluja.</span> 
     </span>
    </p>
   </div>
   <div class='ocr_carea' id='block_1_3' title="bbox 268 433 766 532">
    <p class='ocr_par' dir='ltr' id='par_1_3' title="bbox 268 433 766 532">
     <span class='ocr_line' id='line_1_5' title="bbox 493 433 766 471; baseline 0.007 -2"><span class='ocrx_word' id='word_1_21' title='bbox 493 433 561 470; x_wconf 88' lang='lat' dir='ltr'>Ad</span> <span class='ocrx_word' id='word_1_22' title='bbox 581 434 766 471; x_wconf 88' lang='lat' dir='ltr'>Nonam.</span> 
     </span>
     <span class='ocr_line' id='line_1_6' title="bbox 268 490 677 532; baseline 0.002 -2"><span class='ocrx_word' id='word_1_23' title='bbox 268 492 365 531; x_wconf 65' lang='lat' dir='ltr'>Ant.</span> <span class='ocrx_word' id='word_1_24' title='bbox 396 494 530 531; x_wconf 70' lang='lat' dir='ltr'>Serve</span> <span class='ocrx_word' id='word_1_25' title='bbox 548 490 677 532; x_wconf 92' lang='lat' dir='ltr'>bone.</span> 
     </span>
    </p>
   </div>
   <div class='ocr_carea' id='block_1_4' title="bbox 213 560 1045 723">
    <p class='ocr_par' dir='ltr' id='par_1_4' title="bbox 213 560 1045 723">
     <span class='ocr_line' id='line_1_7' title="bbox 319 560 941 613; baseline 0.003 -15"><span class='ocrx_word' id='word_1_26' title='bbox 319 561 578 610; x_wconf 69' lang='lat' dir='ltr'>Capitulum.</span> <span class='ocrx_word' id='word_1_27' title='bbox 708 563 806 613; x_wconf 70' lang='lat' dir='ltr'>Sap.</span> <span class='ocrx_word' id='word_1_28' title='bbox 823 563 886 600; x_wconf 78' lang='lat' dir='ltr'>lo.</span> <span class='ocrx_word' id='word_1_29' title='bbox 905 560 941 600; x_wconf 88' lang='lat' dir='ltr'>b.</span> 
     </span>
     <span class='ocr_line' id='line_1_8' title="bbox 213 617 1045 723; baseline 0.004 -63"><span class='ocrx_word' id='word_1_30' title='bbox 213 617 434 723; x_wconf 75' lang='lat' dir='ltr'>Justum</span> <span class='ocrx_word' id='word_1_31' title='bbox 480 620 665 663; x_wconf 75' lang='lat' dir='ltr'>deduxit</span> <span class='ocrx_word' id='word_1_32' title='bbox 701 623 919 665; x_wconf 70' lang='lat' dir='ltr'>Deminus</span> <span class='ocrx_word' id='word_1_33' title='bbox 964 636 1045 676; x_wconf 90' lang='lat' dir='ltr'>per</span> 
     </span>
    </p>
   </div>
   <div class='ocr_carea' id='block_1_5' title="bbox 303 676 1044 727">
    <p class='ocr_par' dir='ltr' id='par_1_5' title="bbox 303 675 1168 727">
     <span class='ocr_line' id='line_1_9' title="bbox 303 676 1044 727; baseline -0.023 8"><span class='ocrx_word' id='word_1_34' title='bbox 303 676 397 718; x_wconf 80' lang='lat' dir='ltr'>vias</span> <span class='ocrx_word' id='word_1_35' title='bbox 417 682 578 727; x_wconf 79' lang='lat' dir='ltr'>rectas,</span> <span class='ocrx_word' id='word_1_36' title='bbox 603 683 647 720; x_wconf 83' lang='lat' dir='ltr'>et</span> <span class='ocrx_word' id='word_1_37' title='bbox 675 679 870 721; x_wconf 71' lang='lat' dir='ltr'>ostendit</span> <span class='ocrx_word' id='word_1_38' title='bbox 893 680 954 720; x_wconf 80' lang='lat' dir='ltr'>ini</span> <span class='ocrx_word' id='word_1_39' title='bbox 980 693 1044 721; x_wconf 82' lang='lat' dir='ltr'>re·</span> 
     </span>
    </p>
   </div>
   <div class='ocr_carea' id='block_1_6' title="bbox 211 733 1045 900">
    <p class='ocr_par' dir='ltr' id='par_1_6' title="bbox 211 733 1045 900">
     <span class='ocr_line' id='line_1_10' title="bbox 211 733 1045 783; baseline 0.005 -10"><span class='ocrx_word' id='word_1_40' title='bbox 211 746 346 783; x_wconf 88' lang='lat' dir='ltr'>gnum</span> <span class='ocrx_word' id='word_1_41' title='bbox 371 733 475 783; x_wconf 88' lang='lat' dir='ltr'>Dei,</span> <span class='ocrx_word' id='word_1_42' title='bbox 505 739 550 776; x_wconf 93' lang='lat' dir='ltr'>et</span> <span class='ocrx_word' id='word_1_43' title='bbox 576 734 700 777; x_wconf 82' lang='lat' dir='ltr'>dedit</span> <span class='ocrx_word' id='word_1_44' title='bbox 726 735 789 776; x_wconf 94' lang='lat' dir='ltr'>illi</span> <span class='ocrx_word' id='word_1_45' title='bbox 815 736 1045 778; x_wconf 82' lang='lat' dir='ltr'>scientiam</span> 
     </span>
     <span class='ocr_line' id='line_1_11' title="bbox 212 790 1044 834; baseline 0.005 -4"><span class='ocrx_word' id='word_1_46' title='bbox 212 792 480 831; x_wconf 84' lang='lat' dir='ltr'>sanctorum:</span> <span class='ocrx_word' id='word_1_47' title='bbox 503 790 756 834; x_wconf 85' lang='lat' dir='ltr'>honestavit</span> <span class='ocrx_word' id='word_1_48' title='bbox 780 792 904 833; x_wconf 91' lang='lat' dir='ltr'>illum</span> <span class='ocrx_word' id='word_1_49' title='bbox 923 793 966 834; x_wconf 92' lang='lat' dir='ltr'>in</span> <span class='ocrx_word' id='word_1_50' title='bbox 985 793 1044 834; x_wconf 90' lang='lat' dir='ltr'>la-</span> 
     </span>
     <span class='ocr_line' id='line_1_12' title="bbox 212 845 1043 900; baseline 0.005 -14"><span class='ocrx_word' id='word_1_51' title='bbox 212 845 407 895; x_wconf 82' lang='lat' dir='ltr'>boribus,</span> <span class='ocrx_word' id='word_1_52' title='bbox 425 852 469 888; x_wconf 90' lang='lat' dir='ltr'>et</span> <span class='ocrx_word' id='word_1_53' title='bbox 479 848 719 900; x_wconf 83' lang='lat' dir='ltr'>complevit</span> <span class='ocrx_word' id='word_1_54' title='bbox 729 848 906 890; x_wconf 86' lang='lat' dir='ltr'>labores</span> <span class='ocrx_word' id='word_1_55' title='bbox 917 849 1043 890; x_wconf 88' lang='lat' dir='ltr'>illius.</span> 
     </span>
    </p>
   </div>
   <div class='ocr_carea' id='block_1_7' title="bbox 210 912 1045 1600">
    <p class='ocr_par' dir='ltr' id='par_1_7' title="bbox 210 912 1045 1123">
     <span class='ocr_line' id='line_1_13' title="bbox 267 912 1044 968; baseline 0 -12"><span class='ocrx_word' id='word_1_56' title='bbox 267 917 314 968; x_wconf 66' lang='lat' dir='ltr'>R«.</span> <span class='ocrx_word' id='word_1_57' title='bbox 342 916 402 956; x_wconf 85' lang='lat' dir='ltr'>br.</span> <span class='ocrx_word' id='word_1_58' title='bbox 429 912 523 954; x_wconf 86' lang='lat' dir='ltr'>Lex</span> <span class='ocrx_word' id='word_1_59' title='bbox 548 913 633 954; x_wconf 91' lang='lat' dir='ltr'>Dei</span> <span class='ocrx_word' id='word_1_60' title='bbox 661 914 752 965; x_wconf 87' lang='lat' dir='ltr'>ejus</span> <span class='ocrx_word' id='word_1_61' title='bbox 780 919 802 941; x_wconf 85' lang='lat'>*</span> <span class='ocrx_word' id='word_1_62' title='bbox 828 914 880 954; x_wconf 90' lang='lat' dir='ltr'>In</span> <span class='ocrx_word' id='word_1_63' title='bbox 910 914 1044 956; x_wconf 87' lang='lat' dir='ltr'>eorde</span> 
     </span>
     <span class='ocr_line' id='line_1_14' title="bbox 210 968 1044 1024; baseline 0.004 -15"><span class='ocrx_word' id='word_1_64' title='bbox 210 969 361 1021; x_wconf 88' lang='lat' dir='ltr'>ipsius.</span> <span class='ocrx_word' id='word_1_65' title='bbox 402 969 505 1010; x_wconf 86' lang='lat' dir='ltr'><strong>Lex.</strong></span> <span class='ocrx_word' id='word_1_66' title='bbox 553 968 602 1019; x_wconf 60' lang='lat' dir='ltr'>Y.</span> <span class='ocrx_word' id='word_1_67' title='bbox 637 970 694 1011; x_wconf 91' lang='lat' dir='ltr'>Et</span> <span class='ocrx_word' id='word_1_68' title='bbox 721 982 810 1011; x_wconf 92' lang='lat' dir='ltr'>non</span> <span class='ocrx_word' id='word_1_69' title='bbox 838 971 1044 1024; x_wconf 90' lang='lat' dir='ltr'>supplan-</span> 
     </span>
     <span class='ocr_line' id='line_1_15' title="bbox 210 1024 1045 1078; baseline 0.002 -12"><span class='ocrx_word' id='word_1_70' title='bbox 210 1024 421 1067; x_wconf 85' lang='lat' dir='ltr'>tabuntur</span> <span class='ocrx_word' id='word_1_71' title='bbox 443 1038 622 1077; x_wconf 84' lang='lat' dir='ltr'>gressus</span> <span class='ocrx_word' id='word_1_72' title='bbox 647 1027 750 1078; x_wconf 90' lang='lat' dir='ltr'>ejus.</span> <span class='ocrx_word' id='word_1_73' title='bbox 786 1027 850 1067; x_wconf 93' lang='lat' dir='ltr'>In.</span> <span class='ocrx_word' id='word_1_74' title='bbox 894 1027 1045 1069; x_wconf 84' lang='lat' dir='ltr'>Gloria</span> 
     </span>
     <span class='ocr_line' id='line_1_16' title="bbox 210 1081 483 1123; baseline 0.007 -2"><span class='ocrx_word' id='word_1_75' title='bbox 210 1081 342 1123; x_wconf 89' lang='lat' dir='ltr'>Patri.</span> <span class='ocrx_word' id='word_1_76' title='bbox 379 1082 483 1123; x_wconf 85' lang='lat' dir='ltr'>Lex.</span> 
     </span>
    </p>

    <p class='ocr_par' dir='ltr' id='par_1_8' title="bbox 211 1137 1045 1301">
     <span class='ocr_line' id='line_1_17' title="bbox 267 1137 1045 1193; baseline 0.003 -14"><span class='ocrx_word' id='word_1_77' title='bbox 267 1137 314 1186; x_wconf 64' lang='lat' dir='ltr'>Y&#39;.</span> <span class='ocrx_word' id='word_1_78' title='bbox 333 1138 357 1178; x_wconf 91' lang='lat' dir='ltr'><strong>J</strong></span> <span class='ocrx_word' id='word_1_79' title='bbox 359 1143 506 1180; x_wconf 90' lang='lat' dir='ltr'>ustum</span> <span class='ocrx_word' id='word_1_80' title='bbox 526 1138 711 1181; x_wconf 80' lang='lat' dir='ltr'>deduxit</span> <span class='ocrx_word' id='word_1_81' title='bbox 727 1140 944 1181; x_wconf 84' lang='lat' dir='ltr'>Dominus</span> <span class='ocrx_word' id='word_1_82' title='bbox 963 1153 1045 1193; x_wconf 91' lang='lat' dir='ltr'>per</span> 
     </span>
     <span class='ocr_line' id='line_1_18' title="bbox 212 1194 1043 1248; baseline 0.005 -14"><span class='ocrx_word' id='word_1_83' title='bbox 212 1194 306 1235; x_wconf 86' lang='lat' dir='ltr'>vias</span> <span class='ocrx_word' id='word_1_84' title='bbox 326 1199 481 1236; x_wconf 87' lang='lat' dir='ltr'>rectas.</span> <span class='ocrx_word' id='word_1_85' title='bbox 523 1198 569 1248; x_wconf 66' lang='lat' dir='ltr'>R.</span> <span class='ocrx_word' id='word_1_86' title='bbox 596 1195 654 1237; x_wconf 87' lang='lat' dir='ltr'>Et</span> <span class='ocrx_word' id='word_1_87' title='bbox 678 1196 873 1238; x_wconf 82' lang='lat' dir='ltr'>ostendit</span> <span class='ocrx_word' id='word_1_88' title='bbox 899 1197 961 1238; x_wconf 90' lang='lat' dir='ltr'>illi</span> <span class='ocrx_word' id='word_1_89' title='bbox 980 1210 1043 1239; x_wconf 95' lang='lat' dir='ltr'>re-</span> 
     </span>
     <span class='ocr_line' id='line_1_19' title="bbox 211 1250 460 1301; baseline 0.004 -11"><span class='ocrx_word' id='word_1_90' title='bbox 211 1262 346 1301; x_wconf 88' lang='lat' dir='ltr'>gnum</span> <span class='ocrx_word' id='word_1_91' title='bbox 364 1250 460 1292; x_wconf 93' lang='lat' dir='ltr'>Dei.</span> 
     </span>
    </p>

    <p class='ocr_par' dir='ltr' id='par_1_9' title="bbox 399 1319 861 1369">
     <span class='ocr_line' id='line_1_20' title="bbox 399 1319 861 1369; baseline 0.006 -11"><span class='ocrx_word' id='word_1_92' title='bbox 399 1319 619 1369; x_wconf 75' lang='lat' dir='ltr'>Tempore</span> <span class='ocrx_word' id='word_1_93' title='bbox 655 1321 861 1361; x_wconf 80' lang='lat' dir='ltr'>l&#39;aschali.</span> 
     </span>
    </p>

    <p class='ocr_par' dir='ltr' id='par_1_10' title="bbox 211 1378 1045 1600">
     <span class='ocr_line' id='line_1_21' title="bbox 267 1378 1044 1433; baseline 0.005 -15"><span class='ocrx_word' id='word_1_94' title='bbox 267 1380 311 1431; x_wconf 62' lang='grc' dir='ltr'>Ιζι.</span> <span class='ocrx_word' id='word_1_95' title='bbox 334 1379 393 1419; x_wconf 82' lang='lat' dir='ltr'>br.</span> <span class='ocrx_word' id='word_1_96' title='bbox 423 1378 517 1419; x_wconf 82' lang='lat' dir='ltr'>Lex</span> <span class='ocrx_word' id='word_1_97' title='bbox 535 1378 620 1419; x_wconf 89' lang='lat' dir='ltr'>Dei</span> <span class='ocrx_word' id='word_1_98' title='bbox 643 1379 733 1430; x_wconf 88' lang='lat' dir='ltr'>ejus</span> <span class='ocrx_word' id='word_1_99' title='bbox 758 1379 801 1419; x_wconf 93' lang='lat' dir='ltr'>in</span> <span class='ocrx_word' id='word_1_100' title='bbox 827 1379 963 1422; x_wconf 91' lang='lat' dir='ltr'>corde</span> <span class='ocrx_word' id='word_1_101' title='bbox 982 1381 1044 1433; x_wconf 93' lang='lat' dir='ltr'>ip-</span> 
     </span>
     <span class='ocr_line' id='line_1_22' title="bbox 211 1434 1045 1488; baseline 0.005 -14"><span class='ocrx_word' id='word_1_102' title='bbox 211 1436 311 1484; x_wconf 83' lang='lat' dir='ltr'>sius,</span> <span class='ocrx_word' id='word_1_103' title='bbox 328 1437 348 1458; x_wconf 88' lang='lat'>*</span> <span class='ocrx_word' id='word_1_104' title='bbox 365 1434 565 1486; x_wconf 80' lang='lat' dir='ltr'>Alleluja‚</span> <span class='ocrx_word' id='word_1_105' title='bbox 585 1434 768 1488; x_wconf 81' lang='lat' dir='ltr'>alleluja.</span> <span class='ocrx_word' id='word_1_106' title='bbox 788 1435 893 1477; x_wconf 84' lang='lat' dir='ltr'>Lex.</span> <span class='ocrx_word' id='word_1_107' title='bbox 919 1435 966 1485; x_wconf 59' lang='lat' dir='ltr'>Y.</span> <span class='ocrx_word' id='word_1_108' title='bbox 989 1437 1045 1478; x_wconf 89' lang='lat' dir='ltr'>Et</span> 
     </span>
     <span class='ocr_line' id='line_1_23' title="bbox 211 1491 1044 1545; baseline 0.005 -14"><span class='ocrx_word' id='word_1_109' title='bbox 211 1503 299 1531; x_wconf 95' lang='lat' dir='ltr'>non</span> <span class='ocrx_word' id='word_1_110' title='bbox 322 1491 723 1544; x_wconf 84' lang='lat' dir='ltr'>supplantabuntur</span> <span class='ocrx_word' id='word_1_111' title='bbox 745 1505 923 1543; x_wconf 84' lang='lat' dir='ltr'>gressus</span> <span class='ocrx_word' id='word_1_112' title='bbox 943 1494 1044 1545; x_wconf 89' lang='lat' dir='ltr'>ejus.</span> 
     </span>
     <span class='ocr_line' id='line_1_24' title="bbox 213 1546 1043 1600; baseline 0.005 -13"><span class='ocrx_word' id='word_1_113' title='bbox 213 1546 412 1600; x_wconf 82' lang='lat' dir='ltr'>Alleluia,</span> <span class='ocrx_word' id='word_1_114' title='bbox 423 1547 606 1600; x_wconf 80' lang='lat' dir='ltr'>alleluia.</span> <span class='ocrx_word' id='word_1_115' title='bbox 627 1548 779 1590; x_wconf 69' lang='lat' dir='ltr'>Gloria</span> <span class='ocrx_word' id='word_1_116' title='bbox 789 1549 919 1590; x_wconf 88' lang='lat' dir='ltr'>Patri.</span> <span class='ocrx_word' id='word_1_117' title='bbox 938 1550 1043 1591; x_wconf 78' lang='lat' dir='ltr'>Lex,</span> 
     </span>
    </p>
   </div>
   <div class='ocr_carea' id='block_1_8' title="bbox 211 1600 1046 1770">
    <p class='ocr_par' dir='ltr' id='par_1_11' title="bbox 211 1600 1046 1770">
     <span class='ocr_line' id='line_1_25' title="bbox 266 1600 1045 1659; baseline 0.004 -15"><span class='ocrx_word' id='word_1_118' title='bbox 266 1600 311 1650; x_wconf 59' lang='grc' dir='ltr'>Υ.</span> <span class='ocrx_word' id='word_1_119' title='bbox 331 1604 356 1644; x_wconf 88' lang='lat' dir='ltr'>J</span> <span class='ocrx_word' id='word_1_120' title='bbox 359 1608 506 1645; x_wconf 90' lang='lat' dir='ltr'>ustum</span> <span class='ocrx_word' id='word_1_121' title='bbox 526 1604 710 1647; x_wconf 82' lang='lat' dir='ltr'>deduxit</span> <span class='ocrx_word' id='word_1_122' title='bbox 728 1605 945 1647; x_wconf 87' lang='lat' dir='ltr'>Dominus</span> <span class='ocrx_word' id='word_1_123' title='bbox 966 1619 1045 1659; x_wconf 91' lang='lat' dir='ltr'>per</span> 
     </span>
     <span class='ocr_line' id='line_1_26' title="bbox 211 1660 1046 1714; baseline 0.005 -14"><span class='ocrx_word' id='word_1_124' title='bbox 211 1660 304 1713; x_wconf 69' lang='lat' dir='ltr'>vias</span> <span class='ocrx_word' id='word_1_125' title='bbox 324 1665 479 1710; x_wconf 87' lang='lat' dir='ltr'>rectas,</span> <span class='ocrx_word' id='word_1_126' title='bbox 500 1660 683 1713; x_wconf 81' lang='lat' dir='ltr'>alleluia.</span> <span class='ocrx_word' id='word_1_127' title='bbox 710 1664 757 1714; x_wconf 57' lang='grc' dir='ltr'>Ην.</span> <span class='ocrx_word' id='word_1_128' title='bbox 778 1662 836 1703; x_wconf 90' lang='lat' dir='ltr'>Et</span> <span class='ocrx_word' id='word_1_129' title='bbox 852 1662 1046 1704; x_wconf 85' lang='lat' dir='ltr'>ostendit</span> 
     </span>
     <span class='ocr_line' id='line_1_27' title="bbox 212 1716 794 1770; baseline 0.005 -14"><span class='ocrx_word' id='word_1_130' title='bbox 212 1716 273 1756; x_wconf 91' lang='lat' dir='ltr'>illi</span> <span class='ocrx_word' id='word_1_131' title='bbox 293 1730 475 1767; x_wconf 88' lang='lat' dir='ltr'>regnum</span> <span class='ocrx_word' id='word_1_132' title='bbox 495 1718 590 1767; x_wconf 87' lang='lat' dir='ltr'>Dei,</span> <span class='ocrx_word' id='word_1_133' title='bbox 611 1718 794 1770; x_wconf 80' lang='lat' dir='ltr'>alleluia.</span> 
     </span>
    </p>
   </div>
   <div class='ocr_carea' id='block_1_9' title="bbox 414 1803 844 1853">
    <p class='ocr_par' dir='ltr' id='par_1_12' title="bbox 414 1803 844 1853">
     <span class='ocr_line' id='line_1_28' title="bbox 414 1803 844 1853; baseline 0.005 -10"><span class='ocrx_word' id='word_1_134' title='bbox 414 1803 476 1843; x_wconf 89' lang='lat' dir='ltr'>In</span> <span class='ocrx_word' id='word_1_135' title='bbox 501 1803 563 1844; x_wconf 89' lang='lat'>11.</span> <span class='ocrx_word' id='word_1_136' title='bbox 593 1803 844 1853; x_wconf 80' lang='lat' dir='ltr'>vesperis.</span> 
     </span>
    </p>
   </div>
   <div class='ocr_carea' id='block_1_10' title="bbox 210 1868 1043 2139">
    <p class='ocr_par' dir='ltr' id='par_1_13' title="bbox 212 1868 1041 1962">
     <span class='ocr_line' id='line_1_29' title="bbox 266 1868 1041 1917; baseline 0.012 -17"><span class='ocrx_word' id='word_1_137' title='bbox 266 1868 350 1901; x_wconf 81' lang='lat' dir='ltr'>Ant.</span> <span class='ocrx_word' id='word_1_138' title='bbox 381 1868 427 1902; x_wconf 86' lang='lat' dir='ltr'>de</span> <span class='ocrx_word' id='word_1_139' title='bbox 460 1869 576 1904; x_wconf 80' lang='lat' dir='ltr'>Laud.</span> <span class='ocrx_word' id='word_1_140' title='bbox 607 1869 695 1913; x_wconf 87' lang='lat'>[92]‚</span> <span class='ocrx_word' id='word_1_141' title='bbox 724 1872 884 1909; x_wconf 85' lang='lat' dir='ltr'>Psalmi.</span> <span class='ocrx_word' id='word_1_142' title='bbox 917 1875 1041 1917; x_wconf 81' lang='lat' dir='ltr'>Capit.</span> 
     </span>
     <span class='ocr_line' id='line_1_30' title="bbox 212 1915 869 1962; baseline 0.006 -14"><span class='ocrx_word' id='word_1_143' title='bbox 212 1921 247 1948; x_wconf 76' lang='lat' dir='ltr'>et</span> <span class='ocrx_word' id='word_1_144' title='bbox 275 1915 450 1958; x_wconf 69' lang='lat' dir='ltr'>Hymnus</span> <span class='ocrx_word' id='word_1_145' title='bbox 475 1923 513 1951; x_wconf 90' lang='lat' dir='ltr'>ut</span> <span class='ocrx_word' id='word_1_146' title='bbox 540 1918 575 1951; x_wconf 85' lang='lat' dir='ltr'>in</span> <span class='ocrx_word' id='word_1_147' title='bbox 603 1919 626 1952; x_wconf 89' lang='lat' dir='ltr'>I.</span> <span class='ocrx_word' id='word_1_148' title='bbox 652 1919 769 1962; x_wconf 72' lang='lat' dir='ltr'>Vesp.</span> <span class='ocrx_word' id='word_1_149' title='bbox 796 1917 869 1961; x_wconf 83' lang='lat'>[84]</span> 
     </span>
    </p>

    <p class='ocr_par' dir='ltr' id='par_1_14' title="bbox 210 1971 1043 2139">
     <span class='ocr_line' id='line_1_31' title="bbox 264 1971 1043 2031; baseline 0.005 -16"><span class='ocrx_word' id='word_1_150' title='bbox 264 1971 312 2021; x_wconf 95' lang='grc' dir='ltr'>Υ.</span> <span class='ocrx_word' id='word_1_151' title='bbox 331 1976 355 2016; x_wconf 87' lang='lat' dir='ltr'><strong>J</strong></span> <span class='ocrx_word' id='word_1_152' title='bbox 357 1980 505 2018; x_wconf 91' lang='lat' dir='ltr'>ustum</span> <span class='ocrx_word' id='word_1_153' title='bbox 525 1977 710 2019; x_wconf 81' lang='lat' dir='ltr'>deduxit</span> <span class='ocrx_word' id='word_1_154' title='bbox 729 1978 946 2019; x_wconf 83' lang='lat' dir='ltr'>Dominus</span> <span class='ocrx_word' id='word_1_155' title='bbox 963 1991 1043 2031; x_wconf 92' lang='lat' dir='ltr'>per</span> 
     </span>
     <span class='ocr_line' id='line_1_32' title="bbox 212 2032 1043 2086; baseline 0.005 -15"><span class='ocrx_word' id='word_1_156' title='bbox 212 2032 305 2072; x_wconf 85' lang='lat' dir='ltr'>vias</span> <span class='ocrx_word' id='word_1_157' title='bbox 324 2037 480 2075; x_wconf 88' lang='lat' dir='ltr'>rectas.</span> <span class='ocrx_word' id='word_1_158' title='bbox 516 2035 565 2086; x_wconf 61' lang='grc' dir='ltr'>Ην.</span> <span class='ocrx_word' id='word_1_159' title='bbox 588 2034 646 2075; x_wconf 92' lang='lat' dir='ltr'>Et</span> <span class='ocrx_word' id='word_1_160' title='bbox 671 2034 867 2076; x_wconf 78' lang='lat' dir='ltr'>ostendit</span> <span class='ocrx_word' id='word_1_161' title='bbox 891 2034 954 2075; x_wconf 91' lang='lat' dir='ltr'>illi</span> <span class='ocrx_word' id='word_1_162' title='bbox 979 2048 1043 2076; x_wconf 90' lang='lat' dir='ltr'>re-</span> 
     </span>
     <span class='ocr_line' id='line_1_33' title="bbox 210 2090 458 2139; baseline 0.016 -11"><span class='ocrx_word' id='word_1_163' title='bbox 210 2101 344 2139; x_wconf 89' lang='lat' dir='ltr'>gnum</span> <span class='ocrx_word' id='word_1_164' title='bbox 363 2090 458 2132; x_wconf 87' lang='lat' dir='ltr'>Dei.</span> 
     </span>
    </p>
   </div>
   <div class='ocr_carea' id='block_1_11' title="bbox 210 2152 1042 2677">
    <p class='ocr_par' dir='ltr' id='par_1_15' title="bbox 210 2152 1042 2364">
     <span class='ocr_line' id='line_1_34' title="bbox 267 2152 1042 2209; baseline 0.008 -17"><span class='ocrx_word' id='word_1_165' title='bbox 267 2152 333 2193; x_wconf 60' lang='lat' dir='ltr'>Ad</span> <span class='ocrx_word' id='word_1_166' title='bbox 357 2153 529 2201; x_wconf 72' lang='lat' dir='ltr'>Magnis.</span> <span class='ocrx_word' id='word_1_167' title='bbox 567 2156 666 2196; x_wconf 75' lang='lat' dir='ltr'>Ant.</span> <span class='ocrx_word' id='word_1_168' title='bbox 700 2155 782 2196; x_wconf 89' lang='lat' dir='ltr'>Hic</span> <span class='ocrx_word' id='word_1_169' title='bbox 806 2156 872 2197; x_wconf 86' lang='lat' dir='ltr'>vir</span> <span class='ocrx_word' id='word_1_170' title='bbox 899 2155 1042 2209; x_wconf 86' lang='lat' dir='ltr'>despi-</span> 
     </span>
     <span class='ocr_line' id='line_1_35' title="bbox 211 2209 1042 2261; baseline 0.005 -11"><span class='ocrx_word' id='word_1_171' title='bbox 211 2209 330 2251; x_wconf 89' lang='lat' dir='ltr'>ciens</span> <span class='ocrx_word' id='word_1_172' title='bbox 349 2211 374 2238; x_wconf 82' lang='grc'>*</span> <span class='ocrx_word' id='word_1_173' title='bbox 391 2210 605 2253; x_wconf 89' lang='lat' dir='ltr'>mundum</span> <span class='ocrx_word' id='word_1_174' title='bbox 625 2216 670 2253; x_wconf 90' lang='lat' dir='ltr'>et</span> <span class='ocrx_word' id='word_1_175' title='bbox 688 2213 874 2261; x_wconf 80' lang='lat' dir='ltr'>terrena,</span> <span class='ocrx_word' id='word_1_176' title='bbox 892 2213 1042 2254; x_wconf 81' lang='lat' dir='ltr'>trium-</span> 
     </span>
     <span class='ocr_line' id='line_1_36' title="bbox 210 2265 1042 2318; baseline 0.006 -12"><span class='ocrx_word' id='word_1_177' title='bbox 210 2265 369 2317; x_wconf 87' lang='lat' dir='ltr'>phans,</span> <span class='ocrx_word' id='word_1_178' title='bbox 395 2267 572 2310; x_wconf 84' lang='lat' dir='ltr'>divitias</span> <span class='ocrx_word' id='word_1_179' title='bbox 597 2268 713 2309; x_wconf 87' lang='lat' dir='ltr'>coelo</span> <span class='ocrx_word' id='word_1_180' title='bbox 733 2268 933 2311; x_wconf 73' lang='lat' dir='ltr'>condidit</span> <span class='ocrx_word' id='word_1_181' title='bbox 954 2282 1042 2318; x_wconf 88' lang='lat' dir='ltr'>ore,</span> 
     </span>
     <span class='ocr_line' id='line_1_37' title="bbox 210 2335 352 2364; baseline 0.021 -3"><span class='ocrx_word' id='word_1_182' title='bbox 210 2335 352 2364; x_wconf 77' lang='lat' dir='ltr'>manu.</span> 
     </span>
    </p>

    <p class='ocr_par' dir='ltr' id='par_1_16' title="bbox 213 2392 1042 2626">
     <span class='ocr_line' id='line_1_38' title="bbox 265 2392 1042 2438; baseline 0.008 -15"><span class='ocrx_word' id='word_1_183' title='bbox 265 2392 301 2423; x_wconf 59' lang='lat' dir='ltr'>Si</span> <span class='ocrx_word' id='word_1_184' title='bbox 343 2400 517 2427; x_wconf 71' lang='lat' dir='ltr'>occurrat</span> <span class='ocrx_word' id='word_1_185' title='bbox 550 2394 736 2427; x_wconf 67' lang='lat' dir='ltr'>celebrari</span> <span class='ocrx_word' id='word_1_186' title='bbox 772 2395 925 2428; x_wconf 74' lang='lat' dir='ltr'>Festum</span> <span class='ocrx_word' id='word_1_187' title='bbox 964 2398 1042 2438; x_wconf 82' lang='lat' dir='ltr'>plu-</span> 
     </span>
     <span class='ocr_line' id='line_1_39' title="bbox 213 2439 1041 2479; baseline 0.011 -9"><span class='ocrx_word' id='word_1_188' title='bbox 213 2439 307 2471; x_wconf 79' lang='lat' dir='ltr'>rium</span> <span class='ocrx_word' id='word_1_189' title='bbox 353 2441 628 2475; x_wconf 71' lang='lat' dir='ltr'>(Iont&#39;cssorum</span> <span class='ocrx_word' id='word_1_190' title='bbox 674 2453 749 2476; x_wconf 81' lang='lat' dir='ltr'>non</span> <span class='ocrx_word' id='word_1_191' title='bbox 796 2443 1041 2479; x_wconf 76' lang='lat' dir='ltr'>Pontificum.</span> 
     </span>
     <span class='ocr_line' id='line_1_40' title="bbox 213 2487 1040 2533; baseline 0.008 -15"><span class='ocrx_word' id='word_1_192' title='bbox 213 2487 388 2520; x_wconf 74' lang='lat' dir='ltr'>Officium</span> <span class='ocrx_word' id='word_1_193' title='bbox 414 2489 452 2522; x_wconf 78' lang='lat' dir='ltr'>iit</span> <span class='ocrx_word' id='word_1_194' title='bbox 477 2497 515 2523; x_wconf 84' lang='lat' dir='ltr'>ut</span> <span class='ocrx_word' id='word_1_195' title='bbox 541 2500 673 2533; x_wconf 75' lang='lat' dir='ltr'>supra:</span> <span class='ocrx_word' id='word_1_196' title='bbox 700 2491 769 2524; x_wconf 78' lang='lat' dir='ltr'>scd</span> <span class='ocrx_word' id='word_1_197' title='bbox 796 2491 832 2524; x_wconf 86' lang='lat' dir='ltr'>in</span> <span class='ocrx_word' id='word_1_198' title='bbox 859 2491 1040 2526; x_wconf 68' lang='lat' dir='ltr'>Oratione</span> 
     </span>
     <span class='ocr_line' id='line_1_41' title="bbox 213 2535 1040 2580; baseline 0.008 -14"><span class='ocrx_word' id='word_1_199' title='bbox 213 2535 562 2579; x_wconf 71' lang='lat' dir='ltr'>etSern11J11c.qmc</span> <span class='ocrx_word' id='word_1_200' title='bbox 581 2538 772 2572; x_wconf 68' lang='lat' dir='ltr'>habentur</span> <span class='ocrx_word' id='word_1_201' title='bbox 789 2539 825 2571; x_wconf 83' lang='lat' dir='ltr'>in</span> <span class='ocrx_word' id='word_1_202' title='bbox 843 2539 1040 2580; x_wconf 64' lang='lat' dir='ltr'>singulari.</span> 
     </span>
     <span class='ocr_line' id='line_1_42' title="bbox 213 2581 625 2626; baseline 0.012 -12"><span class='ocrx_word' id='word_1_203' title='bbox 213 2581 389 2615; x_wconf 70' lang='lat' dir='ltr'>dicantur</span> <span class='ocrx_word' id='word_1_204' title='bbox 415 2584 450 2616; x_wconf 82' lang='lat' dir='ltr'>in</span> <span class='ocrx_word' id='word_1_205' title='bbox 477 2585 625 2626; x_wconf 78' lang='lat' dir='ltr'>plurali.</span> 
     </span>
    </p>

    <p class='ocr_par' dir='ltr' id='par_1_17' title="bbox 572 2650 706 2677">
     <span class='ocr_line' id='line_1_43' title="bbox 572 2650 706 2677; baseline 0 0"><span class='ocrx_word' id='word_1_206' title='bbox 572 2650 679 2677; x_wconf 47' lang='lat' dir='ltr'>‹ree-0</span> <span class='ocrx_word' id='word_1_207' title='bbox 703 2664 706 2665; x_wconf 28' lang='grc' dir='ltr'><em>ν</em></span> 
     </span>
    </p>
   </div>
   <div class='ocr_carea' id='block_1_12' title="bbox 1145 248 1892 357">
    <p class='ocr_par' dir='ltr' id='par_1_18' title="bbox 1145 248 1892 357">
     <span class='ocr_line' id='line_1_44' title="bbox 1263 248 1780 291; baseline 0 -2"><span class='ocrx_word' id='word_1_208' title='bbox 1263 248 1324 290; x_wconf 91' lang='lat'>11.</span> <span class='ocrx_word' id='word_1_209' title='bbox 1359 248 1488 291; x_wconf 81' lang='lat' dir='ltr'>Aliae</span> <span class='ocrx_word' id='word_1_210' title='bbox 1515 248 1780 291; x_wconf 82' lang='lat' dir='ltr'>Lectiones</span> 
     </span>
     <span class='ocr_line' id='line_1_45' title="bbox 1145 309 1892 357; baseline 0.008 -11"><span class='ocrx_word' id='word_1_211' title='bbox 1145 320 1224 357; x_wconf 90' lang='lat' dir='ltr'>pro</span> <span class='ocrx_word' id='word_1_212' title='bbox 1255 309 1519 350; x_wconf 84' lang='lat' dir='ltr'>Confessore</span> <span class='ocrx_word' id='word_1_213' title='bbox 1551 322 1635 350; x_wconf 84' lang='lat' dir='ltr'>non</span> <span class='ocrx_word' id='word_1_214' title='bbox 1668 310 1892 352; x_wconf 84' lang='lat' dir='ltr'>Pontifice.</span> 
     </span>
    </p>
   </div>
   <div class='ocr_carea' id='block_1_13' title="bbox 1093 382 1936 2716">
    <p class='ocr_par' dir='ltr' id='par_1_19' title="bbox 1341 382 1699 422">
     <span class='ocr_line' id='line_1_46' title="bbox 1341 382 1699 422; baseline 0.003 -1"><span class='ocrx_word' id='word_1_215' title='bbox 1341 382 1390 421; x_wconf 89' lang='lat' dir='ltr'>In</span> <span class='ocrx_word' id='word_1_216' title='bbox 1417 382 1447 421; x_wconf 94' lang='grc' dir='ltr'>Ι.</span> <span class='ocrx_word' id='word_1_217' title='bbox 1475 382 1699 422; x_wconf 80' lang='lat' dir='ltr'>Nocturno.</span> 
     </span>
    </p>

    <p class='ocr_par' dir='ltr' id='par_1_20' title="bbox 1097 444 1935 1284">
     <span class='ocr_line' id='line_1_47' title="bbox 1247 444 1796 487; baseline 0.002 -2"><span class='ocrx_word' id='word_1_218' title='bbox 1247 446 1312 486; x_wconf 90' lang='lat' dir='ltr'>De</span> <span class='ocrx_word' id='word_1_219' title='bbox 1339 444 1454 485; x_wconf 93' lang='lat' dir='ltr'>libro</span> <span class='ocrx_word' id='word_1_220' title='bbox 1483 444 1796 487; x_wconf 82' lang='lat' dir='ltr'>Ecclesiastici.</span> 
     </span>
     <span class='ocr_line' id='line_1_48' title="bbox 1206 506 1830 561; baseline 0.003 -15"><span class='ocrx_word' id='word_1_221' title='bbox 1206 506 1360 548; x_wconf 81' lang='lat' dir='ltr'>Lectio</span> <span class='ocrx_word' id='word_1_222' title='bbox 1382 508 1404 548; x_wconf 92' lang='lat' dir='ltr'>i.</span> <span class='ocrx_word' id='word_1_223' title='bbox 1650 509 1752 561; x_wconf 85' lang='lat' dir='ltr'>Cap.</span> <span class='ocrx_word' id='word_1_224' title='bbox 1772 510 1830 549; x_wconf 88' lang='lat'>31.</span> 
     </span>
     <span class='ocr_line' id='line_1_49' title="bbox 1104 566 1934 618; baseline 0.002 -11"><span class='ocrx_word' id='word_1_225' title='bbox 1104 569 1114 618; x_wconf 66' lang='grc' dir='ltr'>ζ</span> <span class='ocrx_word' id='word_1_226' title='bbox 1203 567 1337 607; x_wconf 88' lang='lat' dir='ltr'>eatus</span> <span class='ocrx_word' id='word_1_227' title='bbox 1351 566 1430 616; x_wconf 85' lang='lat' dir='ltr'>vir,</span> <span class='ocrx_word' id='word_1_228' title='bbox 1446 566 1521 618; x_wconf 92' lang='lat' dir='ltr'>qui</span> <span class='ocrx_word' id='word_1_229' title='bbox 1536 566 1739 608; x_wconf 79' lang='lat' dir='ltr'>inventus</span> <span class='ocrx_word' id='word_1_230' title='bbox 1758 572 1826 609; x_wconf 87' lang='lat' dir='ltr'>est</span> <span class='ocrx_word' id='word_1_231' title='bbox 1839 567 1934 609; x_wconf 89' lang='lat' dir='ltr'>sine</span> 
     </span>
     <span class='ocr_line' id='line_1_50' title="bbox 1111 610 1934 679; baseline 0.007 -20"><span class='ocrx_word' id='word_1_232' title='bbox 1111 610 1205 679; x_wconf 31' lang='lat'>{³:31⁶}</span> <span class='ocrx_word' id='word_1_233' title='bbox 1227 622 1415 663; x_wconf 87' lang='lat' dir='ltr'>macula:</span> <span class='ocrx_word' id='word_1_234' title='bbox 1453 626 1498 664; x_wconf 88' lang='lat' dir='ltr'>et</span> <span class='ocrx_word' id='word_1_235' title='bbox 1536 622 1612 674; x_wconf 85' lang='lat' dir='ltr'>qui</span> <span class='ocrx_word' id='word_1_236' title='bbox 1642 627 1747 675; x_wconf 91' lang='lat' dir='ltr'>post</span> <span class='ocrx_word' id='word_1_237' title='bbox 1779 636 1934 665; x_wconf 91' lang='lat' dir='ltr'>aurum</span> 
     </span>
     <span class='ocr_line' id='line_1_51' title="bbox 1197 678 1933 733; baseline 0.004 -14"><span class='ocrx_word' id='word_1_238' title='bbox 1197 694 1200 697; x_wconf 53' lang='lat'><strong>⁴</strong></span> <span class='ocrx_word' id='word_1_239' title='bbox 1228 691 1318 720; x_wconf 93' lang='lat' dir='ltr'>non</span> <span class='ocrx_word' id='word_1_240' title='bbox 1339 678 1462 729; x_wconf 85' lang='lat' dir='ltr'>abiit,</span> <span class='ocrx_word' id='word_1_241' title='bbox 1480 691 1562 720; x_wconf 91' lang='lat' dir='ltr'>nec</span> <span class='ocrx_word' id='word_1_242' title='bbox 1583 680 1779 731; x_wconf 87' lang='lat' dir='ltr'>speravit</span> <span class='ocrx_word' id='word_1_243' title='bbox 1796 680 1842 721; x_wconf 91' lang='lat' dir='ltr'>in</span> <span class='ocrx_word' id='word_1_244' title='bbox 1859 693 1933 733; x_wconf 91' lang='lat' dir='ltr'>pe-</span> 
     </span>
     <span class='ocr_line' id='line_1_52' title="bbox 1100 734 1935 786; baseline 0.004 -11"><span class='ocrx_word' id='word_1_245' title='bbox 1100 734 1228 775; x_wconf 82' lang='lat' dir='ltr'>cunia</span> <span class='ocrx_word' id='word_1_246' title='bbox 1248 739 1291 776; x_wconf 92' lang='lat' dir='ltr'>et</span> <span class='ocrx_word' id='word_1_247' title='bbox 1310 734 1542 777; x_wconf 83' lang='lat' dir='ltr'>thesauris.</span> <span class='ocrx_word' id='word_1_248' title='bbox 1571 735 1680 785; x_wconf 89' lang='lat' dir='ltr'>Quis</span> <span class='ocrx_word' id='word_1_249' title='bbox 1701 740 1768 777; x_wconf 91' lang='lat' dir='ltr'>est</span> <span class='ocrx_word' id='word_1_250' title='bbox 1785 735 1869 786; x_wconf 87' lang='lat' dir='ltr'>hic,</span> <span class='ocrx_word' id='word_1_251' title='bbox 1890 742 1935 778; x_wconf 88' lang='lat' dir='ltr'>et</span> 
     </span>
     <span class='ocr_line' id='line_1_53' title="bbox 1098 789 1933 834; baseline 0.004 -3"><span class='ocrx_word' id='word_1_252' title='bbox 1098 790 1378 832; x_wconf 88' lang='lat' dir='ltr'>laudabimus</span> <span class='ocrx_word' id='word_1_253' title='bbox 1399 789 1521 832; x_wconf 87' lang='lat' dir='ltr'>eum?</span> <span class='ocrx_word' id='word_1_254' title='bbox 1546 791 1652 833; x_wconf 89' lang='lat' dir='ltr'>fecit</span> <span class='ocrx_word' id='word_1_255' title='bbox 1671 792 1788 833; x_wconf 92' lang='lat' dir='ltr'>enim</span> <span class='ocrx_word' id='word_1_256' title='bbox 1807 793 1933 834; x_wconf 89' lang='lat' dir='ltr'>mira-</span> 
     </span>
     <span class='ocr_line' id='line_1_54' title="bbox 1098 846 1934 900; baseline 0.005 -13"><span class='ocrx_word' id='word_1_257' title='bbox 1098 846 1204 888; x_wconf 86' lang='lat' dir='ltr'>bilia</span> <span class='ocrx_word' id='word_1_258' title='bbox 1223 847 1268 887; x_wconf 93' lang='lat' dir='ltr'>in</span> <span class='ocrx_word' id='word_1_259' title='bbox 1287 847 1378 889; x_wconf 87' lang='lat' dir='ltr'>vita</span> <span class='ocrx_word' id='word_1_260' title='bbox 1398 860 1487 889; x_wconf 89' lang='lat' dir='ltr'>sua.</span> <span class='ocrx_word' id='word_1_261' title='bbox 1521 848 1606 898; x_wconf 91' lang='lat' dir='ltr'>Qui</span> <span class='ocrx_word' id='word_1_262' title='bbox 1627 847 1846 900; x_wconf 84' lang='lat' dir='ltr'>probatus</span> <span class='ocrx_word' id='word_1_263' title='bbox 1866 854 1934 891; x_wconf 88' lang='lat' dir='ltr'>est</span> 
     </span>
     <span class='ocr_line' id='line_1_55' title="bbox 1099 903 1933 957; baseline 0.004 -14"><span class='ocrx_word' id='word_1_264' title='bbox 1099 903 1142 943; x_wconf 94' lang='lat' dir='ltr'>in</span> <span class='ocrx_word' id='word_1_265' title='bbox 1162 903 1250 953; x_wconf 87' lang='lat' dir='ltr'>illo,</span> <span class='ocrx_word' id='word_1_266' title='bbox 1271 907 1315 945; x_wconf 91' lang='lat' dir='ltr'>et</span> <span class='ocrx_word' id='word_1_267' title='bbox 1328 905 1552 956; x_wconf 79' lang='lat' dir='ltr'>perfectus</span> <span class='ocrx_word' id='word_1_268' title='bbox 1571 909 1649 955; x_wconf 89' lang='lat' dir='ltr'>est,</span> <span class='ocrx_word' id='word_1_269' title='bbox 1669 904 1752 946; x_wconf 87' lang='lat' dir='ltr'>erit</span> <span class='ocrx_word' id='word_1_270' title='bbox 1766 904 1829 946; x_wconf 92' lang='lat' dir='ltr'>illi</span> <span class='ocrx_word' id='word_1_271' title='bbox 1843 905 1933 957; x_wconf 83' lang='lat' dir='ltr'>glo-</span> 
     </span>
     <span class='ocr_line' id='line_1_56' title="bbox 1099 960 1933 1014; baseline 0.005 -14"><span class='ocrx_word' id='word_1_272' title='bbox 1099 960 1163 1001; x_wconf 83' lang='lat' dir='ltr'>ria</span> <span class='ocrx_word' id='word_1_273' title='bbox 1188 961 1368 1001; x_wconf 81' lang='lat' dir='ltr'>aeterna:</span> <span class='ocrx_word' id='word_1_274' title='bbox 1397 961 1472 1012; x_wconf 93' lang='lat' dir='ltr'>qui</span> <span class='ocrx_word' id='word_1_275' title='bbox 1499 961 1647 1014; x_wconf 72' lang='lat' dir='ltr'>petuit</span> <span class='ocrx_word' id='word_1_276' title='bbox 1671 962 1933 1013; x_wconf 76' lang='lat' dir='ltr'>transgredi,</span> 
     </span>
     <span class='ocr_line' id='line_1_57' title="bbox 1099 1017 1932 1069; baseline 0.004 -12"><span class='ocrx_word' id='word_1_277' title='bbox 1099 1021 1144 1058; x_wconf 91' lang='lat' dir='ltr'>et</span> <span class='ocrx_word' id='word_1_278' title='bbox 1159 1029 1248 1057; x_wconf 92' lang='lat' dir='ltr'>non</span> <span class='ocrx_word' id='word_1_279' title='bbox 1265 1021 1332 1058; x_wconf 89' lang='lat' dir='ltr'>est</span> <span class='ocrx_word' id='word_1_280' title='bbox 1347 1019 1665 1069; x_wconf 82' lang='lat' dir='ltr'>transgressus:</span> <span class='ocrx_word' id='word_1_281' title='bbox 1683 1017 1830 1060; x_wconf 86' lang='lat' dir='ltr'>facere</span> <span class='ocrx_word' id='word_1_282' title='bbox 1844 1031 1932 1060; x_wconf 86' lang='lat' dir='ltr'>ma-</span> 
     </span>
     <span class='ocr_line' id='line_1_58' title="bbox 1097 1072 1934 1123; baseline 0.004 -10"><span class='ocrx_word' id='word_1_283' title='bbox 1097 1072 1155 1123; x_wconf 84' lang='lat' dir='ltr'>la,</span> <span class='ocrx_word' id='word_1_284' title='bbox 1176 1077 1221 1115; x_wconf 93' lang='lat' dir='ltr'>et</span> <span class='ocrx_word' id='word_1_285' title='bbox 1239 1086 1330 1114; x_wconf 92' lang='lat' dir='ltr'>non</span> <span class='ocrx_word' id='word_1_286' title='bbox 1349 1073 1469 1115; x_wconf 88' lang='lat' dir='ltr'>fecit:</span> <span class='ocrx_word' id='word_1_287' title='bbox 1493 1073 1596 1116; x_wconf 85' lang='lat' dir='ltr'>ideo</span> <span class='ocrx_word' id='word_1_288' title='bbox 1617 1073 1813 1116; x_wconf 84' lang='lat' dir='ltr'>stabilita</span> <span class='ocrx_word' id='word_1_289' title='bbox 1831 1080 1934 1117; x_wconf 89' lang='lat' dir='ltr'>sunt</span> 
     </span>
     <span class='ocr_line' id='line_1_59' title="bbox 1097 1128 1935 1181; baseline 0.004 -11"><span class='ocrx_word' id='word_1_290' title='bbox 1097 1128 1216 1171; x_wconf 86' lang='lat' dir='ltr'>bona</span> <span class='ocrx_word' id='word_1_291' title='bbox 1240 1129 1356 1171; x_wconf 82' lang='lat' dir='ltr'>illius</span> <span class='ocrx_word' id='word_1_292' title='bbox 1380 1130 1425 1171; x_wconf 92' lang='lat' dir='ltr'>in</span> <span class='ocrx_word' id='word_1_293' title='bbox 1443 1130 1654 1181; x_wconf 83' lang='lat' dir='ltr'>Domino,</span> <span class='ocrx_word' id='word_1_294' title='bbox 1681 1135 1725 1172; x_wconf 88' lang='lat' dir='ltr'>et</span> <span class='ocrx_word' id='word_1_295' title='bbox 1749 1130 1935 1173; x_wconf 83' lang='lat' dir='ltr'>eleemo-</span> 
     </span>
     <span class='ocr_line' id='line_1_60' title="bbox 1099 1186 1934 1238; baseline 0.005 -12"><span class='ocrx_word' id='word_1_296' title='bbox 1099 1199 1232 1238; x_wconf 88' lang='lat' dir='ltr'>synas</span> <span class='ocrx_word' id='word_1_297' title='bbox 1251 1186 1368 1227; x_wconf 87' lang='lat' dir='ltr'>illius</span> <span class='ocrx_word' id='word_1_298' title='bbox 1388 1187 1613 1229; x_wconf 79' lang='lat' dir='ltr'>enarrabit</span> <span class='ocrx_word' id='word_1_299' title='bbox 1633 1188 1776 1229; x_wconf 92' lang='lat' dir='ltr'>omnis</span> <span class='ocrx_word' id='word_1_300' title='bbox 1797 1188 1934 1230; x_wconf 73' lang='lat' dir='ltr'>eccle-</span> 
     </span>
     <span class='ocr_line' id='line_1_61' title="bbox 1099 1242 1447 1284; baseline 0.003 -1"><span class='ocrx_word' id='word_1_301' title='bbox 1099 1242 1163 1284; x_wconf 87' lang='lat' dir='ltr'>sia</span> <span class='ocrx_word' id='word_1_302' title='bbox 1182 1245 1447 1284; x_wconf 83' lang='lat' dir='ltr'>sanctorum.</span> 
     </span>
    </p>

    <p class='ocr_par' dir='ltr' id='par_1_21' title="bbox 1097 1303 1936 1639">
     <span class='ocr_line' id='line_1_62' title="bbox 1157 1303 1934 1356; baseline 0.003 -12"><span class='ocrx_word' id='word_1_303' title='bbox 1157 1306 1203 1356; x_wconf 59' lang='lat' dir='ltr'>Rg.</span> <span class='ocrx_word' id='word_1_304' title='bbox 1237 1304 1360 1355; x_wconf 84' lang='lat' dir='ltr'>Euge</span> <span class='ocrx_word' id='word_1_305' title='bbox 1393 1316 1520 1346; x_wconf 88' lang='lat' dir='ltr'>serve</span> <span class='ocrx_word' id='word_1_306' title='bbox 1552 1303 1669 1346; x_wconf 90' lang='lat' dir='ltr'>bone</span> <span class='ocrx_word' id='word_1_307' title='bbox 1703 1309 1747 1346; x_wconf 91' lang='lat' dir='ltr'>et</span> <span class='ocrx_word' id='word_1_308' title='bbox 1778 1303 1934 1355; x_wconf 80' lang='lat' dir='ltr'>fidelis,</span> 
     </span>
     <span class='ocr_line' id='line_1_63' title="bbox 1099 1359 1936 1414; baseline 0.002 -14"><span class='ocrx_word' id='word_1_309' title='bbox 1099 1359 1203 1411; x_wconf 85' lang='lat' dir='ltr'>quia</span> <span class='ocrx_word' id='word_1_310' title='bbox 1227 1360 1272 1400; x_wconf 94' lang='lat' dir='ltr'>in</span> <span class='ocrx_word' id='word_1_311' title='bbox 1297 1373 1440 1413; x_wconf 88' lang='lat' dir='ltr'>pauca</span> <span class='ocrx_word' id='word_1_312' title='bbox 1465 1360 1587 1402; x_wconf 88' lang='lat' dir='ltr'>fuisti</span> <span class='ocrx_word' id='word_1_313' title='bbox 1611 1360 1771 1411; x_wconf 83' lang='lat' dir='ltr'>fidelis,</span> <span class='ocrx_word' id='word_1_314' title='bbox 1800 1374 1936 1414; x_wconf 88' lang='lat' dir='ltr'>supra</span> 
     </span>
     <span class='ocr_line' id='line_1_64' title="bbox 1098 1416 1934 1468; baseline 0.004 -12"><span class='ocrx_word' id='word_1_315' title='bbox 1098 1416 1237 1457; x_wconf 90' lang='lat' dir='ltr'>multa</span> <span class='ocrx_word' id='word_1_316' title='bbox 1251 1420 1296 1458; x_wconf 88' lang='lat' dir='ltr'>te</span> <span class='ocrx_word' id='word_1_317' title='bbox 1311 1419 1594 1458; x_wconf 87' lang='lat' dir='ltr'>constituam:</span> <span class='ocrx_word' id='word_1_318' title='bbox 1607 1419 1628 1442; x_wconf 88' lang='lat'>*</span> <span class='ocrx_word' id='word_1_319' title='bbox 1639 1417 1763 1459; x_wconf 90' lang='lat' dir='ltr'>Intra</span> <span class='ocrx_word' id='word_1_320' title='bbox 1777 1417 1822 1458; x_wconf 95' lang='lat' dir='ltr'>in</span> <span class='ocrx_word' id='word_1_321' title='bbox 1831 1420 1934 1468; x_wconf 80' lang='lat' dir='ltr'>gau-</span> 
     </span>
     <span class='ocr_line' id='line_1_65' title="bbox 1099 1468 1934 1526; baseline 0.002 -13"><span class='ocrx_word' id='word_1_322' title='bbox 1099 1471 1220 1513; x_wconf 92' lang='lat' dir='ltr'>dium</span> <span class='ocrx_word' id='word_1_323' title='bbox 1239 1473 1328 1514; x_wconf 80' lang='grc' dir='ltr'>1)ῇί</span> <span class='ocrx_word' id='word_1_324' title='bbox 1346 1474 1421 1514; x_wconf 90' lang='lat' dir='ltr'>tui.</span> <span class='ocrx_word' id='word_1_325' title='bbox 1452 1468 1500 1519; x_wconf 59' lang='lat' dir='ltr'>Y.</span> <span class='ocrx_word' id='word_1_326' title='bbox 1523 1473 1714 1515; x_wconf 86' lang='lat' dir='ltr'>Domine</span> <span class='ocrx_word' id='word_1_327' title='bbox 1739 1473 1934 1526; x_wconf 90' lang='lat' dir='ltr'>quinque</span> 
     </span>
     <span class='ocr_line' id='line_1_66' title="bbox 1097 1528 1935 1580; baseline 0.004 -11"><span class='ocrx_word' id='word_1_328' title='bbox 1097 1528 1265 1570; x_wconf 80' lang='lat' dir='ltr'>talenta</span> <span class='ocrx_word' id='word_1_329' title='bbox 1297 1529 1522 1571; x_wconf 71' lang='lat' dir='ltr'>tradidisti</span> <span class='ocrx_word' id='word_1_330' title='bbox 1553 1530 1679 1580; x_wconf 86' lang='lat' dir='ltr'>mihi,</span> <span class='ocrx_word' id='word_1_331' title='bbox 1712 1542 1816 1572; x_wconf 89' lang='lat' dir='ltr'>ecce</span> <span class='ocrx_word' id='word_1_332' title='bbox 1850 1529 1935 1572; x_wconf 86' lang='lat' dir='ltr'>alia</span> 
     </span>
     <span class='ocr_line' id='line_1_67' title="bbox 1100 1585 1934 1639; baseline 0.001 -13"><span class='ocrx_word' id='word_1_333' title='bbox 1100 1585 1292 1637; x_wconf 91' lang='lat' dir='ltr'>quinque</span> <span class='ocrx_word' id='word_1_334' title='bbox 1312 1586 1644 1639; x_wconf 79' lang='lat' dir='ltr'>superlucratus</span> <span class='ocrx_word' id='word_1_335' title='bbox 1664 1599 1772 1628; x_wconf 85' lang='lat' dir='ltr'>sum.</span> <span class='ocrx_word' id='word_1_336' title='bbox 1799 1587 1934 1628; x_wconf 87' lang='lat' dir='ltr'>Intra.</span> 
     </span>
    </p>

    <p class='ocr_par' dir='ltr' id='par_1_22' title="bbox 1093 1651 1935 2716">
     <span class='ocr_line' id='line_1_68' title="bbox 1204 1651 1835 1699; baseline 0.002 -9"><span class='ocrx_word' id='word_1_337' title='bbox 1204 1651 1357 1691; x_wconf 79' lang='lat' dir='ltr'>Lectio</span> <span class='ocrx_word' id='word_1_338' title='bbox 1380 1651 1418 1690; x_wconf 89' lang='lat' dir='ltr'>ii.</span> <span class='ocrx_word' id='word_1_339' title='bbox 1514 1657 1606 1699; x_wconf 71' lang='lat' dir='ltr'>(lap.</span> <span class='ocrx_word' id='word_1_340' title='bbox 1621 1657 1671 1690; x_wconf 72' lang='lat'>32.</span> <span class='ocrx_word' id='word_1_341' title='bbox 1687 1668 1715 1691; x_wconf 82' lang='lat' dir='ltr'>c.</span> <span class='ocrx_word' id='word_1_342' title='bbox 1735 1663 1771 1692; x_wconf 81' lang='lat' dir='ltr'>et</span> <span class='ocrx_word' id='word_1_343' title='bbox 1784 1658 1835 1691; x_wconf 78' lang='lat'>33.</span> 
     </span>
     <span class='ocr_line' id='line_1_69' title="bbox 1181 1714 1934 1769; baseline 0.003 -14"><span class='ocrx_word' id='word_1_344' title='bbox 1181 1714 1225 1755; x_wconf 93' lang='lat' dir='ltr'>ui</span> <span class='ocrx_word' id='word_1_345' title='bbox 1244 1714 1370 1756; x_wconf 89' lang='lat' dir='ltr'>timet</span> <span class='ocrx_word' id='word_1_346' title='bbox 1384 1714 1635 1766; x_wconf 83' lang='lat' dir='ltr'>Dominum,</span> <span class='ocrx_word' id='word_1_347' title='bbox 1651 1715 1843 1769; x_wconf 84' lang='lat' dir='ltr'>excipiet</span> <span class='ocrx_word' id='word_1_348' title='bbox 1858 1714 1934 1758; x_wconf 93' lang='lat' dir='ltr'>do-</span> 
     </span>
     <span class='ocr_line' id='line_1_70' title="bbox 1203 1771 1933 1824; baseline 0.004 -13"><span class='ocrx_word' id='word_1_349' title='bbox 1203 1773 1390 1812; x_wconf 87' lang='lat' dir='ltr'>ctrinam</span> <span class='ocrx_word' id='word_1_350' title='bbox 1421 1771 1526 1822; x_wconf 89' lang='lat' dir='ltr'>ejus:</span> <span class='ocrx_word' id='word_1_351' title='bbox 1555 1776 1600 1813; x_wconf 90' lang='lat' dir='ltr'>et</span> <span class='ocrx_word' id='word_1_352' title='bbox 1629 1772 1705 1824; x_wconf 93' lang='lat' dir='ltr'>qui</span> <span class='ocrx_word' id='word_1_353' title='bbox 1727 1771 1933 1824; x_wconf 87' lang='lat' dir='ltr'>vigilave-</span> 
     </span>
     <span class='ocr_line' id='line_1_71' title="bbox 1098 1826 1933 1877; baseline 0.004 -10"><span class='ocrx_word' id='word_1_354' title='bbox 1098 1826 1186 1868; x_wconf 88' lang='lat' dir='ltr'>rint</span> <span class='ocrx_word' id='word_1_355' title='bbox 1201 1826 1259 1871; x_wconf 85' lang='lat' dir='ltr'>ad</span> <span class='ocrx_word' id='word_1_356' title='bbox 1273 1826 1407 1877; x_wconf 82' lang='lat' dir='ltr'>illum,</span> <span class='ocrx_word' id='word_1_357' title='bbox 1421 1827 1647 1870; x_wconf 79' lang='lat' dir='ltr'>invenient</span> <span class='ocrx_word' id='word_1_358' title='bbox 1662 1827 1933 1870; x_wconf 79' lang='lat' dir='ltr'>benedictio-</span> 
     </span>
     <span class='ocr_line' id='line_1_72' title="bbox 1097 1884 1935 1938; baseline 0.004 -14"><span class='ocrx_word' id='word_1_359' title='bbox 1097 1896 1208 1924; x_wconf 90' lang='lat' dir='ltr'>nem.</span> <span class='ocrx_word' id='word_1_360' title='bbox 1237 1884 1323 1934; x_wconf 90' lang='lat' dir='ltr'>Qui</span> <span class='ocrx_word' id='word_1_361' title='bbox 1339 1884 1499 1936; x_wconf 87' lang='lat' dir='ltr'>quaerit</span> <span class='ocrx_word' id='word_1_362' title='bbox 1517 1884 1671 1936; x_wconf 86' lang='lat' dir='ltr'>legem,</span> <span class='ocrx_word' id='word_1_363' title='bbox 1690 1884 1935 1938; x_wconf 76' lang='lat' dir='ltr'>replebitur</span> 
     </span>
     <span class='ocr_line' id='line_1_73' title="bbox 1097 1939 1934 1993; baseline 0.002 -12"><span class='ocrx_word' id='word_1_364' title='bbox 1097 1939 1152 1981; x_wconf 83' lang='lat' dir='ltr'>ab</span> <span class='ocrx_word' id='word_1_365' title='bbox 1174 1953 1239 1981; x_wconf 89' lang='lat' dir='ltr'>ea:</span> <span class='ocrx_word' id='word_1_366' title='bbox 1269 1945 1313 1982; x_wconf 89' lang='lat' dir='ltr'>et</span> <span class='ocrx_word' id='word_1_367' title='bbox 1339 1941 1414 1993; x_wconf 93' lang='lat' dir='ltr'>qui</span> <span class='ocrx_word' id='word_1_368' title='bbox 1439 1940 1651 1983; x_wconf 87' lang='lat' dir='ltr'>insidiose</span> <span class='ocrx_word' id='word_1_369' title='bbox 1677 1942 1782 1993; x_wconf 89' lang='lat' dir='ltr'>agit,</span> <span class='ocrx_word' id='word_1_370' title='bbox 1812 1954 1934 1983; x_wconf 88' lang='lat' dir='ltr'>scan-</span> 
     </span>
     <span class='ocr_line' id='line_1_74' title="bbox 1098 1996 1933 2049; baseline 0.002 -11"><span class='ocrx_word' id='word_1_371' title='bbox 1098 1996 1363 2039; x_wconf 85' lang='lat' dir='ltr'>dalizabitur</span> <span class='ocrx_word' id='word_1_372' title='bbox 1387 1998 1432 2038; x_wconf 88' lang='lat' dir='ltr'>in</span> <span class='ocrx_word' id='word_1_373' title='bbox 1458 2011 1520 2039; x_wconf 87' lang='lat' dir='ltr'>ea.</span> <span class='ocrx_word' id='word_1_374' title='bbox 1559 1998 1645 2049; x_wconf 91' lang='lat' dir='ltr'>Qui</span> <span class='ocrx_word' id='word_1_375' title='bbox 1669 1998 1827 2040; x_wconf 91' lang='lat' dir='ltr'>timent</span> <span class='ocrx_word' id='word_1_376' title='bbox 1845 1998 1933 2040; x_wconf 82' lang='lat' dir='ltr'>Do-</span> 
     </span>
     <span class='ocr_line' id='line_1_75' title="bbox 1095 2054 1934 2108; baseline 0.005 -14"><span class='ocrx_word' id='word_1_377' title='bbox 1095 2054 1274 2104; x_wconf 89' lang='lat' dir='ltr'>minum,</span> <span class='ocrx_word' id='word_1_378' title='bbox 1293 2054 1518 2096; x_wconf 80' lang='lat' dir='ltr'>invenient</span> <span class='ocrx_word' id='word_1_379' title='bbox 1535 2054 1745 2107; x_wconf 86' lang='lat' dir='ltr'>judicium</span> <span class='ocrx_word' id='word_1_380' title='bbox 1759 2056 1934 2108; x_wconf 88' lang='lat' dir='ltr'>justum,</span> 
     </span>
     <span class='ocr_line' id='line_1_76' title="bbox 1097 2110 1934 2163; baseline 0.002 -12"><span class='ocrx_word' id='word_1_381' title='bbox 1097 2114 1141 2151; x_wconf 91' lang='lat' dir='ltr'>et</span> <span class='ocrx_word' id='word_1_382' title='bbox 1159 2110 1347 2162; x_wconf 86' lang='lat' dir='ltr'>justitias</span> <span class='ocrx_word' id='word_1_383' title='bbox 1368 2111 1495 2163; x_wconf 90' lang='lat' dir='ltr'>quasi</span> <span class='ocrx_word' id='word_1_384' title='bbox 1510 2111 1659 2153; x_wconf 88' lang='lat' dir='ltr'>lumen</span> <span class='ocrx_word' id='word_1_385' title='bbox 1678 2111 1934 2154; x_wconf 77' lang='lat' dir='ltr'>accendent.</span> 
     </span>
     <span class='ocr_line' id='line_1_77' title="bbox 1097 2166 1931 2218; baseline 0.001 -10"><span class='ocrx_word' id='word_1_386' title='bbox 1097 2167 1181 2217; x_wconf 93' lang='lat' dir='ltr'>Qui</span> <span class='ocrx_word' id='word_1_387' title='bbox 1201 2166 1344 2209; x_wconf 90' lang='lat' dir='ltr'>credit</span> <span class='ocrx_word' id='word_1_388' title='bbox 1362 2168 1472 2218; x_wconf 89' lang='lat' dir='ltr'>Deo,</span> <span class='ocrx_word' id='word_1_389' title='bbox 1492 2167 1682 2210; x_wconf 80' lang='lat' dir='ltr'>attendit</span> <span class='ocrx_word' id='word_1_390' title='bbox 1699 2167 1931 2218; x_wconf 86' lang='lat' dir='ltr'>mandatis,</span> 
     </span>
     <span class='ocr_line' id='line_1_78' title="bbox 1096 2223 1930 2275; baseline 0.001 -10"><span class='ocrx_word' id='word_1_391' title='bbox 1096 2228 1141 2265; x_wconf 91' lang='lat' dir='ltr'>et</span> <span class='ocrx_word' id='word_1_392' title='bbox 1161 2224 1237 2275; x_wconf 88' lang='lat' dir='ltr'>qui</span> <span class='ocrx_word' id='word_1_393' title='bbox 1256 2223 1440 2266; x_wconf 85' lang='lat' dir='ltr'>confidit</span> <span class='ocrx_word' id='word_1_394' title='bbox 1458 2224 1503 2265; x_wconf 90' lang='lat' dir='ltr'>in</span> <span class='ocrx_word' id='word_1_395' title='bbox 1522 2224 1615 2275; x_wconf 84' lang='lat' dir='ltr'>illo,</span> <span class='ocrx_word' id='word_1_396' title='bbox 1637 2237 1726 2266; x_wconf 93' lang='lat' dir='ltr'>non</span> <span class='ocrx_word' id='word_1_397' title='bbox 1742 2224 1930 2266; x_wconf 84' lang='lat' dir='ltr'>minora-</span> 
     </span>
     <span class='ocr_line' id='line_1_79' title="bbox 1095 2279 1930 2323; baseline 0.002 -2"><span class='ocrx_word' id='word_1_398' title='bbox 1095 2279 1224 2321; x_wconf 86' lang='lat' dir='ltr'>bitur.</span> <span class='ocrx_word' id='word_1_399' title='bbox 1259 2280 1453 2322; x_wconf 80' lang='lat' dir='ltr'>Timenti</span> <span class='ocrx_word' id='word_1_400' title='bbox 1478 2281 1719 2323; x_wconf 85' lang='lat' dir='ltr'>Dominum</span> <span class='ocrx_word' id='word_1_401' title='bbox 1743 2293 1832 2322; x_wconf 92' lang='lat' dir='ltr'>non</span> <span class='ocrx_word' id='word_1_402' title='bbox 1859 2293 1930 2323; x_wconf 90' lang='lat' dir='ltr'>oc-</span> 
     </span>
     <span class='ocr_line' id='line_1_80' title="bbox 1095 2336 1931 2387; baseline 0.002 -10"><span class='ocrx_word' id='word_1_403' title='bbox 1095 2339 1272 2378; x_wconf 84' lang='lat' dir='ltr'>current</span> <span class='ocrx_word' id='word_1_404' title='bbox 1307 2336 1441 2387; x_wconf 86' lang='lat' dir='ltr'>mala,</span> <span class='ocrx_word' id='word_1_405' title='bbox 1486 2336 1566 2379; x_wconf 89' lang='lat' dir='ltr'>sed</span> <span class='ocrx_word' id='word_1_406' title='bbox 1601 2338 1646 2378; x_wconf 94' lang='lat' dir='ltr'>in</span> <span class='ocrx_word' id='word_1_407' title='bbox 1683 2337 1931 2379; x_wconf 84' lang='lat' dir='ltr'>tentatione</span> 
     </span>
     <span class='ocr_line' id='line_1_81' title="bbox 1093 2392 1929 2444; baseline 0.001 -10"><span class='ocrx_word' id='word_1_408' title='bbox 1093 2394 1216 2435; x_wconf 89' lang='lat' dir='ltr'>Deus</span> <span class='ocrx_word' id='word_1_409' title='bbox 1236 2392 1361 2434; x_wconf 92' lang='lat' dir='ltr'>illum</span> <span class='ocrx_word' id='word_1_410' title='bbox 1380 2393 1678 2444; x_wconf 87' lang='lat' dir='ltr'>conservabit,</span> <span class='ocrx_word' id='word_1_411' title='bbox 1705 2399 1750 2435; x_wconf 90' lang='lat' dir='ltr'>et</span> <span class='ocrx_word' id='word_1_412' title='bbox 1774 2393 1929 2435; x_wconf 86' lang='lat' dir='ltr'>libera-</span> 
     </span>
     <span class='ocr_line' id='line_1_82' title="bbox 1093 2449 1928 2502; baseline 0 -12"><span class='ocrx_word' id='word_1_413' title='bbox 1093 2449 1160 2491; x_wconf 89' lang='lat' dir='ltr'>bit</span> <span class='ocrx_word' id='word_1_414' title='bbox 1179 2462 1205 2490; x_wconf 85' lang='lat' dir='ltr'>a</span> <span class='ocrx_word' id='word_1_415' title='bbox 1223 2449 1361 2490; x_wconf 86' lang='lat' dir='ltr'>malis.</span> <span class='ocrx_word' id='word_1_416' title='bbox 1388 2449 1574 2502; x_wconf 84' lang='lat' dir='ltr'>Sapiens</span> <span class='ocrx_word' id='word_1_417' title='bbox 1594 2462 1683 2491; x_wconf 90' lang='lat' dir='ltr'>non</span> <span class='ocrx_word' id='word_1_418' title='bbox 1701 2449 1797 2492; x_wconf 90' lang='lat' dir='ltr'>odit</span> <span class='ocrx_word' id='word_1_419' title='bbox 1811 2462 1928 2491; x_wconf 87' lang='lat' dir='ltr'>man-</span> 
     </span>
     <span class='ocr_line' id='line_1_83' title="bbox 1095 2505 1929 2558; baseline 0 -11"><span class='ocrx_word' id='word_1_420' title='bbox 1095 2505 1199 2547; x_wconf 83' lang='lat' dir='ltr'>data</span> <span class='ocrx_word' id='word_1_421' title='bbox 1225 2510 1269 2547; x_wconf 88' lang='lat' dir='ltr'>et</span> <span class='ocrx_word' id='word_1_422' title='bbox 1292 2506 1498 2558; x_wconf 83' lang='lat' dir='ltr'>justitias,</span> <span class='ocrx_word' id='word_1_423' title='bbox 1534 2510 1579 2547; x_wconf 89' lang='lat' dir='ltr'>et</span> <span class='ocrx_word' id='word_1_424' title='bbox 1607 2518 1699 2547; x_wconf 90' lang='lat' dir='ltr'>non</span> <span class='ocrx_word' id='word_1_425' title='bbox 1732 2506 1929 2548; x_wconf 81' lang='lat' dir='ltr'>illidetur</span> 
     </span>
     <span class='ocr_line' id='line_1_84' title="bbox 1095 2562 1928 2615; baseline 0 -12"><span class='ocrx_word' id='word_1_426' title='bbox 1095 2562 1221 2614; x_wconf 88' lang='lat' dir='ltr'>quasi</span> <span class='ocrx_word' id='word_1_427' title='bbox 1239 2564 1284 2603; x_wconf 94' lang='lat' dir='ltr'>in</span> <span class='ocrx_word' id='word_1_428' title='bbox 1301 2562 1497 2615; x_wconf 82' lang='lat' dir='ltr'>procella</span> <span class='ocrx_word' id='word_1_429' title='bbox 1511 2562 1647 2603; x_wconf 89' lang='lat' dir='ltr'>navis.</span> <span class='ocrx_word' id='word_1_430' title='bbox 1668 2562 1817 2603; x_wconf 91' lang='lat' dir='ltr'>Homo</span> <span class='ocrx_word' id='word_1_431' title='bbox 1834 2576 1928 2604; x_wconf 90' lang='lat' dir='ltr'>sen-</span> 
     </span>
     <span class='ocr_line' id='line_1_85' title="bbox 1095 2618 1928 2669; baseline 0.001 -10"><span class='ocrx_word' id='word_1_432' title='bbox 1095 2620 1216 2660; x_wconf 84' lang='lat' dir='ltr'>satus</span> <span class='ocrx_word' id='word_1_433' title='bbox 1241 2618 1383 2661; x_wconf 88' lang='lat' dir='ltr'>credit</span> <span class='ocrx_word' id='word_1_434' title='bbox 1406 2619 1494 2669; x_wconf 90' lang='lat' dir='ltr'>legi</span> <span class='ocrx_word' id='word_1_435' title='bbox 1513 2619 1614 2669; x_wconf 88' lang='lat' dir='ltr'>Dei,</span> <span class='ocrx_word' id='word_1_436' title='bbox 1643 2623 1687 2661; x_wconf 88' lang='lat' dir='ltr'>et</span> <span class='ocrx_word' id='word_1_437' title='bbox 1709 2618 1781 2660; x_wconf 88' lang='lat' dir='ltr'>lex</span> <span class='ocrx_word' id='word_1_438' title='bbox 1800 2619 1863 2660; x_wconf 91' lang='lat' dir='ltr'>illi</span> <span class='ocrx_word' id='word_1_439' title='bbox 1883 2619 1928 2660; x_wconf 91' lang='lat' dir='ltr'>fi-</span> 
     </span>
     <span class='ocr_line' id='line_1_86' title="bbox 1095 2674 1218 2716; baseline 0 0"><span class='ocrx_word' id='word_1_440' title='bbox 1095 2674 1218 2716; x_wconf 81' lang='lat' dir='ltr'>delis.</span> 
     </span>
    </p>
   </div>
   <div class='ocr_carea' id='block_1_14' title="bbox 154 93 1992 2784">
    <p class='ocr_par' dir='ltr' id='par_1_23' title="bbox 154 93 1992 2784">
     <span class='ocr_line' id='line_1_87' title="bbox 154 93 1992 2784; baseline 0 0"><span class='ocrx_word' id='word_1_441' title='bbox 154 93 1992 2784; x_wconf 95' lang='lat' dir='ltr'> </span> 
     </span>
    </p>
   </div>
  </div>
 </body>
</html>
