<?xml version="1.0" encoding="UTF-8"?>
<!DOCTYPE html PUBLIC "-//W3C//DTD XHTML 1.0 Transitional//EN"
    "http://www.w3.org/TR/xhtml1/DTD/xhtml1-transitional.dtd">
<html xmlns="http://www.w3.org/1999/xhtml" xml:lang="en" lang="en">
 <head>
  <title>
</title>
<meta http-equiv="Content-Type" content="text/html;charset=utf-8" />
  <meta name='ocr-system' content='tesseract 3.04.00' />
  <meta name='ocr-capabilities' content='ocr_page ocr_carea ocr_par ocr_line ocrx_word'/>
</head>
<body>
  <div class='ocr_page' id='page_1' title='image "./p2breviariumroma00cathuoft_0294.png"; bbox 0 0 2028 2892; ppageno 0'>
   <div class='ocr_carea' id='block_1_1' title="bbox 173 181 239 217">
    <p class='ocr_par' dir='ltr' id='par_1_1' title="bbox 173 181 239 217">
     <span class='ocr_line' id='line_1_1' title="bbox 173 181 239 217; baseline 0 0"><span class='ocrx_word' id='word_1_1' title='bbox 173 181 239 217; x_wconf 81' lang='lat'>266</span> 
     </span>
    </p>
   </div>
   <div class='ocr_carea' id='block_1_2' title="bbox 160 276 1004 1795">
    <p class='ocr_par' dir='ltr' id='par_1_2' title="bbox 169 276 1004 827">
     <span class='ocr_line' id='line_1_2' title="bbox 173 276 1003 326; baseline -0.001 -7"><span class='ocrx_word' id='word_1_2' title='bbox 173 279 366 320; x_wconf 90' lang='lat' dir='ltr'>Primum</span> <span class='ocrx_word' id='word_1_3' title='bbox 384 278 545 319; x_wconf 86' lang='lat' dir='ltr'>docent</span> <span class='ocrx_word' id='word_1_4' title='bbox 564 290 719 319; x_wconf 90' lang='lat' dir='ltr'>omnes</span> <span class='ocrx_word' id='word_1_5' title='bbox 735 277 912 326; x_wconf 56' lang='lat' dir='ltr'>Gentes</span> <span class='ocrx_word' id='word_1_6' title='bbox 932 276 1003 318; x_wconf 90' lang='lat' dir='ltr'>de-</span> 
     </span>
     <span class='ocr_line' id='line_1_3' title="bbox 172 332 1004 385; baseline -0.002 -9"><span class='ocrx_word' id='word_1_7' title='bbox 172 335 275 376; x_wconf 89' lang='lat' dir='ltr'>inde</span> <span class='ocrx_word' id='word_1_8' title='bbox 303 334 456 376; x_wconf 90' lang='lat' dir='ltr'>doctas</span> <span class='ocrx_word' id='word_1_9' title='bbox 484 334 703 385; x_wconf 87' lang='lat' dir='ltr'>intingunt</span> <span class='ocrx_word' id='word_1_10' title='bbox 731 346 855 385; x_wconf 92' lang='lat' dir='ltr'>aqua.</span> <span class='ocrx_word' id='word_1_11' title='bbox 901 332 1004 374; x_wconf 93' lang='lat' dir='ltr'>Non</span> 
     </span>
     <span class='ocr_line' id='line_1_4' title="bbox 173 389 1003 443; baseline -0.002 -11"><span class='ocrx_word' id='word_1_12' title='bbox 173 392 289 433; x_wconf 91' lang='lat' dir='ltr'>enim</span> <span class='ocrx_word' id='word_1_13' title='bbox 306 395 457 443; x_wconf 89' lang='lat' dir='ltr'>potest</span> <span class='ocrx_word' id='word_1_14' title='bbox 475 390 585 439; x_wconf 86' lang='lat' dir='ltr'>fieri,</span> <span class='ocrx_word' id='word_1_15' title='bbox 608 395 657 432; x_wconf 93' lang='lat' dir='ltr'>ut</span> <span class='ocrx_word' id='word_1_16' title='bbox 679 403 842 443; x_wconf 89' lang='lat' dir='ltr'>corpus</span> <span class='ocrx_word' id='word_1_17' title='bbox 863 389 1003 441; x_wconf 89' lang='lat' dir='ltr'>bapti-</span> 
     </span>
     <span class='ocr_line' id='line_1_5' title="bbox 172 445 1003 500; baseline -0.001 -12"><span class='ocrx_word' id='word_1_18' title='bbox 172 448 254 488; x_wconf 91' lang='lat' dir='ltr'>smi</span> <span class='ocrx_word' id='word_1_19' title='bbox 266 447 450 500; x_wconf 91' lang='lat' dir='ltr'>recipiat</span> <span class='ocrx_word' id='word_1_20' title='bbox 463 448 796 496; x_wconf 86' lang='lat' dir='ltr'>sacramentum,</span> <span class='ocrx_word' id='word_1_21' title='bbox 807 445 891 486; x_wconf 91' lang='lat' dir='ltr'>nisi</span> <span class='ocrx_word' id='word_1_22' title='bbox 901 450 1003 487; x_wconf 88' lang='lat' dir='ltr'>ante</span> 
     </span>
     <span class='ocr_line' id='line_1_6' title="bbox 172 502 1003 556; baseline -0.002 -12"><span class='ocrx_word' id='word_1_23' title='bbox 172 504 317 545; x_wconf 78' lang='lat' dir='ltr'>anima</span> <span class='ocrx_word' id='word_1_24' title='bbox 349 504 454 545; x_wconf 86' lang='lat' dir='ltr'>fidei</span> <span class='ocrx_word' id='word_1_25' title='bbox 487 503 732 556; x_wconf 89' lang='lat' dir='ltr'>susceperit</span> <span class='ocrx_word' id='word_1_26' title='bbox 762 502 1003 544; x_wconf 81' lang='lat' dir='ltr'>veritatem.</span> 
     </span>
     <span class='ocr_line' id='line_1_7' title="bbox 170 559 1002 612; baseline -0.002 -12"><span class='ocrx_word' id='word_1_27' title='bbox 170 560 460 612; x_wconf 84' lang='lat' dir='ltr'>Baptizantur</span> <span class='ocrx_word' id='word_1_28' title='bbox 486 564 633 601; x_wconf 88' lang='lat' dir='ltr'>autem</span> <span class='ocrx_word' id='word_1_29' title='bbox 657 559 701 600; x_wconf 91' lang='lat' dir='ltr'>in</span> <span class='ocrx_word' id='word_1_30' title='bbox 726 559 903 599; x_wconf 89' lang='lat' dir='ltr'>nomine</span> <span class='ocrx_word' id='word_1_31' title='bbox 924 559 1002 599; x_wconf 89' lang='lat' dir='ltr'>Pa-</span> 
     </span>
     <span class='ocr_line' id='line_1_8' title="bbox 169 614 1003 668; baseline -0.002 -10"><span class='ocrx_word' id='word_1_32' title='bbox 169 617 265 667; x_wconf 89' lang='lat' dir='ltr'>tris,</span> <span class='ocrx_word' id='word_1_33' title='bbox 290 622 334 658; x_wconf 88' lang='lat' dir='ltr'>et</span> <span class='ocrx_word' id='word_1_34' title='bbox 354 616 468 666; x_wconf 86' lang='lat' dir='ltr'>Filii,</span> <span class='ocrx_word' id='word_1_35' title='bbox 493 621 536 657; x_wconf 92' lang='lat' dir='ltr'>et</span> <span class='ocrx_word' id='word_1_36' title='bbox 559 616 747 668; x_wconf 82' lang='lat' dir='ltr'><strong>Spiritus</strong></span> <span class='ocrx_word' id='word_1_37' title='bbox 771 614 927 656; x_wconf 88' lang='lat' dir='ltr'>sancti:</span> <span class='ocrx_word' id='word_1_38' title='bbox 954 618 1003 656; x_wconf 90' lang='lat' dir='ltr'>ut</span> 
     </span>
     <span class='ocr_line' id='line_1_9' title="bbox 171 670 1002 724; baseline -0.004 -10"><span class='ocrx_word' id='word_1_39' title='bbox 171 685 358 724; x_wconf 90' lang='lat' dir='ltr'>quorum</span> <span class='ocrx_word' id='word_1_40' title='bbox 381 685 469 714; x_wconf 88' lang='lat' dir='ltr'>una</span> <span class='ocrx_word' id='word_1_41' title='bbox 494 676 562 714; x_wconf 86' lang='lat' dir='ltr'>est</span> <span class='ocrx_word' id='word_1_42' title='bbox 587 670 807 720; x_wconf 75' lang='lat' dir='ltr'>divinitas,</span> <span class='ocrx_word' id='word_1_43' title='bbox 834 683 922 711; x_wconf 89' lang='lat' dir='ltr'>una</span> <span class='ocrx_word' id='word_1_44' title='bbox 945 670 1002 712; x_wconf 92' lang='lat' dir='ltr'>sit</span> 
     </span>
     <span class='ocr_line' id='line_1_10' title="bbox 169 727 1001 781; baseline -0.001 -12"><span class='ocrx_word' id='word_1_45' title='bbox 169 729 358 781; x_wconf 85' lang='lat' dir='ltr'>largitio:</span> <span class='ocrx_word' id='word_1_46' title='bbox 375 730 624 781; x_wconf 91' lang='lat' dir='ltr'>nomenque</span> <span class='ocrx_word' id='word_1_47' title='bbox 634 727 874 777; x_wconf 77' lang='lat' dir='ltr'>Trinitatis,</span> <span class='ocrx_word' id='word_1_48' title='bbox 889 740 1001 768; x_wconf 93' lang='lat' dir='ltr'>unus</span> 
     </span>
     <span class='ocr_line' id='line_1_11' title="bbox 169 786 390 827; baseline 0 0"><span class='ocrx_word' id='word_1_49' title='bbox 169 786 291 827; x_wconf 90' lang='lat' dir='ltr'>Deus</span> <span class='ocrx_word' id='word_1_50' title='bbox 312 790 390 827; x_wconf 88' lang='lat' dir='ltr'>est.</span> 
     </span>
    </p>

    <p class='ocr_par' dir='ltr' id='par_1_3' title="bbox 166 840 1001 1287">
     <span class='ocr_line' id='line_1_12' title="bbox 218 840 999 899; baseline -0.003 -17"><span class='ocrx_word' id='word_1_51' title='bbox 218 848 268 899; x_wconf 73' lang='lat' dir='ltr'>R..</span> <span class='ocrx_word' id='word_1_52' title='bbox 298 842 554 894; x_wconf 59' lang='lat' dir='ltr'>Expurgate</span> <span class='ocrx_word' id='word_1_53' title='bbox 577 845 704 882; x_wconf 87' lang='lat' dir='ltr'>vetus</span> <span class='ocrx_word' id='word_1_54' title='bbox 728 840 999 889; x_wconf 90' lang='lat' dir='ltr'>fermentum,</span> 
     </span>
     <span class='ocr_line' id='line_1_13' title="bbox 168 896 1001 949; baseline -0.004 -10"><span class='ocrx_word' id='word_1_55' title='bbox 168 902 217 939; x_wconf 91' lang='lat' dir='ltr'>ut</span> <span class='ocrx_word' id='word_1_56' title='bbox 250 898 345 939; x_wconf 89' lang='lat' dir='ltr'>sitis</span> <span class='ocrx_word' id='word_1_57' title='bbox 377 910 494 939; x_wconf 89' lang='lat' dir='ltr'>nova</span> <span class='ocrx_word' id='word_1_58' title='bbox 525 896 803 949; x_wconf 89' lang='lat' dir='ltr'>conspersio:</span> <span class='ocrx_word' id='word_1_59' title='bbox 839 896 1001 937; x_wconf 90' lang='lat' dir='ltr'>etenim</span> 
     </span>
     <span class='ocr_line' id='line_1_14' title="bbox 167 952 1000 995; baseline -0.001 0"><span class='ocrx_word' id='word_1_60' title='bbox 167 954 338 995; x_wconf 85' lang='lat' dir='ltr'>Pascha</span> <span class='ocrx_word' id='word_1_61' title='bbox 356 958 557 995; x_wconf 90' lang='lat' dir='ltr'>nostrum</span> <span class='ocrx_word' id='word_1_62' title='bbox 576 952 781 995; x_wconf 78' lang='lat' dir='ltr'>imolatus</span> <span class='ocrx_word' id='word_1_63' title='bbox 799 957 866 994; x_wconf 91' lang='lat' dir='ltr'>est</span> <span class='ocrx_word' id='word_1_64' title='bbox 881 952 1000 995; x_wconf 92' lang='lat' dir='ltr'>Chri-</span> 
     </span>
     <span class='ocr_line' id='line_1_15' title="bbox 169 1009 1000 1062; baseline 0 -11"><span class='ocrx_word' id='word_1_65' title='bbox 169 1015 307 1052; x_wconf 79' lang='lat' dir='ltr'>stusz*</span> <span class='ocrx_word' id='word_1_66' title='bbox 329 1011 486 1062; x_wconf 91' lang='lat' dir='ltr'>Itaque</span> <span class='ocrx_word' id='word_1_67' title='bbox 501 1009 728 1062; x_wconf 86' lang='lat' dir='ltr'>epulemur</span> <span class='ocrx_word' id='word_1_68' title='bbox 741 1009 786 1050; x_wconf 92' lang='lat' dir='ltr'>in</span> <span class='ocrx_word' id='word_1_69' title='bbox 796 1009 1000 1058; x_wconf 88' lang='lat' dir='ltr'>Domino,</span> 
     </span>
     <span class='ocr_line' id='line_1_16' title="bbox 167 1066 1000 1119; baseline -0.002 -11"><span class='ocrx_word' id='word_1_70' title='bbox 167 1066 351 1119; x_wconf 83' lang='lat' dir='ltr'>alleluja.</span> <span class='ocrx_word' id='word_1_71' title='bbox 390 1066 439 1118; x_wconf 65' lang='lat' dir='ltr'>V.</span> <span class='ocrx_word' id='word_1_72' title='bbox 479 1067 682 1108; x_wconf 90' lang='lat' dir='ltr'>Mortuus</span> <span class='ocrx_word' id='word_1_73' title='bbox 716 1070 783 1107; x_wconf 93' lang='lat' dir='ltr'>est</span> <span class='ocrx_word' id='word_1_74' title='bbox 814 1070 1000 1118; x_wconf 87' lang='lat' dir='ltr'>propter</span> 
     </span>
     <span class='ocr_line' id='line_1_17' title="bbox 169 1122 999 1175; baseline 0 -11"><span class='ocrx_word' id='word_1_75' title='bbox 169 1122 330 1165; x_wconf 86' lang='lat' dir='ltr'>delicta</span> <span class='ocrx_word' id='word_1_76' title='bbox 357 1128 529 1173; x_wconf 83' lang='lat' dir='ltr'>nostra,</span> <span class='ocrx_word' id='word_1_77' title='bbox 562 1127 606 1165; x_wconf 89' lang='lat' dir='ltr'>et</span> <span class='ocrx_word' id='word_1_78' title='bbox 634 1122 874 1164; x_wconf 85' lang='lat' dir='ltr'>resurrexit</span> <span class='ocrx_word' id='word_1_79' title='bbox 899 1135 999 1175; x_wconf 93' lang='lat' dir='ltr'>pro-</span> 
     </span>
     <span class='ocr_line' id='line_1_18' title="bbox 166 1179 1000 1231; baseline -0.001 -10"><span class='ocrx_word' id='word_1_80' title='bbox 166 1184 267 1231; x_wconf 88' lang='lat' dir='ltr'>pter</span> <span class='ocrx_word' id='word_1_81' title='bbox 290 1180 646 1231; x_wconf 85' lang='lat' dir='ltr'>justificationem</span> <span class='ocrx_word' id='word_1_82' title='bbox 670 1183 879 1220; x_wconf 88' lang='lat' dir='ltr'>nostram.</span> <span class='ocrx_word' id='word_1_83' title='bbox 914 1179 1000 1220; x_wconf 90' lang='lat' dir='ltr'>Ita-</span> 
     </span>
     <span class='ocr_line' id='line_1_19' title="bbox 167 1236 789 1287; baseline 0 -11"><span class='ocrx_word' id='word_1_84' title='bbox 167 1248 263 1287; x_wconf 85' lang='lat' dir='ltr'>que.</span> <span class='ocrx_word' id='word_1_85' title='bbox 292 1236 445 1279; x_wconf 91' lang='lat' dir='ltr'>Gloria</span> <span class='ocrx_word' id='word_1_86' title='bbox 462 1236 594 1277; x_wconf 90' lang='lat' dir='ltr'>Patri.</span> <span class='ocrx_word' id='word_1_87' title='bbox 621 1236 789 1287; x_wconf 87' lang='lat' dir='ltr'>Itaque.</span> 
     </span>
    </p>

    <p class='ocr_par' dir='ltr' id='par_1_4' title="bbox 216 1292 770 1336">
     <span class='ocr_line' id='line_1_20' title="bbox 216 1292 770 1336; baseline -0.002 -3"><span class='ocrx_word' id='word_1_88' title='bbox 216 1293 377 1336; x_wconf 84' lang='lat' dir='ltr'>Bencd.</span> <span class='ocrx_word' id='word_1_89' title='bbox 406 1292 480 1336; x_wconf 88' lang='lat' dir='ltr'>Ad</span> <span class='ocrx_word' id='word_1_90' title='bbox 499 1293 770 1334; x_wconf 79' lang='lat' dir='ltr'>societatem.</span> 
     </span>
    </p>

    <p class='ocr_par' dir='ltr' id='par_1_5' title="bbox 243 1353 692 1394">
     <span class='ocr_line' id='line_1_21' title="bbox 243 1353 692 1394; baseline -0.007 0"><span class='ocrx_word' id='word_1_91' title='bbox 243 1372 246 1375; x_wconf 90' lang='lat'><strong>·</strong></span> <span class='ocrx_word' id='word_1_92' title='bbox 463 1353 616 1394; x_wconf 80' lang='lat' dir='ltr'>Lectio</span> <span class='ocrx_word' id='word_1_93' title='bbox 638 1353 692 1392; x_wconf 88' lang='lat' dir='ltr'>iii.</span> 
     </span>
    </p>

    <p class='ocr_par' dir='ltr' id='par_1_6' title="bbox 160 1401 998 1507">
     <span class='ocr_line' id='line_1_22' title="bbox 160 1401 998 1507; baseline -0.002 -60"><span class='ocrx_word' id='word_1_94' title='bbox 160 1401 433 1507; x_wconf 88' lang='lat' dir='ltr'>Docentes</span> <span class='ocrx_word' id='word_1_95' title='bbox 484 1418 561 1447; x_wconf 90' lang='lat' dir='ltr'>eos</span> <span class='ocrx_word' id='word_1_96' title='bbox 612 1406 789 1446; x_wconf 65' lang='lat' dir='ltr'>servare</span> <span class='ocrx_word' id='word_1_97' title='bbox 838 1404 998 1455; x_wconf 87' lang='lat' dir='ltr'>omnia,</span> 
     </span>
    </p>

    <p class='ocr_par' dir='ltr' id='par_1_7' title="bbox 164 1461 999 1795">
     <span class='ocr_line' id='line_1_23' title="bbox 279 1461 998 1514; baseline -0.001 -11"><span class='ocrx_word' id='word_1_98' title='bbox 279 1465 570 1514; x_wconf 80' lang='lat' dir='ltr'>quaecumque</span> <span class='ocrx_word' id='word_1_99' title='bbox 610 1461 817 1502; x_wconf 65' lang='lat' dir='ltr'>mandavi</span> <span class='ocrx_word' id='word_1_100' title='bbox 859 1461 998 1502; x_wconf 92' lang='lat' dir='ltr'>vobis.</span> 
     </span>
     <span class='ocr_line' id='line_1_24' title="bbox 166 1517 998 1571; baseline -0.001 -12"><span class='ocrx_word' id='word_1_101' title='bbox 166 1518 288 1559; x_wconf 92' lang='lat' dir='ltr'>Ordo</span> <span class='ocrx_word' id='word_1_102' title='bbox 309 1521 572 1571; x_wconf 88' lang='lat' dir='ltr'>praecipuus.</span> <span class='ocrx_word' id='word_1_103' title='bbox 599 1518 737 1559; x_wconf 88' lang='lat' dir='ltr'>Jussit</span> <span class='ocrx_word' id='word_1_104' title='bbox 755 1517 998 1569; x_wconf 87' lang='lat' dir='ltr'>Apostolis‚</span> 
     </span>
     <span class='ocr_line' id='line_1_25' title="bbox 164 1574 999 1627; baseline 0 -12"><span class='ocrx_word' id='word_1_105' title='bbox 164 1580 212 1616; x_wconf 90' lang='lat' dir='ltr'>ut</span> <span class='ocrx_word' id='word_1_106' title='bbox 225 1575 416 1627; x_wconf 92' lang='lat' dir='ltr'>primum</span> <span class='ocrx_word' id='word_1_107' title='bbox 431 1575 640 1617; x_wconf 90' lang='lat' dir='ltr'>docerent</span> <span class='ocrx_word' id='word_1_108' title='bbox 653 1574 881 1615; x_wconf 83' lang='lat' dir='ltr'>universas</span> <span class='ocrx_word' id='word_1_109' title='bbox 893 1574 999 1615; x_wconf 89' lang='lat' dir='ltr'>Gen·</span> 
     </span>
     <span class='ocr_line' id='line_1_26' title="bbox 164 1630 997 1682; baseline 0 -11"><span class='ocrx_word' id='word_1_110' title='bbox 164 1635 248 1680; x_wconf 85' lang='lat' dir='ltr'>tes,</span> <span class='ocrx_word' id='word_1_111' title='bbox 272 1630 432 1673; x_wconf 90' lang='lat' dir='ltr'>deinde</span> <span class='ocrx_word' id='word_1_112' title='bbox 450 1631 556 1673; x_wconf 85' lang='lat' dir='ltr'>fidei</span> <span class='ocrx_word' id='word_1_113' title='bbox 573 1632 838 1682; x_wconf 87' lang='lat' dir='ltr'>intingerent</span> <span class='ocrx_word' id='word_1_114' title='bbox 856 1642 997 1671; x_wconf 89' lang='lat' dir='ltr'>sacra-</span> 
     </span>
     <span class='ocr_line' id='line_1_27' title="bbox 164 1686 997 1740; baseline 0 -13"><span class='ocrx_word' id='word_1_115' title='bbox 164 1689 330 1728; x_wconf 86' lang='lat' dir='ltr'>mento:</span> <span class='ocrx_word' id='word_1_116' title='bbox 358 1692 402 1729; x_wconf 91' lang='lat' dir='ltr'>et</span> <span class='ocrx_word' id='word_1_117' title='bbox 418 1692 523 1740; x_wconf 92' lang='lat' dir='ltr'>post</span> <span class='ocrx_word' id='word_1_118' title='bbox 541 1686 676 1728; x_wconf 92' lang='lat' dir='ltr'>fidem</span> <span class='ocrx_word' id='word_1_119' title='bbox 694 1699 746 1728; x_wconf 95' lang='lat' dir='ltr'>ac</span> <span class='ocrx_word' id='word_1_120' title='bbox 765 1686 997 1739; x_wconf 85' lang='lat' dir='ltr'>baptisma,</span> 
     </span>
     <span class='ocr_line' id='line_1_28' title="bbox 165 1742 996 1795; baseline -0.001 -11"><span class='ocrx_word' id='word_1_121' title='bbox 165 1755 265 1794; x_wconf 87' lang='lat' dir='ltr'>quae</span> <span class='ocrx_word' id='word_1_122' title='bbox 297 1749 445 1786; x_wconf 84' lang='lat' dir='ltr'>essent</span> <span class='ocrx_word' id='word_1_123' title='bbox 477 1742 754 1785; x_wconf 76' lang='lat' dir='ltr'>observanda</span> <span class='ocrx_word' id='word_1_124' title='bbox 785 1744 996 1795; x_wconf 88' lang='lat' dir='ltr'>praecipe-</span> 
     </span>
    </p>
   </div>
   <div class='ocr_carea' id='block_1_3' title="bbox 164 1794 1161 1908">
    <p class='ocr_par' dir='ltr' id='par_1_8' title="bbox 164 1794 1161 1908">
     <span class='ocr_line' id='line_1_29' title="bbox 164 1794 1161 1859; baseline -0.004 -20"><span class='ocrx_word' id='word_1_125' title='bbox 164 1804 273 1840; x_wconf 87' lang='lat' dir='ltr'>rent.</span> <span class='ocrx_word' id='word_1_126' title='bbox 326 1800 394 1841; x_wconf 91' lang='lat' dir='ltr'>Ac</span> <span class='ocrx_word' id='word_1_127' title='bbox 425 1813 481 1841; x_wconf 92' lang='lat' dir='ltr'>ne</span> <span class='ocrx_word' id='word_1_128' title='bbox 509 1801 715 1852; x_wconf 89' lang='lat' dir='ltr'>putemus</span> <span class='ocrx_word' id='word_1_129' title='bbox 747 1798 861 1840; x_wconf 88' lang='lat' dir='ltr'>levia</span> <span class='ocrx_word' id='word_1_130' title='bbox 888 1811 996 1848; x_wconf 88' lang='lat' dir='ltr'>esse,</span> <span class='ocrx_word' id='word_1_131' title='bbox 1054 1794 1069 1839; x_wconf 63' lang='lat'>³}</span> <span class='ocrx_word' id='word_1_132' title='bbox 1087 1817 1161 1859; x_wconf 42' lang='lat'>20</span> 
     </span>
     <span class='ocr_line' id='line_1_30' title="bbox 167 1854 1157 1908; baseline -0.013 -3"><span class='ocrx_word' id='word_1_133' title='bbox 167 1867 266 1907; x_wconf 86' lang='lat' dir='ltr'>quae</span> <span class='ocrx_word' id='word_1_134' title='bbox 285 1856 403 1907; x_wconf 89' lang='lat' dir='ltr'>jussa</span> <span class='ocrx_word' id='word_1_135' title='bbox 425 1861 541 1906; x_wconf 85' lang='lat' dir='ltr'>sunt,</span> <span class='ocrx_word' id='word_1_136' title='bbox 565 1860 609 1897; x_wconf 90' lang='lat' dir='ltr'>et</span> <span class='ocrx_word' id='word_1_137' title='bbox 629 1868 787 1908; x_wconf 84' lang='lat' dir='ltr'>pauca,</span> <span class='ocrx_word' id='word_1_138' title='bbox 810 1854 997 1896; x_wconf 71' lang='lat' dir='ltr'>addidit:</span> <span class='ocrx_word' id='word_1_139' title='bbox 1066 1856 1157 1880; x_wconf 26' lang='lat'>*2³12*</span> 
     </span>
    </p>
   </div>
   <div class='ocr_carea' id='block_1_4' title="bbox 162 1909 997 2752">
    <p class='ocr_par' dir='ltr' id='par_1_9' title="bbox 163 1909 997 2516">
     <span class='ocr_line' id='line_1_31' title="bbox 166 1909 995 1964; baseline 0.001 -13"><span class='ocrx_word' id='word_1_140' title='bbox 166 1910 325 1952; x_wconf 90' lang='lat' dir='ltr'>Omnia</span> <span class='ocrx_word' id='word_1_141' title='bbox 358 1914 648 1964; x_wconf 78' lang='lat' dir='ltr'>quaecumque</span> <span class='ocrx_word' id='word_1_142' title='bbox 683 1909 890 1952; x_wconf 80' lang='lat' dir='ltr'>mandavi</span> <span class='ocrx_word' id='word_1_143' title='bbox 921 1923 995 1952; x_wconf 90' lang='lat' dir='ltr'>vo-</span> 
     </span>
     <span class='ocr_line' id='line_1_32' title="bbox 165 1966 997 2020; baseline 0 -13"><span class='ocrx_word' id='word_1_144' title='bbox 165 1966 248 2007; x_wconf 88' lang='lat' dir='ltr'>bis:</span> <span class='ocrx_word' id='word_1_145' title='bbox 270 1972 319 2009; x_wconf 90' lang='lat' dir='ltr'>ut</span> <span class='ocrx_word' id='word_1_146' title='bbox 339 1968 607 2020; x_wconf 82' lang='lat' dir='ltr'>quicumque</span> <span class='ocrx_word' id='word_1_147' title='bbox 625 1966 902 2016; x_wconf 82' lang='lat' dir='ltr'>crediderint,</span> <span class='ocrx_word' id='word_1_148' title='bbox 922 1967 997 2018; x_wconf 91' lang='lat' dir='ltr'>qui</span> 
     </span>
     <span class='ocr_line' id='line_1_33' title="bbox 164 2022 996 2075; baseline 0 -12"><span class='ocrx_word' id='word_1_149' title='bbox 164 2022 209 2063; x_wconf 89' lang='lat' dir='ltr'>in</span> <span class='ocrx_word' id='word_1_150' title='bbox 218 2023 435 2065; x_wconf 79' lang='lat' dir='ltr'>Trinitate</span> <span class='ocrx_word' id='word_1_151' title='bbox 445 2024 606 2065; x_wconf 83' lang='lat' dir='ltr'>fuerint</span> <span class='ocrx_word' id='word_1_152' title='bbox 615 2023 839 2075; x_wconf 84' lang='lat' dir='ltr'>baptizati,</span> <span class='ocrx_word' id='word_1_153' title='bbox 851 2023 996 2064; x_wconf 89' lang='lat' dir='ltr'>omnia</span> 
     </span>
     <span class='ocr_line' id='line_1_34' title="bbox 164 2078 996 2133; baseline 0.002 -14"><span class='ocrx_word' id='word_1_154' title='bbox 164 2078 346 2130; x_wconf 78' lang='lat' dir='ltr'>faciant,</span> <span class='ocrx_word' id='word_1_155' title='bbox 380 2093 480 2132; x_wconf 86' lang='lat' dir='ltr'>quae</span> <span class='ocrx_word' id='word_1_156' title='bbox 514 2081 742 2133; x_wconf 86' lang='lat' dir='ltr'>praecepta</span> <span class='ocrx_word' id='word_1_157' title='bbox 773 2083 885 2120; x_wconf 90' lang='lat' dir='ltr'>sunt.</span> <span class='ocrx_word' id='word_1_158' title='bbox 938 2079 996 2121; x_wconf 87' lang='lat' dir='ltr'>Et</span> 
     </span>
     <span class='ocr_line' id='line_1_35' title="bbox 165 2135 995 2187; baseline 0.001 -11"><span class='ocrx_word' id='word_1_159' title='bbox 165 2147 268 2177; x_wconf 90' lang='lat' dir='ltr'>ecce</span> <span class='ocrx_word' id='word_1_160' title='bbox 293 2148 376 2187; x_wconf 89' lang='lat' dir='ltr'>ego</span> <span class='ocrx_word' id='word_1_161' title='bbox 401 2136 630 2177; x_wconf 89' lang='lat' dir='ltr'>vobiscum</span> <span class='ocrx_word' id='word_1_162' title='bbox 653 2148 751 2176; x_wconf 89' lang='lat' dir='ltr'>sum</span> <span class='ocrx_word' id='word_1_163' title='bbox 773 2148 914 2187; x_wconf 89' lang='lat' dir='ltr'>usque</span> <span class='ocrx_word' id='word_1_164' title='bbox 939 2135 995 2177; x_wconf 94' lang='lat' dir='ltr'>ad</span> 
     </span>
     <span class='ocr_line' id='line_1_36' title="bbox 165 2190 995 2241; baseline 0.001 -9"><span class='ocrx_word' id='word_1_165' title='bbox 165 2192 588 2234; x_wconf 68' lang='lat' dir='ltr'>consummationem</span> <span class='ocrx_word' id='word_1_166' title='bbox 615 2190 776 2233; x_wconf 79' lang='lat' dir='ltr'>saeculi.</span> <span class='ocrx_word' id='word_1_167' title='bbox 818 2192 903 2241; x_wconf 90' lang='lat' dir='ltr'>Qui</span> <span class='ocrx_word' id='word_1_168' title='bbox 928 2204 995 2233; x_wconf 89' lang='lat' dir='ltr'>us-</span> 
     </span>
     <span class='ocr_line' id='line_1_37' title="bbox 166 2248 996 2299; baseline -0.001 -9"><span class='ocrx_word' id='word_1_169' title='bbox 166 2260 251 2299; x_wconf 89' lang='lat' dir='ltr'>que</span> <span class='ocrx_word' id='word_1_170' title='bbox 288 2248 345 2290; x_wconf 88' lang='lat' dir='ltr'>ad</span> <span class='ocrx_word' id='word_1_171' title='bbox 386 2248 807 2290; x_wconf 87' lang='lat' dir='ltr'>consummationem</span> <span class='ocrx_word' id='word_1_172' title='bbox 847 2248 996 2289; x_wconf 78' lang='lat' dir='ltr'>saeculi</span> 
     </span>
     <span class='ocr_line' id='line_1_38' title="bbox 164 2304 996 2358; baseline 0.002 -14"><span class='ocrx_word' id='word_1_173' title='bbox 164 2316 265 2345; x_wconf 91' lang='lat' dir='ltr'>cum</span> <span class='ocrx_word' id='word_1_174' title='bbox 280 2304 507 2358; x_wconf 82' lang='lat' dir='ltr'>discipulis</span> <span class='ocrx_word' id='word_1_175' title='bbox 522 2318 569 2347; x_wconf 91' lang='lat' dir='ltr'>se</span> <span class='ocrx_word' id='word_1_176' title='bbox 584 2305 779 2347; x_wconf 84' lang='lat' dir='ltr'>futurum</span> <span class='ocrx_word' id='word_1_177' title='bbox 794 2316 891 2346; x_wconf 88' lang='lat' dir='ltr'>esse</span> <span class='ocrx_word' id='word_1_178' title='bbox 902 2317 996 2357; x_wconf 90' lang='lat' dir='ltr'>pro-</span> 
     </span>
     <span class='ocr_line' id='line_1_39' title="bbox 164 2360 995 2413; baseline 0.004 -14"><span class='ocrx_word' id='word_1_179' title='bbox 164 2360 308 2410; x_wconf 83' lang='lat' dir='ltr'>mittit,</span> <span class='ocrx_word' id='word_1_180' title='bbox 325 2366 368 2403; x_wconf 88' lang='lat' dir='ltr'>et</span> <span class='ocrx_word' id='word_1_181' title='bbox 383 2362 482 2403; x_wconf 90' lang='lat' dir='ltr'>illos</span> <span class='ocrx_word' id='word_1_182' title='bbox 498 2361 693 2403; x_wconf 77' lang='lat' dir='ltr'>ostendit</span> <span class='ocrx_word' id='word_1_183' title='bbox 708 2373 882 2413; x_wconf 89' lang='lat' dir='ltr'>semper</span> <span class='ocrx_word' id='word_1_184' title='bbox 898 2374 995 2402; x_wconf 89' lang='lat' dir='ltr'>esse</span> 
     </span>
     <span class='ocr_line' id='line_1_40' title="bbox 163 2415 994 2470; baseline 0.004 -15"><span class='ocrx_word' id='word_1_185' title='bbox 163 2415 371 2467; x_wconf 83' lang='lat' dir='ltr'>victuros,</span> <span class='ocrx_word' id='word_1_186' title='bbox 391 2422 435 2459; x_wconf 88' lang='lat' dir='ltr'>et</span> <span class='ocrx_word' id='word_1_187' title='bbox 452 2431 499 2459; x_wconf 92' lang='lat' dir='ltr'>se</span> <span class='ocrx_word' id='word_1_188' title='bbox 517 2430 756 2470; x_wconf 86' lang='lat' dir='ltr'>numquam</span> <span class='ocrx_word' id='word_1_189' title='bbox 774 2430 800 2458; x_wconf 93' lang='lat' dir='ltr'>a</span> <span class='ocrx_word' id='word_1_190' title='bbox 817 2417 994 2459; x_wconf 91' lang='lat' dir='ltr'>creden-</span> 
     </span>
     <span class='ocr_line' id='line_1_41' title="bbox 163 2470 587 2516; baseline 0.014 -6"><span class='ocrx_word' id='word_1_191' title='bbox 163 2470 280 2512; x_wconf 91' lang='lat' dir='ltr'>tibus</span> <span class='ocrx_word' id='word_1_192' title='bbox 301 2477 587 2516; x_wconf 80' lang='lat' dir='ltr'>recessurum.</span> 
     </span>
    </p>

    <p class='ocr_par' dir='ltr' id='par_1_10' title="bbox 217 2528 781 2572">
     <span class='ocr_line' id='line_1_42' title="bbox 217 2528 781 2572; baseline 0.004 -4"><span class='ocrx_word' id='word_1_193' title='bbox 217 2530 282 2569; x_wconf 91' lang='lat' dir='ltr'>Te</span> <span class='ocrx_word' id='word_1_194' title='bbox 301 2528 445 2571; x_wconf 89' lang='lat' dir='ltr'>Deum</span> <span class='ocrx_word' id='word_1_195' title='bbox 462 2530 704 2572; x_wconf 70' lang='lat' dir='ltr'>laudemus.</span> <span class='ocrx_word' id='word_1_196' title='bbox 722 2530 781 2571; x_wconf 91' lang='lat'>15.</span> 
     </span>
    </p>

    <p class='ocr_par' dir='ltr' id='par_1_11' title="bbox 162 2585 991 2752">
     <span class='ocr_line' id='line_1_43' title="bbox 215 2585 990 2628; baseline 0 -3"><span class='ocrx_word' id='word_1_197' title='bbox 215 2585 285 2625; x_wconf 90' lang='lat' dir='ltr'>Ad</span> <span class='ocrx_word' id='word_1_198' title='bbox 310 2585 471 2628; x_wconf 85' lang='lat' dir='ltr'>Bcncd.</span> <span class='ocrx_word' id='word_1_199' title='bbox 497 2588 596 2628; x_wconf 85' lang='lat' dir='ltr'>Ant.</span> <span class='ocrx_word' id='word_1_200' title='bbox 625 2586 839 2628; x_wconf 84' lang='lat' dir='ltr'>Undecim</span> <span class='ocrx_word' id='word_1_201' title='bbox 865 2585 990 2627; x_wconf 88' lang='lat' dir='ltr'>disei-</span> 
     </span>
     <span class='ocr_line' id='line_1_44' title="bbox 163 2640 991 2692; baseline 0.002 -12"><span class='ocrx_word' id='word_1_202' title='bbox 163 2640 255 2692; x_wconf 91' lang='lat' dir='ltr'>puli</span> <span class='ocrx_word' id='word_1_203' title='bbox 283 2642 305 2665; x_wconf 85' lang='grc'>*</span> <span class='ocrx_word' id='word_1_204' title='bbox 335 2642 378 2681; x_wconf 93' lang='lat' dir='ltr'>in</span> <span class='ocrx_word' id='word_1_205' title='bbox 406 2643 589 2684; x_wconf 76' lang='lat' dir='ltr'>Galilaea</span> <span class='ocrx_word' id='word_1_206' title='bbox 615 2643 816 2685; x_wconf 83' lang='lat' dir='ltr'>videntes</span> <span class='ocrx_word' id='word_1_207' title='bbox 842 2642 991 2683; x_wconf 91' lang='lat' dir='ltr'>Domi-</span> 
     </span>
     <span class='ocr_line' id='line_1_45' title="bbox 162 2697 794 2752; baseline 0.008 -15"><span class='ocrx_word' id='word_1_208' title='bbox 162 2710 267 2738; x_wconf 92' lang='lat' dir='ltr'>num</span> <span class='ocrx_word' id='word_1_209' title='bbox 286 2697 590 2750; x_wconf 89' lang='lat' dir='ltr'>adoraverunt,</span> <span class='ocrx_word' id='word_1_210' title='bbox 611 2700 794 2752; x_wconf 80' lang='lat' dir='ltr'>alleluja.</span> 
     </span>
    </p>
   </div>
   <div class='ocr_carea' id='block_1_5' title="bbox 837 188 1221 223">
    <p class='ocr_par' dir='ltr' id='par_1_12' title="bbox 837 188 1221 223">
     <span class='ocr_line' id='line_1_46' title="bbox 837 188 1221 223; baseline 0.005 -2"><span class='ocrx_word' id='word_1_211' title='bbox 837 188 1008 222; x_wconf 71' lang='lat' dir='ltr'>Sabbato</span> <span class='ocrx_word' id='word_1_212' title='bbox 1035 189 1071 222; x_wconf 85' lang='lat' dir='ltr'>in</span> <span class='ocrx_word' id='word_1_213' title='bbox 1098 189 1221 223; x_wconf 78' lang='lat' dir='ltr'>Albis.</span> 
     </span>
    </p>
   </div>
   <div class='ocr_carea' id='block_1_6' title="bbox 1055 286 1889 836">
    <p class='ocr_par' dir='ltr' id='par_1_13' title="bbox 1055 286 1889 836">
     <span class='ocr_line' id='line_1_47' title="bbox 1389 286 1552 327; baseline 0 -2"><span class='ocrx_word' id='word_1_214' title='bbox 1389 286 1552 327; x_wconf 85' lang='lat' dir='ltr'>Oratio.</span> 
     </span>
     <span class='ocr_line' id='line_1_48' title="bbox 1058 335 1889 442; baseline 0.008 -69"><span class='ocrx_word' id='word_1_215' title='bbox 1058 335 1388 442; x_wconf 85' lang='lat' dir='ltr'>Omnipotens</span> <span class='ocrx_word' id='word_1_216' title='bbox 1399 335 1664 388; x_wconf 78' lang='lat' dir='ltr'>sempiterne</span> <span class='ocrx_word' id='word_1_217' title='bbox 1671 337 1805 387; x_wconf 88' lang='lat' dir='ltr'>Deus,</span> <span class='ocrx_word' id='word_1_218' title='bbox 1813 338 1889 390; x_wconf 89' lang='lat' dir='ltr'>qui</span> 
     </span>
     <span class='ocr_line' id='line_1_49' title="bbox 1159 390 1887 442; baseline 0.005 -11"><span class='ocrx_word' id='word_1_219' title='bbox 1159 390 1367 442; x_wconf 79' lang='lat' dir='ltr'>paschale</span> <span class='ocrx_word' id='word_1_220' title='bbox 1399 393 1722 434; x_wconf 90' lang='lat' dir='ltr'>sacramentum</span> <span class='ocrx_word' id='word_1_221' title='bbox 1751 393 1796 434; x_wconf 89' lang='lat' dir='ltr'>in</span> <span class='ocrx_word' id='word_1_222' title='bbox 1823 406 1887 435; x_wconf 89' lang='lat' dir='ltr'>re-</span> 
     </span>
     <span class='ocr_line' id='line_1_50' title="bbox 1056 446 1889 491; baseline 0.006 -4"><span class='ocrx_word' id='word_1_223' title='bbox 1056 446 1377 489; x_wconf 86' lang='lat' dir='ltr'>conciliationis</span> <span class='ocrx_word' id='word_1_224' title='bbox 1391 447 1595 489; x_wconf 79' lang='lat' dir='ltr'>humanae</span> <span class='ocrx_word' id='word_1_225' title='bbox 1607 448 1778 491; x_wconf 86' lang='lat' dir='ltr'>fo&#39;edere</span> <span class='ocrx_word' id='word_1_226' title='bbox 1793 462 1889 491; x_wconf 91' lang='lat' dir='ltr'>con-</span> 
     </span>
     <span class='ocr_line' id='line_1_51' title="bbox 1055 502 1888 558; baseline 0.006 -15"><span class='ocrx_word' id='word_1_227' title='bbox 1055 502 1207 544; x_wconf 88' lang='lat' dir='ltr'>tulisti:</span> <span class='ocrx_word' id='word_1_228' title='bbox 1220 502 1277 545; x_wconf 91' lang='lat' dir='ltr'>da</span> <span class='ocrx_word' id='word_1_229' title='bbox 1286 503 1506 545; x_wconf 90' lang='lat' dir='ltr'>mentibus</span> <span class='ocrx_word' id='word_1_230' title='bbox 1515 505 1694 556; x_wconf 89' lang='lat' dir='ltr'>nostris;</span> <span class='ocrx_word' id='word_1_231' title='bbox 1707 511 1756 547; x_wconf 89' lang='lat' dir='ltr'>ut</span> <span class='ocrx_word' id='word_1_232' title='bbox 1767 506 1888 558; x_wconf 93' lang='lat' dir='ltr'>quod</span> 
     </span>
     <span class='ocr_line' id='line_1_52' title="bbox 1055 558 1888 612; baseline 0.006 -13"><span class='ocrx_word' id='word_1_233' title='bbox 1055 558 1331 610; x_wconf 81' lang='lat' dir='ltr'>professione</span> <span class='ocrx_word' id='word_1_234' title='bbox 1355 559 1646 612; x_wconf 76' lang='lat' dir='ltr'>celebramus,</span> <span class='ocrx_word' id='word_1_235' title='bbox 1669 562 1888 604; x_wconf 87' lang='lat' dir='ltr'>imitemur</span> 
     </span>
     <span class='ocr_line' id='line_1_53' title="bbox 1057 614 1606 658; baseline 0.005 -3"><span class='ocrx_word' id='word_1_236' title='bbox 1057 614 1225 657; x_wconf 87' lang='lat' dir='ltr'>effectu.</span> <span class='ocrx_word' id='word_1_237' title='bbox 1252 616 1337 657; x_wconf 86' lang='lat' dir='ltr'>Per</span> <span class='ocrx_word' id='word_1_238' title='bbox 1355 616 1606 658; x_wconf 92' lang='lat' dir='ltr'>Dominum.</span> 
     </span>
     <span class='ocr_line' id='line_1_54' title="bbox 1109 674 1886 727; baseline 0 -10"><span class='ocrx_word' id='word_1_239' title='bbox 1109 676 1180 721; x_wconf 85' lang='lat' dir='ltr'>Ad</span> <span class='ocrx_word' id='word_1_240' title='bbox 1199 677 1372 727; x_wconf 83' lang='lat' dir='ltr'>Magnis.</span> <span class='ocrx_word' id='word_1_241' title='bbox 1394 678 1494 719; x_wconf 83' lang='lat' dir='ltr'>Ant.</span> <span class='ocrx_word' id='word_1_242' title='bbox 1516 678 1635 718; x_wconf 88' lang='lat' dir='ltr'>Data</span> <span class='ocrx_word' id='word_1_243' title='bbox 1653 678 1721 716; x_wconf 88' lang='lat' dir='ltr'>est</span> <span class='ocrx_word' id='word_1_244' title='bbox 1737 674 1845 717; x_wconf 90' lang='lat' dir='ltr'>mihi</span> <span class='ocrx_word' id='word_1_245' title='bbox 1861 676 1886 702; x_wconf 88' lang='grc'>*</span> 
     </span>
     <span class='ocr_line' id='line_1_55' title="bbox 1057 727 1887 782; baseline 0.006 -14"><span class='ocrx_word' id='word_1_246' title='bbox 1057 727 1199 768; x_wconf 90' lang='lat' dir='ltr'>omnis</span> <span class='ocrx_word' id='word_1_247' title='bbox 1216 730 1418 781; x_wconf 87' lang='lat' dir='ltr'>potestas</span> <span class='ocrx_word' id='word_1_248' title='bbox 1436 729 1481 770; x_wconf 91' lang='lat' dir='ltr'>in</span> <span class='ocrx_word' id='word_1_249' title='bbox 1500 729 1615 772; x_wconf 90' lang='lat' dir='ltr'>coelo</span> <span class='ocrx_word' id='word_1_250' title='bbox 1632 734 1677 772; x_wconf 89' lang='lat' dir='ltr'>et</span> <span class='ocrx_word' id='word_1_251' title='bbox 1693 731 1739 772; x_wconf 91' lang='lat' dir='ltr'>in</span> <span class='ocrx_word' id='word_1_252' title='bbox 1757 735 1887 782; x_wconf 85' lang='lat' dir='ltr'>terra,</span> 
     </span>
     <span class='ocr_line' id='line_1_56' title="bbox 1055 783 1238 836; baseline 0.005 -12"><span class='ocrx_word' id='word_1_253' title='bbox 1055 783 1238 836; x_wconf 78' lang='lat' dir='ltr'>alleluia.</span> 
     </span>
    </p>
   </div>
   <div class='ocr_carea' id='block_1_7' title="bbox 1051 879 1886 1214">
    <p class='ocr_par' dir='ltr' id='par_1_14' title="bbox 1051 879 1886 1214">
     <span class='ocr_line' id='line_1_57' title="bbox 1210 879 1730 919; baseline 0.004 -3"><span class='ocrx_word' id='word_1_254' title='bbox 1210 879 1454 917; x_wconf 83' lang='lat' dir='ltr'>Sabbato</span> <span class='ocrx_word' id='word_1_255' title='bbox 1483 881 1536 917; x_wconf 89' lang='lat' dir='ltr'>in</span> <span class='ocrx_word' id='word_1_256' title='bbox 1561 880 1730 919; x_wconf 85' lang='lat' dir='ltr'>Albis.</span> 
     </span>
     <span class='ocr_line' id='line_1_58' title="bbox 1104 936 1886 991; baseline 0.003 -13"><span class='ocrx_word' id='word_1_257' title='bbox 1104 936 1155 989; x_wconf 64' lang='lat' dir='ltr'>V,</span> <span class='ocrx_word' id='word_1_258' title='bbox 1177 936 1329 979; x_wconf 85' lang='lat' dir='ltr'>Gavisi</span> <span class='ocrx_word' id='word_1_259' title='bbox 1348 942 1450 979; x_wconf 91' lang='lat' dir='ltr'>sunt</span> <span class='ocrx_word' id='word_1_260' title='bbox 1467 936 1682 991; x_wconf 87' lang='lat' dir='ltr'>discipuli,</span> <span class='ocrx_word' id='word_1_261' title='bbox 1703 938 1886 991; x_wconf 82' lang='lat' dir='ltr'>alleluja.</span> 
     </span>
     <span class='ocr_line' id='line_1_59' title="bbox 1051 992 1665 1050; baseline 0.005 -17"><span class='ocrx_word' id='word_1_262' title='bbox 1051 999 1103 1050; x_wconf 58' lang='lat' dir='ltr'>R„</span> <span class='ocrx_word' id='word_1_263' title='bbox 1127 992 1238 1034; x_wconf 91' lang='lat' dir='ltr'>Viso</span> <span class='ocrx_word' id='word_1_264' title='bbox 1257 993 1462 1043; x_wconf 87' lang='lat' dir='ltr'>Domino,</span> <span class='ocrx_word' id='word_1_265' title='bbox 1481 993 1665 1046; x_wconf 86' lang='lat' dir='ltr'>alleluja.</span> 
     </span>
     <span class='ocr_line' id='line_1_60' title="bbox 1110 1051 1418 1092; baseline 0 -1"><span class='ocrx_word' id='word_1_266' title='bbox 1110 1051 1237 1091; x_wconf 86' lang='lat' dir='ltr'>Pater</span> <span class='ocrx_word' id='word_1_267' title='bbox 1255 1054 1418 1092; x_wconf 89' lang='lat' dir='ltr'>noster.</span> 
     </span>
     <span class='ocr_line' id='line_1_61' title="bbox 1104 1106 1542 1151; baseline -0.005 -2"><span class='ocrx_word' id='word_1_268' title='bbox 1104 1110 1256 1151; x_wconf 83' lang='lat' dir='ltr'>Absol.</span> <span class='ocrx_word' id='word_1_269' title='bbox 1285 1111 1325 1150; x_wconf 82' lang='lat' dir='ltr'><strong>A</strong></span> <span class='ocrx_word' id='word_1_270' title='bbox 1347 1106 1542 1148; x_wconf 89' lang='lat' dir='ltr'>vinculis.</span> 
     </span>
     <span class='ocr_line' id='line_1_62' title="bbox 1105 1162 1726 1214; baseline 0 -9"><span class='ocrx_word' id='word_1_271' title='bbox 1105 1166 1267 1207; x_wconf 85' lang='lat' dir='ltr'>Bened.</span> <span class='ocrx_word' id='word_1_272' title='bbox 1296 1162 1565 1214; x_wconf 85' lang='lat' dir='ltr'>Evangelica</span> <span class='ocrx_word' id='word_1_273' title='bbox 1581 1162 1726 1205; x_wconf 85' lang='lat' dir='ltr'>lectio.</span> 
     </span>
    </p>
   </div>
   <div class='ocr_carea' id='block_1_8' title="bbox 1050 1227 1886 1620">
    <p class='ocr_par' dir='ltr' id='par_1_15' title="bbox 1050 1227 1886 1620">
     <span class='ocr_line' id='line_1_63' title="bbox 1051 1227 1886 1279; baseline 0.001 -9"><span class='ocrx_word' id='word_1_274' title='bbox 1051 1227 1207 1270; x_wconf 79' lang='lat' dir='ltr'>Lectio</span> <span class='ocrx_word' id='word_1_275' title='bbox 1231 1227 1372 1269; x_wconf 89' lang='lat' dir='ltr'>sancti</span> <span class='ocrx_word' id='word_1_276' title='bbox 1391 1227 1620 1279; x_wconf 81' lang='lat' dir='ltr'>Evangelii</span> <span class='ocrx_word' id='word_1_277' title='bbox 1643 1228 1886 1271; x_wconf 83' lang='lat' dir='ltr'>secundum</span> 
     </span>
     <span class='ocr_line' id='line_1_64' title="bbox 1354 1283 1580 1326; baseline 0.009 -2"><span class='ocrx_word' id='word_1_278' title='bbox 1354 1283 1379 1324; x_wconf 90' lang='lat' dir='ltr'>J</span> <span class='ocrx_word' id='word_1_279' title='bbox 1381 1285 1580 1326; x_wconf 77' lang='lat' dir='ltr'>oannem.</span> 
     </span>
     <span class='ocr_line' id='line_1_65' title="bbox 1154 1342 1777 1394; baseline -0.005 -9"><span class='ocrx_word' id='word_1_280' title='bbox 1154 1344 1307 1385; x_wconf 89' lang='lat' dir='ltr'>Lectio</span> <span class='ocrx_word' id='word_1_281' title='bbox 1333 1344 1357 1383; x_wconf 89' lang='lat' dir='ltr'>i.</span> <span class='ocrx_word' id='word_1_282' title='bbox 1585 1342 1687 1394; x_wconf 88' lang='lat' dir='ltr'>Cap.</span> <span class='ocrx_word' id='word_1_283' title='bbox 1706 1342 1777 1383; x_wconf 87' lang='lat'>20.</span> 
     </span>
     <span class='ocr_line' id='line_1_66' title="bbox 1050 1391 1883 1498; baseline 0.004 -61"><span class='ocrx_word' id='word_1_284' title='bbox 1050 1391 1127 1498; x_wconf 89' lang='lat' dir='ltr'>In</span> <span class='ocrx_word' id='word_1_285' title='bbox 1146 1396 1222 1438; x_wconf 90' lang='lat' dir='ltr'>illo</span> <span class='ocrx_word' id='word_1_286' title='bbox 1239 1398 1458 1449; x_wconf 90' lang='lat' dir='ltr'>tempore:</span> <span class='ocrx_word' id='word_1_287' title='bbox 1485 1397 1584 1439; x_wconf 88' lang='lat' dir='ltr'>Una</span> <span class='ocrx_word' id='word_1_288' title='bbox 1602 1397 1777 1441; x_wconf 68' lang='lat' dir='ltr'>sabbati</span> <span class='ocrx_word' id='word_1_289' title='bbox 1794 1398 1883 1440; x_wconf 90' lang='lat' dir='ltr'>Ma-</span> 
     </span>
     <span class='ocr_line' id='line_1_67' title="bbox 1116 1452 1885 1506; baseline 0.005 -12"><span class='ocrx_word' id='word_1_290' title='bbox 1116 1455 1181 1494; x_wconf 92' lang='lat' dir='ltr'>ria</span> <span class='ocrx_word' id='word_1_291' title='bbox 1198 1452 1460 1504; x_wconf 88' lang='lat' dir='ltr'>Magdalene</span> <span class='ocrx_word' id='word_1_292' title='bbox 1479 1454 1599 1497; x_wconf 89' lang='lat' dir='ltr'>venit</span> <span class='ocrx_word' id='word_1_293' title='bbox 1616 1467 1761 1506; x_wconf 88' lang='lat' dir='ltr'>mane,</span> <span class='ocrx_word' id='word_1_294' title='bbox 1784 1468 1885 1498; x_wconf 92' lang='lat' dir='ltr'>cum</span> 
     </span>
     <span class='ocr_line' id='line_1_68' title="bbox 1051 1508 1883 1562; baseline 0.005 -12"><span class='ocrx_word' id='word_1_295' title='bbox 1051 1508 1196 1551; x_wconf 90' lang='lat' dir='ltr'>adhuc</span> <span class='ocrx_word' id='word_1_296' title='bbox 1228 1509 1422 1551; x_wconf 87' lang='lat' dir='ltr'>tenebrae</span> <span class='ocrx_word' id='word_1_297' title='bbox 1451 1515 1617 1562; x_wconf 87' lang='lat' dir='ltr'>essent,</span> <span class='ocrx_word' id='word_1_298' title='bbox 1649 1510 1707 1554; x_wconf 87' lang='lat' dir='ltr'>ad</span> <span class='ocrx_word' id='word_1_299' title='bbox 1732 1524 1883 1554; x_wconf 91' lang='lat' dir='ltr'>monu-</span> 
     </span>
     <span class='ocr_line' id='line_1_69' title="bbox 1051 1567 1540 1620; baseline 0.006 -14"><span class='ocrx_word' id='word_1_300' title='bbox 1051 1567 1257 1608; x_wconf 83' lang='lat' dir='ltr'>mentum.</span> <span class='ocrx_word' id='word_1_301' title='bbox 1285 1567 1342 1608; x_wconf 85' lang='lat' dir='ltr'>Et</span> <span class='ocrx_word' id='word_1_302' title='bbox 1359 1567 1540 1620; x_wconf 87' lang='lat' dir='ltr'>reliqua.</span> 
     </span>
    </p>
   </div>
   <div class='ocr_carea' id='block_1_9' title="bbox 1047 1630 1883 2754">
    <p class='ocr_par' dir='ltr' id='par_1_16' title="bbox 1093 1630 1841 1735">
     <span class='ocr_line' id='line_1_70' title="bbox 1093 1630 1841 1686; baseline 0.003 -13"><span class='ocrx_word' id='word_1_303' title='bbox 1093 1630 1287 1673; x_wconf 87' lang='lat' dir='ltr'>Homilia</span> <span class='ocrx_word' id='word_1_304' title='bbox 1309 1631 1450 1673; x_wconf 88' lang='lat' dir='ltr'>sancti</span> <span class='ocrx_word' id='word_1_305' title='bbox 1471 1631 1676 1683; x_wconf 88' lang='lat' dir='ltr'>Gregorii</span> <span class='ocrx_word' id='word_1_306' title='bbox 1693 1633 1841 1686; x_wconf 87' lang='lat' dir='ltr'>Papae.</span> 
     </span>
     <span class='ocr_line' id='line_1_71' title="bbox 1184 1692 1743 1735; baseline -0.002 -8"><span class='ocrx_word' id='word_1_307' title='bbox 1184 1693 1356 1727; x_wconf 73' lang='lat' dir='ltr'>Homilia</span> <span class='ocrx_word' id='word_1_308' title='bbox 1379 1692 1431 1726; x_wconf 85' lang='lat'>22.</span> <span class='ocrx_word' id='word_1_309' title='bbox 1457 1693 1495 1726; x_wconf 89' lang='lat' dir='ltr'>in</span> <span class='ocrx_word' id='word_1_310' title='bbox 1520 1692 1743 1735; x_wconf 82' lang='lat' dir='ltr'>Evangelia.</span> 
     </span>
    </p>

    <p class='ocr_par' dir='ltr' id='par_1_17' title="bbox 1056 1743 1883 1809">
     <span class='ocr_line' id='line_1_72' title="bbox 1056 1743 1883 1809; baseline 0.005 -26"><span class='ocrx_word' id='word_1_311' title='bbox 1056 1746 1158 1809; x_wconf 39' lang='lat' dir='ltr'>‘T&#39;</span> <span class='ocrx_word' id='word_1_312' title='bbox 1161 1743 1282 1785; x_wconf 87' lang='lat' dir='ltr'>ectio</span> <span class='ocrx_word' id='word_1_313' title='bbox 1311 1743 1452 1785; x_wconf 88' lang='lat' dir='ltr'>sancti</span> <span class='ocrx_word' id='word_1_314' title='bbox 1478 1744 1722 1795; x_wconf 87' lang='lat' dir='ltr'>Evangelii,</span> <span class='ocrx_word' id='word_1_315' title='bbox 1751 1757 1883 1798; x_wconf 90' lang='lat' dir='ltr'>quam</span> 
     </span>
    </p>

    <p class='ocr_par' dir='ltr' id='par_1_18' title="bbox 1047 1799 1883 2754">
     <span class='ocr_line' id='line_1_73' title="bbox 1184 1799 1883 1853; baseline 0.006 -13"><span class='ocrx_word' id='word_1_316' title='bbox 1184 1799 1320 1841; x_wconf 94' lang='lat' dir='ltr'>modo</span> <span class='ocrx_word' id='word_1_317' title='bbox 1344 1799 1502 1842; x_wconf 87' lang='lat' dir='ltr'>fratres</span> <span class='ocrx_word' id='word_1_318' title='bbox 1527 1800 1726 1853; x_wconf 79' lang='lat' dir='ltr'>audistiS,</span> <span class='ocrx_word' id='word_1_319' title='bbox 1752 1802 1883 1844; x_wconf 87' lang='lat' dir='ltr'>valde</span> 
     </span>
     <span class='ocr_line' id='line_1_74' title="bbox 1184 1855 1883 1908; baseline 0.006 -12"><span class='ocrx_word' id='word_1_320' title='bbox 1184 1855 1228 1896; x_wconf 91' lang='lat' dir='ltr'>in</span> <span class='ocrx_word' id='word_1_321' title='bbox 1255 1856 1488 1908; x_wconf 88' lang='lat' dir='ltr'>superficie</span> <span class='ocrx_word' id='word_1_322' title='bbox 1512 1856 1725 1899; x_wconf 89' lang='lat' dir='ltr'>historica</span> <span class='ocrx_word' id='word_1_323' title='bbox 1750 1863 1818 1900; x_wconf 90' lang='lat' dir='ltr'>est</span> <span class='ocrx_word' id='word_1_324' title='bbox 1841 1871 1883 1900; x_wconf 83' lang='lat' dir='ltr'>a·</span> 
     </span>
     <span class='ocr_line' id='line_1_75' title="bbox 1049 1911 1883 1966; baseline 0.005 -14"><span class='ocrx_word' id='word_1_325' title='bbox 1049 1913 1190 1963; x_wconf 88' lang='lat' dir='ltr'>perta:</span> <span class='ocrx_word' id='word_1_326' title='bbox 1209 1911 1289 1953; x_wconf 87' lang='lat' dir='ltr'>sed</span> <span class='ocrx_word' id='word_1_327' title='bbox 1306 1913 1398 1964; x_wconf 90' lang='lat' dir='ltr'>ejus</span> <span class='ocrx_word' id='word_1_328' title='bbox 1412 1912 1541 1955; x_wconf 89' lang='lat' dir='ltr'>nobis</span> <span class='ocrx_word' id='word_1_329' title='bbox 1558 1918 1660 1955; x_wconf 89' lang='lat' dir='ltr'>sunt</span> <span class='ocrx_word' id='word_1_330' title='bbox 1673 1915 1883 1966; x_wconf 88' lang='lat' dir='ltr'>mysteria</span> 
     </span>
     <span class='ocr_line' id='line_1_76' title="bbox 1050 1968 1883 2022; baseline 0.005 -13"><span class='ocrx_word' id='word_1_331' title='bbox 1050 1968 1131 2009; x_wconf 91' lang='lat' dir='ltr'>sub</span> <span class='ocrx_word' id='word_1_332' title='bbox 1164 1968 1380 2011; x_wconf 80' lang='lat' dir='ltr'>brevitate</span> <span class='ocrx_word' id='word_1_333' title='bbox 1415 1970 1690 2022; x_wconf 88' lang='lat' dir='ltr'>requirenda.</span> <span class='ocrx_word' id='word_1_334' title='bbox 1743 1970 1883 2013; x_wconf 85' lang='lat' dir='ltr'>Maria</span> 
     </span>
     <span class='ocr_line' id='line_1_77' title="bbox 1049 2024 1881 2076; baseline 0.005 -11"><span class='ocrx_word' id='word_1_335' title='bbox 1049 2024 1329 2076; x_wconf 89' lang='lat' dir='ltr'>Magdalene,</span> <span class='ocrx_word' id='word_1_336' title='bbox 1368 2038 1469 2067; x_wconf 89' lang='lat' dir='ltr'>cum</span> <span class='ocrx_word' id='word_1_337' title='bbox 1504 2026 1650 2068; x_wconf 91' lang='lat' dir='ltr'>adhuc</span> <span class='ocrx_word' id='word_1_338' title='bbox 1685 2026 1881 2069; x_wconf 87' lang='lat' dir='ltr'>tenebrae</span> 
     </span>
     <span class='ocr_line' id='line_1_78' title="bbox 1051 2082 1881 2131; baseline 0.004 -9"><span class='ocrx_word' id='word_1_339' title='bbox 1051 2086 1199 2123; x_wconf 86' lang='lat' dir='ltr'>essent</span> <span class='ocrx_word' id='word_1_340' title='bbox 1214 2113 1223 2131; x_wconf 90' lang='lat'>‚</span> <span class='ocrx_word' id='word_1_341' title='bbox 1269 2082 1390 2123; x_wconf 86' lang='lat' dir='ltr'>venit</span> <span class='ocrx_word' id='word_1_342' title='bbox 1435 2082 1493 2124; x_wconf 89' lang='lat' dir='ltr'>ad</span> <span class='ocrx_word' id='word_1_343' title='bbox 1538 2084 1881 2125; x_wconf 89' lang='lat' dir='ltr'>monumentum.</span> 
     </span>
     <span class='ocr_line' id='line_1_79' title="bbox 1049 2137 1881 2192; baseline 0.006 -15"><span class='ocrx_word' id='word_1_344' title='bbox 1049 2137 1181 2178; x_wconf 80' lang='lat' dir='ltr'>Juxta</span> <span class='ocrx_word' id='word_1_345' title='bbox 1199 2137 1430 2179; x_wconf 87' lang='lat' dir='ltr'>historiam</span> <span class='ocrx_word' id='word_1_346' title='bbox 1446 2141 1627 2181; x_wconf 75' lang='lat' dir='ltr'>notatur</span> <span class='ocrx_word' id='word_1_347' title='bbox 1644 2140 1770 2181; x_wconf 89' lang='lat' dir='ltr'>hora:</span> <span class='ocrx_word' id='word_1_348' title='bbox 1791 2140 1881 2192; x_wconf 83' lang='lat' dir='ltr'>jux-</span> 
     </span>
     <span class='ocr_line' id='line_1_80' title="bbox 1048 2193 1881 2248; baseline 0.005 -14"><span class='ocrx_word' id='word_1_349' title='bbox 1048 2197 1094 2234; x_wconf 91' lang='lat' dir='ltr'>ta</span> <span class='ocrx_word' id='word_1_350' title='bbox 1116 2193 1388 2235; x_wconf 89' lang='lat' dir='ltr'>intellectum</span> <span class='ocrx_word' id='word_1_351' title='bbox 1410 2207 1516 2236; x_wconf 87' lang='lat' dir='ltr'>vero</span> <span class='ocrx_word' id='word_1_352' title='bbox 1540 2196 1791 2248; x_wconf 75' lang='lat' dir='ltr'>mysticum,</span> <span class='ocrx_word' id='word_1_353' title='bbox 1816 2209 1881 2238; x_wconf 92' lang='lat' dir='ltr'>re-</span> 
     </span>
     <span class='ocr_line' id='line_1_81' title="bbox 1050 2250 1881 2303; baseline 0.004 -13"><span class='ocrx_word' id='word_1_354' title='bbox 1050 2250 1260 2302; x_wconf 84' lang='lat' dir='ltr'>quirentis</span> <span class='ocrx_word' id='word_1_355' title='bbox 1273 2250 1472 2300; x_wconf 70' lang='lat' dir='ltr'>signatur</span> <span class='ocrx_word' id='word_1_356' title='bbox 1480 2251 1778 2303; x_wconf 87' lang='lat' dir='ltr'>intelligentia.</span> <span class='ocrx_word' id='word_1_357' title='bbox 1792 2251 1881 2293; x_wconf 90' lang='lat' dir='ltr'>Ma-</span> 
     </span>
     <span class='ocr_line' id='line_1_82' title="bbox 1049 2306 1881 2361; baseline 0.005 -15"><span class='ocrx_word' id='word_1_358' title='bbox 1049 2308 1113 2347; x_wconf 89' lang='lat' dir='ltr'>ria</span> <span class='ocrx_word' id='word_1_359' title='bbox 1125 2306 1285 2347; x_wconf 91' lang='lat' dir='ltr'>etenim</span> <span class='ocrx_word' id='word_1_360' title='bbox 1296 2309 1523 2349; x_wconf 81' lang='lat' dir='ltr'>auctorem</span> <span class='ocrx_word' id='word_1_361' title='bbox 1534 2308 1739 2359; x_wconf 82' lang='lat' dir='ltr'>omnium,</span> <span class='ocrx_word' id='word_1_362' title='bbox 1751 2310 1881 2361; x_wconf 77' lang='lat' dir='ltr'>quem</span> 
     </span>
     <span class='ocr_line' id='line_1_83' title="bbox 1048 2362 1880 2416; baseline 0.005 -14"><span class='ocrx_word' id='word_1_363' title='bbox 1048 2362 1092 2403; x_wconf 92' lang='lat' dir='ltr'>in</span> <span class='ocrx_word' id='word_1_364' title='bbox 1112 2374 1243 2404; x_wconf 89' lang='lat' dir='ltr'>carne</span> <span class='ocrx_word' id='word_1_365' title='bbox 1261 2362 1433 2405; x_wconf 88' lang='lat' dir='ltr'>viderat</span> <span class='ocrx_word' id='word_1_366' title='bbox 1451 2366 1690 2414; x_wconf 87' lang='lat' dir='ltr'>mortuum,</span> <span class='ocrx_word' id='word_1_367' title='bbox 1715 2366 1880 2416; x_wconf 82' lang='lat' dir='ltr'>quaere-</span> 
     </span>
     <span class='ocr_line' id='line_1_84' title="bbox 1048 2418 1881 2472; baseline 0.004 -13"><span class='ocrx_word' id='word_1_368' title='bbox 1048 2418 1126 2460; x_wconf 89' lang='lat' dir='ltr'>bat</span> <span class='ocrx_word' id='word_1_369' title='bbox 1153 2418 1197 2459; x_wconf 91' lang='lat' dir='ltr'>in</span> <span class='ocrx_word' id='word_1_370' title='bbox 1225 2421 1531 2461; x_wconf 87' lang='lat' dir='ltr'>monumento:</span> <span class='ocrx_word' id='word_1_371' title='bbox 1563 2425 1608 2462; x_wconf 92' lang='lat' dir='ltr'>et</span> <span class='ocrx_word' id='word_1_372' title='bbox 1635 2420 1739 2472; x_wconf 89' lang='lat' dir='ltr'>quia</span> <span class='ocrx_word' id='word_1_373' title='bbox 1764 2420 1881 2462; x_wconf 91' lang='lat' dir='ltr'>hunc</span> 
     </span>
     <span class='ocr_line' id='line_1_85' title="bbox 1048 2474 1880 2526; baseline 0.005 -12"><span class='ocrx_word' id='word_1_374' title='bbox 1048 2474 1225 2515; x_wconf 91' lang='lat' dir='ltr'>minime</span> <span class='ocrx_word' id='word_1_375' title='bbox 1250 2474 1435 2526; x_wconf 88' lang='lat' dir='ltr'>invenit,</span> <span class='ocrx_word' id='word_1_376' title='bbox 1463 2476 1656 2517; x_wconf 69' lang='lat' dir='ltr'>furetum</span> <span class='ocrx_word' id='word_1_377' title='bbox 1683 2476 1880 2518; x_wconf 85' lang='lat' dir='ltr'>credidit.</span> 
     </span>
     <span class='ocr_line' id='line_1_86' title="bbox 1048 2530 1880 2582; baseline 0.004 -11"><span class='ocrx_word' id='word_1_378' title='bbox 1048 2530 1208 2572; x_wconf 90' lang='lat' dir='ltr'>Adhuc</span> <span class='ocrx_word' id='word_1_379' title='bbox 1239 2543 1345 2582; x_wconf 89' lang='lat' dir='ltr'>ergo</span> <span class='ocrx_word' id='word_1_380' title='bbox 1379 2536 1504 2573; x_wconf 87' lang='lat' dir='ltr'>erant</span> <span class='ocrx_word' id='word_1_381' title='bbox 1533 2532 1747 2582; x_wconf 88' lang='lat' dir='ltr'>tenebrae,</span> <span class='ocrx_word' id='word_1_382' title='bbox 1780 2545 1880 2574; x_wconf 90' lang='lat' dir='ltr'>cum</span> 
     </span>
     <span class='ocr_line' id='line_1_87' title="bbox 1048 2586 1879 2631; baseline 0.002 -3"><span class='ocrx_word' id='word_1_383' title='bbox 1048 2588 1168 2629; x_wconf 81' lang='lat' dir='ltr'>venit</span> <span class='ocrx_word' id='word_1_384' title='bbox 1197 2586 1255 2629; x_wconf 88' lang='lat' dir='ltr'>ad</span> <span class='ocrx_word' id='word_1_385' title='bbox 1281 2590 1623 2630; x_wconf 86' lang='lat' dir='ltr'>monumentum.</span> <span class='ocrx_word' id='word_1_386' title='bbox 1675 2588 1879 2631; x_wconf 85' lang='lat' dir='ltr'>Cucurrit</span> 
     </span>
     <span class='ocr_line' id='line_1_88' title="bbox 1048 2642 1879 2696; baseline 0.002 -12"><span class='ocrx_word' id='word_1_387' title='bbox 1048 2644 1190 2694; x_wconf 89' lang='lat' dir='ltr'>citius,</span> <span class='ocrx_word' id='word_1_388' title='bbox 1215 2642 1442 2696; x_wconf 89' lang='lat' dir='ltr'>discipulis</span> <span class='ocrx_word' id='word_1_389' title='bbox 1461 2644 1694 2686; x_wconf 81' lang='lat' dir='ltr'>nuntiavit:</span> <span class='ocrx_word' id='word_1_390' title='bbox 1719 2645 1800 2687; x_wconf 91' lang='lat' dir='ltr'>sed</span> <span class='ocrx_word' id='word_1_391' title='bbox 1817 2645 1879 2686; x_wconf 90' lang='lat' dir='ltr'>illi</span> 
     </span>
     <span class='ocr_line' id='line_1_89' title="bbox 1047 2700 1878 2754; baseline 0.002 -14"><span class='ocrx_word' id='word_1_392' title='bbox 1047 2712 1140 2751; x_wconf 89' lang='lat' dir='ltr'>prae</span> <span class='ocrx_word' id='word_1_393' title='bbox 1169 2700 1326 2741; x_wconf 90' lang='lat' dir='ltr'>ceteris</span> <span class='ocrx_word' id='word_1_394' title='bbox 1355 2702 1656 2752; x_wconf 89' lang='lat' dir='ltr'>cucurrerunt,</span> <span class='ocrx_word' id='word_1_395' title='bbox 1686 2702 1760 2753; x_wconf 84' lang='lat' dir='ltr'>qui</span> <span class='ocrx_word' id='word_1_396' title='bbox 1784 2714 1878 2754; x_wconf 85' lang='lat' dir='ltr'>prae</span> 
     </span>
    </p>
   </div>
   <div class='ocr_carea' id='block_1_10' title="bbox 103 121 1942 2809">
    <p class='ocr_par' dir='ltr' id='par_1_19' title="bbox 103 121 1942 2809">
     <span class='ocr_line' id='line_1_90' title="bbox 103 121 1942 2809; baseline 0 0"><span class='ocrx_word' id='word_1_397' title='bbox 103 121 1942 2809; x_wconf 95' lang='lat' dir='ltr'> </span> 
     </span>
    </p>
   </div>
  </div>
 </body>
</html>
