2066 2904
584 149 655 183 Dic
678 149 708 183 3.
733 148 832 191 Maji.
879 147 921 182 ln
945 147 1170 181 Inventione
1196 146 1231 180 S.
1257 145 1401 179 Crucis.

148 241 298 284 Crucis
326 239 471 283 studio
490 238 515 279 J
517 235 811 289 erosolymam
836 238 970 280 venit:

146 298 221 340 ubi
251 298 538 339 marmoream
563 293 750 336 Veneris
781 296 970 336 statuam

146 355 190 396 in
210 354 360 396 Crucis
378 352 476 394 1000
501 364 526 392 a
546 349 760 392 Gentibus
784 350 970 393 colloca-

146 416 237 453 tam
261 409 317 452 ad
339 407 579 451 tollendam
606 405 767 448 Christi
792 407 970 448 Demini

146 466 361 521 passienis
379 464 649 514 memoriam,
674 468 777 516 post
797 469 970 506 centum

148 524 319 566 circiter
351 523 576 572 octoginta
608 532 744 562 annos
777 523 970 562 everten-

148 580 249 622 dam
276 579 454 621 curavit.
495 576 624 628 Quod
653 576 758 618 item
784 577 887 619 fecit
915 577 971 619 ad

147 638 346 690 praesepe
366 633 622 683 SalvateriS‚
650 638 694 675 et
715 633 759 674 in
781 633 881 675 1000
906 647 968 676 re-

148 692 444 742 surrectienis,
475 690 576 732 inde
608 689 839 741 Adonidis,
870 690 971 733 hinc

147 751 171 792 J
173 750 268 793 ovis
287 749 459 791 sublato
479 747 721 790 simulacro.

200 811 251 862 R.
282 805 377 848 Nos
408 809 555 847 autem
585 803 763 855 gloriari
794 805 972 856 oportet

148 864 192 904 in
207 863 344 905 Cruce
361 862 449 903 Dfii
466 861 605 903 nostri
618 860 643 901 J
645 873 723 902 esu
737 860 907 911 Christi,
924 861 968 902 in

150 932 237 972 quo
261 923 328 961 est
351 918 483 967 salus,
507 917 612 967 vita,
636 922 679 959 et
706 917 968 959 resurrectio

147 980 312 1018 nostra:
336 984 357 1007 *
375 975 461 1016 Per
481 986 612 1026 quem
630 973 787 1015 salvati
806 979 849 1016 et
867 973 969 1016 libe-

148 1032 231 1074 rati
250 1044 409 1082 sumus,
426 1029 607 1082 alleluja.
637 1031 685 1082 V.
706 1030 848 1071 Tuam
868 1031 969 1072 Cru-

149 1102 243 1131 cem
268 1087 501 1130 adoramus
526 1087 641 1136 Dfie,
668 1091 712 1128 et
738 1087 970 1129 recolimus

148 1151 267 1188 tuam
284 1145 522 1197 gloriosam
539 1143 800 1197 passienem.
841 1144 935 1186 Per.

456 1208 663 1252 Lectio’v.

195 1264 328 1312 taque
351 1258 451 1300 loco
476 1257 626 1300 Crucis
652 1259 858 1311 purgato,
885 1258 972 1300 alte

214 1316 403 1359 defessae
421 1319 510 1357 tres
535 1327 687 1357 cruces
707 1316 842 1356 erutae
862 1320 972 1365 sunt,

149 1377 439 1426 repertusque
464 1374 662 1414 seorsum
684 1370 740 1413 ab
763 1371 848 1412 illis
869 1371 971 1413 Cru-

151 1430 213 1471 cis
231 1429 473 1472 Dominicae
498 1428 667 1470 titulus:
695 1427 770 1480 qui
796 1441 894 1470 cum
920 1441 974 1470 ex

149 1486 290 1528 tribus
317 1486 387 1528 cui
412 1484 567 1526 affixus
592 1484 761 1535 fuisset,
788 1496 875 1525 non
901 1497 972 1537 ap-

150 1545 340 1596 pareret,
367 1555 464 1584 eam
490 1541 806 1584 dubitationem
834 1544 973 1582 sustu-

149 1599 199 1641 lit
223 1599 489 1641 miraculum.
524 1598 639 1640 Nam
663 1597 880 1639 Macarius
907 1597 930 1638 J
933 1611 973 1639 e-

148 1655 469 1709 rosolymorum
484 1657 728 1708 episcopuS,
743 1654 868 1696 factis
877 1654 973 1696 Deo

150 1712 374 1766 precibus,
402 1711 593 1764 singulas
621 1723 773 1752 cruces
802 1710 974 1752 cuidam

151 1769 322 1811 feminae
344 1768 466 1820 gravi
487 1767 643 1809 morbo
666 1767 882 1810 laboranti
901 1767 973 1809 ad-

150 1826 302 1868 mevit:
328 1826 398 1868 cui
421 1837 522 1867 cum
545 1823 726 1877 reliquae
751 1824 856 1865 nihil
874 1837 973 1877 pro-

151 1883 349 1932 fuissent,
377 1881 572 1924 adhibita
594 1881 724 1929 tertia
749 1881 866 1923 Crux
890 1885 973 1923 sta-

150 1939 228 1981 tim
247 1951 344 1980 eam
361 1938 539 1980 sanavit.
591 1954 593 1957 ·

205 2000 255 2050 R.
278 1995 396 2037 Dum
422 2007 595 2036 sacrum
619 1995 777 2047 pignus
802 1994 975 2036 co'elitus

152 2051 386 2102 reveletur,
412 2051 572 2093 Christi
596 2051 707 2093 fides
726 2050 976 2092 roboratur:

154 2113 175 2134 *
195 2107 370 2150 Adsunt
394 2107 595 2160 prodigia
620 2107 766 2150 divina
789 2107 833 2148 in
855 2108 976 2158 virga

153 2164 295 2218 Meysi
325 2164 525 2217 primitus
557 2164 758 2215 figurata,
796 2163 976 2216 alleluja,

154 2221 335 2274 alleluja.
371 2220 418 2270 V.
447 2220 520 2262 Ad
549 2221 698 2262 Crucis
726 2223 977 2262 contactum

154 2280 387 2328 resurgunt
403 2277 579 2328 mortui,
599 2282 643 2319 et
661 2277 745 2319 Dei
761 2276 977 2328 magnalia

153 2335 411 2376 reserantur.
438 2333 626 2375 Adsunt.

456 2393 605 2434 Lectio
626 2394 676 2432 vi.

248 2446 388 2497 elena,
419 2446 598 2488 salutari
625 2445 763 2488 Cruce
790 2446 977 2496 inventa,

255 2503 726 2554 magnificentissimam
739 2502 800 2545 ibi
813 2505 977 2544 exstru-
1040 2504 1069 2552 Ῐ,
1087 2506 1130 2547 1211,

154 2559 219 2600 xit
236 2559 483 2610 ecclesiam,
509 2560 554 2600 in
577 2572 663 2611 qua
684 2564 856 2612 partem
875 2559 978 2600 Cru—

157 2615 218 2656 cis
242 2615 417 2668 reliquit
438 2616 578 2658 thecis
603 2616 820 2667 argenteis
845 2615 977 2656 inclu-
1035 2620 1036 2623 ’

156 2683 264 2722 sam,
287 2676 459 2724 partem
477 2672 761 2714 Constantino
786 2671 877 2713 filio
905 2670 975 2713 de-

1782 134 1851 169 485

1021 236 1135 278 tulit:
1173 249 1272 288 quae
1296 236 1452 277 Romae
1480 233 1676 286 reposita
1702 232 1782 273 fuit
1805 231 1849 271 in

1023 292 1208 335 ecclesia
1236 296 1400 334 sanctae
1430 290 1580 332 Crucis
1607 290 1652 330 in
1678 289 1702 329 J
1706 291 1848 330 erusa-

1021 350 1122 401 lem,
1147 349 1366 392 aedificata
1384 348 1428 388 in
1447 346 1616 389 aedibus
1636 345 1850 387 Sessoria-

1021 407 1098 447 niS.
1133 406 1292 448 Clavos
1312 405 1444 447 etiam
1464 403 1609 445 attulit
1627 402 1735 451 filio,
1760 402 1849 454 qui-

1022 463 1104 504 bus
1120 462 1444 504 sanctissimum
1458 461 1483 502 J
1486 473 1563 502 esu
1579 458 1739 500 Christi
1759 471 1849 500 cor-

1022 532 1104 572 pus
1123 519 1259 561 fixum
1277 519 1429 560 fuerat.
1461 518 1558 568 Quo
1579 529 1633 558 ex
1650 517 1850 567 tempore

1024 577 1335 618 Constantinus
1371 574 1513 626 legem
1550 571 1751 623 sancivit,
1796 584 1850 613 ne

1025 646 1131 674 crux
1150 632 1207 675 ad
1225 631 1489 685 supplicium
1510 632 1714 681 cuiquam
1733 627 1850 670 adhi-

1023 689 1212 740 beretur3
1231 690 1294 731 ita
1312 701 1383 730 res
1404 700 1503 740 quae
1524 689 1652 728 antea
1669 685 1850 727 homini-

1023 746 1106 788 bus
1125 746 1291 799 probro
1316 758 1367 787 ac
1388 744 1578 786 ludibrio
1598 743 1755 792 fuerat,
1782 754 1851 783 ve-

1022 803 1238 845 neratieni
1257 807 1301 845 et
1319 802 1471 853 gleriae
1491 812 1589 842 esse
1610 799 1756 852 coepit.

1076 864 1126 914 lx'f.
1164 860 1264 901 Hoc
1301 859 1472 910 signum
1507 856 1657 898 Crucis
1695 855 1777 897 erit
1808 855 1852 896 in
1898 863 1899 866 ’

1024 916 1156 967 coelo,
1197 930 1296 958 cum
1326 915 1542 957 Dominus
1574 912 1630 954 ad
1662 911 1851 964 judican-

1024 973 1128 1015 dum
1168 973 1350 1015 venerit:
1392 978 1412 999 *
1450 971 1583 1024 vTunc
1623 968 1851 1010 manifesta

1025 1034 1151 1071 erunt
1170 1028 1430 1071 abscondita
1449 1026 1596 1069 cordis
1614 1025 1770 1074 nostri,
1795 1024 1852 1065 al—

1023 1086 1166 1138 leluja,
1186 1085 1368 1137 alleluia.
1396 1082 1444 1132 Y.
1471 1084 1580 1125 Cum
1601 1081 1765 1123 sederit
1783 1082 1850 1122 Fi-

1023 1142 1107 1184 lius
1151 1142 1340 1184 heminis
1386 1142 1429 1182 in
1472 1139 1578 1182 sede
1614 1139 1852 1190 majestatis

1024 1212 1132 1250 suae,
1158 1205 1202 1241 et
1226 1198 1413 1252 co'eperit
1431 1196 1622 1250 judicare
1643 1195 1852 1236 saeculum

1024 1269 1104 1308 per
1134 1256 1289 1307 ignem.
1329 1255 1465 1296 Tunc.
1509 1253 1670 1294 Gloria.
1716 1252 1852 1293 Tunc.

1250 1336 1298 1374 In
1319 1335 1389 1373 ΠΙ.
1413 1334 1633 1371 Nocturno.

1082 1398 1178 1437 Ant.
1222 1394 1467 1436 Adoramus
1504 1397 1548 1434 te
1583 1391 1769 1440 Christe,
1810 1395 1854 1432 et

1025 1450 1323 1493 benedicimus
1340 1450 1430 1500 tibi,
1451 1450 1552 1501 quia
1570 1461 1650 1501 per
1670 1448 1854 1489 Crucem

1026 1512 1145 1548 tuam
1170 1507 1395 1550 redemisti
1420 1504 1645 1554 mundum,
1673 1503 1854 1554 alleluja.

1079 1570 1220 1603 Psalmi
1246 1574 1285 1603 ut
1310 1570 1346 1602 in
1371 1568 1431 1602 111.
1450 1568 1558 1602 Noct.
1586 1568 1631 1601 dc
1650 1567 1851 1601 Communi

1026 1618 1237 1661 Yirginum.
1262 1615 1362 1659 [108]

1080 1665 1129 1716 V.
1148 1669 1301 1710 Omnis
1315 1674 1433 1710 terra
1449 1666 1604 1708 adoret
1618 1671 1674 1716 te,
1692 1670 1736 1707 et
1750 1664 1856 1718 psal-

1025 1726 1087 1768 lat
1105 1725 1195 1776 tibi,
1216 1725 1397 1777 alleluja.
1432 1725 1478 1776 Rg.
1494 1723 1717 1764 Psalmum
1737 1722 1854 1763 dicat

1028 1783 1190 1824 nomini
1208 1788 1285 1824 tuo
1304 1781 1502 1831 Demine,
1521 1779 1701 1832 alleluja.

1028 1853 1180 1895 Lectio
1205 1852 1345 1894 sancti
1363 1850 1591 1902 Evangelii
1615 1848 1855 1891 secundum

1329 1908 1353 1949 J
1356 1910 1553 1950 oannem.

1132 1970 1283 2013 Lectio
1306 1973 1370 2011 vii.
1592 1972 1692 2021 Cup.
1716 1974 1748 2009 13.

1027 2023 1103 2129 In
1135 2026 1211 2068 illo
1243 2027 1458 2079 tempore:
1495 2025 1603 2066 Erat
1635 2024 1767 2065 homo
1802 2035 1855 2064 ex

1097 2083 1342 2137 pharisaeis,
1373 2082 1644 2124 Nicodemus
1671 2080 1856 2127 nemine,

1028 2140 1233 2193 princeps
1251 2139 1517 2182 Judaeorum.
1552 2138 1637 2178 Hic
1656 2137 1775 2178 venit
1799 2135 1855 2177 ad
1882 2186 1883 2192 ἵ

1028 2197 1178 2238 Jesum
1209 2202 1353 2247 nocte,
1387 2200 1431 2238 et
1465 2195 1573 2237 dixit
1605 2194 1658 2235 ei:
1695 2192 1856 2241 Rabbi,

1030 2253 1190 2295 scimus
1225 2254 1325 2307 quia
1355 2266 1381 2294 a
1407 2253 1505 2294 Deo
1537 2250 1694 2293 venisti
1726 2251 1856 2300 magi-

1031 2315 1131 2352 ster.
1158 2311 1216 2354 Et
1233 2310 1412 2362 reliqua.

1032 2379 1221 2421 Homilia
1237 2379 1377 2420 sancti
1394 2377 1623 2429 Augustini
1637 2377 1858 2429 Episcopi.

1092 2447 1214 2481 Tract.
1245 2449 1289 2480 11.
1319 2448 1353 2479 in
1380 2447 1579 2486 ioannem,
1606 2451 1692 2487 post
1720 2446 1795 2478 init.

1178 2501 1389 2543 eodemus
1431 2512 1485 2541 ex
1520 2498 1588 2541 his
1627 2505 1737 2550 erat,
1784 2501 1858 2551 qui

1040 2566 1041 2569 ’
1062 2554 1124 2618 323⁸<
1154 2606 1155 2610 Ἰ
1179 2556 1455 2599 crediderant
1478 2556 1523 2596 in
1544 2557 1720 2599 nomine
1742 2557 1767 2598 J
1769 2570 1857 2607 esu,

1143 2615 1156 2631 ‘'
1178 2614 1377 2656 videntes
1413 2612 1536 2663 signa
1575 2619 1618 2655 et
1655 2613 1857 2666 prodigia

1031 2683 1131 2723 quae
1155 2670 1353 2713 faciebat.
1392 2669 1602 2722 Superius
1629 2671 1746 2713 enim
1771 2670 1856 2712 hoc
