2066 2904
482 144 553 178 Die
580 143 631 177 19.
656 143 757 183 Maii.
807 143 841 175 S.
867 142 969 176 l'ctri
996 141 1202 186 coelestini,
1225 142 1343 183 Papio
1369 148 1403 174 ct
1430 142 1537 175 mons.

160 234 336 275 ronavit
377 246 493 284 eum,
539 233 721 284 alleluja.
758 228 809 282 V.
842 232 992 274 Induit

160 301 261 330 eum
279 290 494 331 Dominus
519 290 702 330 loricam
725 288 831 330 fidei
854 294 898 330 et
924 302 991 330 or-

158 346 281 387 navit
302 359 412 388 eum.
451 346 518 387 Et.

440 401 593 442 Lectio
617 400 700 440 viii.

243 464 262 501 t
274 460 387 511 justa
400 470 581 511 prorsus
595 457 838 508 retributio,
853 463 901 499 ut
917 459 990 510 qui

253 515 325 556 hic
352 527 435 567 pro
465 514 640 556 Christo
667 513 870 555 humanae
898 514 989 565 glo-

158 573 269 614 riam
289 570 560 613 celsitudinis
579 570 881 621 neglexerunt,
901 570 989 611 illic

158 642 185 670 a
204 628 380 670 Christo
404 626 571 679 judices
594 626 827 677 glorificati
846 626 988 677 singu-

157 685 308 726 lariter
327 696 427 725 cum
448 696 501 725 eo
521 681 759 732 assideant,
786 683 861 735 qui
879 695 904 723 a
923 696 987 724 se-

160 740 345 793 quendis
365 740 456 792 ejus
470 739 666 790 vestigiis
685 738 803 780 nulla
818 739 988 780 ratione

157 799 365 849 poterant
388 795 528 837 aveHi.
567 795 710 836 Nemo
739 799 885 837 autem
910 809 987 848 pu-

157 857 238 902 tet,
273 851 508 894 duodecim
534 856 704 893 tantum
731 852 987 904 Apostolos,

158 909 260 960 quia
290 921 373 961 pro
401 909 426 949 J
428 908 516 950 uda
546 907 866 961 praevaricante
898 908 987 949 Ma-

157 964 272 1006 thias
293 964 458 1006 electus
478 968 560 1014 est,
585 969 690 1006 tunc
712 976 809 1005 esse
827 964 987 1016 judica-

157 1023 297 1062 turos:
338 1020 450 1062 sicut
486 1032 568 1061 nec
607 1019 842 1061 duodecim
879 1020 987 1062 solae

156 1082 258 1118 sunt
276 1076 417 1118 tribus
435 1076 574 1117 Israel
596 1076 857 1128 judicandae:
884 1076 986 1118 alio-

158 1133 262 1184 quin
284 1132 423 1174 tribus
441 1132 567 1183 Levi,
597 1145 696 1185 quae
718 1133 850 1174 tertia
873 1132 986 1175 deci-

157 1201 229 1230 ma
248 1194 326 1238 est,
344 1188 580 1240 injudicata
598 1188 788 1230 recedet.

208 1245 260 1297 Rz.
277 1245 372 1287 Sint
386 1244 524 1287 lumbi
537 1245 673 1287 vestri
686 1246 925 1298 praecincti,
943 1251 987 1288 et

156 1300 347 1342 lucernae
375 1300 580 1343 ardentes
613 1301 658 1342 in
686 1301 888 1343 manibus
917 1316 986 1344 ve-

157 1357 273 1398 stris:
282 1356 305 1380 *
317 1358 374 1398 Et
387 1370 468 1398 vos
479 1357 642 1399 similes
652 1357 902 1400 hominibus
917 1371 986 1400 ex—

157 1412 460 1465 spectantibus
472 1413 697 1455 dominum
708 1427 846 1464 suum,
863 1427 989 1467 quan·

157 1468 216 1510 do
250 1471 497 1511 revertatur
531 1482 557 1511 a
585 1471 767 1523 nuptiis,
805 1470 987 1523 alleluja.

155 1519 206 1571 V.
228 1524 421 1575 Vigilate
440 1538 562 1577 erg0‚
583 1527 685 1578 quia
703 1527 881 1568 nescitis
901 1539 989 1579 qua

156 1580 265 1621 hora
283 1581 498 1623 Dominus
522 1587 669 1624 vester
690 1586 900 1624 venturus
921 1584 987 1624 sit.

155 1636 222 1678 Et.
257 1635 411 1678 Gloria
427 1638 560 1679 Patri.
590 1638 658 1680 Et.

360 1695 437 1730 Pro
463 1694 497 1729 S.
522 1694 776 1729 Pudentiana.

456 1747 609 1788 Lectio
630 1747 685 1786 ix.

184 1816 197 1854 f·
244 1804 480 1847 udentiana
498 1805 640 1856 virgo,
667 1805 880 1847 Pudentis
900 1807 986 1848 Ro-

169 1861 230 1896 st'
259 1861 377 1902 mani
402 1861 507 1911 filia,
534 1862 792 1913 parentibus
820 1862 987 1912 orbata,

158 1929 259 1958 cum
298 1916 542 1959 admirabili
582 1918 751 1970 pietate
792 1918 987 1959 christia-

156 1985 259 2013 nam
282 1972 540 2024 religionem
565 1973 748 2023 coleret,
775 1987 862 2015 una
888 1987 988 2015 cum

159 2030 312 2070 sorore
330 2027 530 2071 Praxede
553 2029 786 2082 pecuniam
809 2042 864 2071 ex
887 2032 987 2071 ven-

159 2083 252 2125 dito
278 2085 544 2136 patrimonio
572 2085 798 2126 redactam
824 2088 987 2138 paupe-

157 2139 278 2181 ribus
308 2139 544 2190 distribuit,
578 2153 714 2193 seque
745 2141 910 2192 jejuniis
944 2147 989 2184 et

159 2195 431 2238 orationibus
477 2196 611 2238 dedit.
675 2197 806 2249 Cujus
856 2198 988 2240 etiam

159 2253 311 2304 opera,
352 2257 447 2294 tota
480 2253 571 2304 ejus
603 2252 781 2303 familia,
821 2253 866 2294 in
901 2266 988 2306 qua

158 2312 282 2348 erant
293 2310 532 2359 nonaginta
546 2321 624 2350 sex
637 2308 849 2359 homines,
869 2310 986 2351 aPio

156 2362 372 2406 Pontifice
398 2364 623 2417 baptizata
646 2370 724 2406 est.
761 2365 892 2415 Quod
914 2379 987 2408 au-

158 2423 249 2460 tem
274 2418 329 2461 ab
347 2419 571 2462 Antonino
597 2421 866 2473 imperatore
891 2435 986 2463 san-

159 2476 293 2516 citum
324 2480 432 2526 erat,
463 2489 519 2518 ne
548 2476 782 2518 Christiani
809 2477 987 2530 publice

159 2530 373 2572 sacrificia
402 2531 615 2583 facerent,
647 2533 751 2573 Pius
782 2534 987 2575 Pontifex

157 2584 203 2625 in
229 2585 399 2628 aedibus
425 2587 712 2630 Pudentianae
743 2602 843 2630 cum
868 2589 986 2630 Chri-

159 2641 312 2683 stianis
344 2655 471 2685 sacra
502 2644 764 2687 celebrabat.
819 2645 987 2695 Quibus

1812 137 1879 173 515

1043 232 1117 274 illa
1129 232 1317 284 benigne
1333 234 1538 286 acceptis,
1557 247 1655 286 quae
1671 234 1728 276 ad
1743 235 1879 277 vitam

1043 289 1295 330 necessaria
1340 295 1505 338 essent,
1551 290 1877 343 suppeditabat.

1042 345 1199 397 Itaque
1234 345 1278 385 in
1310 344 1378 386 his
1415 345 1664 387 christianae
1696 347 1876 399 pietatis

1043 400 1200 442 officiis
1219 401 1424 452 migravit
1443 414 1467 443 e
1485 402 1586 452 vita,
1607 407 1651 444 et
1668 403 1712 444 in
1731 404 1875 456 sepul-

1043 456 1150 498 chro
1182 457 1320 509 patris
1357 457 1414 499 ad
1450 459 1753 500 coemeterium
1785 461 1875 501 Pri-

1042 513 1178 554 scillae
1202 514 1274 554 via
1297 514 1466 555 Salaria
1490 515 1664 567 sepulta
1690 520 1774 565 est,
1803 517 1874 558 de-

1042 569 1158 610 cimo
1179 574 1336 621 quarto
1356 569 1582 612 Kalendas
1601 571 1627 611 J
1628 572 1728 612 unii.

1094 634 1132 667 Si
1172 635 1245 668 hoc
1282 634 1438 667 Festum
1475 634 1550 667 alia
1587 635 1649 668 dic
1686 635 1873 668 celebrari

1042 682 1259 725 contingat,
1304 682 1351 715 ix.
1390 682 1523 716 Lectio
1561 682 1701 716 dicitur
1736 690 1773 715 ut
1817 694 1873 716 sc-

1042 738 1179 772 qiutur.

1341 773 1495 813 Lectio
1517 774 1570 813 ix.

1123 832 1142 869 t
1170 828 1349 878 Paulus,
1388 828 1462 881 qui
1493 829 1648 870 tertius
1681 829 1875 872 decimus

1132 889 1199 926 est
1222 885 1484 937 Apostolus,
1509 884 1730 937 judicandi
1756 892 1875 929 sorte

1040 940 1301 992 privabitur,
1330 941 1542 993 cumipse
1562 940 1695 983 dicat:
1722 942 1872 984 Nesci-

1039 996 1096 1037 tis
1127 997 1334 1048 quoniam
1362 997 1542 1049 angelos
1572 998 1873 1050 judicabimus,

1042 1058 1206 1104 quanto
1242 1054 1382 1104 magis
1423 1053 1673 1095 saecularia?
1728 1055 1873 1096 Scien-

1041 1108 1146 1149 dum
1177 1122 1366 1161 namque
1399 1115 1484 1160 est,
1525 1122 1677 1152 omnes
1710 1111 1785 1163 qui
1817 1112 1874 1153 ad

1042 1165 1292 1217 exemplum
1319 1165 1643 1218 Apostolorum
1671 1180 1751 1207 sua
1778 1167 1873 1209 reli-

1042 1223 1229 1272 querunt
1245 1222 1401 1272 omnia,
1422 1227 1465 1263 et
1481 1223 1622 1264 secati
1637 1228 1738 1264 sunt
1754 1224 1873 1264 Chri-

1040 1282 1173 1327 stum,
1216 1277 1383 1329 judices
1420 1291 1521 1320 cum
1557 1291 1611 1320 eo
1649 1283 1873 1328 venturos,

1040 1332 1155 1375 sicut
1190 1334 1322 1375 etiam
1355 1347 1486 1376 omne
1518 1335 1770 1377 mortalium
1802 1349 1873 1387 ge-

1039 1402 1121 1430 nus
1151 1402 1248 1431 esse
1276 1388 1569 1441 judicandum.
1619 1392 1731 1442 Quia
1760 1393 1875 1433 enim

1041 1444 1313 1487 duodenario
1340 1459 1461 1499 saepe
1486 1450 1669 1488 numero
1694 1448 1808 1489 solet
1831 1449 1875 1489 in

1041 1500 1279 1554 Scripturis
1323 1503 1585 1544 universitas
1637 1504 1874 1555 designari,

1040 1569 1120 1609 per
1141 1556 1378 1599 duodecim
1397 1558 1527 1600 sedes
1542 1559 1874 1611 Apostolorum,

1042 1613 1236 1654 omnium
1260 1615 1554 1657 numerositas
1580 1614 1874 1667 judicantium,

1042 1674 1086 1710 et
1103 1682 1184 1721 per
1203 1668 1440 1712 duodecim
1458 1671 1599 1713 tribus
1615 1672 1763 1722 Israel,
1782 1673 1874 1714 uni—

1040 1726 1227 1767 versitas
1250 1728 1403 1768 eorum
1428 1727 1503 1779 qui
1523 1727 1746 1779 judicandi
1765 1734 1875 1778 sunt,

1041 1781 1300 1823 ostenditur.
1400 1828 1409 1837 ⁸

1095 1838 1159 1878 Te
1179 1839 1324 1880 Deum
1342 1839 1585 1881 laudamus,
1607 1841 1667 1881 15.

1095 1898 1139 1932 In
1167 1899 1287 1933 Laud.
1318 1909 1514 1933 commem.
1544 1898 1579 1932 S.
1607 1898 1871 1932 I‘udcntianze.

1094 1951 1195 1991 Ant.
1235 1951 1384 1993 Simile
1423 1957 1490 1993 est
1526 1965 1708 2003 regnum
1741 1953 1872 1994 coelo-

1039 2018 1138 2047 rum
1167 2006 1335 2048 homini
1365 2008 1630 2059 negotiatori
1659 2010 1874 2061 quaerenti

1039 2061 1179 2104 bonas
1194 2067 1467 2114 margaritas:
1486 2065 1663 2106 inventa
1675 2078 1762 2106 una
1776 2078 1871 2117 pre—

1039 2118 1171 2169 tiosa,
1198 2119 1323 2161 dedit
1341 2121 1488 2162 omnia
1507 2134 1602 2169 sua,
1629 2126 1673 2162 et
1697 2133 1871 2174 compa-

1040 2175 1155 2216 ravit
1174 2188 1282 2225 eam,
1301 2176 1485 2229 alleluja.

1093 2226 1146 2278 V.
1181 2231 1354 2272 Diffusa
1390 2237 1457 2274 est
1493 2232 1636 2283 gratia
1663 2232 1709 2272 in
1743 2231 1872 2274 labiis

1039 2286 1143 2336 tuis,
1169 2286 1352 2339 alleluja.
1393 2289 1443 2340 R.
1468 2288 1713 2340 Propterea
1738 2287 1869 2330 bene-

1041 2341 1151 2384 dixit
1170 2348 1214 2384 te
1231 2343 1354 2384 Deus
1372 2343 1417 2384 in
1436 2345 1668 2394 aeternum,
1687 2343 1871 2396 alleluja.

1093 2405 1142 2445 In
1154 2406 1207 2446 II.
1219 2407 1354 2460 Vesp.
1370 2408 1426 2449 ad
1440 2407 1613 2458 Magnif.
1636 2407 1737 2447 Ant.
1751 2407 1872 2446 Dum

1040 2464 1157 2501 esset
1197 2472 1391 2501 summus
1430 2459 1654 2509 Pontifex,
1694 2462 1869 2502 terrena

1038 2527 1128 2556 non
1149 2516 1315 2565 metuit,
1338 2514 1419 2557 sed
1443 2514 1501 2556 ad
1519 2515 1718 2558 coelestia
1734 2529 1891 2568 regna.

1037 2570 1257 2621 gloriosus
1275 2571 1490 2622 migravit,
1508 2571 1691 2624 alleluja.

1093 2632 1141 2667 Et
1162 2634 1203 2667 fit
1227 2644 1422 2668 commem.
1448 2634 1656 2676 sequentis,
