2028 2892
707 190 1102 226 Commemorationes
1127 198 1359 224 communes.

182 292 327 334 cellas:
350 291 374 317 *
402 294 503 331 ante
530 288 686 330 faciem
714 286 889 338 frigoris
916 287 1007 338 ejus

182 348 279 401 quis
298 343 550 389 sustinebit?

232 404 414 445 Emittet
431 401 615 444 verbum
639 413 780 449 suum,
809 404 852 441 et
874 399 1007 451 lique-

182 460 311 501 faciet
339 472 405 501 ea:
423 459 447 484 *
473 457 596 500 flabit
622 456 802 510 spiritus
831 456 935 507 ejus,
966 460 1009 497 et

182 516 316 558 fluent
335 527 474 567 aquae.

232 571 317 623 Qui
339 571 567 613 annuntiat
588 568 772 611 verbum
795 581 921 610 suum
939 568 964 609 J
967 580 1007 609 a·

182 628 280 670 cob:
291 629 314 654 *
325 628 520 680 justitias,
536 631 579 668 et
592 625 751 678 judicia
766 637 845 666 sua
861 624 1009 665 Israel.

232 685 333 726 Non
357 684 460 725 fecit
481 682 627 724 taliter
650 681 769 723 omni
786 681 966 722 nationi:
985 681 1008 706 *

183 746 226 783 et
244 740 404 793 judicia
422 752 500 781 sua
518 751 607 780 non
624 737 918 779 manifestavit
937 737 1009 779 eis.

235 804 330 842 Ant.
347 800 502 842 Lauda
512 798 754 841 Jerusalem
761 797 1010 839 Dominum.

230 863 381 913 Temp.
420 859 629 900 I'asehali.
672 860 769 898 Ant.
812 858 1009 910 Allelt'ija,

183 918 368 970 alleluja,
396 916 595 978 allelaja3

232 977 370 1020 Capit..
396 977 549 1020 Hymn„
576 975 636 1018 K,
662 975 749 1009 Ant.
776 975 824 1009 ad
849 975 1004 1017 Magnis.

180 1031 215 1060 et
239 1024 371 1059 Oratio
398 1035 467 1067 pro
493 1024 694 1066 Tempore.

232 1090 381 1124 Deinde
413 1091 506 1123 fiunt
538 1093 742 1132 sequentes
768 1088 1006 1122 Commemo-

182 1139 350 1172 rationes
369 1147 600 1179 communes,
622 1148 690 1170 seu
708 1136 898 1178 Suffragia
916 1136 1007 1170 San-

182 1193 338 1228 ctorum,
357 1196 443 1229 qua:
462 1185 640 1220 dicuntur
657 1185 773 1219 etiam
787 1184 1006 1219 adLaudes.

247 1258 668 1303 commemoratio
694 1258 755 1299 de
777 1257 945 1299 cruce.

235 1324 275 1357 In
322 1323 446 1357 feriali
491 1327 637 1357 tantum
684 1322 841 1366 Officio,
893 1323 1006 1357 etiam

181 1372 337 1414 quando
363 1381 438 1405 non
465 1371 644 1406 dicuntur
668 1371 817 1405 Preces.

237 1422 305 1463 Ad
334 1423 467 1474 Vesp.
497 1428 539 1464 et
566 1422 750 1463 Laudes.
788 1423 887 1463 Ant.
930 1422 1014 1463 Per

186 1482 358 1532 signum
383 1479 535 1522 Crucis
560 1479 616 1521 de
643 1478 827 1519 inimicis
851 1478 1013 1520 nostris

185 1538 323 1580 libera
341 1549 423 1578 nos
442 1536 564 1578 Deus
583 1539 744 1576 noster.

234 1587 284 1637 Υ
330 1593 483 1634 Omnis
520 1596 639 1634 terra
675 1590 831 1632 adoret
865 1595 930 1640 te,
970 1594 1014 1632 et

186 1649 347 1702 psallat
386 1648 476 1690 tibi.
527 1647 575 1699 Ru
627 1647 851 1689 Psalmum
895 1646 1014 1689 dicat

186 1705 351 1747 nomini
377 1709 455 1746 tuo
482 1704 682 1746 Domine.

313 1765 513 1806 Oremus.
715 1767 878 1807 Oratio.

183 1818 453 1922 Perpetua
488 1838 585 1874 nos,
622 1827 872 1878 quaesumus
905 1825 1014 1875 Dfie,

291 1894 400 1934 pace
415 1881 602 1923 custodi:
623 1894 733 1934 quos
752 1894 831 1934 per
850 1881 1014 1932 lignum

189 1943 352 1980 sanctae
361 1938 512 1980 Crucis
521 1937 735 1980 redimere
743 1938 946 1989 dignatus
956 1950 1015 1979 es.

236 2001 366 2043 Temp.
399 2008 525 2036 autem
555 2003 745 2046 PaschaIi,
778 2014 798 2039 a
825 2005 936 2039 Feria
965 2007 1008 2040 II.

188 2056 273 2091 post
292 2048 441 2083 Domin.
462 2050 496 2083 in
517 2051 628 2084 Albis
653 2063 773 2095 usque
799 2053 847 2087 ad
866 2053 1009 2088 Ascen-

186 2096 332 2130 sionem
353 2100 428 2130 tam
448 2098 483 2130 in
500 2099 604 2132 offic.
623 2099 670 2133 de
683 2099 874 2144 Tempore
895 2112 1011 2145 quam

187 2144 231 2177 (le
258 2145 425 2187 Sanctis,
458 2146 529 2179 nisi
562 2147 611 2181 sit
632 2147 788 2191 Duplex
818 2153 883 2183 aut
912 2149 1010 2184 infra

188 2191 370 2233 Octavus,
396 2195 435 2227 tit
461 2204 626 2237 sequens

244 2242 311 2283 Ad
332 2244 563 2296 vesperas.
592 2247 690 2287 Ant.
714 2247 902 2289 Crucem
922 2260 1016 2288 san-

193 2306 306 2342 ctam
321 2302 452 2344 sabiit
473 2303 546 2355 qui
562 2303 775 2344 infernum
793 2303 1016 2354 confregit,

193 2359 411 2399 accinctus
431 2363 497 2400 est
515 2359 721 2411 potentia,
738 2359 927 2401 surrexit
946 2358 1016 2400 die

194 2413 331 2463 tertia,
350 2414 529 2466 allehija.

245 2468 313 2508 Ad
326 2469 514 2511 Laudes.
544 2473 640 2512 Ant.
660 2474 908 2515 Crucifixus
928 2487 1016 2515 sur-

195 2527 306 2569 rexit
340 2541 365 2569 a
394 2531 594 2580 mortuis,
630 2534 673 2572 et
707 2530 892 2572 redemit
926 2543 1017 2580 nos,

195 2583 380 2634 alleliija‚
407 2584 587 2637 alleluja.

245 2628 295 2681 V·
323 2640 466 2681 Dicite
490 2641 532 2681 in
559 2642 817 2691 nationibus,
837 2641 1018 2693 allelaja.

196 2691 244 2742 R:-
266 2695 377 2745 Quia
391 2696 486 2737 Dfis
501 2698 698 2746 regnavit
717 2711 741 2739 a
760 2697 888 2749 ligno,
909 2698 1019 2739 allel.

1189 288 1389 329 Oremus.
1597 284 1763 326 Oratio.

1059 339 1240 445 Deus,
1261 342 1335 395 qui
1354 354 1436 395 pro
1451 339 1581 381 nobis
1595 338 1755 380 Filium
1766 342 1891 380 tuum

1182 399 1335 441 Crucis
1362 395 1608 450 patibulum
1643 395 1790 436 subire
1817 407 1891 436 vo-

1060 456 1188 506 luisti,
1207 460 1256 497 ut
1275 454 1437 496 inimici
1455 466 1481 494 a
1499 451 1628 493 nobis
1646 451 1892 504 expelleres

1060 514 1342 565 potestatem:
1362 508 1557 552 concede
1571 507 1700 550 nobis
1718 507 1891 548 famulis

1060 569 1161 615 tuis;
1179 573 1228 609 ut
1242 565 1575 609 resurrectionis
1590 564 1777 616 gratiam
1791 575 1891 604 con-

1062 626 1308 677 sequamur.
1326 624 1412 664 Per
1426 620 1630 664 eamdem
1643 620 1892 662 Dominum.

1115 684 1216 718 Aliae
1233 683 1441 718 Commem.
1460 682 1507 717 de
1524 681 1678 717 Sanctis
1698 691 1778 717 non
1798 681 1893 716 fiunt

1061 732 1259 776 Tempore·
1278 730 1480 788 Paschali3
1609 732 1612 734 ’

1062 806 1580 851 commemorationes
1591 814 1894 854 communes,

1169 862 1260 903 sive
1279 861 1494 912 Suffragia
1512 860 1784 901 Sanctorum.

1265 952 1271 958 -
1320 930 1388 966 De
1413 928 1454 965 S.
1478 927 1628 971 Maria,

1111 978 1267 1021 quando
1292 987 1370 1012 non
1394 976 1537 1011 dicitur
1559 976 1642 1020 ejus
1666 973 1845 1010 Officium

1392 1035 1566 1069 parvum.

1115 1081 1184 1123 Ad
1204 1082 1339 1133 Vesp.
1364 1086 1407 1123 et
1426 1080 1613 1123 Laudes.
1649 1080 1749 1121 Ant.
1788 1080 1894 1122 San·

1065 1144 1135 1181 cta
1162 1138 1303 1179 Maria
1332 1140 1541 1180 succerre
1570 1138 1762 1188 miseriS‚
1798 1138 1899 1190 juva

1065 1195 1385 1248 pusillanimes,
1419 1194 1570 1236 refove
1598 1194 1787 1244 flebiles,
1820 1206 1899 1236 ora

1065 1264 1147 1305 pro
1179 1250 1368 1304 populo,
1404 1250 1620 1293 interveni
1651 1263 1735 1304 pro
1767 1250 1899 1302 clero,

1064 1306 1288 1349 intercede
1298 1319 1381 1360 pro
1397 1306 1561 1348 devoto
1575 1307 1764 1349 femineo
1776 1319 1900 1349 sexu:

1066 1364 1255 1406 sentiant
1272 1375 1426 1404 omnes
1439 1367 1564 1404 tuum
1577 1364 1790 1416 juvamen,
1808 1363 1898 1416 qui-

1066 1423 1255 1472 cumque
1289 1419 1514 1461 celebrant
1543 1423 1666 1461 tuam
1701 1424 1899 1462 sanctam

1066 1475 1542 1518 commemorationem.

1117 1528 1166 1580 ΥΙ.
1191 1533 1282 1574 Ora
1299 1545 1383 1585 pro
1402 1531 1532 1574 nobis
1552 1537 1704 1574 sancta
1715 1532 1801 1574 Dei
1815 1532 1900 1574 Ge-

1066 1589 1208 1631 nitrix.
1237 1592 1289 1643 R.
1314 1589 1375 1631 Ut
1399 1588 1519 1640 digni
1539 1589 1781 1632 efficiamur
1798 1601 1899 1642 pro-

1066 1645 1348 1688 missiOnibus
1369 1644 1541 1687 Christi.

1196 1710 1399 1752 Oremus.
1600 1710 1767 1753 Oratio.

1066 1766 1315 1874 Concede
1332 1782 1415 1811 nos
1434 1769 1623 1812 famulos
1641 1774 1755 1821 tuos,
1783 1773 1899 1823 quae-

1154 1839 1304 1869 sumus
1322 1825 1513 1868 Domine
1531 1826 1665 1878 Deus,
1683 1828 1900 1880 perpetua

1066 1883 1224 1925 mentis
1260 1887 1304 1925 et
1340 1883 1542 1935 corporis
1575 1883 1762 1926 sanitate
1797 1895 1899 1935 gau-

1068 1939 1184 1989 dere,
1202 1943 1246 1982 et
1264 1939 1458 1991 gloriosa
1475 1938 1621 1981 beatae
1630 1939 1783 1981 Mariae
1798 1952 1901 1982 sem-

1067 2009 1148 2049 per
1165 1995 1362 2047 Virginis
1379 1995 1711 2046 intercessione,
1739 2008 1765 2038 a
1788 2009 1899 2050 prae-

1068 2052 1180 2094 senti
1215 2051 1394 2094 liberari
1429 2052 1622 2103 tristitia,
1655 2057 1700 2095 et
1735 2054 1900 2094 aeterna

1068 2109 1234 2162 perfrui
1260 2108 1424 2150 laetitia.

1267 2184 1336 2221 De
1361 2188 1514 2222 sancto
1530 2185 1721 2233 joseph.¹

1118 2248 1190 2290 Ad
1211 2248 1345 2301 Vesp.
1376 2249 1478 2290 Ant.
1511 2249 1632 2290 Ecce
1650 2247 1794 2290 fidelis
1812 2259 1899 2290 ser-

1069 2317 1149 2345 vus
1182 2307 1227 2345 et
1253 2302 1469 2356 prudens,
1507 2317 1639 2356 quem
1673 2303 1901 2346 constituit

1069 2360 1285 2401 Dominus
1311 2372 1445 2412 super
1472 2360 1682 2402 familiam
1705 2373 1840 2402 suam.

1123 2408 1173 2460 XV.
1214 2415 1367 2456 Gloria
1405 2421 1448 2457 et
1483 2416 1648 2458 divitiae
1685 2417 1729 2457 in
1766 2415 1900 2466 domo

1071 2472 1172 2523 ejus.
1211 2472 1261 2523 Ru
1290 2471 1347 2512 Et
1374 2472 1537 2523 justitia
1564 2473 1655 2525 ejus
1682 2477 1831 2514 manet
1857 2473 1899 2513 in

1071 2527 1281 2569 saeculum
1308 2528 1468 2569 saeculi.

1120 2585 1194 2628 Ad
1211 2586 1348 2628 Laud.
1383 2588 1482 2629 Ant.
1521 2589 1623 2641 Ipse
1650 2589 1779 2630 Jesus
1807 2592 1901 2630 erat

1070 2643 1283 2696 incipiens
1317 2645 1442 2696 quasi
1475 2647 1688 2687 annorum
1723 2644 1900 2695 triginta

1072 2705 1119 2740 ut
1146 2700 1383 2753 putabatur
1412 2701 1526 2743 filius
1554 2700 1733 2754 Joseph.
