2028 2892
407 165 479 198 Dic
501 164 530 198 7.
556 163 693 197 Martii.
740 162 775 197 S.
800 163 963 196 Thomae
989 162 1035 195 dc
1061 160 1217 204 Aquino
1244 160 1351 194 Conf.
1379 167 1414 194 ct
1439 160 1546 194 boet.

1765 167 1841 202 '391

132 263 356 306 beneficus
383 269 427 306 et
452 263 718 314 misericors,
749 264 888 317 patris
916 270 960 306 et

133 320 374 363 defensoris
401 322 638 372 egenorum
663 333 823 362 nomen
850 321 958 363 obti-

130 378 235 419 nuit.
266 377 586 429 Virginitatem,
613 390 745 430 quam
769 377 823 419 ab
842 378 958 419 incu-

130 433 302 476 nabulis
329 433 521 476 servavit
546 433 746 484 illaesam,
777 433 858 475 sub
887 447 958 475 ex-

129 492 271 532 tremo
302 490 405 532 vitae
436 491 622 532 termino
649 491 819 532 fortiter
844 493 958 532 asse-

130 547 226 597 ruit,
246 545 351 589 dum
368 547 491 598 gravi
504 560 684 600 pressus
698 547 959 598 infirmitate,

129 603 243 645 mori
266 604 414 657 potius
438 617 570 656 quam
592 604 805 646 castitatis
828 605 958 656 jactu-

130 673 224 702 ram
256 673 311 702 ex
342 659 613 702 medicorum
644 660 827 702 consilio
861 661 958 702 sub-

130 719 204 768 ire,
224 719 475 759 constanter
494 716 700 760 decrevit.

179 774 230 826 R.
259 774 437 816 Amavit
455 786 556 816 eum
573 775 804 828 Dominus,
829 779 872 816 et
892 787 958 816 or-

129 830 249 873 navit
281 843 394 872 eum:
440 831 599 872 stolam
637 831 788 884 gloriae
820 830 960 873 induit

131 900 240 938 eum,
255 887 279 911 *
301 887 358 929 Et
376 886 434 930 ad
452 893 604 941 portas
623 887 817 941 paradisi
836 901 958 930 coro-

130 944 249 986 navit
276 956 387 985 eum.
425 938 476 990 V.
509 944 657 987 Induit
684 958 784 987 eum
810 945 958 987 Domi-

130 1012 211 1041 nus
228 1000 412 1042 loricam
434 1000 555 1052 fidei,
583 1006 627 1044 et
653 1002 824 1044 ornavit
850 1014 960 1043 eum.

130 1056 188 1099 Et
205 1056 263 1099 ad
279 1062 443 1111 portas.

428 1118 579 1158 Lectio
600 1117 652 1157 vi.

213 1177 512 1217 onsummatus
542 1175 587 1215 in
617 1174 758 1226 brevi,
794 1175 959 1218 virtuti-

222 1231 305 1273 bus
325 1237 369 1274 et
385 1231 551 1274 meritis
569 1231 741 1285 plenus,
759 1245 959 1286 praenun-

130 1288 240 1330 tiato
259 1288 413 1330 mortis
433 1288 518 1339 die,
543 1288 655 1330 inter
681 1288 961 1331 sacerdotum

133 1349 178 1386 et
216 1343 520 1396 religiosorum
559 1345 720 1387 choros
761 1346 962 1399 spiritum

133 1400 230 1442 Deo
254 1400 461 1452 reddidit,
494 1414 606 1443 anno
635 1402 778 1444 aetatis
806 1402 959 1453 vigesi-

132 1469 206 1499 mo
235 1457 398 1510 quinto.
441 1457 612 1511 Corpus
639 1458 815 1500 Vilnam
844 1459 960 1501 dela-

131 1519 227 1556 tum
258 1513 406 1556 multis
437 1514 573 1557 claret
603 1514 834 1557 miraculis.
887 1516 960 1558 Et-

134 1571 248 1612 enim
265 1573 562 1624 praeterquam
585 1571 706 1624 quod
722 1572 870 1625 puella
888 1571 960 1614 de-

133 1627 282 1670 fimcta
307 1627 461 1679 vitam,
493 1628 599 1670 caeci
625 1628 784 1680 visum,
817 1629 962 1671 claudi

133 1696 347 1735 gressum,
366 1689 411 1726 'et
428 1685 538 1726 varii
554 1685 713 1726 infirmi
731 1685 962 1728 sanitatem

134 1739 192 1782 ad
215 1741 305 1792 ejus
329 1741 611 1795 sepulchrum
633 1745 961 1796 recuperarunt3

132 1796 360 1839 Lithuanis
392 1800 550 1850 exiguo
581 1802 763 1840 numero
796 1798 854 1841 ad
883 1812 961 1852 po-

132 1853 364 1895 tentissimi
395 1854 535 1896 hostis
561 1855 830 1909 insperatam
856 1855 960 1896 irru-

132 1909 331 1961 ptionem
352 1911 674 1964 trepidantibus
696 1911 740 1952 in
763 1914 864 1953 aere
888 1925 961 1965 ap-

133 1967 305 2019 parens,
324 1966 537 2018 insignem
554 1968 707 2010 tribuit
723 1968 962 2010 victoriam.

135 2022 303 2072 Quibus
351 2026 580 2076 permotus
623 2024 716 2066 Leo
767 2023 962 2066 decimus

135 2077 338 2120 eumdem
361 2079 620 2122 Sanctorum
653 2080 856 2132 catalogo
889 2080 960 2123 ad.-

135 2135 321 2188 scripsit.

146 2228 151 2235 ,
183 2195 234 2247 R.
265 2196 355 2238 Iste
373 2195 518 2238 homo.
547 2197 630 2250 [89]

182 2266 226 2301 In
250 2266 314 2301 111.
334 2267 533 2302 Nocturno
557 2266 729 2302 Homilia
753 2267 791 2302 in
811 2267 955 2311 Evang.

133 2313 219 2353 Sint
236 2318 358 2353 lumbi
377 2316 509 2353 vestri.
529 2315 575 2349 de
601 2315 737 2350 eodem
754 2315 957 2350 Communi

133 2361 161 2396 1.
185 2362 282 2397 Ioco.
313 2366 383 2410 [91]

183 2419 227 2453 In
259 2419 449 2463 Quadrag.
480 2421 528 2454 ix.
559 2420 691 2455 Lectio
726 2424 761 2455 ct
796 2430 956 2454 commc-

131 2468 296 2502 moratio
320 2468 454 2502 Feriae.

184 2527 325 2562 Postea
349 2528 395 2563 de
420 2529 455 2564 S.
480 2529 609 2563 Lucio.

186 2579 283 2621 Ant.
320 2582 408 2630 Qui
435 2581 530 2624 odit
557 2583 742 2625 animam
771 2597 894 2625 suam
919 2584 963 2624 in

137 2634 223 2677 hoc
239 2637 418 2688 mundo,
443 2639 487 2679 in
505 2639 638 2681 vitam
661 2642 869 2681 aeternam
892 2653 961 2681 cu-

139 2691 275 2734 stodit
292 2706 399 2735 eam.

1061 256 1110 307 Y·
1168 264 1319 306 Justus
1367 269 1416 306 ut
1458 264 1605 317 palma
1655 264 1839 306 florebit.

1009 318 1221 419 §gbiStffi-ut
1255 320 1412 363 cedrus
1446 321 1602 364 Libani
1635 321 1839 374 multipli-

1270 475 1354 516 Die
1372 475 1407 516 7.
1427 475 1581 516 Martii.

1034 543 1078 584 S.
1097 543 1301 585 Thomae
1321 543 1382 584 de
1400 542 1601 594 Aquino
1621 541 1812 582 consess.

1162 602 1205 636 ct
1236 596 1443 636 Ecclesia:
1476 597 1690 638 Doctoris.

1343 662 1505 705 Duplex.

1063 718 1199 751 Omnia
1230 718 1276 751 dc
1310 718 1454 753 Comm.
1481 719 1588 753 (Ioni.
1620 729 1695 751 non
1730 719 1835 752 I‘ont.

1013 771 1084 814 [84]
1106 771 1244 809 practer
1270 777 1374 809 sequ.

1061 828 1103 861 In
1129 828 1302 871 utrisque
1330 829 1443 872 X'csp.
1470 829 1517 862 ad
1543 829 1697 866 Mamm.

1063 882 1161 921 Ant·
1186 880 1223 920 O
1244 885 1415 926 Doctor
1435 885 1610 938 optime,
1629 885 1840 927 Ecclesiae

1012 947 1176 984 sanctae
1205 940 1366 992 lumen,
1399 941 1528 984 beate
1555 942 1743 993 Thoma‚
1781 942 1840 984 di-

1011 1002 1125 1042 vinae
1148 999 1258 1049 legis
1277 1001 1463 1050 amator,
1493 999 1733 1053 deprecare
1757 1013 1840 1053 pro

1011 1056 1140 1098 nobis
1159 1055 1318 1097 Filium
1335 1056 1430 1098 Dei.

1346 1115 1507 1153 Oratio

1101 1186 1193 1224 eus,
1222 1173 1297 1226 qui
1314 1173 1559 1215 Ecclesiam
1582 1178 1703 1215 tuam
1724 1173 1843 1216 beati
1886 1212 1887 1215 ,

1114 1230 1300 1272 Thomae
1334 1230 1609 1272 Confessoris
1640 1231 1703 1272 tui
1734 1231 1844 1272 mira
1886 1234 1889 1239 “

1013 1286 1257 1328 eruditione
1273 1287 1495 1338 clarificas,
1516 1292 1559 1329 et
1574 1292 1724 1330 sancta
1740 1301 1841 1341 ope-

1014 1343 1181 1385 ratione
1201 1344 1444 1385 foeci'mdas:
1472 1343 1528 1386 da
1552 1344 1696 1394 nobis,
1726 1347 1841 1397 quae-

1014 1413 1181 1450 sumus,
1213 1405 1257 1443 et
1290 1414 1388 1453 quae
1422 1399 1588 1451 docuit,
1620 1401 1843 1443 intellectu

1013 1459 1281 1510 conspicere,
1306 1462 1349 1499 et
1369 1470 1468 1510 quae
1487 1458 1585 1509 egit,
1603 1458 1843 1500 imitatione

1014 1513 1246 1566 complere.
1275 1514 1360 1555 Per
1377 1514 1625 1556 Dominum.

1059 1575 1107 1610 Et
1130 1575 1171 1609 fit
1195 1585 1391 1609 commem.
1415 1574 1550 1608 Fcriae.

1060 1632 1202 1667 Postea
1227 1632 1283 1667 Ss.
1308 1632 1417 1666 Mart.
1447 1631 1651 1675 Perpetuis
1682 1638 1717 1665 ct
1742 1631 1838 1664 Feli-

1010 1679 1147 1714 citatis.

1066 1734 1117 1773 In
1136 1733 1270 1785 Vcsp.
1290 1738 1333 1774 ct
1353 1732 1486 1773 Laud.
1522 1733 1619 1772 Ant.
1652 1732 1844 1785 *Istarum

1014 1794 1082 1830 est
1113 1788 1228 1829 enim
1259 1801 1441 1840 regnum
1473 1788 1702 1839 coelorum,
1744 1803 1843 1842 quae

1015 1847 1373 1898 contempserunt
1408 1844 1543 1886 vitam
1579 1845 1746 1897 mundi,
1800 1852 1844 1888 et

1014 1904 1308 1954 pervenerunt
1336 1901 1393 1944 ad
1420 1902 1602 1955 praemia
1629 1903 1768 1954 regni,
1801 1908 1845 1944 et

1014 1958 1213 2000 laverunt
1249 1959 1386 2001 stolas
1423 1971 1524 2000 suas
1560 1959 1604 1999 in
1636 1959 1844 2011 sanguine

1015 2015 1141 2066 Agni.

1063 2070 1113 2116 V.
1163 2072 1315 2114 Gloria
1347 2078 1391 2114 et
1422 2073 1590 2114 honore
1622 2071 1844 2114 coronasti

1016 2139 1090 2168 eas
1109 2128 1308 2170 Domine.
1339 2126 1388 2177 Rv-
1410 2129 1468 2171 Et
1486 2127 1749 2170 constituisti
1769 2140 1843 2168 eas

1017 2197 1150 2237 super
1169 2187 1307 2238 opera
1323 2187 1530 2227 manuum
1547 2187 1731 2226 tuarum.

1348 2245 1510 2285 Oratio.

1105 2317 1131 2346 a
1174 2305 1316 2355 nobis,
1362 2308 1612 2359 quaesumus
1656 2304 1843 2346 Domine

1121 2361 1243 2403 Deus
1266 2368 1433 2412 noster,
1457 2363 1706 2403 sanctarum
1730 2361 1842 2402 Mar·
1885 2389 1887 2396 ι

1013 2422 1159 2469 tyrum
1181 2420 1355 2460 tuarum
1372 2419 1604 2471 Perpetuae
1630 2422 1675 2459 et
1691 2417 1842 2459 Felici-

1014 2473 1117 2515 tatis
1140 2474 1309 2527 palmas
1333 2473 1583 2516 incessabili
1607 2472 1842 2516 devotione
1886 2480 1889 2484 ’

1014 2531 1228 2571 venerari:
1247 2535 1305 2581 ut,
1327 2543 1435 2582 quas
1451 2529 1581 2580 digna
1595 2535 1740 2572 mente
1755 2543 1842 2572 non

1011 2587 1250 2638 ‘possumus
1265 2586 1498 2636 celebrare,
1514 2586 1748 2628 humilibus
1761 2586 1841 2628 sal·
1886 2613 1887 2619 =

1014 2646 1105 2683 tem
1131 2642 1457 2694 frequentemus
1484 2641 1718 2695 obsequiis.
1757 2643 1843 2684 Per

1014 2697 1251 2739 Dominum
1271 2703 1480 2740 nostrum.
