2066 2904
492 166 703 201 Commune
727 167 1010 210 Apostolorum
1035 173 1143 203 extra
1168 172 1321 212 tempus
1347 168 1545 202 Pasehule.

209 261 260 313 R.
276 260 338 302 br
363 258 614 301 Constitues
630 270 708 299 eos
725 258 949 311 principes
964 267 987 291 *

1809 161 1879 206 [13]

1095 259 1350 302 Jud10ab1t
1338 273 1383 300 1n
1397 259 1659 310 nationibus
1679 259 1881 312 implebit

161 314 302 367 Super
327 327 502 357 omnem
524 319 699 357 terram.
729 314 992 357 Constitues
1044 319 1207 358 ruinas:
1244 316 1268 342 *
1306 316 1622 369 conquassabit
1655 317 1803 369 capita
1836 317 1880 357 in

156 366 207 420 V.
229 371 450 413 Memores
470 375 598 413 erunt
616 371 806 412 nominis
824 371 890 413 tui
902 372 991 413 Do-

160 427 288 469 mine.
326 428 478 481 Super.
518 427 674 470 Gloria
708 428 838 469 Patri.
882 428 991 470 Con-

162 486 328 526 stitues.

207 542 258 595 V.
290 544 434 587 Nimis
449 545 654 587 honorati
669 550 770 587 sunt
784 546 914 587 amici
929 547 993 587 tui

159 600 292 642 Deus.
341 605 393 657 Ην,
433 601 576 643 Nimis
613 602 888 645 confortatus
925 607 992 645 est

159 657 431 711 principatus
451 660 615 701 eorum.

439 735 507 772 Ad
531 737 716 773 Nonam.

208 797 307 837 Ant.
341 798 393 837 In
410 796 623 850 patientia
641 801 800 839 vestra.

260 865 519 918 Capitulum.
678 871 775 915 Act.
791 872 829 912 5.
846 885 879 912 c.

208 926 314 969 bant
338 926 548 980 Apostoli
571 926 814 979 gaudentes
839 940 865 969 a
891 941 991 970 con-

228 985 385 1037 spectu
411 983 600 1033 concilii,
636 984 843 1036 quoniam
872 984 992 1036 digni

158 1039 295 1083 habiti
313 1045 415 1083 sunt
432 1053 515 1093 pro
530 1040 707 1083 nomine
721 1041 747 1082 J
748 1053 826 1083 esu
840 1046 991 1084 contu-

158 1096 334 1139 meliam
352 1097 455 1151 pati.

206 1158 257 1210 Rz.
292 1157 356 1199 br.
405 1157 547 1199 Nimis
589 1157 795 1200 honorati
830 1163 932 1200 sunt
963 1164 985 1188 *

158 1212 304 1255 Amici
327 1214 392 1256 tui
415 1214 549 1256 Deus.
576 1214 729 1256 Nimis.
763 1213 814 1265 V.
848 1215 991 1256 Nimis

159 1270 432 1313 confortatus
449 1275 516 1312 est
533 1271 807 1323 principatus
827 1273 991 1314 eorum.

158 1327 313 1369 Amici.
337 1327 493 1369 Gloria
513 1327 643 1369 Patri.
669 1327 821 1369 Nimis.

206 1384 257 1436 V.
302 1388 685 1430 Annuntiaverunt
722 1390 859 1441 opera
894 1390 991 1432 Dei.

154 1446 205 1498 Rz.
237 1445 294 1487 Et
313 1445 429 1486 facta
449 1446 541 1496 eius
558 1445 877 1487 intellexerunt.

361 1534 423 1574 In
449 1534 511 1576 11.
531 1534 781 1586 vesperis.
799 1547 820 1561 ·

207 1604 307 1644 Ant.
340 1600 509 1643 Juravit
529 1600 757 1652 Dominus,
778 1602 802 1627 *
831 1606 876 1644 et
902 1615 991 1643 non

157 1655 391 1707 poenitebit
414 1668 528 1698 eum:
554 1656 624 1699 Tu
643 1670 691 1700 es
715 1658 924 1700 sacerdos
947 1659 991 1700 in

157 1713 383 1754 aeternum.

414 1775 615 1817 Psalmus
635 1778 728 1818 109.

171 1845 177 1893 3'
193 1851 269 1893 Τῇ
291 1838 370 1880 ixit
387 1838 604 1880 Dominus
622 1838 815 1882 Domino
833 1853 949 1883 meo:
967 1842 990 1867 *

171 1901 174 1941 ὲ
192 1891 260 1941 af.)
308 1894 421 1937 Sede
441 1908 468 1936 a
486 1894 653 1937 dextris
671 1896 797 1937 meis:

214 1949 221 1951 ξ
355 1952 510 1994 Donec
528 1964 694 2005 ponam
709 1952 911 1995 inimicos
925 1958 990 1995 tu-

159 2019 222 2057 OS,
240 2006 265 2034 *
283 2007 523 2050 scabellum
541 2008 707 2061 pedum
724 2011 914 2051 tuorum.

210 2063 394 2115 Virgam
412 2064 586 2106 virtutis
608 2069 697 2107 tuae
713 2068 885 2108 emittet
901 2067 990 2108 Do-

158 2120 302 2161 minus
329 2133 383 2162 ex
401 2120 524 2163 Sion:
543 2121 567 2148 *
592 2121 821 2164 dominare
839 2123 884 2164 in
902 2126 989 2165 me-

158 2175 231 2218 dio
251 2176 528 2219 inimicorum
546 2179 734 2219 tuorum.

209 2233 377 2275 Tecum
391 2233 655 2287 principium
669 2235 713 2275 in
729 2234 799 2277 die
814 2235 990 2277 virtutis

155 2294 245 2331 tuae
270 2290 315 2331 in
340 2290 651 2343 splendoribus
675 2293 944 2333 sanctorum:
965 2293 989 2320 *

157 2359 211 2388 ex
229 2349 357 2389 utero
377 2351 478 2389 ante
497 2347 727 2389 luciferum
745 2349 877 2399 genui
895 2354 950 2390 te.

207 2403 380 2445 Juravit
404 2404 633 2454 Dominus,
661 2409 707 2446 et
733 2417 822 2446 non
849 2405 988 2458 poeni-

155 2459 266 2501 tebit
290 2472 404 2501 eum:
427 2461 451 2486 *
475 2460 546 2502 Τυ.
569 2473 616 2502 es
641 2461 850 2503 sacerdos
869 2462 913 2502 in
933 2475 988 2503 ae-

155 2517 329 2557 ternum
344 2516 587 2558 secundum
599 2517 800 2559 ordinem
809 2518 987 2559 Melchi-

157 2571 330 2613 sedech.

207 2628 423 2670 Dominus
442 2642 468 2670 a
482 2629 650 2671 dextris
664 2631 761 2680 tuis,
777 2631 800 2656 *
820 2631 986 2672 confre-

155 2683 218 2734 git
236 2683 279 2725 in
299 2684 370 2727 die
388 2686 466 2727 irae
485 2698 578 2727 suae
597 2699 735 2737 reges.

1045 378 1164 416 terra
1181 372 1443 415 multorum.

1095 431 1165 472 De
1188 431 1386 472 torrente
1411 430 1456 470 in
1480 430 1551 472 via
1571 429 1711 472 bibet:
1730 429 1754 456 *
1780 441 1879 482 pro-

1044 489 1200 540 pterea
1219 486 1431 528 exaltabit
1450 491 1593 539 caput.

1096 560 1197 600 Ant.
1243 556 1413 598 Juravit
1443 555 1679 605 Dominus,
1716 560 1760 598 et
1791 568 1881 598 non

1044 611 1280 664 poenitebit
1300 624 1414 654 eum:
1442 612 1512 654 Tu
1536 625 1583 654 es
1608 612 1818 654 sacerdos
1836 613 1879 653 in

1045 669 1271 710 aeternum.

1096 738 1197 778 Ant.
1240 732 1442 776 Collocet
1475 747 1575 776 eum
1606 734 1630 761 *
1662 735 1880 776 Dominus

1045 802 1147 831 cum
1165 789 1439 843 principibus
1458 791 1613 844 populi
1632 791 1709 832 sui.

1311 871 1510 911 Psalmus
1531 873 1608 911 112.

1097 938 1258 980 audate
1290 939 1418 991 pueri
1450 939 1704 981 Dominum:
1735 939 1759 965 *
1790 938 1899 980 lau--

1150 995 1251 1036 date
1270 1008 1432 1037 nomen
1450 996 1641 1037 Domini.

1096 1052 1161 1093 Sit
1178 1064 1339 1093 nomen
1353 1052 1534 1094 Domini
1551 1052 1845 1102 benedictum,
1856 1053 1880 1078 *

1045 1121 1100 1150 ex
1118 1108 1204 1150 hoc
1223 1121 1349 1158 nunc,
1372 1113 1416 1150 et
1434 1122 1575 1162 usque
1593 1110 1638 1150 in
1657 1109 1881 1151 saeculum.

1096 1164 1138 1206 A
1158 1165 1265 1206 solis
1282 1170 1383 1206 ortu
1397 1178 1538 1218 usque
1554 1166 1612 1208 ad
1627 1168 1846 1215 occasum,
1856 1166 1880 1191 *

1044 1221 1265 1264 laudabile
1285 1235 1446 1264 nomen
1465 1223 1656 1264 Domini.

1096 1278 1310 1320 Excelsus
1350 1292 1485 1332 super
1522 1292 1675 1322 omnes
1713 1280 1880 1321 Gentes

1043 1335 1278 1385 Dominus,
1297 1335 1321 1361 *
1349 1340 1393 1377 et
1421 1348 1554 1389 super
1574 1336 1714 1378 coelos
1739 1336 1880 1387 gloria

1045 1392 1147 1443 ejus.

1098 1448 1205 1498 Quis
1221 1448 1333 1490 sicut
1347 1449 1564 1490 Dominus
1578 1450 1701 1491 Deus
1716 1454 1878 1499 noster,

1046 1505 1121 1557 qui
1138 1505 1182 1545 in
1202 1505 1302 1546 altis
1321 1505 1501 1556 habitat,
1516 1506 1540 1531 *
1561 1510 1605 1547 et
1619 1505 1799 1547 humilia
1814 1508 1878 1547 re-

1045 1561 1175 1614 spicit
1191 1561 1236 1602 in
1256 1561 1371 1603 coelo
1393 1567 1436 1603 et
1455 1562 1498 1602 in
1518 1561 1660 1604 terra?

1096 1618 1323 1659 Suscitans
1355 1631 1381 1659 a
1412 1623 1530 1660 terra
1562 1621 1757 1672 inopem,
1782 1620 1806 1646 *
1836 1624 1880 1661 et

1045 1674 1100 1717 de
1120 1676 1317 1717 stercore
1338 1676 1509 1726 erigens
1528 1679 1786 1729 pauperem:

1098 1731 1159 1773 Ut
1187 1731 1378 1774 collocet
1406 1745 1506 1774 eum
1539 1745 1640 1774 cum
1672 1733 1877 1786 principi-

1043 1788 1141 1839 bus,
1162 1788 1186 1814 *
1215 1801 1314 1829 cum
1333 1788 1608 1842 principibus
1627 1789 1782 1842 populi
1801 1790 1878 1831 sui.

1097 1845 1182 1895 Qui
1200 1844 1399 1887 habitare
1416 1845 1520 1887 facit
1535 1845 1729 1887 sterilem
1743 1846 1787 1887 in
1803 1846 1878 1888 do-

1043 1913 1129 1951 mo,
1148 1902 1172 1927 *
1198 1906 1386 1944 matrem
1403 1902 1595 1944 filiorum
1613 1902 1847 1945 laetantem.

1094 1969 1194 2010 Ant.
1214 1971 1416 2014 Collocet
1431 1985 1531 2014 eum
1545 1972 1763 2014 Dominus
1779 1986 1878 2015 cum

1043 2027 1316 2080 principibus
1334 2029 1491 2082 populi
1510 2029 1587 2070 sui.

1095 2092 1195 2133 Ant.
1241 2093 1461 2147 Dirupisti
1500 2095 1689 2136 Domine
1726 2094 1750 2120 *
1788 2096 1876 2135 vin-

1043 2148 1142 2245 ἰπιιΙει
1160 2162 1273 2192 mea:
1298 2150 1378 2193 tibi
1403 2150 1662 2193 sacrificabo
1686 2150 1877 2191 hostiam

1060 2205 1195 2248 audis.

1308 2283 1508 2323 Psalmus
1528 2284 1608 2323 115.

1044 2340 1280 2448 Credidi,
1324 2357 1509 2405 propter
1547 2352 1667 2404 quod
1702 2352 1877 2395 locutus

1139 2421 1250 2449 sum:
1277 2409 1301 2434 *
1337 2421 1419 2459 ego
1448 2412 1595 2450 autem
1622 2408 1876 2451 humiliatus

1044 2475 1141 2505 sum
1162 2465 1303 2505 nimis.

1093 2520 1189 2571 Ego
1202 2520 1293 2562 dixi
1307 2521 1352 2561 in
1363 2521 1549 2562 excessu
1562 2522 1709 2563 meoz*
1721 2522 1875 2564 Omnis

1041 2574 1176 2618 homo
1195 2576 1397 2618 mendax.

1094 2633 1211 2682 Quid
1237 2633 1478 2675 retribuam
1505 2633 1714 2685 Domino,
1739 2635 1764 2662 *
1791 2649 1875 2688 pro

1041 2688 1255 2739 omnibus,
1285 2702 1384 2742 quae
1404 2689 1605 2733 retribuit
1623 2691 1752 2733 mihi?
