2028 2892
448 262 600 304 Lectio
620 264 675 304 iii.

146 309 349 415 Petrus
373 316 520 354 autem
546 313 656 357 dixit
680 316 738 357 ad
756 330 870 359 eum:
895 320 973 362 Pe-

240 367 368 408 cunia
397 372 473 410 tua
499 373 647 412 tecum
676 372 732 413 sit
759 373 803 414 in
830 376 973 427 perdi-

144 420 324 464 tionem:
343 425 549 475 quoniam
565 426 729 469 donum
738 429 822 471 Dei
837 432 974 473 existi-

144 478 274 519 masti
295 481 484 532 pecunia
507 484 738 535 possideri.
777 486 881 528 Non
906 493 973 537 est

143 533 224 574 tibi
250 547 373 587 pars,
400 550 544 590 neque
573 552 670 582 sors
697 541 742 582 in
769 546 972 586 sermone

142 588 242 631 isto.
286 592 373 633 Cor
400 594 516 635 enim
544 599 669 637 tuum
696 610 784 639 non
814 604 880 640 est
907 613 971 642 re-

144 649 263 687 ctum
279 660 429 690 coram
440 650 549 693 Deo.
569 652 881 696 Poenitentiam
894 658 970 698 ita-

144 714 229 754 que
248 716 329 754 age
349 705 404 747 ab
423 706 506 748 1130
524 710 721 761 nequitia
734 715 824 752 tua:
844 716 887 753 et
902 725 970 754 ro-

141 770 198 808 ga
223 759 381 811 Deum,
412 762 450 803 si
477 763 592 806 forte
619 767 866 808 remittatur
891 769 971 810 tibi

141 813 238 856 11300
267 817 475 868 cogitatio
504 820 651 862 cordis
679 822 753 863 tui.
793 824 845 864 In
870 825 969 866 felle

141 871 257 913 enim
282 874 602 926 amaritudinis,
633 882 677 919 et
700 878 969 930 obligatione

139 926 382 980 iniquitatis
406 931 536 974 video
561 937 606 974 te
631 946 738 976 esse.
772 936 968 989 Respon-

140 982 249 1025 dens
275 991 422 1028 autem
447 988 615 1040 Simon,
653 990 778 1033 dixit:
813 993 968 1035 Preca-

138 1039 245 1081 mini
262 1054 342 1083 vos
365 1056 447 1095 pro
470 1057 542 1086 me
562 1046 619 1088 ad
638 1047 892 1099 Dominum,
919 1055 968 1092 ut

138 1095 245 1137 nihil
263 1099 410 1141 veniat
428 1113 561 1153 super
579 1116 649 1144 me
668 1104 842 1155 horum,
868 1119 967 1158 quae

139 1151 321 1196 dixistis.

187 1211 253 1252 Te
271 1211 417 1254 Deum
434 1213 676 1258 laudamus.
695 1218 754 1258 15.

186 1277 259 1318 Ad
291 1277 453 1320 Bened.
499 1281 599 1322 Ant.
653 1281 879 1325 Venerunt
910 1284 966 1325 ad

135 1334 469 1375 monumentum
487 1336 512 1363 *
530 1336 669 1378 Maria
693 1338 965 1390 Magdalene,

135 1391 194 1483 01111
195 1387 334 1496 3113ξὲ3
343 1390 492 1441 Maria,
507 1391 658 1435 videre
672 1396 964 1447 sepulchrum,

183 1505 247 1539 Ad
269 1505 481 1550 Vesperas,
515 1508 591 1542 nisi
615 1513 791 1544 occurrat
819 1510 959 1544 festum

131 1552 173 1586 ix
195 1553 437 1598 Lectionum,
470 1566 492 1590 a
522 1556 645 1600 Capit.
675 1558 716 1592 fit
745 1558 791 1592 de
821 1558 856 1593 S.
881 1559 958 1593 Ma-

130 1601 190 1635 ria
213 1602 253 1636 in
277 1602 460 1639 Sabbato.

406 1700 434 1737 S
453 1712 479 1737 a
495 1703 522 1738 b
539 1703 565 1739 b
585 1715 611 1740 a
626 1708 643 1740 't
660 1716 697 1741 0.

227 1761 295 1801 De
322 1760 509 1804 Actibus
536 1763 868 1816 Apostolorum.

150 1927 236 1978 9ῐᾲῖῖῘὲ
265 1943 400 1992 53103,
419 1943 595 1985 1101111110
610 1944 848 1995 Cornelius,
864 1959 959 1988 cen-

132 1996 249 2037 turio
269 1998 475 2049 cohortis,
500 2013 598 2052 quae
619 2000 777 2042 dicitur
795 2002 960 2052 Italica,

132 2052 364 2103 religiosus
400 2068 452 2096 30
487 2056 645 2098 111110115
681 2057 825 2098 Deum
861 2071 960 2099 cum

132 2109 251 2149 omni
270 2109 403 2152 domo
422 2123 517 2162 sua,
539 2112 702 2155 faciens
722 2113 959 2166 eleemosy-

130 2177 210 2205 nas
246 2165 406 2207 multas
440 2167 576 2219 plebi,
631 2173 674 2210 01
716 2168 958 2221 deprecans

130 2221 276 2262 Deum
295 2234 483 2274 semper:
506 2224 543 2265 is
562 2224 672 2267 vidit
694 2225 738 2265 in
757 2226 853 2266 visu
871 2239 957 2267 ma-

130 2277 301 2327 nifeste,
331 2279 456 2330 quasi
480 2279 590 2321 hora
608 2280 695 2322 diei
713 2294 843 2331 nona,
870 2281 957 2322 An-

129 2333 277 2383 gelum
300 2335 386 2376 Dei
415 2335 708 2378 introeuntem
733 2337 790 2379 ad
816 2350 882 2387 se,
914 2343 958 2379 01

130 2388 349 2431 dicentem
374 2390 474 2432 sibi:
501 2391 685 2433 Corneli.
724 2394 783 2434 At
804 2393 876 2434 ille
894 2396 955 2433 in-

130 2449 259 2486 tuens
275 2459 385 2497 eum,
403 2448 561 2489 timore
576 2451 816 2502 correptuS,
834 2449 956 2491 dixit:

130 2501 246 2550 Quid
278 2507 360 2552 est,
395 2503 610 2546 Domine?
654 2505 778 2546 Dixit
809 2509 955 2546 autem

128 2555 207 2597 illi:
228 2557 462 2600 Orationes
480 2564 581 2610 tuae,
601 2565 644 2602 et
663 2561 953 2611 eleemosynae

129 2671 369 2721 conspectu
392 2671 488 2713 Dei.
521 2672 579 2714 Et
604 2685 721 2713 nunc
744 2672 868 2713 mitte
894 2672 952 2713 vi-

564 172 666 206 Infra
692 173 983 209 Hebdomadam
1006 176 1026 209 i.
1052 181 1140 218 post
1166 178 1244 211 Oct.
1269 179 1437 213 Paschae.

1783 179 1850 216 279

1026 277 1100 306 ros
1119 266 1164 306 in
1180 266 1205 307 J
1207 280 1366 320 oppen,
1386 275 1429 312 et
1447 274 1612 314 3000151
1630 275 1851 318 Simonem

1027 322 1279 373 quemdam,
1315 326 1389 377 qui
1416 331 1746 378 cognominatur
1772 333 1850 374 Pe-

1025 381 1133 418 trus:
1147 378 1219 420 1110
1233 379 1482 433 hospitatur
1498 386 1616 437 apud
1629 387 1849 430 Simonem

1027 434 1262 485 quemdam
1282 438 1530 490 coriarium,
1550 443 1669 494 cujus
1690 449 1755 485 est
1774 445 1848 486 do-

1024 502 1121 530 mus
1135 491 1255 542 juxta
1269 505 1403 535 mare:
1422 494 1493 536 hic
1513 496 1629 538 dicet
1647 499 1725 540 tibi
1744 501 1849 552 quid

1023 549 1068 586 te
1089 549 1294 598 oporteat
1312 549 1467 591 facere.
1497 552 1554 593 Et
1574 565 1671 594 cum
1690 555 1847 598 disces-

1023 603 1154 643 sisset
1173 603 1380 655 Angelus,
1402 607 1476 658 qui
1494 607 1756 660 loquebatur
1773 613 1847 663 illi,

1022 659 1198 701 vocavit
1226 659 1338 702 duos
1368 662 1634 706 domesticos
1658 679 1777 718 suos,
1805 674 1848 710 01

1022 714 1204 756 militem
1235 719 1504 760 metuentem
1530 720 1766 764 Dominum
1793 737 1847 766 ex

1021 769 1105 819 his,
1132 772 1207 822 qui
1224 772 1288 813 illi
1307 774 1532 825 parebant.
1563 777 1728 826 Quibus
1748 792 1847 822 cum

1021 828 1243 869 narrasset
1262 830 1417 880 omnia,
1436 831 1554 873 misit
1571 833 1670 875 illos
1687 835 1730 876 in
1744 836 1769 876 J
1771 849 1846 889 op-

1020 894 1118 933 pen.

1330 960 1482 1001 Lectio
1503 962 1541 1000 ii.

1019 1020 1252 1126 postera
1284 1032 1429 1070 autem
1461 1028 1531 1072 die
1563 1031 1646 1073 iter
1673 1032 1757 1073 illis
1785 1034 1842 1074 fa-

1115 1082 1348 1134 cientibus,
1382 1089 1426 1126 01
1460 1088 1843 1140 appropinquanti-

1019 1136 1102 1178 bus
1121 1138 1302 1190 civitati,
1326 1141 1523 1183 ascendit
1540 1143 1695 1184 Petrus
1714 1145 1758 1184 in
1777 1158 1842 1186 su-

1019 1194 1194 1245 periora
1213 1200 1261 1237 ut
1280 1198 1427 1238 oraret
1446 1198 1563 1239 01103
1581 1199 1735 1240 11013111
1750 1214 1843 1241 sex-

1017 1253 1119 1291 tam.
1162 1251 1220 1292 Et
1247 1265 1346 1293 cum
1374 1257 1572 1305 esuriret,
1605 1256 1744 1298 voluit
1770 1269 1843 1307 gu-

1018 1308 1145 1347 stare.
1172 1307 1434 1350 Parantibus
1452 1315 1598 1351 autem
1615 1311 1716 1361 illis,
1737 1313 1843 1354 0001-

1018 1361 1083 1403 dit
1101 1375 1234 1415 super
1253 1377 1352 1405 eum
1375 1367 1534 1407 mentis
1554 1369 1774 1409 excessus:
1800 1374 1843 1410 et

1017 1417 1126 1460 vidit
1154 1419 1314 1460 coelum
1341 1423 1558 1473 apertum,
1593 1428 1637 1464 et
1664 1423 1841 1465 descen-

1017 1472 1125 1515 dens
1149 1488 1227 1516 vas
1252 1476 1491 1528 quoddam,
1518 1478 1637 1520 velut
1661 1479 1842 1521 linteum

1015 1543 1236 1581 magnum,
1274 1534 1462 1584 quatuor
1486 1534 1619 1575 initiis
1646 1535 1843 1577 submitti

1017 1585 1072 1626 de
1097 1587 1211 1628 coelo
1239 1587 1284 1628 in
1309 1593 1488 1639 terram,
1519 1590 1563 1629 in
1597 1603 1685 1642 quo
1720 1596 1842 1632 erant

1016 1643 1161 1683 omnia
1194 1643 1514 1696 quadrupedia,
1546 1651 1590 1687 et
1621 1648 1841 1699 serpentia

1015 1702 1160 1748 terrae,
1193 1704 1236 1741 et
1265 1700 1460 1742 volatilia
1493 1701 1604 1742 coeli.
1644 1703 1701 1743 Et
1727 1703 1841 1745 facta

1016 1759 1083 1795 est
1101 1767 1188 1795 vox
1208 1755 1264 1797 ad
1284 1768 1397 1797 eum:
1415 1757 1552 1809 Surge
1570 1758 1711 1808 Petre,
1730 1762 1839 1800 occi-

1015 1809 1081 1860 de,
1102 1815 1146 1852 et
1162 1811 1389 1853 manduca.
1417 1813 1494 1855 Ait
1509 1818 1656 1855 autem
1669 1815 1840 1856 Petrus:

946 1914 960 1920 -
1013 1866 1144 1908 Absit
1193 1868 1398 1919 Domine,
1454 1870 1554 1921 quia
1603 1883 1839 1923 numquam

1013 1922 1275 1965 manducavi
1299 1937 1427 1966 omne
1451 1929 1682 1967 commane
1702 1931 1745 1968 et
1762 1927 1837 1967 im-

1012 1978 1235 2020 mundum.
1268 1980 1326 2021 Et
1350 1993 1438 2022 vox
1460 1983 1619 2022 iterum
1643 1982 1836 2023 secundo

1013 2032 1070 2074 ad
1090 2047 1202 2076 eum:
1222 2036 1353 2086 Quod
1371 2037 1492 2078 Deus
1511 2037 1769 2089 purificavit,
1788 2042 1835 2078 tu

1012 2094 1243 2133 commune
1271 2105 1326 2133 ne
1354 2091 1528 2134 dixeris.
1565 2094 1664 2134 Hoc
1690 2097 1835 2134 autem

1011 2145 1174 2187 factum
1194 2152 1261 2189 est
1278 2160 1359 2200 per
1376 2153 1456 2190 ter:
1484 2153 1528 2190 et
1551 2148 1696 2190 statim
1718 2150 1833 2189 rece-

1010 2205 1136 2253 ptum
1164 2208 1231 2244 est
1258 2216 1335 2244 vas
1362 2204 1406 2244 in
1433 2204 1602 2245 coelum.
1645 2204 1703 2244 Et
1730 2203 1833 2244 dum

1010 2257 1123 2298 intra
1142 2271 1189 2300 se
1207 2259 1430 2300 haesitaret
1447 2260 1603 2300 Petrus
1624 2259 1832 2310 quidnam

1010 2319 1127 2355 esset
1163 2315 1289 2364 visio,
1327 2327 1457 2366 quam
1490 2314 1684 2355 vidisset:
1729 2327 1831 2356 0000

1009 2368 1102 2418 17111,
1123 2370 1198 2421 qui
1215 2370 1336 2410 missi
1356 2374 1479 2410 erant
1497 2382 1523 2409 a
1539 2369 1751 2420 Cornelio,
1770 2371 1830 2411 in-

1010 2425 1230 2476 quirentes
1254 2426 1431 2466 domum
1454 2425 1658 2475 Simonis,
1685 2426 1830 2468 astite-

1008 2485 1109 2522 runt
1126 2480 1184 2522 ad
1201 2482 1384 2533 januam,

1305 2548 1455 2589 Lectio
1475 2548 1530 2587 iii.

128 2616 217 2654 tuae
243 2614 534 2657 ascenderunt
561 2617 606 2657 in
633 2616 887 2658 memoriam
910 2616 954 2656 in
996 2622 998 2626 '
1083 2619 1258 2670 periens
1282 2622 1427 2658 autem
1444 2617 1602 2659 Petrus
1623 2632 1673 2660 os
1692 2633 1826 2671 suum,

1100 2673 1223 2715 dixit:
1241 2674 1291 2714 In
1310 2673 1496 2715 veritate
1513 2675 1708 2727 comperi
1725 2676 1826 2727 quia
