2066 2956
822 180 965 214 Psalmi
991 180 1215 215 Graduales.

224 284 318 319 Post
335 284 555 319 Orationem
577 282 706 317 statim
730 283 908 316 dicuntur
930 282 997 316 alii

172 333 318 367 Psalmi
336 333 550 368 Graduales
569 332 635 375 qui
652 336 880 374 sequuntur-3
905 335 941 364 et
958 330 997 363 in

166 381 481 461 ggericujuslibet
511 380 655 415 Psalmi
689 379 828 414 dicitur
858 378 990 413 Gloria

434 471 632 513 Psalmus
653 473 738 513 129.

173 534 180 535 ’
360 529 588 583 profundis
630 530 814 572 clamavi
854 530 911 572 ad
946 535 990 571 te

202 587 289 646 ,ις’ἶᾘ
320 587 524 629 Domine:
556 589 580 614 ¹⁸¹
613 587 800 628 Domine
832 586 990 628 exaadi

202 651 204 654 ’
236 663 289 666 μ
322 656 477 686 vocem
494 656 651 685 meam:

218 701 344 743 Fiant
377 712 503 742 aures
532 705 620 742 tuae
647 699 939 749 intendentes,
967 700 991 726 *

166 757 210 797 in
228 770 382 798 vocem
402 756 725 810 deprecationis
743 769 864 798 meae.

218 814 263 855 Si
291 813 542 866 iniquitates
574 813 875 855 observaveris
902 812 990 852 Do-

166 870 295 911 mine:
311 870 335 896 *
353 870 541 911 Domine
562 869 658 922 quis
678 867 931 911 sustinebit?

218 926 330 976 Quia
357 925 475 979 apud
502 931 546 968 te
572 926 828 979 propitiatio
858 930 940 967 est:
968 926 991 952 *

167 986 212 1023 et
233 987 416 1035 propter
439 982 582 1034 legem
603 987 724 1024 tuam
741 982 925 1024 sustinui
947 987 991 1023 te

166 1038 364 1080 Domine.

218 1095 430 1137 Sustinuit
467 1095 611 1136 anima
645 1107 744 1136 mea
776 1095 820 1136 in
853 1095 990 1136 verbo

168 1152 270 1216 ejus:
289 1153 313 1179 *
331 1151 525 1205 speravit
550 1151 693 1193 anima
717 1164 816 1193 mea
837 1152 881 1192 in
903 1152 991 1193 Do-

166 1221 296 1250 mmo.

217 1265 259 1306 A
292 1264 494 1307 custodia
524 1267 737 1307 matutina
767 1278 907 1318 usque
935 1265 992 1307 ad

165 1326 355 1363 noctem:
370 1323 394 1349 *
409 1327 557 1374 speret
575 1322 713 1363 Israel
732 1322 775 1362 in
789 1322 991 1364 Domino.

218 1378 330 1428 Quia
355 1377 473 1430 apud
490 1378 726 1420 Dominum
748 1378 990 1420 misericor-

167 1432 253 1475 dia:
281 1435 305 1460 *
333 1438 376 1476 et
408 1434 589 1487 copiosa
621 1434 740 1488 apud
770 1447 869 1476 eum
895 1435 990 1477 red-

167 1491 342 1544 emptio.

217 1547 275 1590 Et
288 1548 383 1601 ipse
399 1548 583 1591 redimet
594 1547 743 1598 Isra'el,
758 1548 781 1573 *
797 1561 851 1590 ex
866 1549 993 1590 omni-

166 1603 249 1645 bus
267 1604 570 1657 iniquitatibus
590 1605 691 1657 ejus.

220 1660 522 1703 GloriaPatri.

429 1731 627 1772 Psalmus
648 1734 739 1773 130.

265 1791 410 1833 omine
436 1804 525 1834 non
553 1796 619 1834 est
650 1791 890 1834 exaltatum
917 1805 992 1834 cor

239 1904 248 1913 ι
268 1861 428 1890 meum:
442 1849 466 1876 *
481 1861 623 1902 neque
643 1849 746 1891 elati
761 1853 861 1890 sunt
877 1849 991 1890 oculi

165 1916 262 1945 me1.

216 1960 372 2012 Neque
391 1961 612 2003 ambulavi
629 1962 672 2002 in
686 1961 867 2012 magnis:
881 1962 905 1989 *
920 1974 989 2003 ne-

168 2028 253 2068 que
271 2017 315 2057 in
333 2017 604 2060 mirabilibus
623 2031 756 2071 super
772 2031 854 2060 me.

218 2073 264 2114 Si
300 2086 388 2115 non
422 2073 641 2117 humiliter
677 2074 935 2116 sentiebam:
967 2075 991 2101 *

167 2128 247 2171 sed
267 2129 455 2172 exaltavi
473 2131 662 2172 animam
680 2144 838 2172 meam:

217 2186 338 2227 Sicut
356 2186 598 2229 ablactatus
618 2192 685 2229 est
704 2200 836 2240 super
851 2191 991 2228 matre

167 2254 260 2291 sua,
279 2243 302 2267 *
320 2243 381 2284 ita
405 2243 634 2286 retributio
653 2243 697 2284 in
721 2244 865 2284 anima
883 2255 991 2284 mea.

218 2301 374 2353 Speret
407 2300 544 2342 Israel
576 2300 619 2341 in
651 2300 857 2349 Domino,
885 2300 909 2326 *
937 2314 991 2342 ex

167 2356 252 2398 hoc
268 2370 384 2398 nunc
401 2361 445 2398 et
464 2370 602 2409 usque
620 2357 663 2398 in
682 2357 900 2399 saeculum.

219 2412 371 2455 Gloria
389 2413 518 2455 Patri.

439 2477 632 2517 Psalmus
653 2478 730 2517 131.

171 2530 448 2635 Memento
479 2539 668 2581 Domine
699 2539 860 2589 David,
891 2540 915 2565 *
947 2544 991 2581 et

297 2597 436 2637 omnis
464 2595 807 2638 mansuetudinis
836 2597 939 2647 ejus:

219 2651 339 2693 Sicut
371 2653 529 2704 juravit
555 2653 762 2702 Domino,
791 2654 814 2678 *
841 2657 991 2693 votum

170 2707 289 2749 vovit
309 2708 406 2750 Deo
425 2709 580 2751 Jacob:
986 2722 988 2726 ’

321 2849 384 2874 Pars
400 2849 493 2874 Verna-

1775 178 1868 222 [197]

1093 279 1140 321 Si
1158 279 1367 320 introiero
1386 277 1431 318 in
1448 273 1779 318 tabernaculum
1793 273 1868 315 do-

1041 349 1138 377 mus
1157 347 1280 384 meae,
1295 335 1319 360 *
1335 334 1371 375 si
1391 331 1632 374 ascendero
1647 331 1691 372 in
1707 330 1870 372 lectum

1043 391 1167 434 strati
1185 391 1284 432 mei:

1093 453 1138 495 Si
1167 451 1332 494 dedero
1361 463 1561 492 somnum
1590 448 1727 490 oculis
1750 447 1870 498 meis,

1042 510 1065 535 *
1099 514 1143 551 et
1182 507 1409 562 palpebris
1450 506 1559 547 meis
1602 504 1869 547 dormitatio-

1042 579 1156 607 nem:

1094 626 1152 668 Et
1192 625 1389 677 requiem
1431 622 1704 676 temporibus
1745 621 1871 663 meis:

1045 682 1186 724 donec
1210 682 1427 723 inveniam
1450 680 1596 722 locum
1620 679 1829 729 Domino,
1847 679 1871 704 *

1043 738 1374 781 tabernaculum
1397 738 1495 778 Deo
1515 736 1665 778 Jacob.

1094 801 1212 842 Ecce
1227 798 1472 841 audivimus
1490 811 1586 839 eam
1603 798 1647 838 in
1662 797 1871 850 Ephrata:

1043 857 1329 898 *invenimus
1354 869 1450 897 eam
1474 855 1517 895 in
1543 855 1710 907 campis
1737 853 1871 895 silvae.

1095 917 1379 959 Introibimus
1438 916 1482 956 in
1540 914 1870 957 tabernaculum

1046 976 1151 1027 ejus:
1184 976 1208 1002 *
1242 973 1525 1016 adorabimus
1562 973 1605 1013 in
1642 971 1758 1022 loco,
1797 970 1872 1012 ubi

1046 1033 1261 1073 steterunt
1278 1029 1416 1083 pedes
1435 1030 1537 1081 ejus.

1096 1092 1235 1143 Surge
1253 1091 1442 1132 Domine
1461 1090 1504 1130 in
1526 1088 1722 1141 requiem
1741 1092 1871 1138 tuam,

1043 1149 1067 1175 *
1085 1153 1133 1190 tu
1153 1153 1196 1190 et
1215 1161 1317 1190 arca
1336 1145 1694 1188 sanctificationis
1713 1149 1812 1186 tuae.

1094 1208 1357 1250 Sacerdotes
1392 1207 1456 1249 tui
1488 1205 1723 1248 induantur
1756 1206 1871 1257 justi-

1043 1265 1163 1307 tiam:
1182 1266 1205 1291 *
1226 1270 1269 1307 et
1289 1265 1427 1306 sancti
1445 1264 1510 1305 tui
1530 1262 1761 1305 exsultent.

1094 1326 1284 1379 Propter
1306 1324 1451 1367 David
1479 1337 1654 1365 servum
1681 1327 1820 1372 tuum,
1848 1323 1872 1349 *

1043 1395 1130 1424 non
1150 1384 1322 1424 avertas
1342 1382 1497 1423 faciem
1516 1379 1677 1422 Christi
1695 1379 1769 1421 tui.

1095 1444 1265 1485 Juravit
1291 1443 1505 1484 Dominus
1538 1440 1683 1482 David
1716 1439 1870 1481 verita-

1043 1505 1147 1549 tem,
1172 1505 1216 1542 et
1238 1513 1327 1542 non
1345 1498 1624 1541 frustrabitur
1642 1510 1753 1539 eam:
1774 1497 1797 1523 *
1817 1495 1872 1537 de

1043 1557 1187 1598 fructu
1205 1556 1370 1598 ventris
1389 1556 1453 1597 tui
1475 1568 1637 1608 ponam
1656 1566 1787 1606 super
1808 1565 1871 1594 se-

1045 1612 1145 1655 dem
1164 1618 1294 1654 tuam.

1095 1674 1141 1715 Si
1161 1672 1448 1715 custodierint
1467 1672 1545 1713 filii
1563 1670 1627 1713 tui
1641 1670 1871 1712 testamen-

1043 1734 1136 1772 tum
1169 1743 1331 1780 meum,
1359 1730 1383 1755 *
1412 1734 1456 1771 et
1492 1727 1742 1770 testimonia
1775 1739 1872 1768 mea

1042 1786 1149 1837 haec,
1170 1800 1270 1839 quae
1289 1786 1460 1828 docebo
1481 1798 1571 1827 eos:

1096 1848 1153 1889 Et
1170 1848 1249 1888 filii
1267 1849 1420 1889 eorum
1439 1859 1579 1899 usque
1593 1845 1637 1885 in
1652 1843 1870 1893 saeculum,

1043 1903 1067 1929 *
1087 1902 1301 1946 sedebunt
1321 1915 1453 1956 super
1473 1902 1624 1944 sedem
1642 1906 1772 1942 tuam.

1095 1964 1312 2015 Quoniam
1330 1963 1461 2015 elegit
1477 1962 1692 2004 Dominus
1713 1961 1831 2002 Sion:
1846 1960 1869 1986 *

1044 2020 1174 2072 elegit
1193 2034 1289 2062 eam
1307 2020 1351 2061 in
1369 2019 1684 2061 habitationem
1703 2016 1795 2058 sibi.

1093 2083 1204 2124 Haec
1239 2082 1413 2134 requies
1448 2094 1547 2122 mea
1582 2080 1625 2120 in
1661 2078 1870 2119 saeculum

1043 2139 1206 2180 saeculi:
1242 2139 1266 2165 *
1303 2138 1376 2180 hic
1415 2136 1623 2180 habitabo
1665 2134 1869 2186 quoniam

1044 2195 1156 2246 elegi
1175 2208 1282 2237 eam.

1093 2255 1285 2297 Viduam
1320 2255 1410 2307 ejus
1443 2251 1706 2295 benedicens
1739 2251 1868 2293 bene-

1043 2310 1200 2353 dicam:
1226 2313 1250 2339 *
1282 2314 1500 2364 paaperes
1535 2309 1625 2360 ejus
1659 2307 1868 2350 saturabo

1041 2367 1239 2420 panibus.

1093 2423 1355 2465 Sacerdotes
1375 2423 1464 2474 ejus
1481 2419 1659 2462 induam
1674 2420 1869 2461 salutari:

1042 2481 1066 2507 *
1084 2485 1128 2522 et
1148 2480 1287 2521 sancti
1309 2480 1400 2531 ejus
1419 2477 1708 2520 exsultatione
1727 2476 1867 2518 exsul-

1041 2536 1206 2578 tabunt.

1092 2597 1202 2638 Illuc
1229 2595 1473 2648 producam
1500 2606 1637 2635 cornu
1664 2593 1824 2644 David,
1843 2595 1867 2621 *

1041 2653 1195 2705 paravi
1213 2652 1435 2693 lucernam
1455 2650 1629 2692 Christo
1648 2663 1760 2692 meo.

1093 2709 1299 2750 Inimicos
1310 2708 1400 2759 ejus
1410 2706 1589 2749 induam
1600 2706 1868 2749 confusione:

1606 2836 1661 2869 N*
