2066 2904
620 143 830 177 Commune
857 142 1104 176 Confessoris
1130 153 1205 176 non
1231 143 1440 176 I'ontificis.

173 242 248 284 illo
267 243 407 292 Deus,
433 246 477 283 et
503 252 638 292 quare
658 239 864 280 munierit
883 238 1004 279 illum

172 299 399 339 Dominus.
418 296 646 339 Videbunt
665 300 709 336 et
723 296 1004 336 contemnent

175 368 291 396 eum:
313 354 412 395 illos
438 358 585 394 autem
607 351 824 393 Dominus
852 350 1003 392 irride-

173 410 250 452 bit.
280 411 339 451 Et
363 414 490 450 erunt
510 413 614 461 post
631 408 727 448 haee
747 406 1003 448 decidentes

173 467 265 507 sine
280 466 460 516 honore,
480 470 524 506 et
542 465 586 505 in
605 462 871 505 contumelia
890 463 1004 504 inter

173 524 373 564 mortuos
405 522 449 562 in
480 522 759 573 perpetuum:
797 520 1003 571 quoniam

174 578 420 630 disrumpet
442 577 543 618 illos
567 577 744 617 inflatos
765 575 858 616 sine
882 588 1002 625 voce,
1061 580 1100 622 ,52³3

174 639 219 675 et
246 633 542 684 commovebit
570 632 668 673 illos
697 645 722 673 a
749 630 1002 672 fundamen-

172 690 241 739 tis,
262 695 306 731 et
323 702 464 741 usque
483 688 540 730 ad
561 689 814 741 supremum
835 686 1003 728 desola-

172 745 347 787 buntur.

223 811 275 862 R.
315 810 467 851 Justus
504 808 767 859 germinabit
808 809 921 850 sicut
957 808 1003 848 li-

174 865 294 907 lium:
326 866 351 890 *
390 866 448 907 Et
489 864 664 906 florebit
705 865 751 905 in
792 866 1004 906 aeternum

174 926 275 964 ante
300 922 427 962 Dfim.
459 917 511 969 V.
540 921 768 962 Plantatus
796 921 842 961 in
870 922 1003 962 domo

172 977 269 1028 Dfii,
289 977 334 1018 in
349 977 470 1019 atriis
486 977 643 1019 domus
658 977 743 1018 Dei
757 977 908 1018 nostri.
935 977 1003 1018 Et.

222 1038 386 1080 Bened.
419 1037 608 1090 Spiritus
628 1037 769 1078 sancti
789 1037 943 1087 gratia.

469 1116 623 1157 Lectio
644 1118 698 1157 iii.

255 1189 274 1226 t
300 1189 427 1226 erunt
451 1185 694 1235 gementes,
723 1188 766 1225 et
791 1186 1004 1226 memoria

266 1241 443 1282 illorum
462 1240 633 1293 peribit.
660 1240 852 1282 Venient
870 1242 914 1282 in
932 1254 1002 1282 co-

172 1297 383 1349 gitatione
418 1298 704 1349 peccatorum
739 1299 921 1338 suorum
952 1301 1002 1339 ti-

171 1353 289 1403 midi,
310 1358 353 1395 et
369 1353 604 1395 traducent
620 1352 721 1394 illos
742 1365 796 1393 ex
812 1353 1002 1395 adverso

172 1410 426 1461 iniquitates
445 1409 654 1461 ipsorum.
681 1408 806 1449 Tunc
824 1409 1003 1451 stabunt

172 1466 274 1517 justi
305 1466 350 1506 in
382 1478 540 1516 magna
574 1466 823 1506 constantia
850 1465 1002 1507 adver-

172 1535 246 1563 sus
273 1534 349 1563 eos
377 1522 451 1574 qui
477 1534 524 1563 se
554 1521 928 1572 angustiaverunt,
960 1527 1003 1564 et

173 1578 247 1630 qui
262 1577 536 1619 abstulerunt
550 1577 727 1618 labores
745 1579 908 1618 eorum.
927 1579 1001 1620 Vi-

172 1633 325 1675 dentes
353 1633 648 1676 turbabuntur
678 1634 837 1675 timore
865 1633 1001 1675 horri-

171 1689 265 1740 bili,
293 1695 337 1732 et
363 1689 640 1731 mirabuntur
665 1690 709 1730 in
735 1689 1001 1732 subitatione

170 1746 408 1799 insperatae
446 1746 617 1795 salutis,
657 1745 854 1787 dicentes
887 1746 1001 1788 intra

171 1815 236 1852 se,
269 1803 575 1856 poenitentiam
602 1804 799 1853 agentes,
834 1807 878 1844 et
906 1817 1000 1856 prae

171 1859 372 1911 angustia
386 1859 566 1912 spiritus
577 1860 816 1910 gementes:
830 1859 889 1899 Hi
901 1865 1002 1901 sunt

173 1927 284 1966 quos
307 1914 540 1956 habuimus
563 1914 799 1966 aliquando
822 1915 866 1955 in
891 1915 1000 1956 deri-

172 1983 270 2011 sum
294 1975 337 2012 et
362 1971 406 2012 in
430 1970 758 2012 similitudinem
781 1971 1000 2024 imprope-

171 2026 233 2067 rii.
255 2026 350 2068 Nos
369 2027 580 2068 insensati
598 2026 734 2068 vitam
751 2026 927 2068 illorum
946 2041 1001 2069 ae-

172 2082 458 2124 stimabamus
476 2083 704 2131 insaniam,
731 2087 775 2123 et
798 2082 930 2124 finem
954 2083 1000 2124 il-

170 2138 314 2180 lorum
333 2139 426 2180 sine
444 2138 631 2179 honore:
652 2151 755 2179 ecce
777 2139 1000 2190 quomodo

172 2195 415 2247 computati
438 2199 539 2235 sunt
562 2195 676 2236 inter
695 2194 810 2235 filios
829 2195 929 2245 Dei,
958 2201 1002 2238 et

171 2251 283 2292 inter
303 2255 480 2292 sanctos
501 2263 599 2292 sors
617 2249 793 2290 illorum
812 2255 891 2292 est.

223 2313 274 2365 R.
302 2312 394 2352 Iste
414 2310 622 2362 cognovit
640 2311 858 2361 justitiam,
879 2316 924 2352 et
941 2312 1001 2353 vi-

173 2367 237 2408 dit
266 2367 483 2408 mirabilia
512 2380 688 2420 magna,
726 2372 770 2408 et
803 2368 1002 2409 exoravit

171 2422 462 2464 Altissimum:
487 2426 509 2449 *
541 2423 599 2463 Et
626 2423 830 2464 inventus
863 2428 930 2464 est
957 2424 1002 2464 in

171 2481 354 2520 numero
373 2481 636 2520 sanctorum.
663 2475 714 2527 V.
733 2479 824 2519 Iste
843 2484 910 2520 est
927 2480 1002 2530 qui

173 2535 439 2587 contempsit
465 2535 601 2576 vitam
624 2534 793 2584 mundi,
833 2540 877 2575 et
904 2548 1000 2587 per·
1048 2549 1053 2552 ’

173 2590 291 2631 venit
305 2590 362 2631 ad
377 2590 576 2632 coelestia
589 2603 734 2641 regna.
756 2591 824 2631 Et.
848 2590 1002 2632 Gloria

172 2645 304 2686 Patri.
329 2646 398 2688 Et.

1281 240 1329 278 In
1357 241 1407 279 II.
1436 242 1660 282 Nocturno.

1110 301 1209 340 Ant.
1229 300 1517 340 Invocantem
1533 298 1759 339 exaudivit
1769 298 1792 323 *
1802 299 1890 339 Do-

1056 355 1200 396 minus
1216 359 1415 396 sanctum
1431 367 1569 404 suum,
1586 355 1803 395 Dominus
1820 367 1891 396 ex-

1057 411 1226 453 audivit
1253 424 1370 460 eum,
1395 415 1439 452 et
1463 411 1694 452 constituit
1721 423 1821 452 eum
1847 411 1891 451 in

1056 480 1177 519 pace.

1343 517 1543 557 Psalmus
1566 520 1602 557 4.

1281 571 1534 611 invocarem
1567 570 1792 611 exaudivit
1819 583 1890 611 me

1061 622 1169 686 κῃ
1188 628 1310 668 Deus
1338 626 1514 678 justitiae
1536 638 1664 666 meae:
1692 627 1715 651 *
1744 626 1788 666 in
1816 627 1890 667 tri-

1061 681 1136 708 ³³2³³2³³
1188 683 1414 725 bulatione
1435 682 1630 723 dilatasti
1648 681 1766 721 mihi.

1109 741 1319 781 Miserere
1346 739 1453 788 mei,
1482 739 1505 763 *
1535 742 1578 779 et
1608 737 1767 779 exaudi
1797 750 1890 778 ora-

1057 797 1223 838 tionem
1242 808 1397 836 meam.

1108 852 1209 893 Filii
1240 851 1467 892 hominum
1501 853 1735 901 usquequo
1768 850 1891 899 gravi

1058 906 1216 950 corde?
1245 908 1268 933 *
1297 912 1345 948 ut
1375 906 1482 958 quid
1515 905 1698 955 diligitis
1726 906 1891 946 vanita-

1056 969 1158 1014 tem,
1179 969 1223 1005 et
1245 963 1442 1015 quaeritis
1461 961 1760 1003 mendacium?

1108 1021 1165 1061 Et
1198 1020 1358 1061 scitote
1397 1018 1607 1069 queniam
1639 1018 1892 1058 mirificavit

1055 1076 1273 1117 Dominus
1300 1079 1500 1116 sanctum
1525 1087 1666 1114 suum:
1692 1075 1715 1099 *
1742 1074 1891 1114 Domi-

1056 1146 1138 1173 nus
1167 1131 1376 1173 exaudiet
1407 1143 1478 1171 me
1513 1143 1613 1171 curn
1641 1130 1891 1170 clamavero

1057 1188 1113 1230 ad
1134 1201 1245 1230 eum.

1108 1245 1371 1294 Irascimini,
1402 1248 1445 1285 et
1473 1242 1608 1283 nolite
1636 1244 1843 1294 peccare:
1868 1242 1891 1267 *

1058 1314 1157 1352 quae
1177 1301 1323 1342 dicitis
1347 1301 1391 1341 in
1412 1298 1621 1341 cordibus
1641 1299 1820 1347 vestris,
1847 1298 1890 1338 in

1056 1357 1274 1398 cubilibus
1292 1357 1453 1398 vestris
1474 1355 1831 1406 compungimini.

1107 1413 1363 1454 Sacrificate
1399 1411 1665 1453 sacrificium
1702 1411 1891 1462 justitiae,

1057 1473 1101 1510 et
1127 1471 1303 1521 sperate
1328 1469 1372 1509 in
1396 1467 1605 1509 Domino:
1629 1468 1653 1493 *
1677 1466 1803 1507 multi
1830 1466 1890 1507 di-

1056 1530 1177 1566 cunt:
1206 1525 1314 1575 Quis
1334 1524 1529 1566 ostendit
1548 1522 1678 1564 nobis
1698 1522 1837 1564 bona?

1106 1581 1335 1632 Signatum
1372 1585 1440 1622 est
1473 1592 1605 1632 super
1633 1591 1714 1620 nos
1743 1579 1890 1620 lumen

1055 1637 1202 1678 vultus
1230 1638 1294 1678 tui
1322 1637 1529 1678 Domine:
1548 1638 1572 1663 *
1592 1635 1755 1677 dedisti
1783 1635 1890 1676 laeti-

1054 1693 1162 1734 tiam
1180 1694 1225 1734 in
1245 1693 1381 1734 corde
1400 1705 1512 1733 meo.

1105 1750 1147 1790 A
1172 1750 1318 1791 fructu
1343 1748 1566 1797 frumenti,
1595 1747 1702 1797 vini,
1730 1752 1773 1789 et
1801 1747 1888 1789 olei

1055 1805 1122 1846 sui
1139 1807 1163 1833 *
1178 1805 1461 1858 multiplicati
1482 1809 1592 1845 sunt.

1108 1862 1160 1902 In
1184 1874 1296 1914 pace
1321 1862 1366 1902 in
1392 1860 1586 1913 idipsum
1609 1860 1632 1885 *
1659 1859 1887 1909 dormiam,

1055 1921 1099 1958 et
1117 1918 1407 1969 requiescam3

1107 1974 1327 2023 Quoniam
1340 1979 1389 2014 tu
1399 1973 1590 2014 Domine
1607 1971 1887 2022 singulariter

1054 2029 1100 2069 in
1119 2042 1199 2082 spe
1218 2031 1242 2057 *
1262 2029 1531 2071 constituisti
1549 2041 1630 2069 me.

1107 2082 1208 2125 Ant.
1236 2086 1525 2126 Invocantem
1550 2083 1774 2125 exaudivit
1793 2083 1887 2123 Dfis

1054 2145 1254 2183 sanctum
1269 2155 1406 2191 suum,
1426 2141 1644 2181 Dominus
1660 2138 1886 2181 exaudivit

1055 2209 1165 2247 eum,
1185 2202 1229 2239 et
1248 2197 1476 2239 constituit
1496 2209 1596 2236 eum
1616 2195 1659 2235 in
1679 2207 1801 2247 pace.

1106 2251 1207 2291 Ant.
1225 2253 1453 2294 Laetentur
1472 2264 1636 2300 omneS,
1652 2251 1675 2276 *
1695 2251 1770 2302 qui
1791 2263 1885 2303 spe-

1053 2314 1152 2350 rant
1170 2309 1215 2349 in
1234 2314 1279 2350 te
1293 2309 1498 2350 Domine:
1518 2307 1726 2358 quoni-am
1744 2311 1793 2348 tu
1812 2306 1885 2349 be-

1052 2364 1261 2406 nedixisti
1280 2366 1412 2416 justo,
1439 2368 1565 2404 scuto
1584 2362 1716 2404 bonae
1735 2362 1884 2404 volun·
1907 2406 1909 2409 Α

1053 2421 1157 2461 tatis
1176 2426 1266 2462 tuae
1285 2419 1510 2461 coronasti
1529 2431 1638 2459 eum.

1339 2481 1538 2522 Psalmus
1561 2483 1599 2522 5.

1146 2534 1251 2576 erba
1273 2543 1380 2576 mea
1395 2534 1574 2575 alitibus
1597 2533 1777 2586 percipe
1796 2535 1884 2575 Do-

1163 2591 1295 2640 mine,
1340 2592 1364 2618 *
1410 2589 1604 2641 intellige
1647 2589 1885 2632 clamorem

1052 2659 1210 2688 meum.
