<?xml version="1.0" encoding="UTF-8"?>
<!DOCTYPE html PUBLIC "-//W3C//DTD XHTML 1.0 Transitional//EN"
    "http://www.w3.org/TR/xhtml1/DTD/xhtml1-transitional.dtd">
<html xmlns="http://www.w3.org/1999/xhtml" xml:lang="en" lang="en">
 <head>
  <title>
</title>
<meta http-equiv="Content-Type" content="text/html;charset=utf-8" />
  <meta name='ocr-system' content='tesseract 3.04.00' />
  <meta name='ocr-capabilities' content='ocr_page ocr_carea ocr_par ocr_line ocrx_word'/>
</head>
<body>
  <div class='ocr_page' id='page_1' title='image "./p2breviariumroma00cathuoft_0054.png"; bbox 0 0 2028 2892; ppageno 0'>
   <div class='ocr_carea' id='block_1_1' title="bbox 511 180 1571 226">
    <p class='ocr_par' dir='ltr' id='par_1_1' title="bbox 511 180 1571 226">
     <span class='ocr_line' id='line_1_1' title="bbox 511 180 1571 226; baseline -0.014 0"><span class='ocrx_word' id='word_1_1' title='bbox 511 194 545 226; x_wconf 84' lang='lat' dir='ltr'>ln</span> <span class='ocrx_word' id='word_1_2' title='bbox 574 192 690 225; x_wconf 76' lang='lat' dir='ltr'>icriali</span> <span class='ocrx_word' id='word_1_3' title='bbox 718 190 852 222; x_wconf 63' lang='lat' dir='ltr'>‹mich›</span> <span class='ocrx_word' id='word_1_4' title='bbox 878 188 923 221; x_wconf 71' lang='lat' dir='ltr'>ad</span> <span class='ocrx_word' id='word_1_5' title='bbox 954 187 1112 219; x_wconf 73' lang='lat' dir='ltr'>I&#39;rimam</span> <span class='ocrx_word' id='word_1_6' title='bbox 1137 190 1254 218; x_wconf 69' lang='lat' dir='ltr'>(extra</span> <span class='ocrx_word' id='word_1_7' title='bbox 1283 188 1393 224; x_wconf 65' lang='lat' dir='ltr'>temp.</span> <span class='ocrx_word' id='word_1_8' title='bbox 1420 180 1571 224; x_wconf 48' lang='lat' dir='ltr'>pasch).</span> 
     </span>
    </p>
   </div>
   <div class='ocr_carea' id='block_1_2' title="bbox 195 281 1019 2392">
    <p class='ocr_par' dir='ltr' id='par_1_2' title="bbox 201 281 1010 397">
     <span class='ocr_line' id='line_1_2' title="bbox 255 281 1010 341; baseline -0.009 -14"><span class='ocrx_word' id='word_1_9' title='bbox 255 288 380 341; x_wconf 70' lang='lat' dir='ltr'>Kyrie</span> <span class='ocrx_word' id='word_1_10' title='bbox 417 286 588 328; x_wconf 91' lang='lat' dir='ltr'>eleison.</span> <span class='ocrx_word' id='word_1_11' title='bbox 629 283 801 324; x_wconf 67' lang='lat' dir='ltr'>Christe</span> <span class='ocrx_word' id='word_1_12' title='bbox 838 281 1010 323; x_wconf 88' lang='lat' dir='ltr'>eleison.</span> 
     </span>
     <span class='ocr_line' id='line_1_3' title="bbox 201 339 522 397; baseline -0.012 -11"><span class='ocrx_word' id='word_1_13' title='bbox 201 339 331 397; x_wconf 68' lang='lat' dir='ltr'>Kyrie</span> <span class='ocrx_word' id='word_1_14' title='bbox 351 343 522 385; x_wconf 87' lang='lat' dir='ltr'>eleison.</span> 
     </span>
    </p>

    <p class='ocr_par' dir='ltr' id='par_1_3' title="bbox 259 401 747 442">
     <span class='ocr_line' id='line_1_4' title="bbox 259 401 747 442; baseline -0.016 0"><span class='ocrx_word' id='word_1_15' title='bbox 259 401 377 442; x_wconf 83' lang='lat' dir='ltr'>l&#39;ater</span> <span class='ocrx_word' id='word_1_16' title='bbox 396 404 554 440; x_wconf 88' lang='lat' dir='ltr'>noster.</span> <span class='ocrx_word' id='word_1_17' title='bbox 570 405 747 439; x_wconf 58' lang='lat' dir='ltr'>sec-rem.</span> 
     </span>
    </p>

    <p class='ocr_par' dir='ltr' id='par_1_4' title="bbox 197 449 1009 564">
     <span class='ocr_line' id='line_1_5' title="bbox 252 449 1009 500; baseline -0.015 0"><span class='ocrx_word' id='word_1_18' title='bbox 252 451 295 500; x_wconf 57' lang='grc' dir='ltr'>ΧΠ</span> <span class='ocrx_word' id='word_1_19' title='bbox 318 457 373 497; x_wconf 89' lang='lat' dir='ltr'>Et</span> <span class='ocrx_word' id='word_1_20' title='bbox 390 468 444 497; x_wconf 90' lang='lat' dir='ltr'>ne</span> <span class='ocrx_word' id='word_1_21' title='bbox 463 467 543 496; x_wconf 92' lang='lat' dir='ltr'>nos</span> <span class='ocrx_word' id='word_1_22' title='bbox 561 452 740 494; x_wconf 82' lang='lat' dir='ltr'>inducas</span> <span class='ocrx_word' id='word_1_23' title='bbox 754 452 797 492; x_wconf 93' lang='lat' dir='ltr'>in</span> <span class='ocrx_word' id='word_1_24' title='bbox 812 449 1009 492; x_wconf 82' lang='lat' dir='ltr'>tentatio-</span> 
     </span>
     <span class='ocr_line' id='line_1_6' title="bbox 197 506 926 564; baseline -0.011 -10"><span class='ocrx_word' id='word_1_25' title='bbox 197 525 306 554; x_wconf 91' lang='lat' dir='ltr'>nem.</span> <span class='ocrx_word' id='word_1_26' title='bbox 335 515 379 564; x_wconf 55' lang='lat' dir='ltr'>Ra</span> <span class='ocrx_word' id='word_1_27' title='bbox 400 510 486 553; x_wconf 87' lang='lat' dir='ltr'>Sed</span> <span class='ocrx_word' id='word_1_28' title='bbox 505 510 639 552; x_wconf 90' lang='lat' dir='ltr'>libera</span> <span class='ocrx_word' id='word_1_29' title='bbox 658 521 737 550; x_wconf 92' lang='lat' dir='ltr'>nos</span> <span class='ocrx_word' id='word_1_30' title='bbox 757 520 782 548; x_wconf 87' lang='lat' dir='ltr'>a</span> <span class='ocrx_word' id='word_1_31' title='bbox 799 506 926 547; x_wconf 90' lang='lat' dir='ltr'>malo.</span> 
     </span>
    </p>

    <p class='ocr_par' dir='ltr' id='par_1_5' title="bbox 197 566 1012 960">
     <span class='ocr_line' id='line_1_7' title="bbox 251 566 1010 625; baseline -0.008 -13"><span class='ocrx_word' id='word_1_32' title='bbox 251 571 295 620; x_wconf 62' lang='lat' dir='ltr'>Y.</span> <span class='ocrx_word' id='word_1_33' title='bbox 329 573 514 625; x_wconf 86' lang='lat' dir='ltr'>Respice</span> <span class='ocrx_word' id='word_1_34' title='bbox 547 572 588 611; x_wconf 92' lang='lat' dir='ltr'>in</span> <span class='ocrx_word' id='word_1_35' title='bbox 621 582 771 611; x_wconf 83' lang='lat' dir='ltr'>servos</span> <span class='ocrx_word' id='word_1_36' title='bbox 798 573 897 609; x_wconf 92' lang='lat' dir='ltr'>tuos</span> <span class='ocrx_word' id='word_1_37' title='bbox 925 566 1010 606; x_wconf 87' lang='lat' dir='ltr'>Do-</span> 
     </span>
     <span class='ocr_line' id='line_1_8' title="bbox 197 622 1011 680; baseline -0.012 -9"><span class='ocrx_word' id='word_1_38' title='bbox 197 630 326 676; x_wconf 82' lang='lat' dir='ltr'><strong>mine,</strong></span> <span class='ocrx_word' id='word_1_39' title='bbox 354 629 455 670; x_wconf 92' lang='lat' dir='ltr'>etin</span> <span class='ocrx_word' id='word_1_40' title='bbox 476 630 609 680; x_wconf 80' lang='lat' dir='ltr'>opera</span> <span class='ocrx_word' id='word_1_41' title='bbox 628 631 716 674; x_wconf 88' lang='lat' dir='ltr'>tua,</span> <span class='ocrx_word' id='word_1_42' title='bbox 744 630 787 666; x_wconf 92' lang='lat' dir='ltr'>et</span> <span class='ocrx_word' id='word_1_43' title='bbox 812 623 946 673; x_wconf 84' lang='lat' dir='ltr'>dirige</span> <span class='ocrx_word' id='word_1_44' title='bbox 966 622 1011 662; x_wconf 90' lang='lat' dir='ltr'>fi-</span> 
     </span>
     <span class='ocr_line' id='line_1_9' title="bbox 198 679 1011 736; baseline -0.01 -10"><span class='ocrx_word' id='word_1_45' title='bbox 198 685 279 726; x_wconf 92' lang='lat' dir='ltr'>lios</span> <span class='ocrx_word' id='word_1_46' title='bbox 299 687 458 726; x_wconf 81' lang='lat' dir='ltr'>eorum.</span> <span class='ocrx_word' id='word_1_47' title='bbox 488 686 531 736; x_wconf 63' lang='lat' dir='ltr'>lx‘g.</span> <span class='ocrx_word' id='word_1_48' title='bbox 554 684 609 724; x_wconf 92' lang='lat' dir='ltr'>Et</span> <span class='ocrx_word' id='word_1_49' title='bbox 629 682 683 723; x_wconf 92' lang='lat' dir='ltr'>sit</span> <span class='ocrx_word' id='word_1_50' title='bbox 701 679 907 734; x_wconf 85' lang='lat' dir='ltr'>splendor</span> <span class='ocrx_word' id='word_1_51' title='bbox 924 679 1011 719; x_wconf 85' lang='lat' dir='ltr'>Do-</span> 
     </span>
     <span class='ocr_line' id='line_1_10' title="bbox 198 737 1012 791; baseline -0.01 -9"><span class='ocrx_word' id='word_1_52' title='bbox 198 741 299 782; x_wconf 92' lang='lat' dir='ltr'>mini</span> <span class='ocrx_word' id='word_1_53' title='bbox 315 741 395 782; x_wconf 94' lang='lat' dir='ltr'>Dei</span> <span class='ocrx_word' id='word_1_54' title='bbox 415 740 550 781; x_wconf 84' lang='lat' dir='ltr'>nostri</span> <span class='ocrx_word' id='word_1_55' title='bbox 571 750 699 791; x_wconf 91' lang='lat' dir='ltr'>super</span> <span class='ocrx_word' id='word_1_56' title='bbox 714 750 805 786; x_wconf 87' lang='lat' dir='ltr'>nos,</span> <span class='ocrx_word' id='word_1_57' title='bbox 825 741 867 776; x_wconf 89' lang='lat' dir='ltr'>et</span> <span class='ocrx_word' id='word_1_58' title='bbox 879 737 1012 787; x_wconf 65' lang='lat' dir='ltr'>(Spera</span> 
     </span>
     <span class='ocr_line' id='line_1_11' title="bbox 198 792 1012 843; baseline -0.011 -4"><span class='ocrx_word' id='word_1_59' title='bbox 198 799 401 838; x_wconf 76' lang='lat' dir='ltr'>manuum</span> <span class='ocrx_word' id='word_1_60' title='bbox 433 797 677 837; x_wconf 75' lang='lat' dir='ltr'>nostrarum</span> <span class='ocrx_word' id='word_1_61' title='bbox 715 792 850 843; x_wconf 80' lang='lat' dir='ltr'>dirige</span> <span class='ocrx_word' id='word_1_62' title='bbox 883 803 1012 843; x_wconf 88' lang='lat' dir='ltr'>super</span> 
     </span>
     <span class='ocr_line' id='line_1_12' title="bbox 198 849 1012 905; baseline -0.01 -10"><span class='ocrx_word' id='word_1_63' title='bbox 198 866 297 902; x_wconf 84' lang='lat' dir='ltr'>nos,</span> <span class='ocrx_word' id='word_1_64' title='bbox 330 858 372 894; x_wconf 89' lang='lat' dir='ltr'>et</span> <span class='ocrx_word' id='word_1_65' title='bbox 400 865 509 905; x_wconf 93' lang='lat' dir='ltr'>opus</span> <span class='ocrx_word' id='word_1_66' title='bbox 537 853 739 892; x_wconf 77' lang='lat' dir='ltr'>manuum</span> <span class='ocrx_word' id='word_1_67' title='bbox 766 849 1012 889; x_wconf 79' lang='lat' dir='ltr'>nostrarum</span> 
     </span>
     <span class='ocr_line' id='line_1_13' title="bbox 200 909 858 960; baseline -0.006 -10"><span class='ocrx_word' id='word_1_68' title='bbox 200 909 346 960; x_wconf 78' lang='lat' dir='ltr'>dirige.</span> <span class='ocrx_word' id='word_1_69' title='bbox 855 951 858 954; x_wconf 58' lang='grc'><strong>,</strong></span> 
     </span>
    </p>

    <p class='ocr_par' dir='ltr' id='par_1_6' title="bbox 195 966 1014 1194">
     <span class='ocr_line' id='line_1_14' title="bbox 248 966 958 1019; baseline -0.007 -9"><span class='ocrx_word' id='word_1_70' title='bbox 248 968 294 1015; x_wconf 65' lang='lat' dir='ltr'>Y.</span> <span class='ocrx_word' id='word_1_71' title='bbox 328 968 476 1010; x_wconf 82' lang='lat' dir='ltr'>Gloria</span> <span class='ocrx_word' id='word_1_72' title='bbox 495 968 621 1009; x_wconf 90' lang='lat' dir='ltr'>Patri.</span> <span class='ocrx_word' id='word_1_73' title='bbox 649 969 691 1019; x_wconf 52' lang='lat' dir='ltr'>ler.</span> <span class='ocrx_word' id='word_1_74' title='bbox 720 966 837 1007; x_wconf 84' lang='lat' dir='ltr'>Sicut</span> <span class='ocrx_word' id='word_1_75' title='bbox 857 969 958 1006; x_wconf 87' lang='lat' dir='ltr'>crat.</span> 
     </span>
     <span class='ocr_line' id='line_1_15' title="bbox 303 1031 904 1074; baseline -0.012 1"><span class='ocrx_word' id='word_1_76' title='bbox 303 1035 496 1074; x_wconf 75' lang='lat' dir='ltr'>Oremus.</span> <span class='ocrx_word' id='word_1_77' title='bbox 746 1031 904 1070; x_wconf 75' lang='lat' dir='ltr'>Oratio.</span> 
     </span>
     <span class='ocr_line' id='line_1_16' title="bbox 195 1089 1014 1194; baseline -0.007 -59"><span class='ocrx_word' id='word_1_78' title='bbox 195 1089 442 1194; x_wconf 88' lang='lat' dir='ltr'>Dirigere</span> <span class='ocrx_word' id='word_1_79' title='bbox 475 1098 517 1134; x_wconf 89' lang='lat' dir='ltr'>et</span> <span class='ocrx_word' id='word_1_80' title='bbox 545 1091 833 1139; x_wconf 77' lang='lat' dir='ltr'>sanctificare,</span> <span class='ocrx_word' id='word_1_81' title='bbox 865 1091 1014 1140; x_wconf 89' lang='lat' dir='ltr'>regere</span> 
     </span>
    </p>

    <p class='ocr_par' dir='ltr' id='par_1_7' title="bbox 201 1145 1015 1648">
     <span class='ocr_line' id='line_1_17' title="bbox 311 1145 1014 1200; baseline -0.009 -9"><span class='ocrx_word' id='word_1_82' title='bbox 311 1155 355 1191; x_wconf 88' lang='lat' dir='ltr'>et</span> <span class='ocrx_word' id='word_1_83' title='bbox 372 1149 612 1200; x_wconf 77' lang='lat' dir='ltr'>gubernare</span> <span class='ocrx_word' id='word_1_84' title='bbox 627 1147 815 1198; x_wconf 78' lang='lat' dir='ltr'>dignare,</span> <span class='ocrx_word' id='word_1_85' title='bbox 830 1145 1014 1186; x_wconf 80' lang='lat' dir='ltr'>Domine</span> 
     </span>
     <span class='ocr_line' id='line_1_18' title="bbox 202 1201 1014 1251; baseline -0.006 -4"><span class='ocrx_word' id='word_1_86' title='bbox 202 1207 320 1248; x_wconf 94' lang='lat' dir='ltr'>Deus</span> <span class='ocrx_word' id='word_1_87' title='bbox 357 1206 451 1246; x_wconf 81' lang='lat' dir='ltr'>Rex</span> <span class='ocrx_word' id='word_1_88' title='bbox 488 1204 585 1246; x_wconf 88' lang='lat' dir='ltr'>eoeli</span> <span class='ocrx_word' id='word_1_89' title='bbox 623 1209 665 1245; x_wconf 93' lang='lat' dir='ltr'>et</span> <span class='ocrx_word' id='word_1_90' title='bbox 700 1209 844 1251; x_wconf 72' lang='lat' dir='ltr'>terrae,</span> <span class='ocrx_word' id='word_1_91' title='bbox 885 1201 1014 1243; x_wconf 83' lang='lat' dir='ltr'>hodie</span> 
     </span>
     <span class='ocr_line' id='line_1_19' title="bbox 202 1262 1014 1313; baseline -0.009 -9"><span class='ocrx_word' id='word_1_92' title='bbox 202 1262 335 1303; x_wconf 90' lang='lat' dir='ltr'>corda</span> <span class='ocrx_word' id='word_1_93' title='bbox 363 1267 405 1303; x_wconf 90' lang='lat' dir='ltr'>et</span> <span class='ocrx_word' id='word_1_94' title='bbox 433 1263 618 1313; x_wconf 85' lang='lat' dir='ltr'>corpora</span> <span class='ocrx_word' id='word_1_95' title='bbox 645 1264 812 1308; x_wconf 85' lang='lat' dir='ltr'>nostra,</span> <span class='ocrx_word' id='word_1_96' title='bbox 849 1270 1014 1307; x_wconf 82' lang='lat' dir='ltr'>sensus,</span> 
     </span>
     <span class='ocr_line' id='line_1_20' title="bbox 203 1313 1015 1363; baseline -0.006 -4"><span class='ocrx_word' id='word_1_97' title='bbox 203 1320 423 1360; x_wconf 74' lang='lat' dir='ltr'>sermenes</span> <span class='ocrx_word' id='word_1_98' title='bbox 448 1322 491 1358; x_wconf 93' lang='lat' dir='ltr'>et</span> <span class='ocrx_word' id='word_1_99' title='bbox 515 1321 636 1357; x_wconf 91' lang='lat' dir='ltr'>actus</span> <span class='ocrx_word' id='word_1_100' title='bbox 660 1320 834 1356; x_wconf 90' lang='lat' dir='ltr'>nostros</span> <span class='ocrx_word' id='word_1_101' title='bbox 858 1314 901 1354; x_wconf 92' lang='lat' dir='ltr'>in</span> <span class='ocrx_word' id='word_1_102' title='bbox 919 1313 1015 1363; x_wconf 90' lang='lat' dir='ltr'>lege</span> 
     </span>
     <span class='ocr_line' id='line_1_21' title="bbox 202 1370 1014 1425; baseline -0.007 -9"><span class='ocrx_word' id='word_1_103' title='bbox 202 1380 291 1423; x_wconf 85' lang='lat' dir='ltr'>tua,</span> <span class='ocrx_word' id='word_1_104' title='bbox 329 1379 371 1415; x_wconf 92' lang='lat' dir='ltr'>et</span> <span class='ocrx_word' id='word_1_105' title='bbox 403 1374 444 1414; x_wconf 95' lang='lat' dir='ltr'>in</span> <span class='ocrx_word' id='word_1_106' title='bbox 477 1372 682 1425; x_wconf 89' lang='lat' dir='ltr'>operibus</span> <span class='ocrx_word' id='word_1_107' title='bbox 713 1370 1014 1412; x_wconf 85' lang='lat' dir='ltr'>mandatorum</span> 
     </span>
     <span class='ocr_line' id='line_1_22' title="bbox 201 1428 1015 1477; baseline -0.006 -6"><span class='ocrx_word' id='word_1_108' title='bbox 201 1432 388 1471; x_wconf 83' lang='lat' dir='ltr'>tuorum:</span> <span class='ocrx_word' id='word_1_109' title='bbox 414 1434 462 1470; x_wconf 93' lang='lat' dir='ltr'>ut</span> <span class='ocrx_word' id='word_1_110' title='bbox 485 1428 570 1477; x_wconf 89' lang='lat' dir='ltr'>hic,</span> <span class='ocrx_word' id='word_1_111' title='bbox 598 1433 640 1469; x_wconf 88' lang='lat' dir='ltr'>et</span> <span class='ocrx_word' id='word_1_112' title='bbox 659 1428 700 1468; x_wconf 94' lang='lat' dir='ltr'>in</span> <span class='ocrx_word' id='word_1_113' title='bbox 721 1429 945 1475; x_wconf 78' lang='lat' dir='ltr'>aeternum,</span> <span class='ocrx_word' id='word_1_114' title='bbox 972 1431 1015 1467; x_wconf 89' lang='lat' dir='ltr'>te</span> 
     </span>
     <span class='ocr_line' id='line_1_23' title="bbox 203 1483 1015 1527; baseline -0.005 0"><span class='ocrx_word' id='word_1_115' title='bbox 203 1485 432 1527; x_wconf 74' lang='lat' dir='ltr'>auxiliante</span> <span class='ocrx_word' id='word_1_116' title='bbox 456 1484 563 1525; x_wconf 87' lang='lat' dir='ltr'>salvi</span> <span class='ocrx_word' id='word_1_117' title='bbox 591 1490 634 1525; x_wconf 92' lang='lat' dir='ltr'>et</span> <span class='ocrx_word' id='word_1_118' title='bbox 659 1483 781 1525; x_wconf 91' lang='lat' dir='ltr'>liberi</span> <span class='ocrx_word' id='word_1_119' title='bbox 807 1496 902 1525; x_wconf 89' lang='lat' dir='ltr'>esse</span> <span class='ocrx_word' id='word_1_120' title='bbox 930 1495 1015 1523; x_wconf 92' lang='lat' dir='ltr'>me-</span> 
     </span>
     <span class='ocr_line' id='line_1_24' title="bbox 203 1538 1015 1589; baseline -0.005 -7"><span class='ocrx_word' id='word_1_121' title='bbox 203 1543 390 1589; x_wconf 78' lang='lat' dir='ltr'>reamur,</span> <span class='ocrx_word' id='word_1_122' title='bbox 409 1540 607 1582; x_wconf 77' lang='lat' dir='ltr'>Salvator</span> <span class='ocrx_word' id='word_1_123' title='bbox 625 1538 787 1581; x_wconf 90' lang='lat' dir='ltr'>mundi:</span> <span class='ocrx_word' id='word_1_124' title='bbox 806 1539 888 1589; x_wconf 90' lang='lat' dir='ltr'>Qui</span> <span class='ocrx_word' id='word_1_125' title='bbox 907 1538 1015 1579; x_wconf 84' lang='lat' dir='ltr'>vivis</span> 
     </span>
     <span class='ocr_line' id='line_1_25' title="bbox 203 1595 943 1648; baseline -0.005 -9"><span class='ocrx_word' id='word_1_126' title='bbox 203 1603 246 1639; x_wconf 88' lang='lat' dir='ltr'>et</span> <span class='ocrx_word' id='word_1_127' title='bbox 265 1610 418 1648; x_wconf 91' lang='lat' dir='ltr'>regnas</span> <span class='ocrx_word' id='word_1_128' title='bbox 437 1597 478 1637; x_wconf 91' lang='lat' dir='ltr'>in</span> <span class='ocrx_word' id='word_1_129' title='bbox 498 1596 656 1637; x_wconf 78' lang='lat' dir='ltr'>saecula</span> <span class='ocrx_word' id='word_1_130' title='bbox 675 1595 943 1637; x_wconf 77' lang='lat' dir='ltr'>saeculotum.</span> 
     </span>
    </p>

    <p class='ocr_par' dir='ltr' id='par_1_8' title="bbox 250 1653 476 1704">
     <span class='ocr_line' id='line_1_26' title="bbox 250 1653 476 1704; baseline 0.009 -13"><span class='ocrx_word' id='word_1_131' title='bbox 250 1653 297 1704; x_wconf 53' lang='lat' dir='ltr'>lig.</span> <span class='ocrx_word' id='word_1_132' title='bbox 326 1653 476 1693; x_wconf 89' lang='lat' dir='ltr'>Amen.</span> 
     </span>
    </p>

    <p class='ocr_par' dir='ltr' id='par_1_9' title="bbox 250 1703 901 1754">
     <span class='ocr_line' id='line_1_27' title="bbox 250 1703 901 1754; baseline -0.003 -4"><span class='ocrx_word' id='word_1_133' title='bbox 250 1703 296 1754; x_wconf 53' lang='grc' dir='ltr'>δ”.</span> <span class='ocrx_word' id='word_1_134' title='bbox 330 1710 353 1750; x_wconf 89' lang='lat' dir='ltr'>J</span> <span class='ocrx_word' id='word_1_135' title='bbox 357 1708 439 1750; x_wconf 92' lang='lat' dir='ltr'>ube</span> <span class='ocrx_word' id='word_1_136' title='bbox 459 1707 616 1749; x_wconf 92' lang='lat' dir='ltr'>domne</span> <span class='ocrx_word' id='word_1_137' title='bbox 634 1707 901 1750; x_wconf 87' lang='lat' dir='ltr'>benedicere.</span> 
     </span>
    </p>

    <p class='ocr_par' dir='ltr' id='par_1_10' title="bbox 205 1766 1018 1934">
     <span class='ocr_line' id='line_1_28' title="bbox 255 1766 1018 1810; baseline 0 -3"><span class='ocrx_word' id='word_1_138' title='bbox 255 1768 408 1808; x_wconf 73' lang='lat' dir='ltr'>Bcned.</span> <span class='ocrx_word' id='word_1_139' title='bbox 443 1769 547 1810; x_wconf 88' lang='lat' dir='ltr'>Dies</span> <span class='ocrx_word' id='word_1_140' title='bbox 572 1773 616 1809; x_wconf 90' lang='lat' dir='ltr'>et</span> <span class='ocrx_word' id='word_1_141' title='bbox 639 1773 759 1809; x_wconf 87' lang='lat' dir='ltr'>actus</span> <span class='ocrx_word' id='word_1_142' title='bbox 782 1772 957 1809; x_wconf 89' lang='lat' dir='ltr'>nostros</span> <span class='ocrx_word' id='word_1_143' title='bbox 975 1766 1018 1807; x_wconf 91' lang='lat' dir='ltr'>in</span> 
     </span>
     <span class='ocr_line' id='line_1_29' title="bbox 205 1823 1017 1878; baseline -0.004 -12"><span class='ocrx_word' id='word_1_144' title='bbox 205 1838 282 1867; x_wconf 92' lang='lat' dir='ltr'>sua</span> <span class='ocrx_word' id='word_1_145' title='bbox 299 1837 407 1878; x_wconf 89' lang='lat' dir='ltr'>pace</span> <span class='ocrx_word' id='word_1_146' title='bbox 431 1824 633 1877; x_wconf 76' lang='lat' dir='ltr'>dispenat</span> <span class='ocrx_word' id='word_1_147' title='bbox 651 1823 863 1865; x_wconf 77' lang='lat' dir='ltr'>Deminus</span> <span class='ocrx_word' id='word_1_148' title='bbox 886 1825 1017 1865; x_wconf 93' lang='lat' dir='ltr'>omni-</span> 
     </span>
     <span class='ocr_line' id='line_1_30' title="bbox 205 1880 620 1934; baseline -0.005 -11"><span class='ocrx_word' id='word_1_149' title='bbox 205 1886 372 1934; x_wconf 88' lang='lat' dir='ltr'>potens.</span> <span class='ocrx_word' id='word_1_150' title='bbox 398 1883 444 1933; x_wconf 51' lang='lat' dir='ltr'>Ru</span> <span class='ocrx_word' id='word_1_151' title='bbox 470 1880 620 1922; x_wconf 91' lang='lat' dir='ltr'>Amen.</span> 
     </span>
    </p>

    <p class='ocr_par' dir='ltr' id='par_1_11' title="bbox 201 1951 1011 2080">
     <span class='ocr_line' id='line_1_31' title="bbox 252 1951 1010 1993; baseline 0 -10"><span class='ocrx_word' id='word_1_152' title='bbox 252 1951 310 1983; x_wconf 71' lang='lat' dir='ltr'>Ad</span> <span class='ocrx_word' id='word_1_153' title='bbox 327 1951 499 1985; x_wconf 62' lang='lat' dir='ltr'>Absolut.</span> <span class='ocrx_word' id='word_1_154' title='bbox 519 1951 639 1993; x_wconf 77' lang='lat' dir='ltr'>Capit.</span> <span class='ocrx_word' id='word_1_155' title='bbox 661 1951 694 1984; x_wconf 89' lang='lat' dir='ltr'>in</span> <span class='ocrx_word' id='word_1_156' title='bbox 714 1951 820 1984; x_wconf 79' lang='lat' dir='ltr'>Doni.</span> <span class='ocrx_word' id='word_1_157' title='bbox 838 1956 874 1984; x_wconf 86' lang='lat' dir='ltr'>ct</span> <span class='ocrx_word' id='word_1_158' title='bbox 892 1951 1010 1984; x_wconf 67' lang='lat' dir='ltr'>Feriis</span> 
     </span>
     <span class='ocr_line' id='line_1_32' title="bbox 201 1998 1011 2041; baseline 0 -10"><span class='ocrx_word' id='word_1_159' title='bbox 201 2008 220 2031; x_wconf 78' lang='lat' dir='ltr'>a</span> <span class='ocrx_word' id='word_1_160' title='bbox 246 1998 349 2031; x_wconf 65' lang='lat' dir='ltr'>bom.</span> <span class='ocrx_word' id='word_1_161' title='bbox 374 1998 397 2031; x_wconf 94' lang='lat' dir='ltr'>I.</span> <span class='ocrx_word' id='word_1_162' title='bbox 420 1999 607 2039; x_wconf 60' lang='lat' dir='ltr'>Quadrag.</span> <span class='ocrx_word' id='word_1_163' title='bbox 631 2010 748 2041; x_wconf 71' lang='lat' dir='ltr'>usquc</span> <span class='ocrx_word' id='word_1_164' title='bbox 773 1999 819 2032; x_wconf 75' lang='lat' dir='ltr'>ad</span> <span class='ocrx_word' id='word_1_165' title='bbox 844 1998 1011 2032; x_wconf 81' lang='lat' dir='ltr'>Domini-</span> 
     </span>
     <span class='ocr_line' id='line_1_33' title="bbox 201 2046 717 2080; baseline 0.002 -2"><span class='ocrx_word' id='word_1_166' title='bbox 201 2056 282 2079; x_wconf 77' lang='lat' dir='ltr'>cum</span> <span class='ocrx_word' id='word_1_167' title='bbox 302 2046 497 2079; x_wconf 63' lang='lat' dir='ltr'>Passionis</span> <span class='ocrx_word' id='word_1_168' title='bbox 515 2047 717 2080; x_wconf 69' lang='lat' dir='ltr'>exclusive.</span> 
     </span>
    </p>

    <p class='ocr_par' dir='ltr' id='par_1_12' title="bbox 203 2106 1019 2279">
     <span class='ocr_line' id='line_1_34' title="bbox 300 2106 917 2147; baseline 0 0"><span class='ocrx_word' id='word_1_169' title='bbox 300 2107 446 2147; x_wconf 74' lang='lat' dir='ltr'>Lectio</span> <span class='ocrx_word' id='word_1_170' title='bbox 468 2106 619 2147; x_wconf 71' lang='lat' dir='ltr'>brevis.</span> <span class='ocrx_word' id='word_1_171' title='bbox 727 2108 777 2147; x_wconf 80' lang='lat' dir='ltr'>Is.</span> <span class='ocrx_word' id='word_1_172' title='bbox 797 2108 860 2147; x_wconf 73' lang='lat'>55.</span> <span class='ocrx_word' id='word_1_173' title='bbox 879 2107 917 2147; x_wconf 92' lang='lat' dir='ltr'>b.</span> 
     </span>
     <span class='ocr_line' id='line_1_35' title="bbox 203 2156 1019 2279; baseline -0.001 -65"><span class='ocrx_word' id='word_1_174' title='bbox 203 2156 440 2279; x_wconf 49' lang='lat' dir='ltr'>Quaerite</span> <span class='ocrx_word' id='word_1_175' title='bbox 460 2173 702 2221; x_wconf 84' lang='lat' dir='ltr'>Dominum,</span> <span class='ocrx_word' id='word_1_176' title='bbox 721 2172 822 2214; x_wconf 89' lang='lat' dir='ltr'>dum</span> <span class='ocrx_word' id='word_1_177' title='bbox 842 2173 1019 2214; x_wconf 78' lang='lat' dir='ltr'>inveniri</span> 
     </span>
    </p>

    <p class='ocr_par' dir='ltr' id='par_1_13' title="bbox 210 2228 1019 2392">
     <span class='ocr_line' id='line_1_36' title="bbox 319 2228 1019 2281; baseline -0.001 -11"><span class='ocrx_word' id='word_1_178' title='bbox 319 2234 478 2281; x_wconf 90' lang='lat' dir='ltr'>potest:</span> <span class='ocrx_word' id='word_1_179' title='bbox 523 2230 719 2270; x_wconf 77' lang='lat' dir='ltr'>invocate</span> <span class='ocrx_word' id='word_1_180' title='bbox 760 2243 873 2277; x_wconf 85' lang='lat' dir='ltr'>eum,</span> <span class='ocrx_word' id='word_1_181' title='bbox 917 2228 1019 2270; x_wconf 91' lang='lat' dir='ltr'>dum</span> 
     </span>
     <span class='ocr_line' id='line_1_37' title="bbox 210 2285 1019 2336; baseline 0 -11"><span class='ocrx_word' id='word_1_182' title='bbox 210 2297 348 2336; x_wconf 86' lang='lat' dir='ltr'>prope</span> <span class='ocrx_word' id='word_1_183' title='bbox 367 2290 443 2326; x_wconf 90' lang='lat' dir='ltr'>est.</span> <span class='ocrx_word' id='word_1_184' title='bbox 487 2285 553 2326; x_wconf 89' lang='lat' dir='ltr'>Tu</span> <span class='ocrx_word' id='word_1_185' title='bbox 572 2291 713 2326; x_wconf 87' lang='lat' dir='ltr'>autem</span> <span class='ocrx_word' id='word_1_186' title='bbox 730 2286 925 2334; x_wconf 83' lang='lat' dir='ltr'>Domine,</span> <span class='ocrx_word' id='word_1_187' title='bbox 946 2285 1019 2325; x_wconf 90' lang='lat' dir='ltr'>mi-</span> 
     </span>
     <span class='ocr_line' id='line_1_38' title="bbox 212 2341 889 2392; baseline 0 -10"><span class='ocrx_word' id='word_1_188' title='bbox 212 2342 355 2382; x_wconf 87' lang='lat' dir='ltr'>serere</span> <span class='ocrx_word' id='word_1_189' title='bbox 375 2341 509 2383; x_wconf 92' lang='lat' dir='ltr'>nobis.</span> <span class='ocrx_word' id='word_1_190' title='bbox 529 2342 576 2392; x_wconf 66' lang='lat' dir='ltr'>Rg.</span> <span class='ocrx_word' id='word_1_191' title='bbox 604 2342 698 2383; x_wconf 88' lang='lat' dir='ltr'>Deo</span> <span class='ocrx_word' id='word_1_192' title='bbox 718 2342 889 2392; x_wconf 79' lang='lat' dir='ltr'>gratias.</span> 
     </span>
    </p>
   </div>
   <div class='ocr_carea' id='block_1_3' title="bbox 205 2410 1013 2493">
    <p class='ocr_par' dir='ltr' id='par_1_14' title="bbox 205 2410 1013 2493">
     <span class='ocr_line' id='line_1_39' title="bbox 255 2410 1013 2455; baseline 0.003 -12"><span class='ocrx_word' id='word_1_193' title='bbox 255 2411 284 2443; x_wconf 68' lang='lat' dir='ltr'>A</span> <span class='ocrx_word' id='word_1_194' title='bbox 309 2410 502 2445; x_wconf 43' lang='lat' dir='ltr'>Domina-a</span> <span class='ocrx_word' id='word_1_195' title='bbox 524 2412 719 2445; x_wconf 59' lang='lat' dir='ltr'>Passionis</span> <span class='ocrx_word' id='word_1_196' title='bbox 738 2423 855 2455; x_wconf 73' lang='lat' dir='ltr'>usquc</span> <span class='ocrx_word' id='word_1_197' title='bbox 880 2412 927 2445; x_wconf 80' lang='lat' dir='ltr'>ud</span> <span class='ocrx_word' id='word_1_198' title='bbox 948 2412 1013 2445; x_wconf 70' lang='lat' dir='ltr'>Fe-</span> 
     </span>
     <span class='ocr_line' id='line_1_40' title="bbox 205 2457 937 2493; baseline 0.004 -3"><span class='ocrx_word' id='word_1_199' title='bbox 205 2457 296 2491; x_wconf 78' lang='lat' dir='ltr'>riam</span> <span class='ocrx_word' id='word_1_200' title='bbox 317 2458 355 2491; x_wconf 86' lang='lat' dir='ltr'>V.</span> <span class='ocrx_word' id='word_1_201' title='bbox 377 2459 409 2491; x_wconf 85' lang='lat' dir='ltr'>in</span> <span class='ocrx_word' id='word_1_202' title='bbox 428 2460 543 2493; x_wconf 52' lang='lat' dir='ltr'>(sla-na</span> <span class='ocrx_word' id='word_1_203' title='bbox 567 2460 713 2493; x_wconf 74' lang='lat' dir='ltr'>Domini</span> <span class='ocrx_word' id='word_1_204' title='bbox 734 2460 937 2493; x_wconf 59' lang='lat' dir='ltr'>exclusive.</span> 
     </span>
    </p>
   </div>
   <div class='ocr_carea' id='block_1_4' title="bbox 205 2514 1023 2690">
    <p class='ocr_par' dir='ltr' id='par_1_15' title="bbox 205 2514 1023 2690">
     <span class='ocr_line' id='line_1_41' title="bbox 303 2514 921 2556; baseline 0.006 -4"><span class='ocrx_word' id='word_1_205' title='bbox 303 2514 447 2554; x_wconf 74' lang='lat' dir='ltr'>Lectio</span> <span class='ocrx_word' id='word_1_206' title='bbox 470 2515 619 2556; x_wconf 73' lang='lat' dir='ltr'>brevis.</span> <span class='ocrx_word' id='word_1_207' title='bbox 729 2517 777 2555; x_wconf 79' lang='lat' dir='ltr'>ls.</span> <span class='ocrx_word' id='word_1_208' title='bbox 797 2518 834 2554; x_wconf 82' lang='lat'>.·›‹</span> <span class='ocrx_word' id='word_1_209' title='bbox 848 2521 867 2555; x_wconf 65' lang='lat'>1.</span> <span class='ocrx_word' id='word_1_210' title='bbox 889 2529 921 2555; x_wconf 79' lang='lat' dir='ltr'>c.</span> 
     </span>
     <span class='ocr_line' id='line_1_42' title="bbox 205 2568 1022 2672; baseline -0.001 -50"><span class='ocrx_word' id='word_1_211' title='bbox 205 2568 422 2672; x_wconf 76' lang='lat' dir='ltr'>Faciem</span> <span class='ocrx_word' id='word_1_212' title='bbox 449 2594 586 2622; x_wconf 87' lang='lat' dir='ltr'>meam</span> <span class='ocrx_word' id='word_1_213' title='bbox 611 2595 694 2622; x_wconf 91' lang='lat' dir='ltr'>non</span> <span class='ocrx_word' id='word_1_214' title='bbox 720 2582 854 2623; x_wconf 78' lang='lat' dir='ltr'>averti</span> <span class='ocrx_word' id='word_1_215' title='bbox 882 2580 936 2623; x_wconf 91' lang='lat' dir='ltr'>ab</span> <span class='ocrx_word' id='word_1_216' title='bbox 965 2581 1022 2621; x_wconf 93' lang='lat' dir='ltr'>in-</span> 
     </span>
     <span class='ocr_line' id='line_1_43' title="bbox 313 2636 1023 2690; baseline 0.001 -13"><span class='ocrx_word' id='word_1_217' title='bbox 313 2636 588 2689; x_wconf 65' lang='lat' dir='ltr'>crepantibus</span> <span class='ocrx_word' id='word_1_218' title='bbox 616 2643 658 2678; x_wconf 86' lang='lat' dir='ltr'>ct</span> <span class='ocrx_word' id='word_1_219' title='bbox 686 2637 1023 2690; x_wconf 77' lang='lat' dir='ltr'>conspuentibus</span> 
     </span>
    </p>
   </div>
   <div class='ocr_carea' id='block_1_5' title="bbox 211 2692 1024 2735">
    <p class='ocr_par' dir='ltr' id='par_1_16' title="bbox 211 2692 1024 2735">
     <span class='ocr_line' id='line_1_44' title="bbox 211 2692 1024 2735; baseline 0.002 -3"><span class='ocrx_word' id='word_1_220' title='bbox 211 2692 251 2732; x_wconf 92' lang='lat' dir='ltr'>in</span> <span class='ocrx_word' id='word_1_221' title='bbox 280 2706 358 2734; x_wconf 84' lang='lat' dir='ltr'>mc.</span> <span class='ocrx_word' id='word_1_222' title='bbox 416 2693 625 2733; x_wconf 76' lang='lat' dir='ltr'>Deminus</span> <span class='ocrx_word' id='word_1_223' title='bbox 650 2694 768 2735; x_wconf 88' lang='lat' dir='ltr'>Deus</span> <span class='ocrx_word' id='word_1_224' title='bbox 797 2693 1024 2735; x_wconf 71' lang='lat' dir='ltr'>auxiliator</span> 
     </span>
    </p>
   </div>
   <div class='ocr_carea' id='block_1_6' title="bbox 1060 272 1889 1452">
    <p class='ocr_par' dir='ltr' id='par_1_17' title="bbox 1060 272 1884 377">
     <span class='ocr_line' id='line_1_45' title="bbox 1060 272 1884 327; baseline -0.011 -7"><span class='ocrx_word' id='word_1_225' title='bbox 1060 292 1192 327; x_wconf 82' lang='lat' dir='ltr'>meus,</span> <span class='ocrx_word' id='word_1_226' title='bbox 1212 277 1311 319; x_wconf 89' lang='lat' dir='ltr'>ideo</span> <span class='ocrx_word' id='word_1_227' title='bbox 1332 290 1417 318; x_wconf 93' lang='lat' dir='ltr'>non</span> <span class='ocrx_word' id='word_1_228' title='bbox 1439 288 1534 316; x_wconf 91' lang='lat' dir='ltr'>sum</span> <span class='ocrx_word' id='word_1_229' title='bbox 1555 273 1772 315; x_wconf 78' lang='lat' dir='ltr'>confusus.</span> <span class='ocrx_word' id='word_1_230' title='bbox 1814 272 1884 312; x_wconf 90' lang='lat' dir='ltr'>Tu</span> 
     </span>
     <span class='ocr_line' id='line_1_46' title="bbox 1061 334 1421 377; baseline -0.008 0"><span class='ocrx_word' id='word_1_231' title='bbox 1061 341 1204 377; x_wconf 88' lang='lat' dir='ltr'>autem</span> <span class='ocrx_word' id='word_1_232' title='bbox 1222 334 1421 376; x_wconf 81' lang='lat' dir='ltr'>Domine.</span> 
     </span>
    </p>

    <p class='ocr_par' dir='ltr' id='par_1_18' title="bbox 1065 392 1882 481">
     <span class='ocr_line' id='line_1_47' title="bbox 1115 392 1882 437; baseline -0.008 -5"><span class='ocrx_word' id='word_1_233' title='bbox 1115 401 1144 432; x_wconf 62' lang='lat' dir='ltr'>A</span> <span class='ocrx_word' id='word_1_234' title='bbox 1175 399 1324 432; x_wconf 81' lang='lat' dir='ltr'>Domin.</span> <span class='ocrx_word' id='word_1_235' title='bbox 1355 395 1658 431; x_wconf 76' lang='lat' dir='ltr'>Resurrectionis</span> <span class='ocrx_word' id='word_1_236' title='bbox 1684 404 1805 437; x_wconf 76' lang='lat' dir='ltr'>usquc</span> <span class='ocrx_word' id='word_1_237' title='bbox 1834 392 1882 427; x_wconf 81' lang='lat' dir='ltr'>ad</span> 
     </span>
     <span class='ocr_line' id='line_1_48' title="bbox 1065 445 1562 481; baseline -0.008 0"><span class='ocrx_word' id='word_1_238' title='bbox 1065 448 1338 481; x_wconf 59' lang='lat' dir='ltr'>,xsccnsioncm</span> <span class='ocrx_word' id='word_1_239' title='bbox 1357 445 1562 480; x_wconf 65' lang='lat' dir='ltr'>exclusive.</span> 
     </span>
    </p>

    <p class='ocr_par' dir='ltr' id='par_1_19' title="bbox 1063 495 1885 657">
     <span class='ocr_line' id='line_1_49' title="bbox 1148 495 1797 539; baseline -0.005 -2"><span class='ocrx_word' id='word_1_240' title='bbox 1148 499 1295 539; x_wconf 66' lang='lat' dir='ltr'>Lectio</span> <span class='ocrx_word' id='word_1_241' title='bbox 1316 498 1468 538; x_wconf 74' lang='lat' dir='ltr'>brevis.</span> <span class='ocrx_word' id='word_1_242' title='bbox 1575 495 1742 536; x_wconf 72' lang='lat' dir='ltr'>Coloss.</span> <span class='ocrx_word' id='word_1_243' title='bbox 1761 495 1797 534; x_wconf 85' lang='lat'>3.</span> 
     </span>
     <span class='ocr_line' id='line_1_50' title="bbox 1063 550 1885 657; baseline -0.006 -59"><span class='ocrx_word' id='word_1_244' title='bbox 1063 550 1142 657; x_wconf 82' lang='lat' dir='ltr'>Si</span> <span class='ocrx_word' id='word_1_245' title='bbox 1185 555 1518 598; x_wconf 79' lang='lat' dir='ltr'>consurrexistis</span> <span class='ocrx_word' id='word_1_246' title='bbox 1563 566 1662 595; x_wconf 92' lang='lat' dir='ltr'>cum</span> <span class='ocrx_word' id='word_1_247' title='bbox 1700 552 1885 601; x_wconf 87' lang='lat' dir='ltr'>Christo,</span> 
     </span>
    </p>

    <p class='ocr_par' dir='ltr' id='par_1_20' title="bbox 1063 608 1887 835">
     <span class='ocr_line' id='line_1_51' title="bbox 1165 608 1886 665; baseline -0.007 -11"><span class='ocrx_word' id='word_1_248' title='bbox 1165 626 1263 665; x_wconf 87' lang='lat' dir='ltr'>quae</span> <span class='ocrx_word' id='word_1_249' title='bbox 1282 625 1452 653; x_wconf 92' lang='lat' dir='ltr'>sursum</span> <span class='ocrx_word' id='word_1_250' title='bbox 1472 615 1572 652; x_wconf 92' lang='lat' dir='ltr'>sunt</span> <span class='ocrx_word' id='word_1_251' title='bbox 1589 609 1787 662; x_wconf 69' lang='lat' dir='ltr'>quaerite,</span> <span class='ocrx_word' id='word_1_252' title='bbox 1811 608 1886 650; x_wconf 94' lang='lat' dir='ltr'>ubi</span> 
     </span>
     <span class='ocr_line' id='line_1_52' title="bbox 1063 665 1887 711; baseline -0.005 -1"><span class='ocrx_word' id='word_1_253' title='bbox 1063 668 1261 711; x_wconf 91' lang='lat' dir='ltr'>Christus</span> <span class='ocrx_word' id='word_1_254' title='bbox 1277 674 1343 710; x_wconf 88' lang='lat' dir='ltr'>est</span> <span class='ocrx_word' id='word_1_255' title='bbox 1362 669 1404 709; x_wconf 90' lang='lat' dir='ltr'>in</span> <span class='ocrx_word' id='word_1_256' title='bbox 1420 667 1600 709; x_wconf 81' lang='lat' dir='ltr'>dextera</span> <span class='ocrx_word' id='word_1_257' title='bbox 1613 665 1699 707; x_wconf 91' lang='lat' dir='ltr'>Dei</span> <span class='ocrx_word' id='word_1_258' title='bbox 1713 665 1887 707; x_wconf 91' lang='lat' dir='ltr'>sedens:</span> 
     </span>
     <span class='ocr_line' id='line_1_53' title="bbox 1064 724 1886 778; baseline -0.006 -11"><span class='ocrx_word' id='word_1_259' title='bbox 1064 739 1161 778; x_wconf 87' lang='lat' dir='ltr'>quae</span> <span class='ocrx_word' id='word_1_260' title='bbox 1181 739 1351 767; x_wconf 91' lang='lat' dir='ltr'>sursum</span> <span class='ocrx_word' id='word_1_261' title='bbox 1378 729 1476 766; x_wconf 88' lang='lat' dir='ltr'>sunt</span> <span class='ocrx_word' id='word_1_262' title='bbox 1497 724 1652 777; x_wconf 81' lang='lat' dir='ltr'>sapite,</span> <span class='ocrx_word' id='word_1_263' title='bbox 1677 735 1766 764; x_wconf 94' lang='lat' dir='ltr'>non</span> <span class='ocrx_word' id='word_1_264' title='bbox 1785 735 1886 774; x_wconf 80' lang='lat' dir='ltr'>quae</span> 
     </span>
     <span class='ocr_line' id='line_1_54' title="bbox 1063 778 1886 835; baseline -0.005 -12"><span class='ocrx_word' id='word_1_265' title='bbox 1063 795 1194 835; x_wconf 88' lang='lat' dir='ltr'>super</span> <span class='ocrx_word' id='word_1_266' title='bbox 1216 787 1388 824; x_wconf 88' lang='lat' dir='ltr'>terram.</span> <span class='ocrx_word' id='word_1_267' title='bbox 1437 782 1505 822; x_wconf 94' lang='lat' dir='ltr'>Tu</span> <span class='ocrx_word' id='word_1_268' title='bbox 1523 785 1669 822; x_wconf 91' lang='lat' dir='ltr'>autem</span> <span class='ocrx_word' id='word_1_269' title='bbox 1686 778 1886 820; x_wconf 77' lang='lat' dir='ltr'>Demine.</span> 
     </span>
    </p>

    <p class='ocr_par' dir='ltr' id='par_1_21' title="bbox 1116 838 1731 879">
     <span class='ocr_line' id='line_1_55' title="bbox 1116 838 1731 879; baseline -0.002 0"><span class='ocrx_word' id='word_1_270' title='bbox 1116 840 1219 879; x_wconf 75' lang='lat' dir='ltr'>Post</span> <span class='ocrx_word' id='word_1_271' title='bbox 1240 839 1355 879; x_wconf 88' lang='lat' dir='ltr'>Lcct.</span> <span class='ocrx_word' id='word_1_272' title='bbox 1375 839 1553 879; x_wconf 81' lang='lat' dir='ltr'>brevem</span> <span class='ocrx_word' id='word_1_273' title='bbox 1574 838 1731 879; x_wconf 89' lang='lat' dir='ltr'>dicitur</span> 
     </span>
    </p>

    <p class='ocr_par' dir='ltr' id='par_1_22' title="bbox 1064 892 1887 1053">
     <span class='ocr_line' id='line_1_56' title="bbox 1116 892 1885 950; baseline -0.008 -8"><span class='ocrx_word' id='word_1_274' title='bbox 1116 892 1162 943; x_wconf 59' lang='lat' dir='ltr'>Y·</span> <span class='ocrx_word' id='word_1_275' title='bbox 1200 898 1477 950; x_wconf 84' lang='lat' dir='ltr'>Adiutorium</span> <span class='ocrx_word' id='word_1_276' title='bbox 1509 901 1709 939; x_wconf 88' lang='lat' dir='ltr'>nostrum</span> <span class='ocrx_word' id='word_1_277' title='bbox 1739 896 1784 936; x_wconf 90' lang='lat' dir='ltr'>in</span> <span class='ocrx_word' id='word_1_278' title='bbox 1810 897 1885 937; x_wconf 81' lang='lat' dir='ltr'>no-</span> 
     </span>
     <span class='ocr_line' id='line_1_57' title="bbox 1064 951 1887 1005; baseline -0.004 -9"><span class='ocrx_word' id='word_1_279' title='bbox 1064 955 1176 997; x_wconf 87' lang='lat' dir='ltr'>mine</span> <span class='ocrx_word' id='word_1_280' title='bbox 1196 955 1382 996; x_wconf 73' lang='lat' dir='ltr'>Demini.</span> <span class='ocrx_word' id='word_1_281' title='bbox 1421 954 1467 1005; x_wconf 63' lang='grc' dir='ltr'>Ιζι.</span> <span class='ocrx_word' id='word_1_282' title='bbox 1494 954 1577 1004; x_wconf 92' lang='lat' dir='ltr'>Qui</span> <span class='ocrx_word' id='word_1_283' title='bbox 1601 952 1703 994; x_wconf 89' lang='lat' dir='ltr'>fecit</span> <span class='ocrx_word' id='word_1_284' title='bbox 1727 951 1887 994; x_wconf 89' lang='lat' dir='ltr'>coelum</span> 
     </span>
     <span class='ocr_line' id='line_1_58' title="bbox 1065 1017 1297 1053; baseline -0.004 0"><span class='ocrx_word' id='word_1_285' title='bbox 1065 1017 1108 1053; x_wconf 93' lang='lat' dir='ltr'>et</span> <span class='ocrx_word' id='word_1_286' title='bbox 1126 1017 1297 1053; x_wconf 89' lang='lat' dir='ltr'>terram.</span> 
     </span>
    </p>

    <p class='ocr_par' dir='ltr' id='par_1_23' title="bbox 1117 1062 1689 1119">
     <span class='ocr_line' id='line_1_59' title="bbox 1117 1062 1689 1119; baseline -0.01 -7"><span class='ocrx_word' id='word_1_287' title='bbox 1117 1062 1163 1112; x_wconf 55' lang='grc' dir='ltr'>δ”.</span> <span class='ocrx_word' id='word_1_288' title='bbox 1193 1067 1456 1109; x_wconf 89' lang='lat' dir='ltr'>Benedicite.</span> <span class='ocrx_word' id='word_1_289' title='bbox 1484 1068 1533 1119; x_wconf 59' lang='lat' dir='ltr'>Rg.</span> <span class='ocrx_word' id='word_1_290' title='bbox 1556 1067 1689 1108; x_wconf 91' lang='lat' dir='ltr'>Deus.</span> 
     </span>
    </p>

    <p class='ocr_par' dir='ltr' id='par_1_24' title="bbox 1065 1121 1889 1404">
     <span class='ocr_line' id='line_1_60' title="bbox 1119 1121 1887 1171; baseline 0.001 -9"><span class='ocrx_word' id='word_1_291' title='bbox 1119 1123 1272 1163; x_wconf 67' lang='lat' dir='ltr'>Bened.</span> <span class='ocrx_word' id='word_1_292' title='bbox 1310 1125 1518 1166; x_wconf 79' lang='lat' dir='ltr'>Dominus</span> <span class='ocrx_word' id='word_1_293' title='bbox 1540 1136 1622 1165; x_wconf 92' lang='lat' dir='ltr'>nos</span> <span class='ocrx_word' id='word_1_294' title='bbox 1645 1121 1887 1171; x_wconf 85' lang='lat' dir='ltr'>benedicat,</span> 
     </span>
     <span class='ocr_line' id='line_1_61' title="bbox 1066 1177 1889 1229; baseline -0.004 -7"><span class='ocrx_word' id='word_1_295' title='bbox 1066 1186 1109 1222; x_wconf 88' lang='lat' dir='ltr'>et</span> <span class='ocrx_word' id='word_1_296' title='bbox 1136 1181 1191 1222; x_wconf 90' lang='lat' dir='ltr'>ab</span> <span class='ocrx_word' id='word_1_297' title='bbox 1220 1181 1336 1222; x_wconf 91' lang='lat' dir='ltr'>omni</span> <span class='ocrx_word' id='word_1_298' title='bbox 1363 1181 1478 1222; x_wconf 89' lang='lat' dir='ltr'>malo</span> <span class='ocrx_word' id='word_1_299' title='bbox 1507 1179 1727 1229; x_wconf 86' lang='lat' dir='ltr'>defendat,</span> <span class='ocrx_word' id='word_1_300' title='bbox 1760 1182 1804 1221; x_wconf 89' lang='lat' dir='ltr'>et</span> <span class='ocrx_word' id='word_1_301' title='bbox 1831 1177 1889 1220; x_wconf 89' lang='lat' dir='ltr'>ad</span> 
     </span>
     <span class='ocr_line' id='line_1_62' title="bbox 1066 1233 1887 1290; baseline -0.002 -12"><span class='ocrx_word' id='word_1_302' title='bbox 1066 1237 1197 1278; x_wconf 83' lang='lat' dir='ltr'>vitam</span> <span class='ocrx_word' id='word_1_303' title='bbox 1224 1237 1436 1290; x_wconf 84' lang='lat' dir='ltr'>perducat</span> <span class='ocrx_word' id='word_1_304' title='bbox 1464 1239 1686 1279; x_wconf 73' lang='lat' dir='ltr'>aeternam:</span> <span class='ocrx_word' id='word_1_305' title='bbox 1714 1240 1758 1277; x_wconf 92' lang='lat' dir='ltr'>et</span> <span class='ocrx_word' id='word_1_306' title='bbox 1784 1233 1887 1276; x_wconf 90' lang='lat' dir='ltr'>fide-</span> 
     </span>
     <span class='ocr_line' id='line_1_63' title="bbox 1065 1290 1888 1347; baseline -0.002 -13"><span class='ocrx_word' id='word_1_307' title='bbox 1065 1293 1169 1334; x_wconf 91' lang='lat' dir='ltr'>lium</span> <span class='ocrx_word' id='word_1_308' title='bbox 1185 1294 1338 1335; x_wconf 77' lang='lat' dir='ltr'>animae</span> <span class='ocrx_word' id='word_1_309' title='bbox 1353 1307 1432 1347; x_wconf 92' lang='lat' dir='ltr'>per</span> <span class='ocrx_word' id='word_1_310' title='bbox 1447 1291 1792 1335; x_wconf 81' lang='lat' dir='ltr'>misericordiam</span> <span class='ocrx_word' id='word_1_311' title='bbox 1805 1290 1888 1332; x_wconf 91' lang='lat' dir='ltr'>Dei</span> 
     </span>
     <span class='ocr_line' id='line_1_64' title="bbox 1067 1348 1790 1404; baseline 0 -14"><span class='ocrx_word' id='word_1_312' title='bbox 1067 1350 1340 1402; x_wconf 81' lang='lat' dir='ltr'>requiescant</span> <span class='ocrx_word' id='word_1_313' title='bbox 1358 1351 1401 1391; x_wconf 93' lang='lat' dir='ltr'>in</span> <span class='ocrx_word' id='word_1_314' title='bbox 1419 1363 1539 1404; x_wconf 89' lang='lat' dir='ltr'>pace.</span> <span class='ocrx_word' id='word_1_315' title='bbox 1564 1348 1614 1388; x_wconf 88' lang='lat' dir='ltr'>R.</span> <span class='ocrx_word' id='word_1_316' title='bbox 1637 1349 1790 1391; x_wconf 89' lang='lat' dir='ltr'>Amen.</span> 
     </span>
    </p>

    <p class='ocr_par' dir='ltr' id='par_1_25' title="bbox 1341 1424 1624 1452">
     <span class='ocr_line' id='line_1_65' title="bbox 1341 1424 1624 1452; baseline -0.004 0"><span class='ocrx_word' id='word_1_317' title='bbox 1341 1436 1350 1437; x_wconf 28' lang='lat' dir='ltr'><em>ff</em></span> <span class='ocrx_word' id='word_1_318' title='bbox 1373 1424 1624 1452; x_wconf 23' lang='lat' dir='ltr'>ease-etw—</span> 
     </span>
    </p>
   </div>
   <div class='ocr_carea' id='block_1_7' title="bbox 1158 1491 1800 1585">
    <p class='ocr_par' dir='ltr' id='par_1_26' title="bbox 1158 1491 1800 1585">
     <span class='ocr_line' id='line_1_66' title="bbox 1252 1491 1704 1534; baseline -0.002 -1"><span class='ocrx_word' id='word_1_319' title='bbox 1252 1493 1312 1533; x_wconf 88' lang='lat' dir='ltr'>In</span> <span class='ocrx_word' id='word_1_320' title='bbox 1339 1493 1507 1534; x_wconf 86' lang='lat' dir='ltr'>feriali</span> <span class='ocrx_word' id='word_1_321' title='bbox 1534 1491 1704 1534; x_wconf 86' lang='lat' dir='ltr'>Officio</span> 
     </span>
     <span class='ocr_line' id='line_1_67' title="bbox 1158 1543 1800 1585; baseline 0.003 -10"><span class='ocrx_word' id='word_1_322' title='bbox 1158 1547 1297 1575; x_wconf 69' lang='lat' dir='ltr'>extra</span> <span class='ocrx_word' id='word_1_323' title='bbox 1333 1546 1526 1585; x_wconf 78' lang='lat' dir='ltr'>tempus</span> <span class='ocrx_word' id='word_1_324' title='bbox 1555 1543 1800 1585; x_wconf 86' lang='lat' dir='ltr'>paschale</span> 
     </span>
    </p>
   </div>
   <div class='ocr_carea' id='block_1_8' title="bbox 1310 1595 1644 1636">
    <p class='ocr_par' dir='ltr' id='par_1_27' title="bbox 1310 1595 1644 1636">
     <span class='ocr_line' id='line_1_68' title="bbox 1310 1595 1644 1636; baseline -0.006 0"><span class='ocrx_word' id='word_1_325' title='bbox 1310 1595 1375 1636; x_wconf 90' lang='lat' dir='ltr'>ad</span> <span class='ocrx_word' id='word_1_326' title='bbox 1401 1595 1644 1636; x_wconf 88' lang='lat' dir='ltr'>Primam.</span> 
     </span>
    </p>
   </div>
   <div class='ocr_carea' id='block_1_9' title="bbox 1068 1656 1891 1768">
    <p class='ocr_par' dir='ltr' id='par_1_28' title="bbox 1068 1656 1891 1768">
     <span class='ocr_line' id='line_1_69' title="bbox 1124 1656 1891 1702; baseline -0.001 -3"><span class='ocrx_word' id='word_1_327' title='bbox 1124 1657 1248 1700; x_wconf 84' lang='lat' dir='ltr'>I‘ater</span> <span class='ocrx_word' id='word_1_328' title='bbox 1262 1665 1421 1701; x_wconf 87' lang='lat' dir='ltr'>noster.</span> <span class='ocrx_word' id='word_1_329' title='bbox 1454 1660 1544 1702; x_wconf 87' lang='lat' dir='ltr'>Ave</span> <span class='ocrx_word' id='word_1_330' title='bbox 1558 1659 1707 1700; x_wconf 90' lang='lat' dir='ltr'>Maria.</span> <span class='ocrx_word' id='word_1_331' title='bbox 1732 1656 1891 1699; x_wconf 90' lang='lat' dir='ltr'>Credo.</span> 
     </span>
     <span class='ocr_line' id='line_1_70' title="bbox 1068 1711 1685 1768; baseline 0.002 -13"><span class='ocrx_word' id='word_1_332' title='bbox 1068 1711 1116 1763; x_wconf 50' lang='grc' dir='ltr'>δ”.</span> <span class='ocrx_word' id='word_1_333' title='bbox 1135 1715 1255 1756; x_wconf 93' lang='lat' dir='ltr'>Deus</span> <span class='ocrx_word' id='word_1_334' title='bbox 1274 1716 1317 1756; x_wconf 93' lang='lat' dir='ltr'>in</span> <span class='ocrx_word' id='word_1_335' title='bbox 1336 1715 1607 1768; x_wconf 83' lang='lat' dir='ltr'>adjutorium.</span> <span class='ocrx_word' id='word_1_336' title='bbox 1625 1716 1685 1756; x_wconf 88' lang='grc'>15.</span> 
     </span>
    </p>
   </div>
   <div class='ocr_carea' id='block_1_10' title="bbox 1094 1785 1829 2747">
    <p class='ocr_par' dir='ltr' id='par_1_29' title="bbox 1145 1785 1829 2050">
     <span class='ocr_line' id='line_1_71' title="bbox 1371 1785 1579 1836; baseline 0 -12"><span class='ocrx_word' id='word_1_337' title='bbox 1371 1785 1579 1836; x_wconf 73' lang='lat' dir='ltr'>Hymnus.</span> 
     </span>
     <span class='ocr_line' id='line_1_72' title="bbox 1163 1838 1642 1880; baseline 0 -2"><span class='ocrx_word' id='word_1_338' title='bbox 1163 1851 1232 1878; x_wconf 91' lang='lat' dir='ltr'>am</span> <span class='ocrx_word' id='word_1_339' title='bbox 1251 1838 1359 1880; x_wconf 91' lang='lat' dir='ltr'>lucis</span> <span class='ocrx_word' id='word_1_340' title='bbox 1380 1843 1478 1880; x_wconf 92' lang='lat' dir='ltr'>orto</span> <span class='ocrx_word' id='word_1_341' title='bbox 1499 1838 1642 1880; x_wconf 88' lang='lat' dir='ltr'>sidere</span> 
     </span>
     <span class='ocr_line' id='line_1_73' title="bbox 1188 1893 1829 1948; baseline -0.002 -13"><span class='ocrx_word' id='word_1_342' title='bbox 1188 1895 1331 1936; x_wconf 92' lang='lat' dir='ltr'>Deum</span> <span class='ocrx_word' id='word_1_343' title='bbox 1349 1897 1578 1948; x_wconf 89' lang='lat' dir='ltr'>precemur</span> <span class='ocrx_word' id='word_1_344' title='bbox 1597 1893 1829 1946; x_wconf 83' lang='lat' dir='ltr'>supplices,</span> 
     </span>
     <span class='ocr_line' id='line_1_74' title="bbox 1147 1950 1642 1993; baseline 0.002 -2"><span class='ocrx_word' id='word_1_345' title='bbox 1147 1950 1205 1992; x_wconf 89' lang='lat' dir='ltr'>Ut</span> <span class='ocrx_word' id='word_1_346' title='bbox 1222 1951 1266 1992; x_wconf 95' lang='lat' dir='ltr'>in</span> <span class='ocrx_word' id='word_1_347' title='bbox 1286 1951 1451 1993; x_wconf 82' lang='lat' dir='ltr'>diurnis</span> <span class='ocrx_word' id='word_1_348' title='bbox 1471 1950 1642 1993; x_wconf 80' lang='lat' dir='ltr'>actibus</span> 
     </span>
     <span class='ocr_line' id='line_1_75' title="bbox 1145 2005 1736 2050; baseline -0.002 -2"><span class='ocrx_word' id='word_1_349' title='bbox 1145 2006 1240 2049; x_wconf 94' lang='lat' dir='ltr'>Nos</span> <span class='ocrx_word' id='word_1_350' title='bbox 1260 2013 1404 2050; x_wconf 90' lang='lat' dir='ltr'>servet</span> <span class='ocrx_word' id='word_1_351' title='bbox 1424 2021 1448 2049; x_wconf 92' lang='lat' dir='ltr'>a</span> <span class='ocrx_word' id='word_1_352' title='bbox 1466 2005 1736 2049; x_wconf 87' lang='lat' dir='ltr'>nocentibus.</span> 
     </span>
    </p>

    <p class='ocr_par' dir='ltr' id='par_1_30' title="bbox 1094 2067 1807 2279">
     <span class='ocr_line' id='line_1_76' title="bbox 1094 2067 1807 2120; baseline 0.001 -13"><span class='ocrx_word' id='word_1_353' title='bbox 1094 2067 1307 2119; x_wconf 84' lang='lat' dir='ltr'>Linguam</span> <span class='ocrx_word' id='word_1_354' title='bbox 1326 2069 1563 2110; x_wconf 77' lang='lat' dir='ltr'>refraenans</span> <span class='ocrx_word' id='word_1_355' title='bbox 1581 2069 1807 2120; x_wconf 88' lang='lat' dir='ltr'>temperet,</span> 
     </span>
     <span class='ocr_line' id='line_1_77' title="bbox 1146 2124 1699 2166; baseline -0.002 -1"><span class='ocrx_word' id='word_1_356' title='bbox 1146 2124 1214 2166; x_wconf 95' lang='lat' dir='ltr'>Ne</span> <span class='ocrx_word' id='word_1_357' title='bbox 1232 2125 1319 2166; x_wconf 88' lang='lat' dir='ltr'>litis</span> <span class='ocrx_word' id='word_1_358' title='bbox 1338 2125 1494 2166; x_wconf 89' lang='lat' dir='ltr'>horror</span> <span class='ocrx_word' id='word_1_359' title='bbox 1513 2127 1699 2166; x_wconf 88' lang='lat' dir='ltr'>insonet:</span> 
     </span>
     <span class='ocr_line' id='line_1_78' title="bbox 1147 2181 1748 2230; baseline -0.002 -9"><span class='ocrx_word' id='word_1_360' title='bbox 1147 2181 1302 2222; x_wconf 92' lang='lat' dir='ltr'>Visum</span> <span class='ocrx_word' id='word_1_361' title='bbox 1322 2181 1511 2223; x_wconf 87' lang='lat' dir='ltr'>fovendo</span> <span class='ocrx_word' id='word_1_362' title='bbox 1532 2182 1748 2230; x_wconf 73' lang='lat' dir='ltr'>contegat,</span> 
     </span>
     <span class='ocr_line' id='line_1_79' title="bbox 1147 2236 1651 2279; baseline -0.002 -2"><span class='ocrx_word' id='word_1_363' title='bbox 1147 2236 1215 2278; x_wconf 90' lang='lat' dir='ltr'>Ne</span> <span class='ocrx_word' id='word_1_364' title='bbox 1234 2237 1450 2279; x_wconf 74' lang='lat' dir='ltr'>vanitates</span> <span class='ocrx_word' id='word_1_365' title='bbox 1469 2237 1651 2278; x_wconf 83' lang='lat' dir='ltr'>hauriat.</span> 
     </span>
    </p>

    <p class='ocr_par' dir='ltr' id='par_1_31' title="bbox 1094 2296 1703 2518">
     <span class='ocr_line' id='line_1_80' title="bbox 1094 2296 1662 2349; baseline 0.002 -13"><span class='ocrx_word' id='word_1_366' title='bbox 1094 2296 1191 2338; x_wconf 91' lang='lat' dir='ltr'>Sint</span> <span class='ocrx_word' id='word_1_367' title='bbox 1209 2310 1318 2349; x_wconf 91' lang='lat' dir='ltr'>pura</span> <span class='ocrx_word' id='word_1_368' title='bbox 1338 2297 1483 2338; x_wconf 92' lang='lat' dir='ltr'>cordis</span> <span class='ocrx_word' id='word_1_369' title='bbox 1502 2297 1662 2345; x_wconf 89' lang='lat' dir='ltr'>intima,</span> 
     </span>
     <span class='ocr_line' id='line_1_81' title="bbox 1149 2352 1649 2395; baseline -0.002 -1"><span class='ocrx_word' id='word_1_370' title='bbox 1149 2353 1349 2395; x_wconf 88' lang='lat' dir='ltr'>Absistat</span> <span class='ocrx_word' id='word_1_371' title='bbox 1368 2358 1411 2395; x_wconf 93' lang='lat' dir='ltr'>et</span> <span class='ocrx_word' id='word_1_372' title='bbox 1430 2352 1649 2394; x_wconf 80' lang='lat' dir='ltr'>vec6rdia:</span> 
     </span>
     <span class='ocr_line' id='line_1_82' title="bbox 1150 2409 1703 2462; baseline -0.002 -12"><span class='ocrx_word' id='word_1_373' title='bbox 1150 2409 1301 2450; x_wconf 90' lang='lat' dir='ltr'>Carnis</span> <span class='ocrx_word' id='word_1_374' title='bbox 1319 2414 1433 2451; x_wconf 89' lang='lat' dir='ltr'>terat</span> <span class='ocrx_word' id='word_1_375' title='bbox 1452 2409 1703 2462; x_wconf 90' lang='lat' dir='ltr'>superbiam</span> 
     </span>
     <span class='ocr_line' id='line_1_83' title="bbox 1149 2465 1698 2518; baseline 0 -13"><span class='ocrx_word' id='word_1_376' title='bbox 1149 2465 1286 2507; x_wconf 92' lang='lat' dir='ltr'>Potus</span> <span class='ocrx_word' id='word_1_377' title='bbox 1306 2465 1477 2518; x_wconf 90' lang='lat' dir='ltr'>cibique</span> <span class='ocrx_word' id='word_1_378' title='bbox 1496 2465 1698 2517; x_wconf 77' lang='lat' dir='ltr'>parcitas.</span> 
     </span>
    </p>

    <p class='ocr_par' dir='ltr' id='par_1_32' title="bbox 1105 2526 1792 2747">
     <span class='ocr_line' id='line_1_84' title="bbox 1105 2526 1680 2575; baseline 0 -9"><span class='ocrx_word' id='word_1_379' title='bbox 1105 2528 1158 2568; x_wconf 77' lang='lat' dir='ltr'>Ut</span> <span class='ocrx_word' id='word_1_380' title='bbox 1177 2540 1275 2568; x_wconf 91' lang='lat' dir='ltr'>cum</span> <span class='ocrx_word' id='word_1_381' title='bbox 1296 2526 1389 2568; x_wconf 88' lang='lat' dir='ltr'>dies</span> <span class='ocrx_word' id='word_1_382' title='bbox 1408 2526 1680 2575; x_wconf 88' lang='lat' dir='ltr'>abscesserit,</span> 
     </span>
     <span class='ocr_line' id='line_1_85' title="bbox 1150 2581 1792 2634; baseline -0.005 -10"><span class='ocrx_word' id='word_1_383' title='bbox 1150 2583 1424 2634; x_wconf 91' lang='lat' dir='ltr'>Noctemque</span> <span class='ocrx_word' id='word_1_384' title='bbox 1444 2595 1540 2623; x_wconf 91' lang='lat' dir='ltr'>sors</span> <span class='ocrx_word' id='word_1_385' title='bbox 1561 2581 1792 2623; x_wconf 82' lang='lat' dir='ltr'>reduxerit.</span> 
     </span>
     <span class='ocr_line' id='line_1_86' title="bbox 1152 2637 1724 2691; baseline -0.003 -11"><span class='ocrx_word' id='word_1_386' title='bbox 1152 2637 1302 2680; x_wconf 90' lang='lat' dir='ltr'>Mundi</span> <span class='ocrx_word' id='word_1_387' title='bbox 1319 2650 1398 2691; x_wconf 91' lang='lat' dir='ltr'>per</span> <span class='ocrx_word' id='word_1_388' title='bbox 1418 2637 1724 2679; x_wconf 86' lang='lat' dir='ltr'>abstinentiam</span> 
     </span>
     <span class='ocr_line' id='line_1_87' title="bbox 1151 2693 1677 2747; baseline 0 -13"><span class='ocrx_word' id='word_1_389' title='bbox 1151 2695 1241 2747; x_wconf 89' lang='lat' dir='ltr'>Ipsi</span> <span class='ocrx_word' id='word_1_390' title='bbox 1260 2695 1465 2736; x_wconf 80' lang='lat' dir='ltr'>canamus</span> <span class='ocrx_word' id='word_1_391' title='bbox 1484 2693 1677 2744; x_wconf 82' lang='lat' dir='ltr'>gloriam.</span> 
     </span>
    </p>
   </div>
   <div class='ocr_carea' id='block_1_11' title="bbox 124 118 1960 2798">
    <p class='ocr_par' dir='ltr' id='par_1_33' title="bbox 124 118 1960 2798">
     <span class='ocr_line' id='line_1_88' title="bbox 124 118 1960 2798; baseline 0 0"><span class='ocrx_word' id='word_1_392' title='bbox 124 118 1960 2798; x_wconf 95' lang='lat' dir='ltr'> </span> 
     </span>
    </p>
   </div>
  </div>
 </body>
</html>
