2028 2892
740 192 936 226 Dominicu
965 191 1022 224 lv.
1049 190 1370 231 ‹211uc11-ugesin1ae.

211 291 253 331 in
271 290 431 342 Spiritu
455 292 605 329 sancto
630 286 846 340 propheta
869 285 1023 339 praedi-

212 350 343 388 xerat.
402 345 510 386 Cum
553 343 819 395 loqueretur,
866 342 1024 383 veritas

212 401 540 452 agnoscebantur:
578 413 675 441 cum
711 398 919 441 adversus
950 398 1024 439 ini-

211 460 347 499 micos
364 470 448 499 non
463 458 722 505 moveretur,
738 454 1025 497 mansuetudo

211 514 478 556 laudabatur.
513 514 621 555 Cum
647 525 750 563 ergo
776 512 830 553 de
855 511 1025 553 duobus

212 570 316 619 istis,
334 569 379 611 id
399 575 476 619 est,
497 568 550 611 de
570 569 751 611 veritate
771 574 813 610 et
831 580 1026 609 mansue-

212 626 361 668 tudine
381 627 485 678 ejus,
513 626 672 666 inimici
694 625 832 666 livore
857 629 900 666 et
922 624 1025 664 invi-

213 683 285 724 dia
303 684 624 735 torquerentur3
649 682 690 722 in
716 682 861 730 tertio,
885 680 930 722 id
950 685 1026 729 est,

213 740 384 790 justitia,
403 739 654 780 scandalum
673 739 921 791 posuerunt.

268 801 312 851 R».
340 795 685 837 Lamentabatur.
706 796 793 836 163.

268 865 330 904 Ad
372 863 524 904 Bencd.
577 865 673 902 Ant.
727 858 950 901 inclinavit
981 871 1027 900 se

213 917 354 966 Jesus,
381 917 404 942 *
435 921 478 957 et
505 915 722 957 scribebat
749 916 791 956 in
822 920 953 957 terra:
983 915 1027 956 Si

216 973 310 1025 quis
343 973 434 1014 sine
466 974 648 1025 peccato
682 976 764 1022 est,
806 973 950 1013 mittat
986 972 1027 1012 in

215 1042 309 1071 eam
326 1029 524 1082 lapidem.

541 1095 699 1135 (⁷)ratio.

298 1160 427 1197 raesta
457 1159 722 1208 quaesumuS,
755 1158 1030 1209 omnipotens

310 1214 444 1254 Deus:
462 1219 510 1254 ut
528 1213 599 1265 qui
616 1226 673 1262 se,
693 1212 926 1264 affligendo
941 1225 1029 1254 car-

217 1282 331 1319 nem,
367 1269 422 1310 ab
455 1269 667 1310 alimentis
699 1269 929 1320 abstinent3
968 1281 1030 1310 se-

218 1325 376 1367 ctando
403 1326 607 1377 justitiam
634 1339 658 1366 a
684 1325 811 1378 culpa
835 1326 1031 1378 jejt'ment.

217 1382 299 1423 Per
317 1382 562 1423 Dominum.

445 1471 522 1511 Ad
542 1470 802 1522 vesperas.

291 1538 546 1589 Capitulum.
712 1538 848 1578 Galat.
865 1540 901 1577 4.
918 1551 950 1578 e.

294 1606 444 1643 ratres:
477 1602 694 1655 Scriptum
719 1607 799 1652 est,
828 1605 1031 1656 quoniam

314 1658 534 1699 Abraham
571 1659 683 1700 duos
718 1659 831 1701 filios
867 1660 1032 1702 habuit:

218 1728 348 1756 unum
369 1714 424 1756 de
443 1715 613 1765 ancilla,
637 1721 680 1757 et
705 1729 837 1757 unum
857 1717 911 1759 de
929 1717 1032 1760 libe-

220 1783 282 1812 ra:
309 1770 387 1812 sed
411 1772 485 1823 qui
510 1771 563 1813 de
591 1772 762 1822 ancilla,
794 1773 1032 1815 secundum

220 1839 392 1869 carnem
424 1832 550 1869 natus
583 1833 661 1870 est:
694 1830 767 1881 qui
802 1835 946 1872 autem
978 1830 1033 1872 de

219 1882 371 1933 libera,
398 1896 476 1937 per
503 1885 899 1936 repromissionem:
936 1900 1033 1939 quae

220 1945 318 1981 sunt
335 1952 413 1992 per
432 1940 682 1992 allegoriam
701 1941 826 1983 dicta.

524 2007 559 2046 H
566 2021 728 2058 ymnus.

330 2069 415 2120 udi,
432 2071 616 2122 benigne
637 2072 856 2123 Conditor,

355 2127 539 2169 Nostras
558 2141 710 2181 preces
735 2143 831 2171 cum
852 2131 1034 2181 fletibus,
1091 2116 1124 2184 ’ξς
1143 2120 1203 2168 ’όᾳς
1232 2138 1234 2145 s

297 2185 346 2226 In
365 2184 449 2226 hoc
468 2197 593 2227 sacro
613 2186 767 2237 jejunio

296 2241 433 2283 Fusas
453 2241 807 2294 quadragenario.

247 2307 470 2348 Scrutator
488 2305 599 2348 alme
618 2306 825 2356 cordium,

299 2362 474 2403 Infima
493 2367 540 2404 tu
559 2363 643 2404 scis
664 2363 832 2404 virium:

300 2417 370 2459 Ad
388 2423 431 2460 te
451 2419 637 2460 reversis
656 2419 810 2461 exhibe

300 2474 584 2516 Remissionis
603 2476 797 2527 gratiam.

253 2537 432 2579 Multum
452 2539 625 2591 quidem
643 2541 930 2593 peccAvimus‚

302 2594 387 2636 Sed
403 2608 533 2647 parce
551 2596 872 2638 confitentibus:

303 2650 373 2692 Ad
392 2652 575 2693 nominis
594 2653 767 2695 laudem
785 2654 847 2695 tui

304 2707 461 2748 Confer
478 2709 689 2751 medelam
708 2710 931 2761 languidis.

1105 284 1309 330 Concede
1325 289 1521 326 nostrum
1541 282 1707 324 conteri

1155 343 1325 394 Corpus
1342 354 1421 394 per
1440 339 1760 388 abstinentiam3

1154 398 1305 451 Culpae
1324 403 1372 439 ut
1391 397 1635 448 relinquant
1652 394 1861 448 pabulum

1155 456 1178 496 J
1182 456 1306 507 ejuna
1325 453 1459 495 corda
1478 453 1713 494 criminum.

1105 523 1271 561 Praesta
1288 519 1418 560 beata
1436 517 1638 566 Trinitas,

1157 575 1359 618 Concede
1378 574 1562 627 simplex
1581 573 1753 622 Unitas3

1155 633 1214 675 Ut
1232 633 1453 673 fructuosa
1473 631 1559 672 sint
1575 630 1662 671 tuis

1155 690 1179 730 J
1182 689 1421 741 ejuniorum
1439 691 1630 729 mussera.
1656 687 1807 728 Amen.

1133 752 1181 800 Y'.
1211 749 1391 801 Angelis
1417 746 1505 790 s'uis
1533 749 1653 790 Deus
1677 747 1899 789 mandavit

1081 807 1136 848 de
1150 811 1203 848 te.
1235 811 1282 862 R*-
1300 807 1359 848 Ut
1379 805 1628 847 custodiant
1646 809 1690 846 te
1707 805 1749 850 in
1765 804 1897 846 omni-

1079 863 1160 905 bus
1179 863 1260 905 viis
1278 863 1374 904 tuis.

1135 930 1203 970 Ad
1230 930 1399 979 Magnis.
1437 929 1533 969 Ant.
1566 928 1707 968 Nemo
1731 931 1776 968 te
1799 939 1899 968 con·

1081 985 1302 1027 demnavit
1316 984 1492 1026 mulier?
1512 984 1535 1010 *
1553 996 1681 1026 nemo
1698 983 1900 1024 Domine:

1080 1055 1160 1083 nec
1185 1054 1267 1093 ego
1293 1046 1336 1083 te
1361 1040 1678 1082 condemnabo:
1705 1041 1788 1092 jam
1814 1041 1900 1080 am-

1081 1098 1194 1151 plius
1212 1098 1301 1139 noli
1320 1099 1514 1150 peccare.

1414 1154 1576 1195 Oratio.

1157 1211 1322 1253 oncede
1351 1213 1600 1264 quaesumus
1625 1211 1900 1262 omnipotens

1170 1269 1304 1310 Deus:
1327 1272 1375 1309 ut
1398 1267 1472 1320 qui
1491 1280 1545 1309 ex
1563 1267 1719 1308 merito
1738 1270 1901 1307 nostrae

1084 1325 1265 1366 actionis
1281 1325 1520 1375 affligimur,
1534 1328 1621 1366 tuae
1637 1323 1787 1375 gretiae
1802 1335 1901 1364 con-

1084 1381 1297 1423 solatione
1315 1381 1587 1434 respiremus.
1615 1381 1699 1422 Per
1716 1379 1842 1420 Dfim.

1298 1523 1572 1574 Dominica
1597 1521 1684 1571 IV.

1203 1592 1257 1631 in
1296 1589 1783 1641 Quadragesima.

1242 1670 1329 1712 Ad
1359 1669 1744 1711 matutinum.

1139 1734 1307 1774 Invitat.
1334 1732 1434 1773 Non
1453 1732 1508 1773 sit
1526 1730 1663 1772 vobiS.
1680 1731 1718 1772 2.

1134 1792 1200 1832 Ps.
1233 1790 1399 1838 Venite,
1419 1787 1695 1830 exsultemus.
1713 1788 1750 1828 2.

1134 1848 1343 1899 Hymnus.
1372 1847 1439 1886 Ex
1458 1857 1581 1886 more
1601 1844 1730 1886 docti.
1747 1845 1784 1885 2.

1327 1917 1375 1956 In
1394 1918 1423 1956 Ι.
1443 1917 1664 1958 Nocturno.

1303 1979 1369 2018 De
1396 1976 1508 2018 libro
1535 1975 1687 2018 Exodi.

1213 2040 1362 2082 Lectio
1383 2039 1406 2079 i.
1618 2037 1719 2089 Cap.
1739 2038 1774 2077 3.

1155 2106 1187 2133 ψ
1232 2095 1373 2146 oyses
1397 2098 1542 2135 autem
1563 2092 1773 2146 pascebat
1798 2104 1904 2133 oves

1130 2169 1133 2182 ·
1157 2149 1203 2206 ἧς,
1260 2150 1412 2192 Jethro
1441 2150 1580 2192 soceri
1610 2150 1676 2190 sui
1705 2147 1903 2190 sacerdo-

1100 2230 1107 2232 *
1127 2202 1135 2210 “
1261 2207 1317 2248 tis
1336 2206 1525 2248 Madian:
1546 2219 1731 2259 cumque
1749 2205 1904 2246 minas-

1087 2267 1154 2304 set
1189 2275 1365 2313 gregem
1404 2262 1460 2304 ad
1494 2263 1702 2304 interiora
1734 2261 1904 2310 deserti,

1087 2319 1205 2360 venit
1230 2318 1287 2360 ad
1308 2324 1501 2361 montem
1518 2319 1602 2360 Dei
1620 2318 1782 2360 Horeb.
1817 2319 1904 2370 Ap-

1087 2377 1317 2428 paruitque
1349 2375 1388 2416 ei
1415 2375 1628 2416 Dominus
1658 2375 1701 2415 in
1734 2375 1906 2415 flamma

1087 2431 1198 2482 ignis
1235 2431 1290 2472 de
1326 2431 1471 2473 medio
1508 2431 1618 2473 rubi:
1654 2436 1698 2472 et
1731 2429 1906 2472 videbat

1090 2487 1207 2540 quod
1230 2487 1364 2528 rubus
1390 2487 1582 2537 arderet,
1610 2493 1654 2529 et
1677 2499 1764 2528 non
1790 2499 1905 2528 com-

1087 2544 1327 2585 bureretur.
1352 2544 1473 2584 Dixit
1493 2556 1597 2595 ergo
1613 2543 1802 2595 Moyses:
1821 2543 1905 2584 Va—

1089 2600 1202 2649 dam,
1223 2604 1265 2641 et
1283 2598 1441 2641 videbo
1460 2601 1673 2641 visionem
1691 2599 1802 2640 hanc
1820 2611 1905 2640 ma-

1088 2669 1233 2707 gnam,
1266 2668 1399 2708 quare
1424 2668 1511 2697 non
1536 2656 1815 2697 comburatur
1839 2668 1906 2696 ru-

1088 2711 1179 2753 bus.
1201 2712 1391 2754 Cernens
1406 2717 1550 2753 autem
1560 2712 1772 2753 Dominus
1788 2711 1906 2764 quod
