<?xml version="1.0" encoding="UTF-8"?>
<!DOCTYPE html PUBLIC "-//W3C//DTD XHTML 1.0 Transitional//EN"
    "http://www.w3.org/TR/xhtml1/DTD/xhtml1-transitional.dtd">
<html xmlns="http://www.w3.org/1999/xhtml" xml:lang="en" lang="en">
 <head>
  <title>
</title>
<meta http-equiv="Content-Type" content="text/html;charset=utf-8" />
  <meta name='ocr-system' content='tesseract 3.04.00' />
  <meta name='ocr-capabilities' content='ocr_page ocr_carea ocr_par ocr_line ocrx_word'/>
</head>
<body>
  <div class='ocr_page' id='page_1' title='image "./p2breviariumroma00cathuoft_0718.png"; bbox 0 0 2066 2956; ppageno 0'>
   <div class='ocr_carea' id='block_1_1' title="bbox 647 219 1480 255">
    <p class='ocr_par' dir='ltr' id='par_1_1' title="bbox 647 219 1480 255">
     <span class='ocr_line' id='line_1_1' title="bbox 647 219 1480 255; baseline -0.002 -1"><span class='ocrx_word' id='word_1_1' title='bbox 647 222 751 255; x_wconf 74' lang='lat' dir='ltr'>Infra</span> <span class='ocrx_word' id='word_1_2' title='bbox 778 221 963 255; x_wconf 72' lang='lat' dir='ltr'>Octavam</span> <span class='ocrx_word' id='word_1_3' title='bbox 990 220 1258 254; x_wconf 73' lang='lat' dir='ltr'>Declicationis</span> <span class='ocrx_word' id='word_1_4' title='bbox 1285 219 1480 253; x_wconf 71' lang='lat' dir='ltr'>Ecclesiae.</span> 
     </span>
    </p>
   </div>
   <div class='ocr_carea' id='block_1_2' title="bbox 205 315 1036 471">
    <p class='ocr_par' dir='ltr' id='par_1_2' title="bbox 205 315 1036 471">
     <span class='ocr_line' id='line_1_2' title="bbox 207 315 1036 369; baseline -0.002 -11"><span class='ocrx_word' id='word_1_5' title='bbox 207 316 481 369; x_wconf 79' lang='lat' dir='ltr'>deprehensi,</span> <span class='ocrx_word' id='word_1_6' title='bbox 505 316 650 358; x_wconf 90' lang='lat' dir='ltr'>adhuc</span> <span class='ocrx_word' id='word_1_7' title='bbox 668 316 892 368; x_wconf 79' lang='lat' dir='ltr'>sycomori</span> <span class='ocrx_word' id='word_1_8' title='bbox 911 315 1036 356; x_wconf 88' lang='lat' dir='ltr'>arbo-</span> 
     </span>
     <span class='ocr_line' id='line_1_3' title="bbox 205 372 693 414; baseline 0 -1"><span class='ocrx_word' id='word_1_9' title='bbox 205 385 298 414; x_wconf 87' lang='lat' dir='ltr'>rem</span> <span class='ocrx_word' id='word_1_10' title='bbox 316 385 404 413; x_wconf 93' lang='lat' dir='ltr'>non</span> <span class='ocrx_word' id='word_1_11' title='bbox 422 372 693 414; x_wconf 77' lang='lat' dir='ltr'>invenerunt.</span> 
     </span>
     <span class='ocr_line' id='line_1_4' title="bbox 262 428 834 471; baseline 0.003 -3"><span class='ocrx_word' id='word_1_12' title='bbox 262 428 324 470; x_wconf 91' lang='lat' dir='ltr'>Te</span> <span class='ocrx_word' id='word_1_13' title='bbox 343 429 488 470; x_wconf 86' lang='lat' dir='ltr'>Deum</span> <span class='ocrx_word' id='word_1_14' title='bbox 506 428 748 470; x_wconf 90' lang='lat' dir='ltr'>laudamus.</span> <span class='ocrx_word' id='word_1_15' title='bbox 775 430 834 471; x_wconf 86' lang='lat'>15.</span> 
     </span>
    </p>
   </div>
   <div class='ocr_carea' id='block_1_3' title="bbox 466 509 778 538">
    <p class='ocr_par' dir='ltr' id='par_1_3' title="bbox 466 509 778 538">
     <span class='ocr_line' id='line_1_5' title="bbox 466 509 778 538; baseline 0.003 -14"><span class='ocrx_word' id='word_1_16' title='bbox 466 522 479 524; x_wconf 58' lang='lat'><em>„</em></span> <span class='ocrx_word' id='word_1_17' title='bbox 490 509 778 538; x_wconf 24' lang='lat' dir='ltr'>-mffi-.-m</span> 
     </span>
    </p>
   </div>
   <div class='ocr_carea' id='block_1_4' title="bbox 204 586 1035 859">
    <p class='ocr_par' dir='ltr' id='par_1_4' title="bbox 204 586 1035 859">
     <span class='ocr_line' id='line_1_6' title="bbox 396 586 845 630; baseline -0.007 0"><span class='ocrx_word' id='word_1_18' title='bbox 396 586 440 630; x_wconf 76' lang='lat' dir='ltr'>Q,</span> <span class='ocrx_word' id='word_1_19' title='bbox 457 586 529 627; x_wconf 93' lang='lat' dir='ltr'>ui</span> <span class='ocrx_word' id='word_1_20' title='bbox 548 597 584 627; x_wconf 90' lang='lat' dir='ltr'>n</span> <span class='ocrx_word' id='word_1_21' title='bbox 602 587 625 627; x_wconf 83' lang='lat' dir='ltr'>t</span> <span class='ocrx_word' id='word_1_22' title='bbox 642 597 673 628; x_wconf 86' lang='lat' dir='ltr'>a</span> <span class='ocrx_word' id='word_1_23' title='bbox 718 587 760 627; x_wconf 89' lang='lat' dir='ltr'><strong>D</strong></span> <span class='ocrx_word' id='word_1_24' title='bbox 780 586 798 627; x_wconf 89' lang='lat' dir='ltr'>i</span> <span class='ocrx_word' id='word_1_25' title='bbox 818 596 845 627; x_wconf 82' lang='lat' dir='ltr'>e</span> 
     </span>
     <span class='ocr_line' id='line_1_7' title="bbox 445 643 798 683; baseline 0.003 -2"><span class='ocrx_word' id='word_1_26' title='bbox 445 643 553 683; x_wconf 84' lang='lat' dir='ltr'>infra</span> <span class='ocrx_word' id='word_1_27' title='bbox 575 643 798 683; x_wconf 77' lang='lat' dir='ltr'>Octavam.</span> 
     </span>
     <span class='ocr_line' id='line_1_8' title="bbox 256 710 1035 745; baseline 0.001 -2"><span class='ocrx_word' id='word_1_28' title='bbox 256 711 296 743; x_wconf 83' lang='lat' dir='ltr'>In</span> <span class='ocrx_word' id='word_1_29' title='bbox 331 711 356 744; x_wconf 89' lang='grc' dir='ltr'>Ι,</span> <span class='ocrx_word' id='word_1_30' title='bbox 387 711 586 745; x_wconf 75' lang='lat' dir='ltr'>Noetumo</span> <span class='ocrx_word' id='word_1_31' title='bbox 622 711 825 745; x_wconf 72' lang='lat' dir='ltr'>Lectiones</span> <span class='ocrx_word' id='word_1_32' title='bbox 858 711 905 744; x_wconf 81' lang='lat' dir='ltr'>de</span> <span class='ocrx_word' id='word_1_33' title='bbox 937 710 1035 744; x_wconf 80' lang='lat' dir='ltr'>Seri-</span> 
     </span>
     <span class='ocr_line' id='line_1_9' title="bbox 204 764 575 801; baseline 0.003 -9"><span class='ocrx_word' id='word_1_34' title='bbox 204 764 316 801; x_wconf 78' lang='lat' dir='ltr'>ptura</span> <span class='ocrx_word' id='word_1_35' title='bbox 342 764 575 793; x_wconf 73' lang='lat' dir='ltr'>occurrente.</span> 
     </span>
     <span class='ocr_line' id='line_1_10' title="bbox 434 819 813 859; baseline 0.005 -2"><span class='ocrx_word' id='word_1_36' title='bbox 434 819 483 858; x_wconf 89' lang='lat' dir='ltr'>In</span> <span class='ocrx_word' id='word_1_37' title='bbox 510 820 560 858; x_wconf 91' lang='lat'>11.</span> <span class='ocrx_word' id='word_1_38' title='bbox 590 820 813 859; x_wconf 75' lang='lat' dir='ltr'>Nocturno.</span> 
     </span>
    </p>
   </div>
   <div class='ocr_carea' id='block_1_5' title="bbox 202 884 1040 2250">
    <p class='ocr_par' dir='ltr' id='par_1_5' title="bbox 202 884 1040 2250">
     <span class='ocr_line' id='line_1_11' title="bbox 256 884 995 935; baseline 0.001 -11"><span class='ocrx_word' id='word_1_39' title='bbox 256 885 323 927; x_wconf 91' lang='lat' dir='ltr'>De</span> <span class='ocrx_word' id='word_1_40' title='bbox 351 884 563 927; x_wconf 80' lang='lat' dir='ltr'>Serm6ne</span> <span class='ocrx_word' id='word_1_41' title='bbox 592 884 732 926; x_wconf 89' lang='lat' dir='ltr'>sancti</span> <span class='ocrx_word' id='word_1_42' title='bbox 758 885 995 935; x_wconf 78' lang='lat' dir='ltr'>Augustini</span> 
     </span>
     <span class='ocr_line' id='line_1_12' title="bbox 511 940 735 993; baseline 0 -12"><span class='ocrx_word' id='word_1_43' title='bbox 511 940 735 993; x_wconf 82' lang='lat' dir='ltr'><strong>Episcopi.</strong></span> 
     </span>
     <span class='ocr_line' id='line_1_13' title="bbox 322 1006 920 1051; baseline 0.003 -11"><span class='ocrx_word' id='word_1_44' title='bbox 322 1006 378 1040; x_wconf 83' lang='lat' dir='ltr'>Ex</span> <span class='ocrx_word' id='word_1_45' title='bbox 405 1008 521 1041; x_wconf 82' lang='lat' dir='ltr'>Scrm.</span> <span class='ocrx_word' id='word_1_46' title='bbox 546 1009 619 1043; x_wconf 75' lang='lat'>256.</span> <span class='ocrx_word' id='word_1_47' title='bbox 647 1008 693 1042; x_wconf 81' lang='lat' dir='ltr'>de</span> <span class='ocrx_word' id='word_1_48' title='bbox 719 1008 920 1051; x_wconf 79' lang='lat' dir='ltr'><strong>Tempore.</strong></span> 
     </span>
     <span class='ocr_line' id='line_1_14' title="bbox 507 1069 733 1111; baseline -0.004 -2"><span class='ocrx_word' id='word_1_49' title='bbox 507 1070 659 1111; x_wconf 77' lang='lat' dir='ltr'>Lectio</span> <span class='ocrx_word' id='word_1_50' title='bbox 680 1069 733 1109; x_wconf 76' lang='lat' dir='ltr'>iv.</span> 
     </span>
     <span class='ocr_line' id='line_1_15' title="bbox 214 1130 1037 1182; baseline 0.004 -14"><span class='ocrx_word' id='word_1_51' title='bbox 214 1150 232 1178; x_wconf 78' lang='grc'>;-</span> <span class='ocrx_word' id='word_1_52' title='bbox 258 1141 327 1180; x_wconf 44' lang='grc' dir='ltr'>«κη</span> <span class='ocrx_word' id='word_1_53' title='bbox 352 1130 473 1180; x_wconf 93' lang='lat' dir='ltr'>odo,</span> <span class='ocrx_word' id='word_1_54' title='bbox 503 1130 680 1181; x_wconf 91' lang='lat' dir='ltr'>quando</span> <span class='ocrx_word' id='word_1_55' title='bbox 708 1130 943 1182; x_wconf 78' lang='lat' dir='ltr'>implentur</span> <span class='ocrx_word' id='word_1_56' title='bbox 971 1143 1037 1172; x_wconf 89' lang='lat' dir='ltr'>ec-</span> 
     </span>
     <span class='ocr_line' id='line_1_16' title="bbox 213 1179 1039 1244; baseline 0.001 -18"><span class='ocrx_word' id='word_1_57' title='bbox 213 1182 255 1244; x_wconf 35' lang='grc' dir='ltr'>ξῗ,</span> <span class='ocrx_word' id='word_1_58' title='bbox 277 1179 325 1244; x_wconf 56' lang='grc' dir='ltr'>ἓξ,</span> <span class='ocrx_word' id='word_1_59' title='bbox 383 1186 545 1235; x_wconf 78' lang='lat' dir='ltr'>cle&#39;siae‚</span> <span class='ocrx_word' id='word_1_60' title='bbox 578 1189 784 1238; x_wconf 84' lang='lat' dir='ltr'>putamus</span> <span class='ocrx_word' id='word_1_61' title='bbox 813 1186 1039 1237; x_wconf 85' lang='lat' dir='ltr'>jucundari</span> 
     </span>
     <span class='ocr_line' id='line_1_17' title="bbox 281 1233 1038 1283; baseline 0.001 -0.92"><span class='ocrx_word' id='word_1_62' title='bbox 281 1233 328 1260; x_wconf 54' lang='lat'>‘⁴</span> <span class='ocrx_word' id='word_1_63' title='bbox 350 1238 360 1265; x_wconf 59' lang='lat' dir='ltr'>f*</span> <span class='ocrx_word' id='word_1_64' title='bbox 383 1240 588 1283; x_wconf 76' lang='lat' dir='ltr'>Juda&#39;eos?</span> <span class='ocrx_word' id='word_1_65' title='bbox 645 1242 857 1283; x_wconf 77' lang='lat' dir='ltr'>Ecclesiae</span> <span class='ocrx_word' id='word_1_66' title='bbox 904 1242 1038 1283; x_wconf 87' lang='lat' dir='ltr'>aedifi-</span> 
     </span>
     <span class='ocr_line' id='line_1_18' title="bbox 205 1297 1040 1350; baseline 0 -11"><span class='ocrx_word' id='word_1_67' title='bbox 205 1300 370 1347; x_wconf 86' lang='lat' dir='ltr'>cantur,</span> <span class='ocrx_word' id='word_1_68' title='bbox 386 1297 657 1347; x_wconf 88' lang='lat' dir='ltr'>dedicantur,</span> <span class='ocrx_word' id='word_1_69' title='bbox 671 1298 923 1350; x_wconf 80' lang='lat' dir='ltr'>implentur:</span> <span class='ocrx_word' id='word_1_70' title='bbox 941 1301 1040 1350; x_wconf 81' lang='lat' dir='ltr'>quo-</span> 
     </span>
     <span class='ocr_line' id='line_1_19' title="bbox 202 1352 1039 1405; baseline 0.001 -11"><span class='ocrx_word' id='word_1_71' title='bbox 202 1353 338 1395; x_wconf 94' lang='lat' dir='ltr'>modo</span> <span class='ocrx_word' id='word_1_72' title='bbox 358 1353 420 1394; x_wconf 91' lang='lat' dir='ltr'>illi</span> <span class='ocrx_word' id='word_1_73' title='bbox 437 1352 749 1405; x_wconf 82' lang='lat' dir='ltr'>jucundantur?</span> <span class='ocrx_word' id='word_1_74' title='bbox 774 1353 876 1395; x_wconf 91' lang='lat' dir='ltr'>Non</span> <span class='ocrx_word' id='word_1_75' title='bbox 896 1354 1039 1395; x_wconf 93' lang='lat' dir='ltr'>solum</span> 
     </span>
     <span class='ocr_line' id='line_1_20' title="bbox 203 1409 1038 1461; baseline 0.001 -11"><span class='ocrx_word' id='word_1_76' title='bbox 203 1422 293 1451; x_wconf 92' lang='lat' dir='ltr'>non</span> <span class='ocrx_word' id='word_1_77' title='bbox 319 1409 627 1461; x_wconf 69' lang='lat' dir='ltr'>jucundantur,</span> <span class='ocrx_word' id='word_1_78' title='bbox 661 1409 742 1451; x_wconf 91' lang='lat' dir='ltr'>sed</span> <span class='ocrx_word' id='word_1_79' title='bbox 773 1410 905 1451; x_wconf 79' lang='lat' dir='ltr'>etiam</span> <span class='ocrx_word' id='word_1_80' title='bbox 938 1423 1038 1451; x_wconf 93' lang='lat' dir='ltr'>con-</span> 
     </span>
     <span class='ocr_line' id='line_1_21' title="bbox 202 1465 1039 1518; baseline 0.001 -12"><span class='ocrx_word' id='word_1_81' title='bbox 202 1465 461 1515; x_wconf 80' lang='lat' dir='ltr'>funduntur,</span> <span class='ocrx_word' id='word_1_82' title='bbox 490 1470 534 1507; x_wconf 92' lang='lat' dir='ltr'>et</span> <span class='ocrx_word' id='word_1_83' title='bbox 558 1465 766 1518; x_wconf 80' lang='lat' dir='ltr'>impletur</span> <span class='ocrx_word' id='word_1_84' title='bbox 786 1478 876 1507; x_wconf 80' lang='lat' dir='ltr'>vox</span> <span class='ocrx_word' id='word_1_85' title='bbox 899 1466 1039 1507; x_wconf 84' lang='lat' dir='ltr'>exsul-</span> 
     </span>
     <span class='ocr_line' id='line_1_22' title="bbox 203 1521 1039 1574; baseline 0.001 -12"><span class='ocrx_word' id='word_1_86' title='bbox 203 1522 351 1563; x_wconf 88' lang='lat' dir='ltr'>tantis:</span> <span class='ocrx_word' id='word_1_87' title='bbox 378 1521 598 1563; x_wconf 82' lang='lat' dir='ltr'>Exaltabo</span> <span class='ocrx_word' id='word_1_88' title='bbox 626 1526 671 1563; x_wconf 89' lang='lat' dir='ltr'>te</span> <span class='ocrx_word' id='word_1_89' title='bbox 698 1522 903 1572; x_wconf 80' lang='lat' dir='ltr'>Domine,</span> <span class='ocrx_word' id='word_1_90' title='bbox 933 1524 1039 1574; x_wconf 81' lang='lat' dir='ltr'>quo-</span> 
     </span>
     <span class='ocr_line' id='line_1_23' title="bbox 204 1577 1038 1630; baseline 0.001 -12"><span class='ocrx_word' id='word_1_91' title='bbox 204 1577 323 1618; x_wconf 92' lang='lat' dir='ltr'>niam</span> <span class='ocrx_word' id='word_1_92' title='bbox 342 1578 577 1630; x_wconf 83' lang='lat' dir='ltr'>suscepisti</span> <span class='ocrx_word' id='word_1_93' title='bbox 595 1590 681 1619; x_wconf 90' lang='lat' dir='ltr'>me:</span> <span class='ocrx_word' id='word_1_94' title='bbox 710 1582 754 1619; x_wconf 88' lang='lat' dir='ltr'>et</span> <span class='ocrx_word' id='word_1_95' title='bbox 778 1591 868 1619; x_wconf 91' lang='lat' dir='ltr'>non</span> <span class='ocrx_word' id='word_1_96' title='bbox 892 1578 1038 1630; x_wconf 89' lang='lat' dir='ltr'>jucun—</span> 
     </span>
     <span class='ocr_line' id='line_1_24' title="bbox 205 1633 1039 1686; baseline 0.001 -12"><span class='ocrx_word' id='word_1_97' title='bbox 205 1633 320 1674; x_wconf 88' lang='lat' dir='ltr'>dasti</span> <span class='ocrx_word' id='word_1_98' title='bbox 337 1634 539 1674; x_wconf 87' lang='lat' dir='ltr'>inimicos</span> <span class='ocrx_word' id='word_1_99' title='bbox 554 1646 679 1675; x_wconf 91' lang='lat' dir='ltr'>meos</span> <span class='ocrx_word' id='word_1_100' title='bbox 695 1646 828 1686; x_wconf 93' lang='lat' dir='ltr'>super</span> <span class='ocrx_word' id='word_1_101' title='bbox 837 1646 919 1675; x_wconf 92' lang='lat' dir='ltr'>me.</span> <span class='ocrx_word' id='word_1_102' title='bbox 938 1634 1039 1675; x_wconf 90' lang='lat' dir='ltr'>Non</span> 
     </span>
     <span class='ocr_line' id='line_1_25' title="bbox 203 1689 1039 1741; baseline 0.002 -12"><span class='ocrx_word' id='word_1_103' title='bbox 203 1689 449 1740; x_wconf 89' lang='lat' dir='ltr'>jucundasti</span> <span class='ocrx_word' id='word_1_104' title='bbox 477 1702 610 1741; x_wconf 90' lang='lat' dir='ltr'>super</span> <span class='ocrx_word' id='word_1_105' title='bbox 637 1702 722 1731; x_wconf 91' lang='lat' dir='ltr'>me:</span> <span class='ocrx_word' id='word_1_106' title='bbox 755 1690 793 1731; x_wconf 87' lang='lat' dir='ltr'>si</span> <span class='ocrx_word' id='word_1_107' title='bbox 819 1690 927 1731; x_wconf 92' lang='lat' dir='ltr'>mihi</span> <span class='ocrx_word' id='word_1_108' title='bbox 950 1703 1039 1731; x_wconf 91' lang='lat' dir='ltr'>cre-</span> 
     </span>
     <span class='ocr_line' id='line_1_26' title="bbox 206 1744 1040 1796; baseline 0.002 -11"><span class='ocrx_word' id='word_1_109' title='bbox 206 1744 327 1794; x_wconf 85' lang='lat' dir='ltr'>dant,</span> <span class='ocrx_word' id='word_1_110' title='bbox 351 1744 611 1796; x_wconf 88' lang='lat' dir='ltr'>jucundabis</span> <span class='ocrx_word' id='word_1_111' title='bbox 634 1746 678 1786; x_wconf 92' lang='lat' dir='ltr'>in</span> <span class='ocrx_word' id='word_1_112' title='bbox 696 1758 778 1787; x_wconf 94' lang='lat' dir='ltr'>me.</span> <span class='ocrx_word' id='word_1_113' title='bbox 814 1746 883 1787; x_wconf 90' lang='lat' dir='ltr'>Ne</span> <span class='ocrx_word' id='word_1_114' title='bbox 902 1746 1040 1787; x_wconf 88' lang='lat' dir='ltr'>multa</span> 
     </span>
     <span class='ocr_line' id='line_1_27' title="bbox 206 1800 1039 1853; baseline 0.004 -13"><span class='ocrx_word' id='word_1_115' title='bbox 206 1800 421 1850; x_wconf 87' lang='lat' dir='ltr'>dicamus,</span> <span class='ocrx_word' id='word_1_116' title='bbox 445 1800 502 1841; x_wconf 93' lang='lat' dir='ltr'>ad</span> <span class='ocrx_word' id='word_1_117' title='bbox 520 1800 608 1851; x_wconf 88' lang='lat' dir='ltr'>illa,</span> <span class='ocrx_word' id='word_1_118' title='bbox 636 1814 735 1853; x_wconf 85' lang='lat' dir='ltr'>quae</span> <span class='ocrx_word' id='word_1_119' title='bbox 756 1802 1039 1852; x_wconf 87' lang='lat' dir='ltr'>cantavimus,</span> 
     </span>
     <span class='ocr_line' id='line_1_28' title="bbox 206 1856 1039 1908; baseline 0.004 -12"><span class='ocrx_word' id='word_1_120' title='bbox 206 1856 444 1908; x_wconf 88' lang='lat' dir='ltr'>aliquando</span> <span class='ocrx_word' id='word_1_121' title='bbox 459 1857 696 1898; x_wconf 90' lang='lat' dir='ltr'>veniamus.</span> <span class='ocrx_word' id='word_1_122' title='bbox 724 1857 961 1907; x_wconf 82' lang='lat' dir='ltr'>Quomodo</span> <span class='ocrx_word' id='word_1_123' title='bbox 979 1857 1039 1899; x_wconf 91' lang='lat' dir='ltr'>di-</span> 
     </span>
     <span class='ocr_line' id='line_1_29' title="bbox 206 1911 1040 1954; baseline 0.001 -1"><span class='ocrx_word' id='word_1_124' title='bbox 206 1912 265 1953; x_wconf 91' lang='lat' dir='ltr'>cit</span> <span class='ocrx_word' id='word_1_125' title='bbox 298 1911 513 1953; x_wconf 88' lang='lat' dir='ltr'>Christus:</span> <span class='ocrx_word' id='word_1_126' title='bbox 559 1912 826 1954; x_wconf 89' lang='lat' dir='ltr'>Conscidisti</span> <span class='ocrx_word' id='word_1_127' title='bbox 862 1926 1040 1954; x_wconf 90' lang='lat' dir='ltr'>saccum</span> 
     </span>
     <span class='ocr_line' id='line_1_30' title="bbox 204 1968 1039 2017; baseline 0.001 -8"><span class='ocrx_word' id='word_1_128' title='bbox 204 1980 369 2017; x_wconf 90' lang='lat' dir='ltr'>meum,</span> <span class='ocrx_word' id='word_1_129' title='bbox 410 1973 454 2009; x_wconf 88' lang='lat' dir='ltr'>et</span> <span class='ocrx_word' id='word_1_130' title='bbox 490 1968 720 2010; x_wconf 81' lang='lat' dir='ltr'>accinxisti</span> <span class='ocrx_word' id='word_1_131' title='bbox 755 1981 827 2011; x_wconf 90' lang='lat' dir='ltr'>me</span> <span class='ocrx_word' id='word_1_132' title='bbox 862 1968 1039 2011; x_wconf 86' lang='lat' dir='ltr'>laetitia?</span> 
     </span>
     <span class='ocr_line' id='line_1_31' title="bbox 205 2024 1040 2075; baseline 0.001 -9"><span class='ocrx_word' id='word_1_133' title='bbox 205 2025 368 2066; x_wconf 87' lang='lat' dir='ltr'>Saccus</span> <span class='ocrx_word' id='word_1_134' title='bbox 395 2024 487 2075; x_wconf 90' lang='lat' dir='ltr'>ejus</span> <span class='ocrx_word' id='word_1_135' title='bbox 511 2028 606 2065; x_wconf 90' lang='lat' dir='ltr'>erat</span> <span class='ocrx_word' id='word_1_136' title='bbox 630 2025 871 2067; x_wconf 79' lang='lat' dir='ltr'>similitudo</span> <span class='ocrx_word' id='word_1_137' title='bbox 895 2026 1040 2067; x_wconf 88' lang='lat' dir='ltr'>carnis</span> 
     </span>
     <span class='ocr_line' id='line_1_32' title="bbox 204 2080 389 2133; baseline -0.011 -11"><span class='ocrx_word' id='word_1_138' title='bbox 204 2080 389 2133; x_wconf 88' lang='lat' dir='ltr'>peccati.</span> 
     </span>
     <span class='ocr_line' id='line_1_33' title="bbox 258 2142 903 2198; baseline 0.005 -15"><span class='ocrx_word' id='word_1_139' title='bbox 258 2142 312 2193; x_wconf 64' lang='lat' dir='ltr'>Rz.</span> <span class='ocrx_word' id='word_1_140' title='bbox 336 2143 574 2186; x_wconf 88' lang='lat' dir='ltr'>Orantibus</span> <span class='ocrx_word' id='word_1_141' title='bbox 591 2145 636 2185; x_wconf 91' lang='lat' dir='ltr'>in</span> <span class='ocrx_word' id='word_1_142' title='bbox 654 2145 767 2186; x_wconf 93' lang='lat' dir='ltr'>loco.</span> <span class='ocrx_word' id='word_1_143' title='bbox 798 2145 903 2198; x_wconf 99' lang='lat'>[136]</span> 
     </span>
     <span class='ocr_line' id='line_1_34' title="bbox 517 2208 726 2250; baseline 0.005 -2"><span class='ocrx_word' id='word_1_144' title='bbox 517 2208 670 2250; x_wconf 80' lang='lat' dir='ltr'>Lectio</span> <span class='ocrx_word' id='word_1_145' title='bbox 691 2223 726 2249; x_wconf 74' lang='grc' dir='ltr'>ν.</span> 
     </span>
    </p>
   </div>
   <div class='ocr_carea' id='block_1_6' title="bbox 207 2261 1039 2768">
    <p class='ocr_par' dir='ltr' id='par_1_6' title="bbox 207 2261 1039 2768">
     <span class='ocr_line' id='line_1_35' title="bbox 207 2261 1039 2366; baseline 0 -50"><span class='ocrx_word' id='word_1_146' title='bbox 207 2261 359 2366; x_wconf 89' lang='lat' dir='ltr'>Non</span> <span class='ocrx_word' id='word_1_147' title='bbox 377 2275 457 2316; x_wconf 90' lang='lat' dir='ltr'>tibi</span> <span class='ocrx_word' id='word_1_148' title='bbox 475 2274 673 2324; x_wconf 77' lang='lat' dir='ltr'>vilescat,</span> <span class='ocrx_word' id='word_1_149' title='bbox 699 2273 821 2326; x_wconf 85' lang='lat' dir='ltr'>quod</span> <span class='ocrx_word' id='word_1_150' title='bbox 840 2274 915 2324; x_wconf 88' lang='lat' dir='ltr'>ait,</span> <span class='ocrx_word' id='word_1_151' title='bbox 941 2275 1039 2316; x_wconf 86' lang='lat' dir='ltr'>Sac-</span> 
     </span>
     <span class='ocr_line' id='line_1_36' title="bbox 310 2330 1039 2372; baseline 0 0"><span class='ocrx_word' id='word_1_152' title='bbox 310 2344 410 2372; x_wconf 92' lang='lat' dir='ltr'>cum</span> <span class='ocrx_word' id='word_1_153' title='bbox 428 2344 591 2372; x_wconf 90' lang='lat' dir='ltr'>meum:</span> <span class='ocrx_word' id='word_1_154' title='bbox 619 2330 681 2372; x_wconf 92' lang='lat' dir='ltr'>ibi</span> <span class='ocrx_word' id='word_1_155' title='bbox 704 2335 800 2372; x_wconf 88' lang='lat' dir='ltr'>erat</span> <span class='ocrx_word' id='word_1_156' title='bbox 823 2330 1039 2372; x_wconf 83' lang='lat' dir='ltr'>inclusum</span> 
     </span>
     <span class='ocr_line' id='line_1_37' title="bbox 207 2386 1039 2437; baseline 0.001 -11"><span class='ocrx_word' id='word_1_157' title='bbox 207 2387 396 2437; x_wconf 85' lang='lat' dir='ltr'>pretium</span> <span class='ocrx_word' id='word_1_158' title='bbox 413 2391 549 2428; x_wconf 93' lang='lat' dir='ltr'>tuum.</span> <span class='ocrx_word' id='word_1_159' title='bbox 578 2386 844 2428; x_wconf 82' lang='lat' dir='ltr'>Conscidisti</span> <span class='ocrx_word' id='word_1_160' title='bbox 862 2398 1039 2427; x_wconf 85' lang='lat' dir='ltr'>saccum</span> 
     </span>
     <span class='ocr_line' id='line_1_38' title="bbox 207 2441 1039 2483; baseline 0.002 -2"><span class='ocrx_word' id='word_1_161' title='bbox 207 2454 362 2482; x_wconf 91' lang='lat' dir='ltr'>meum.</span> <span class='ocrx_word' id='word_1_162' title='bbox 383 2443 618 2483; x_wconf 88' lang='lat' dir='ltr'>Evasimus</span> <span class='ocrx_word' id='word_1_163' title='bbox 633 2441 690 2483; x_wconf 91' lang='lat' dir='ltr'>ad</span> <span class='ocrx_word' id='word_1_164' title='bbox 705 2455 883 2483; x_wconf 90' lang='lat' dir='ltr'>saccum</span> <span class='ocrx_word' id='word_1_165' title='bbox 897 2442 1039 2483; x_wconf 92' lang='lat' dir='ltr'>istum.</span> 
     </span>
     <span class='ocr_line' id='line_1_39' title="bbox 209 2496 1039 2550; baseline 0.004 -14"><span class='ocrx_word' id='word_1_166' title='bbox 209 2496 471 2539; x_wconf 85' lang='lat' dir='ltr'>Conscidisti</span> <span class='ocrx_word' id='word_1_167' title='bbox 491 2511 669 2540; x_wconf 91' lang='lat' dir='ltr'>saccum</span> <span class='ocrx_word' id='word_1_168' title='bbox 687 2510 844 2539; x_wconf 88' lang='lat' dir='ltr'>meum.</span> <span class='ocrx_word' id='word_1_169' title='bbox 871 2499 923 2538; x_wconf 93' lang='lat' dir='ltr'>In</span> <span class='ocrx_word' id='word_1_170' title='bbox 942 2511 1039 2550; x_wconf 89' lang='lat' dir='ltr'>pas-</span> 
     </span>
     <span class='ocr_line' id='line_1_40' title="bbox 208 2551 1038 2604; baseline 0.004 -13"><span class='ocrx_word' id='word_1_171' title='bbox 208 2551 330 2593; x_wconf 83' lang='lat' dir='ltr'>sione</span> <span class='ocrx_word' id='word_1_172' title='bbox 349 2556 599 2595; x_wconf 85' lang='lat' dir='ltr'>conscissus</span> <span class='ocrx_word' id='word_1_173' title='bbox 618 2559 696 2595; x_wconf 91' lang='lat' dir='ltr'>est.</span> <span class='ocrx_word' id='word_1_174' title='bbox 725 2553 959 2604; x_wconf 81' lang='lat' dir='ltr'>Quomodo</span> <span class='ocrx_word' id='word_1_175' title='bbox 976 2567 1038 2595; x_wconf 90' lang='lat' dir='ltr'>er-</span> 
     </span>
     <span class='ocr_line' id='line_1_41' title="bbox 207 2607 1038 2656; baseline 0.004 -9"><span class='ocrx_word' id='word_1_176' title='bbox 207 2618 264 2656; x_wconf 85' lang='lat' dir='ltr'>go</span> <span class='ocrx_word' id='word_1_177' title='bbox 292 2607 388 2648; x_wconf 88' lang='lat' dir='ltr'>Deo</span> <span class='ocrx_word' id='word_1_178' title='bbox 416 2609 537 2650; x_wconf 90' lang='lat' dir='ltr'>Patri</span> <span class='ocrx_word' id='word_1_179' title='bbox 566 2609 739 2651; x_wconf 83' lang='lat' dir='ltr'>dicitur:</span> <span class='ocrx_word' id='word_1_180' title='bbox 772 2609 1038 2651; x_wconf 86' lang='lat' dir='ltr'>Conscidisti</span> 
     </span>
     <span class='ocr_line' id='line_1_42' title="bbox 208 2663 1035 2718; baseline 0.005 -16"><span class='ocrx_word' id='word_1_181' title='bbox 208 2674 384 2703; x_wconf 87' lang='lat' dir='ltr'>saccum</span> <span class='ocrx_word' id='word_1_182' title='bbox 399 2663 566 2718; x_wconf 86' lang='lat' dir='ltr'>meum?</span> <span class='ocrx_word' id='word_1_183' title='bbox 587 2665 823 2716; x_wconf 80' lang='lat' dir='ltr'>Quomodo</span> <span class='ocrx_word' id='word_1_184' title='bbox 838 2666 959 2706; x_wconf 90' lang='lat' dir='ltr'>Patri</span> <span class='ocrx_word' id='word_1_185' title='bbox 975 2665 1035 2706; x_wconf 92' lang='lat' dir='ltr'>di-</span> 
     </span>
     <span class='ocr_line' id='line_1_43' title="bbox 208 2719 1038 2768; baseline 0.005 -10"><span class='ocrx_word' id='word_1_186' title='bbox 208 2720 349 2768; x_wconf 88' lang='lat' dir='ltr'>catur,</span> <span class='ocrx_word' id='word_1_187' title='bbox 374 2719 440 2759; x_wconf 89' lang='lat' dir='ltr'>vis</span> <span class='ocrx_word' id='word_1_188' title='bbox 465 2720 631 2762; x_wconf 86' lang='lat' dir='ltr'>audire:</span> <span class='ocrx_word' id='word_1_189' title='bbox 657 2720 921 2763; x_wconf 87' lang='lat' dir='ltr'>Conscidisti</span> <span class='ocrx_word' id='word_1_190' title='bbox 947 2733 1038 2762; x_wconf 90' lang='lat' dir='ltr'>sac-</span> 
     </span>
    </p>
   </div>
   <div class='ocr_carea' id='block_1_7' title="bbox 1089 313 1926 2171">
    <p class='ocr_par' dir='ltr' id='par_1_7' title="bbox 1089 313 1924 1040">
     <span class='ocr_line' id='line_1_44' title="bbox 1091 313 1920 366; baseline -0.001 -11"><span class='ocrx_word' id='word_1_191' title='bbox 1091 327 1190 355; x_wconf 92' lang='lat' dir='ltr'>cum</span> <span class='ocrx_word' id='word_1_192' title='bbox 1224 313 1392 356; x_wconf 86' lang='lat' dir='ltr'>meum?</span> <span class='ocrx_word' id='word_1_193' title='bbox 1443 315 1557 365; x_wconf 86' lang='lat' dir='ltr'>Quia</span> <span class='ocrx_word' id='word_1_194' title='bbox 1592 313 1774 366; x_wconf 80' lang='lat' dir='ltr'>proprio</span> <span class='ocrx_word' id='word_1_195' title='bbox 1809 314 1920 355; x_wconf 86' lang='lat' dir='ltr'>Filio</span> 
     </span>
     <span class='ocr_line' id='line_1_45' title="bbox 1090 369 1921 424; baseline 0 -14"><span class='ocrx_word' id='word_1_196' title='bbox 1090 383 1179 412; x_wconf 91' lang='lat' dir='ltr'>non</span> <span class='ocrx_word' id='word_1_197' title='bbox 1198 371 1413 424; x_wconf 81' lang='lat' dir='ltr'>pepercit,</span> <span class='ocrx_word' id='word_1_198' title='bbox 1438 370 1519 412; x_wconf 90' lang='lat' dir='ltr'>sed</span> <span class='ocrx_word' id='word_1_199' title='bbox 1536 382 1619 423; x_wconf 92' lang='lat' dir='ltr'>pro</span> <span class='ocrx_word' id='word_1_200' title='bbox 1639 369 1767 411; x_wconf 93' lang='lat' dir='ltr'>nobis</span> <span class='ocrx_word' id='word_1_201' title='bbox 1787 370 1921 410; x_wconf 63' lang='lat' dir='ltr'>‹imni-</span> 
     </span>
     <span class='ocr_line' id='line_1_46' title="bbox 1089 425 1922 479; baseline -0.002 -11"><span class='ocrx_word' id='word_1_202' title='bbox 1089 426 1172 468; x_wconf 87' lang='lat' dir='ltr'>bus</span> <span class='ocrx_word' id='word_1_203' title='bbox 1191 427 1374 469; x_wconf 70' lang='lat' dir='ltr'>tradidit</span> <span class='ocrx_word' id='word_1_204' title='bbox 1391 426 1524 468; x_wconf 90' lang='lat' dir='ltr'>illum.</span> <span class='ocrx_word' id='word_1_205' title='bbox 1559 426 1684 468; x_wconf 86' lang='lat' dir='ltr'>Fecit</span> <span class='ocrx_word' id='word_1_206' title='bbox 1709 425 1824 467; x_wconf 88' lang='lat' dir='ltr'>enim</span> <span class='ocrx_word' id='word_1_207' title='bbox 1841 438 1922 479; x_wconf 90' lang='lat' dir='ltr'>per</span> 
     </span>
     <span class='ocr_line' id='line_1_47' title="bbox 1089 481 1923 533; baseline 0.001 -10"><span class='ocrx_word' id='word_1_208' title='bbox 1089 482 1270 525; x_wconf 73' lang='lat' dir='ltr'>Judaeos</span> <span class='ocrx_word' id='word_1_209' title='bbox 1302 483 1566 533; x_wconf 80' lang='lat' dir='ltr'>nescientes,</span> <span class='ocrx_word' id='word_1_210' title='bbox 1598 482 1715 524; x_wconf 91' lang='lat' dir='ltr'>unde</span> <span class='ocrx_word' id='word_1_211' title='bbox 1738 481 1923 524; x_wconf 83' lang='lat' dir='ltr'>redime-</span> 
     </span>
     <span class='ocr_line' id='line_1_48' title="bbox 1090 538 1924 589; baseline 0 -10"><span class='ocrx_word' id='word_1_212' title='bbox 1090 541 1240 581; x_wconf 81' lang='lat' dir='ltr'>rentur</span> <span class='ocrx_word' id='word_1_213' title='bbox 1259 540 1462 589; x_wconf 69' lang='lat' dir='ltr'>sciantes,</span> <span class='ocrx_word' id='word_1_214' title='bbox 1488 544 1532 581; x_wconf 90' lang='lat' dir='ltr'>et</span> <span class='ocrx_word' id='word_1_215' title='bbox 1551 538 1924 580; x_wconf 82' lang='lat' dir='ltr'>confunderentur</span> 
     </span>
     <span class='ocr_line' id='line_1_49' title="bbox 1089 593 1924 647; baseline -0.001 -11"><span class='ocrx_word' id='word_1_216' title='bbox 1089 598 1313 647; x_wconf 82' lang='lat' dir='ltr'>negantes.</span> <span class='ocrx_word' id='word_1_217' title='bbox 1337 595 1551 637; x_wconf 81' lang='lat' dir='ltr'>Nesciunt</span> <span class='ocrx_word' id='word_1_218' title='bbox 1565 595 1682 637; x_wconf 90' lang='lat' dir='ltr'>enim</span> <span class='ocrx_word' id='word_1_219' title='bbox 1698 594 1804 647; x_wconf 90' lang='lat' dir='ltr'>quid</span> <span class='ocrx_word' id='word_1_220' title='bbox 1817 593 1924 636; x_wconf 89' lang='lat' dir='ltr'>boni</span> 
     </span>
     <span class='ocr_line' id='line_1_50' title="bbox 1089 650 1923 704; baseline -0.001 -11"><span class='ocrx_word' id='word_1_221' title='bbox 1089 651 1217 693; x_wconf 88' lang='lat' dir='ltr'>nobis</span> <span class='ocrx_word' id='word_1_222' title='bbox 1236 652 1408 704; x_wconf 89' lang='lat' dir='ltr'>operati</span> <span class='ocrx_word' id='word_1_223' title='bbox 1427 656 1530 692; x_wconf 90' lang='lat' dir='ltr'>sunt</span> <span class='ocrx_word' id='word_1_224' title='bbox 1548 650 1665 692; x_wconf 85' lang='lat' dir='ltr'>malo</span> <span class='ocrx_word' id='word_1_225' title='bbox 1691 663 1784 692; x_wconf 93' lang='lat' dir='ltr'>suo.</span> <span class='ocrx_word' id='word_1_226' title='bbox 1823 650 1923 692; x_wconf 90' lang='lat' dir='ltr'>Sus-</span> 
     </span>
     <span class='ocr_line' id='line_1_51' title="bbox 1089 706 1922 759; baseline -0.001 -11"><span class='ocrx_word' id='word_1_227' title='bbox 1089 709 1254 759; x_wconf 81' lang='lat' dir='ltr'>pensus</span> <span class='ocrx_word' id='word_1_228' title='bbox 1278 712 1345 750; x_wconf 87' lang='lat' dir='ltr'>est</span> <span class='ocrx_word' id='word_1_229' title='bbox 1374 720 1546 757; x_wconf 89' lang='lat' dir='ltr'>saccus,</span> <span class='ocrx_word' id='word_1_230' title='bbox 1575 711 1619 748; x_wconf 89' lang='lat' dir='ltr'>et</span> <span class='ocrx_word' id='word_1_231' title='bbox 1649 707 1775 759; x_wconf 85' lang='lat' dir='ltr'>quasi</span> <span class='ocrx_word' id='word_1_232' title='bbox 1803 706 1922 747; x_wconf 86' lang='lat' dir='ltr'>laeta-</span> 
     </span>
     <span class='ocr_line' id='line_1_52' title="bbox 1089 762 1923 817; baseline -0.001 -13"><span class='ocrx_word' id='word_1_233' title='bbox 1089 768 1160 804; x_wconf 93' lang='lat' dir='ltr'>tus</span> <span class='ocrx_word' id='word_1_234' title='bbox 1188 769 1254 806; x_wconf 90' lang='lat' dir='ltr'>est</span> <span class='ocrx_word' id='word_1_235' title='bbox 1281 764 1454 817; x_wconf 87' lang='lat' dir='ltr'>impius.</span> <span class='ocrx_word' id='word_1_236' title='bbox 1492 762 1720 805; x_wconf 83' lang='lat' dir='ltr'>Conscidit</span> <span class='ocrx_word' id='word_1_237' title='bbox 1746 774 1923 804; x_wconf 87' lang='lat' dir='ltr'>saccum</span> 
     </span>
     <span class='ocr_line' id='line_1_53' title="bbox 1089 818 1924 873; baseline 0 -13"><span class='ocrx_word' id='word_1_238' title='bbox 1089 819 1243 862; x_wconf 86' lang='lat' dir='ltr'>lancea</span> <span class='ocrx_word' id='word_1_239' title='bbox 1257 823 1528 873; x_wconf 83' lang='lat' dir='ltr'>persecutor,</span> <span class='ocrx_word' id='word_1_240' title='bbox 1544 825 1588 862; x_wconf 89' lang='lat' dir='ltr'>et</span> <span class='ocrx_word' id='word_1_241' title='bbox 1603 818 1716 861; x_wconf 89' lang='lat' dir='ltr'>fudit</span> <span class='ocrx_word' id='word_1_242' title='bbox 1730 819 1924 872; x_wconf 77' lang='lat' dir='ltr'>pretium</span> 
     </span>
     <span class='ocr_line' id='line_1_54' title="bbox 1089 876 1597 929; baseline -0.002 -12"><span class='ocrx_word' id='word_1_243' title='bbox 1089 881 1290 918; x_wconf 90' lang='lat' dir='ltr'>nostrum</span> <span class='ocrx_word' id='word_1_244' title='bbox 1309 876 1597 929; x_wconf 81' lang='lat' dir='ltr'>Redemptor.</span> 
     </span>
     <span class='ocr_line' id='line_1_55' title="bbox 1142 935 1835 989; baseline 0 -12"><span class='ocrx_word' id='word_1_245' title='bbox 1142 938 1193 989; x_wconf 68' lang='lat' dir='ltr'>R.</span> <span class='ocrx_word' id='word_1_246' title='bbox 1220 937 1258 978; x_wconf 94' lang='grc' dir='ltr'>Ο</span> <span class='ocrx_word' id='word_1_247' title='bbox 1280 949 1412 989; x_wconf 88' lang='lat' dir='ltr'>quam</span> <span class='ocrx_word' id='word_1_248' title='bbox 1430 936 1702 978; x_wconf 80' lang='lat' dir='ltr'>metuendus.</span> <span class='ocrx_word' id='word_1_249' title='bbox 1729 935 1835 988; x_wconf 84' lang='lat'>[136]</span> 
     </span>
     <span class='ocr_line' id='line_1_56' title="bbox 1391 999 1617 1040; baseline -0.009 0"><span class='ocrx_word' id='word_1_250' title='bbox 1391 1000 1544 1040; x_wconf 84' lang='lat' dir='ltr'>Lectio</span> <span class='ocrx_word' id='word_1_251' title='bbox 1565 999 1617 1039; x_wconf 84' lang='lat' dir='ltr'>vi.</span> 
     </span>
    </p>

    <p class='ocr_par' dir='ltr' id='par_1_8' title="bbox 1168 1061 1924 1114">
     <span class='ocr_line' id='line_1_57' title="bbox 1168 1061 1924 1114; baseline 0.001 -12"><span class='ocrx_word' id='word_1_252' title='bbox 1168 1066 1289 1104; x_wconf 84' lang='lat' dir='ltr'>antet</span> <span class='ocrx_word' id='word_1_253' title='bbox 1312 1062 1513 1104; x_wconf 89' lang='lat' dir='ltr'>Christus</span> <span class='ocrx_word' id='word_1_254' title='bbox 1535 1061 1827 1114; x_wconf 79' lang='lat' dir='ltr'>Redemptor,</span> <span class='ocrx_word' id='word_1_255' title='bbox 1853 1073 1924 1113; x_wconf 88' lang='lat' dir='ltr'>ge-</span> 
     </span>
    </p>

    <p class='ocr_par' dir='ltr' id='par_1_9' title="bbox 1090 1117 1926 2171">
     <span class='ocr_line' id='line_1_58' title="bbox 1180 1117 1926 1167; baseline 0 -8"><span class='ocrx_word' id='word_1_256' title='bbox 1180 1123 1272 1160; x_wconf 87' lang='lat' dir='ltr'>mat</span> <span class='ocrx_word' id='word_1_257' title='bbox 1290 1119 1315 1159; x_wconf 89' lang='lat' dir='ltr'><strong>J</strong></span> <span class='ocrx_word' id='word_1_258' title='bbox 1316 1118 1427 1160; x_wconf 89' lang='lat' dir='ltr'>udas</span> <span class='ocrx_word' id='word_1_259' title='bbox 1445 1117 1666 1167; x_wconf 77' lang='lat' dir='ltr'>venditor,</span> <span class='ocrx_word' id='word_1_260' title='bbox 1693 1117 1926 1159; x_wconf 78' lang='lat' dir='ltr'>erubescat</span> 
     </span>
     <span class='ocr_line' id='line_1_59' title="bbox 1090 1173 1926 1228; baseline 0 -13"><span class='ocrx_word' id='word_1_261' title='bbox 1090 1174 1115 1215; x_wconf 88' lang='lat' dir='ltr'>J</span> <span class='ocrx_word' id='word_1_262' title='bbox 1118 1174 1273 1216; x_wconf 71' lang='lat' dir='ltr'>udaeus</span> <span class='ocrx_word' id='word_1_263' title='bbox 1298 1179 1483 1228; x_wconf 88' lang='lat' dir='ltr'>emptor.</span> <span class='ocrx_word' id='word_1_264' title='bbox 1523 1175 1640 1216; x_wconf 91' lang='lat' dir='ltr'>Ecce</span> <span class='ocrx_word' id='word_1_265' title='bbox 1664 1173 1801 1215; x_wconf 89' lang='lat' dir='ltr'>Judas</span> <span class='ocrx_word' id='word_1_266' title='bbox 1824 1175 1926 1215; x_wconf 81' lang='lat' dir='ltr'>ven—</span> 
     </span>
     <span class='ocr_line' id='line_1_60' title="bbox 1092 1229 1924 1282; baseline 0 -11"><span class='ocrx_word' id='word_1_267' title='bbox 1092 1230 1221 1280; x_wconf 88' lang='lat' dir='ltr'>didit,</span> <span class='ocrx_word' id='word_1_268' title='bbox 1248 1231 1274 1271; x_wconf 88' lang='lat' dir='ltr'>J</span> <span class='ocrx_word' id='word_1_269' title='bbox 1276 1230 1431 1272; x_wconf 73' lang='lat' dir='ltr'>udaeus</span> <span class='ocrx_word' id='word_1_270' title='bbox 1457 1231 1578 1280; x_wconf 89' lang='lat' dir='ltr'>emit,</span> <span class='ocrx_word' id='word_1_271' title='bbox 1606 1229 1771 1271; x_wconf 89' lang='lat' dir='ltr'>malum</span> <span class='ocrx_word' id='word_1_272' title='bbox 1793 1232 1924 1282; x_wconf 79' lang='lat' dir='ltr'>nego-</span> 
     </span>
     <span class='ocr_line' id='line_1_61' title="bbox 1090 1285 1924 1337; baseline 0.001 -11"><span class='ocrx_word' id='word_1_273' title='bbox 1090 1286 1199 1327; x_wconf 91' lang='lat' dir='ltr'>tium</span> <span class='ocrx_word' id='word_1_274' title='bbox 1220 1288 1419 1337; x_wconf 75' lang='lat' dir='ltr'>egerunt,</span> <span class='ocrx_word' id='word_1_275' title='bbox 1445 1286 1576 1328; x_wconf 88' lang='lat' dir='ltr'>ambo</span> <span class='ocrx_word' id='word_1_276' title='bbox 1600 1285 1794 1328; x_wconf 89' lang='lat' dir='ltr'>damnati</span> <span class='ocrx_word' id='word_1_277' title='bbox 1812 1290 1924 1336; x_wconf 91' lang='lat' dir='ltr'>sunt,</span> 
     </span>
     <span class='ocr_line' id='line_1_62' title="bbox 1091 1341 1925 1395; baseline 0.001 -13"><span class='ocrx_word' id='word_1_278' title='bbox 1091 1345 1264 1395; x_wconf 91' lang='lat' dir='ltr'>seipsos</span> <span class='ocrx_word' id='word_1_279' title='bbox 1303 1342 1593 1395; x_wconf 77' lang='lat' dir='ltr'>perdiderunt</span> <span class='ocrx_word' id='word_1_280' title='bbox 1634 1341 1838 1383; x_wconf 80' lang='lat' dir='ltr'>venditor</span> <span class='ocrx_word' id='word_1_281' title='bbox 1880 1346 1925 1384; x_wconf 91' lang='lat' dir='ltr'>et</span> 
     </span>
     <span class='ocr_line' id='line_1_63' title="bbox 1093 1399 1925 1451; baseline 0.001 -12"><span class='ocrx_word' id='word_1_282' title='bbox 1093 1403 1277 1451; x_wconf 88' lang='lat' dir='ltr'>emptor.</span> <span class='ocrx_word' id='word_1_283' title='bbox 1299 1399 1431 1440; x_wconf 90' lang='lat' dir='ltr'>Dicat</span> <span class='ocrx_word' id='word_1_284' title='bbox 1448 1411 1552 1450; x_wconf 90' lang='lat' dir='ltr'>ergo</span> <span class='ocrx_word' id='word_1_285' title='bbox 1567 1402 1702 1451; x_wconf 88' lang='lat' dir='ltr'>caput</span> <span class='ocrx_word' id='word_1_286' title='bbox 1714 1402 1925 1448; x_wconf 80' lang='lat' dir='ltr'>nostrum,</span> 
     </span>
     <span class='ocr_line' id='line_1_64' title="bbox 1092 1454 1924 1508; baseline 0 -12"><span class='ocrx_word' id='word_1_287' title='bbox 1092 1454 1212 1496; x_wconf 90' lang='lat' dir='ltr'>dicat</span> <span class='ocrx_word' id='word_1_288' title='bbox 1229 1467 1311 1507; x_wconf 90' lang='lat' dir='ltr'>pro</span> <span class='ocrx_word' id='word_1_289' title='bbox 1331 1457 1520 1508; x_wconf 80' lang='lat' dir='ltr'>corpore</span> <span class='ocrx_word' id='word_1_290' title='bbox 1540 1457 1705 1505; x_wconf 87' lang='lat' dir='ltr'>occiso,</span> <span class='ocrx_word' id='word_1_291' title='bbox 1728 1466 1811 1507; x_wconf 91' lang='lat' dir='ltr'>pro</span> <span class='ocrx_word' id='word_1_292' title='bbox 1831 1456 1924 1496; x_wconf 78' lang='lat' dir='ltr'>cor-</span> 
     </span>
     <span class='ocr_line' id='line_1_65' title="bbox 1091 1510 1925 1563; baseline 0 -11"><span class='ocrx_word' id='word_1_293' title='bbox 1091 1523 1202 1563; x_wconf 90' lang='lat' dir='ltr'>pore</span> <span class='ocrx_word' id='word_1_294' title='bbox 1233 1510 1449 1553; x_wconf 87' lang='lat' dir='ltr'>dedicato.</span> <span class='ocrx_word' id='word_1_295' title='bbox 1498 1511 1647 1561; x_wconf 89' lang='lat' dir='ltr'>Dicat,</span> <span class='ocrx_word' id='word_1_296' title='bbox 1679 1510 1925 1552; x_wconf 88' lang='lat' dir='ltr'>audiamus:</span> 
     </span>
     <span class='ocr_line' id='line_1_66' title="bbox 1092 1567 1924 1616; baseline 0.001 -9"><span class='ocrx_word' id='word_1_297' title='bbox 1092 1567 1360 1609; x_wconf 87' lang='lat' dir='ltr'>Conscidisti</span> <span class='ocrx_word' id='word_1_298' title='bbox 1386 1580 1564 1609; x_wconf 90' lang='lat' dir='ltr'>saccum</span> <span class='ocrx_word' id='word_1_299' title='bbox 1590 1579 1757 1616; x_wconf 88' lang='lat' dir='ltr'>meum,</span> <span class='ocrx_word' id='word_1_300' title='bbox 1785 1571 1830 1608; x_wconf 90' lang='lat' dir='ltr'>et</span> <span class='ocrx_word' id='word_1_301' title='bbox 1856 1579 1924 1608; x_wconf 89' lang='lat' dir='ltr'>ac-</span> 
     </span>
     <span class='ocr_line' id='line_1_67' title="bbox 1093 1622 1925 1669; baseline 0 -5"><span class='ocrx_word' id='word_1_302' title='bbox 1093 1623 1268 1665; x_wconf 83' lang='lat' dir='ltr'>cinxisti</span> <span class='ocrx_word' id='word_1_303' title='bbox 1285 1636 1356 1665; x_wconf 89' lang='lat' dir='ltr'>me</span> <span class='ocrx_word' id='word_1_304' title='bbox 1374 1624 1542 1665; x_wconf 86' lang='lat' dir='ltr'>laetitia:</span> <span class='ocrx_word' id='word_1_305' title='bbox 1573 1622 1620 1665; x_wconf 92' lang='lat' dir='ltr'>id</span> <span class='ocrx_word' id='word_1_306' title='bbox 1643 1627 1727 1669; x_wconf 86' lang='lat' dir='ltr'>est,</span> <span class='ocrx_word' id='word_1_307' title='bbox 1758 1622 1925 1664; x_wconf 88' lang='lat' dir='ltr'>consci-</span> 
     </span>
     <span class='ocr_line' id='line_1_68' title="bbox 1092 1678 1925 1729; baseline 0 -9"><span class='ocrx_word' id='word_1_308' title='bbox 1092 1678 1197 1721; x_wconf 83' lang='lat' dir='ltr'>disti</span> <span class='ocrx_word' id='word_1_309' title='bbox 1214 1679 1532 1722; x_wconf 69' lang='lat' dir='ltr'>mortalitatem</span> <span class='ocrx_word' id='word_1_310' title='bbox 1550 1692 1705 1729; x_wconf 90' lang='lat' dir='ltr'>meam,</span> <span class='ocrx_word' id='word_1_311' title='bbox 1726 1683 1770 1721; x_wconf 92' lang='lat' dir='ltr'>et</span> <span class='ocrx_word' id='word_1_312' title='bbox 1784 1679 1925 1720; x_wconf 86' lang='lat' dir='ltr'>accin-</span> 
     </span>
     <span class='ocr_line' id='line_1_69' title="bbox 1092 1735 1925 1778; baseline 0 -2"><span class='ocrx_word' id='word_1_313' title='bbox 1092 1736 1196 1777; x_wconf 82' lang='lat' dir='ltr'>xisti</span> <span class='ocrx_word' id='word_1_314' title='bbox 1216 1749 1288 1778; x_wconf 92' lang='lat' dir='ltr'>me</span> <span class='ocrx_word' id='word_1_315' title='bbox 1314 1736 1645 1778; x_wconf 66' lang='lat' dir='ltr'>immortalitate</span> <span class='ocrx_word' id='word_1_316' title='bbox 1670 1740 1715 1777; x_wconf 92' lang='lat' dir='ltr'>et</span> <span class='ocrx_word' id='word_1_317' title='bbox 1731 1735 1925 1777; x_wconf 89' lang='lat' dir='ltr'>incorru-</span> 
     </span>
     <span class='ocr_line' id='line_1_70' title="bbox 1091 1791 1926 1843; baseline 0 -11"><span class='ocrx_word' id='word_1_318' title='bbox 1091 1791 1254 1843; x_wconf 81' lang='lat' dir='ltr'>ptione.</span> <span class='ocrx_word' id='word_1_319' title='bbox 1290 1792 1350 1834; x_wconf 90' lang='lat' dir='ltr'>Ut</span> <span class='ocrx_word' id='word_1_320' title='bbox 1378 1797 1526 1834; x_wconf 91' lang='lat' dir='ltr'>cantet</span> <span class='ocrx_word' id='word_1_321' title='bbox 1548 1791 1629 1834; x_wconf 88' lang='lat' dir='ltr'>tibi</span> <span class='ocrx_word' id='word_1_322' title='bbox 1652 1791 1793 1842; x_wconf 81' lang='lat' dir='ltr'>gloria</span> <span class='ocrx_word' id='word_1_323' title='bbox 1816 1804 1926 1842; x_wconf 89' lang='lat' dir='ltr'>mea,</span> 
     </span>
     <span class='ocr_line' id='line_1_71' title="bbox 1093 1847 1926 1900; baseline -0.001 -11"><span class='ocrx_word' id='word_1_324' title='bbox 1093 1852 1137 1889; x_wconf 90' lang='lat' dir='ltr'>et</span> <span class='ocrx_word' id='word_1_325' title='bbox 1155 1860 1243 1889; x_wconf 92' lang='lat' dir='ltr'>non</span> <span class='ocrx_word' id='word_1_326' title='bbox 1265 1851 1547 1900; x_wconf 80' lang='lat' dir='ltr'>compungar.</span> <span class='ocrx_word' id='word_1_327' title='bbox 1581 1847 1699 1898; x_wconf 86' lang='lat' dir='ltr'>Quid</span> <span class='ocrx_word' id='word_1_328' title='bbox 1717 1851 1800 1897; x_wconf 90' lang='lat' dir='ltr'>est,</span> <span class='ocrx_word' id='word_1_329' title='bbox 1822 1847 1926 1889; x_wconf 92' lang='lat' dir='ltr'>Non</span> 
     </span>
     <span class='ocr_line' id='line_1_72' title="bbox 1093 1903 1926 1957; baseline -0.001 -12"><span class='ocrx_word' id='word_1_330' title='bbox 1093 1903 1390 1957; x_wconf 77' lang='lat' dir='ltr'>compungar?</span> <span class='ocrx_word' id='word_1_331' title='bbox 1423 1904 1448 1944; x_wconf 90' lang='lat' dir='ltr'><strong>J</strong></span> <span class='ocrx_word' id='word_1_332' title='bbox 1450 1917 1522 1945; x_wconf 89' lang='lat' dir='ltr'>am</span> <span class='ocrx_word' id='word_1_333' title='bbox 1553 1909 1707 1945; x_wconf 89' lang='lat' dir='ltr'>contra</span> <span class='ocrx_word' id='word_1_334' title='bbox 1738 1915 1809 1944; x_wconf 88' lang='lat' dir='ltr'>me</span> <span class='ocrx_word' id='word_1_335' title='bbox 1836 1915 1926 1944; x_wconf 92' lang='lat' dir='ltr'>non</span> 
     </span>
     <span class='ocr_line' id='line_1_73' title="bbox 1091 1959 1925 2013; baseline 0 -13"><span class='ocrx_word' id='word_1_336' title='bbox 1091 1959 1205 2001; x_wconf 88' lang='lat' dir='ltr'>ferat</span> <span class='ocrx_word' id='word_1_337' title='bbox 1229 1960 1430 2002; x_wconf 76' lang='lat' dir='ltr'>lanceam</span> <span class='ocrx_word' id='word_1_338' title='bbox 1453 1962 1733 2013; x_wconf 81' lang='lat' dir='ltr'>persecutor,</span> <span class='ocrx_word' id='word_1_339' title='bbox 1759 1959 1819 2001; x_wconf 86' lang='lat' dir='ltr'>Ut</span> <span class='ocrx_word' id='word_1_340' title='bbox 1836 1971 1925 2000; x_wconf 91' lang='lat' dir='ltr'>non</span> 
     </span>
     <span class='ocr_line' id='line_1_74' title="bbox 1092 2016 1925 2069; baseline -0.001 -12"><span class='ocrx_word' id='word_1_341' title='bbox 1092 2019 1375 2069; x_wconf 81' lang='lat' dir='ltr'>compungar.</span> <span class='ocrx_word' id='word_1_342' title='bbox 1398 2016 1597 2058; x_wconf 91' lang='lat' dir='ltr'>Christus</span> <span class='ocrx_word' id='word_1_343' title='bbox 1612 2016 1728 2058; x_wconf 91' lang='lat' dir='ltr'>enim</span> <span class='ocrx_word' id='word_1_344' title='bbox 1742 2027 1925 2066; x_wconf 85' lang='lat' dir='ltr'>surgens</span> 
     </span>
     <span class='ocr_line' id='line_1_75' title="bbox 1092 2072 1925 2124; baseline 0 -12"><span class='ocrx_word' id='word_1_345' title='bbox 1092 2084 1118 2112; x_wconf 89' lang='lat' dir='ltr'>a</span> <span class='ocrx_word' id='word_1_346' title='bbox 1131 2073 1328 2122; x_wconf 81' lang='lat' dir='ltr'>mortuis,</span> <span class='ocrx_word' id='word_1_347' title='bbox 1343 2074 1429 2124; x_wconf 85' lang='lat' dir='ltr'>jam</span> <span class='ocrx_word' id='word_1_348' title='bbox 1439 2085 1528 2114; x_wconf 93' lang='lat' dir='ltr'>non</span> <span class='ocrx_word' id='word_1_349' title='bbox 1537 2072 1734 2121; x_wconf 81' lang='lat' dir='ltr'>moritur,</span> <span class='ocrx_word' id='word_1_350' title='bbox 1750 2075 1795 2113; x_wconf 86' lang='lat' dir='ltr'>et</span> <span class='ocrx_word' id='word_1_351' title='bbox 1805 2084 1925 2113; x_wconf 92' lang='lat' dir='ltr'>mors</span> 
     </span>
     <span class='ocr_line' id='line_1_76' title="bbox 1091 2127 1727 2171; baseline 0 -3"><span class='ocrx_word' id='word_1_352' title='bbox 1091 2127 1154 2168; x_wconf 90' lang='lat' dir='ltr'>illi</span> <span class='ocrx_word' id='word_1_353' title='bbox 1173 2128 1290 2170; x_wconf 88' lang='lat' dir='ltr'>ultra</span> <span class='ocrx_word' id='word_1_354' title='bbox 1307 2141 1397 2170; x_wconf 90' lang='lat' dir='ltr'>non</span> <span class='ocrx_word' id='word_1_355' title='bbox 1417 2128 1727 2171; x_wconf 88' lang='lat' dir='ltr'>dominabitur.</span> 
     </span>
    </p>
   </div>
   <div class='ocr_carea' id='block_1_8' title="bbox 1146 2187 1700 2240">
    <p class='ocr_par' dir='ltr' id='par_1_10' title="bbox 1146 2187 1700 2240">
     <span class='ocr_line' id='line_1_77' title="bbox 1146 2187 1700 2240; baseline 0.004 -13"><span class='ocrx_word' id='word_1_356' title='bbox 1146 2188 1196 2240; x_wconf 60' lang='lat'>132.</span> <span class='ocrx_word' id='word_1_357' title='bbox 1222 2189 1351 2230; x_wconf 89' lang='lat' dir='ltr'>Mane</span> <span class='ocrx_word' id='word_1_358' title='bbox 1371 2201 1566 2240; x_wconf 89' lang='lat' dir='ltr'>surgens.</span> <span class='ocrx_word' id='word_1_359' title='bbox 1594 2187 1700 2240; x_wconf 90' lang='lat'>[136]</span> 
     </span>
    </p>
   </div>
   <div class='ocr_carea' id='block_1_9' title="bbox 1318 2264 1706 2305">
    <p class='ocr_par' dir='ltr' id='par_1_11' title="bbox 1318 2264 1706 2305">
     <span class='ocr_line' id='line_1_78' title="bbox 1318 2264 1706 2305; baseline 0.003 -2"><span class='ocrx_word' id='word_1_360' title='bbox 1318 2265 1368 2304; x_wconf 90' lang='lat' dir='ltr'>In</span> <span class='ocrx_word' id='word_1_361' title='bbox 1388 2265 1459 2304; x_wconf 91' lang='lat'>111.</span> <span class='ocrx_word' id='word_1_362' title='bbox 1482 2264 1706 2305; x_wconf 78' lang='lat' dir='ltr'>Nocturno.</span> 
     </span>
    </p>
   </div>
   <div class='ocr_carea' id='block_1_10' title="bbox 1090 2324 1926 2773">
    <p class='ocr_par' dir='ltr' id='par_1_12' title="bbox 1094 2324 1926 2494">
     <span class='ocr_line' id='line_1_79' title="bbox 1094 2324 1926 2377; baseline 0.002 -13"><span class='ocrx_word' id='word_1_363' title='bbox 1094 2324 1247 2367; x_wconf 80' lang='lat' dir='ltr'>Lectio</span> <span class='ocrx_word' id='word_1_364' title='bbox 1273 2327 1414 2368; x_wconf 90' lang='lat' dir='ltr'>sancti</span> <span class='ocrx_word' id='word_1_365' title='bbox 1432 2326 1658 2377; x_wconf 75' lang='lat' dir='ltr'>Evangelii</span> <span class='ocrx_word' id='word_1_366' title='bbox 1684 2324 1926 2367; x_wconf 74' lang='lat' dir='ltr'>secundum</span> 
     </span>
     <span class='ocr_line' id='line_1_80' title="bbox 1420 2382 1597 2425; baseline 0.011 -2"><span class='ocrx_word' id='word_1_367' title='bbox 1420 2382 1597 2425; x_wconf 89' lang='lat' dir='ltr'>Lucam.</span> 
     </span>
     <span class='ocr_line' id='line_1_81' title="bbox 1196 2442 1819 2494; baseline -0.002 -12"><span class='ocrx_word' id='word_1_368' title='bbox 1196 2442 1349 2483; x_wconf 87' lang='lat' dir='ltr'>Lectio</span> <span class='ocrx_word' id='word_1_369' title='bbox 1372 2443 1439 2482; x_wconf 80' lang='lat' dir='ltr'>vii.</span> <span class='ocrx_word' id='word_1_370' title='bbox 1641 2443 1744 2494; x_wconf 87' lang='lat' dir='ltr'>Cap.</span> <span class='ocrx_word' id='word_1_371' title='bbox 1760 2442 1819 2481; x_wconf 91' lang='lat'>19.</span> 
     </span>
    </p>

    <p class='ocr_par' dir='ltr' id='par_1_13' title="bbox 1090 2493 1924 2598">
     <span class='ocr_line' id='line_1_82' title="bbox 1090 2493 1924 2598; baseline 0.002 -60"><span class='ocrx_word' id='word_1_372' title='bbox 1090 2493 1166 2598; x_wconf 90' lang='lat' dir='ltr'>In</span> <span class='ocrx_word' id='word_1_373' title='bbox 1195 2497 1269 2538; x_wconf 91' lang='lat' dir='ltr'>illo</span> <span class='ocrx_word' id='word_1_374' title='bbox 1297 2499 1512 2549; x_wconf 79' lang='lat' dir='ltr'>tempore:</span> <span class='ocrx_word' id='word_1_375' title='bbox 1542 2498 1772 2548; x_wconf 78' lang='lat' dir='ltr'>Ingressus</span> <span class='ocrx_word' id='word_1_376' title='bbox 1796 2499 1924 2540; x_wconf 87' lang='lat' dir='ltr'>Jesus</span> 
     </span>
    </p>

    <p class='ocr_par' dir='ltr' id='par_1_14' title="bbox 1091 2553 1923 2773">
     <span class='ocr_line' id='line_1_83' title="bbox 1158 2553 1923 2605; baseline 0.003 -11"><span class='ocrx_word' id='word_1_377' title='bbox 1158 2553 1496 2605; x_wconf 88' lang='lat' dir='ltr'>perambulabat</span> <span class='ocrx_word' id='word_1_378' title='bbox 1520 2553 1545 2593; x_wconf 89' lang='lat' dir='ltr'>J</span> <span class='ocrx_word' id='word_1_379' title='bbox 1548 2553 1708 2595; x_wconf 79' lang='lat' dir='ltr'>ericho.</span> <span class='ocrx_word' id='word_1_380' title='bbox 1736 2554 1794 2595; x_wconf 91' lang='lat' dir='ltr'>Et</span> <span class='ocrx_word' id='word_1_381' title='bbox 1820 2567 1923 2596; x_wconf 89' lang='lat' dir='ltr'>ecce</span> 
     </span>
     <span class='ocr_line' id='line_1_84' title="bbox 1091 2609 1922 2662; baseline 0.002 -13"><span class='ocrx_word' id='word_1_382' title='bbox 1091 2610 1157 2650; x_wconf 91' lang='lat' dir='ltr'>vir</span> <span class='ocrx_word' id='word_1_383' title='bbox 1181 2609 1357 2650; x_wconf 70' lang='lat' dir='ltr'>ndmine</span> <span class='ocrx_word' id='word_1_384' title='bbox 1381 2609 1612 2650; x_wconf 75' lang='lat' dir='ltr'>Zachaeus:</span> <span class='ocrx_word' id='word_1_385' title='bbox 1645 2614 1689 2651; x_wconf 87' lang='lat' dir='ltr'>et</span> <span class='ocrx_word' id='word_1_386' title='bbox 1714 2610 1785 2651; x_wconf 92' lang='lat' dir='ltr'>hic</span> <span class='ocrx_word' id='word_1_387' title='bbox 1809 2611 1922 2662; x_wconf 93' lang='lat' dir='ltr'>prin-</span> 
     </span>
     <span class='ocr_line' id='line_1_85' title="bbox 1091 2664 1923 2718; baseline 0.002 -12"><span class='ocrx_word' id='word_1_388' title='bbox 1091 2678 1198 2718; x_wconf 92' lang='lat' dir='ltr'>ceps</span> <span class='ocrx_word' id='word_1_389' title='bbox 1231 2669 1326 2707; x_wconf 86' lang='lat' dir='ltr'>erat</span> <span class='ocrx_word' id='word_1_390' title='bbox 1354 2664 1708 2717; x_wconf 82' lang='lat' dir='ltr'>publicanorum,</span> <span class='ocrx_word' id='word_1_391' title='bbox 1752 2671 1796 2708; x_wconf 87' lang='lat' dir='ltr'>et</span> <span class='ocrx_word' id='word_1_392' title='bbox 1826 2667 1923 2718; x_wconf 88' lang='lat' dir='ltr'>ipse</span> 
     </span>
     <span class='ocr_line' id='line_1_86' title="bbox 1091 2721 1524 2773; baseline -0.002 -11"><span class='ocrx_word' id='word_1_393' title='bbox 1091 2721 1227 2763; x_wconf 89' lang='lat' dir='ltr'>dives.</span> <span class='ocrx_word' id='word_1_394' title='bbox 1269 2722 1325 2762; x_wconf 90' lang='lat' dir='ltr'>Et</span> <span class='ocrx_word' id='word_1_395' title='bbox 1343 2721 1524 2773; x_wconf 82' lang='lat' dir='ltr'>reliqua.</span> 
     </span>
    </p>
   </div>
   <div class='ocr_carea' id='block_1_11' title="bbox 145 159 1983 2826">
    <p class='ocr_par' dir='ltr' id='par_1_15' title="bbox 145 159 1983 2826">
     <span class='ocr_line' id='line_1_87' title="bbox 145 159 1983 2826; baseline 0 0"><span class='ocrx_word' id='word_1_396' title='bbox 145 159 1983 2826; x_wconf 95' lang='lat' dir='ltr'> </span> 
     </span>
    </p>
   </div>
  </div>
 </body>
</html>
