2066 2956
201 205 292 251 [174]

465 301 662 340 l'salmus
683 301 766 340 123.

296 357 349 398 isi
377 356 478 408 quia
505 356 720 398 Dominus
753 361 846 398 erat
877 356 922 397 in
952 368 1027 397 no-

319 413 404 462 bis,
432 412 550 455 dicat
576 425 691 455 nunc
715 413 870 454 Israel:
895 413 920 439 *
947 412 1030 454 nisi

204 470 306 523 quia
323 469 539 511 Dominus
559 474 652 511 erat
670 469 714 510 111
732 469 870 519 nobis,

256 527 365 568 Cum
378 529 662 577 exsurgerent
672 525 871 568 homines
884 526 927 566 in
937 538 1030 575 nos,

206 585 229 611 *
248 583 361 625 forte
382 582 508 624 vivos
528 581 816 633 deglutissent
832 595 928 623 nos:

259 640 367 681 Cum
390 639 651 681 irasceretur
671 639 793 680 furor
816 640 968 680 eorum
987 638 1030 679 in

204 709 304 746 nos,
331 697 355 723 *
383 695 566 737 forsitan
591 707 705 747 aqua
730 694 1032 737 absorbuisset

205 765 298 794 nos.

257 809 520 850 Torrentem
566 807 846 860 pertransivit
891 807 1034 848 anima

207 870 374 908 nostra:
401 866 425 892 *
451 864 632 905 forsitan
657 866 967 916 pertransisset
991 865 1032 904 a-

207 922 324 963 nima
342 925 490 962 nostra
509 933 668 973 aquam
686 919 1018 962 intolerabilem.

259 977 526 1020 Benedictus
552 976 767 1018 Dominus
795 978 819 1004 *
848 977 923 1029 qui
946 990 1035 1018 non

208 1034 330 1077 dedit
355 1046 452 1084 nos,
481 1034 525 1074 in
553 1033 804 1085 captionem
832 1032 1035 1075 dentibus

208 1093 371 1133 eorum.

259 1148 419 1188 Anima
445 1151 598 1188 nostra
624 1146 737 1188 sicut
763 1158 917 1198 passer
946 1147 1035 1187 ere-

207 1209 286 1257 pta
306 1208 372 1245 est
390 1205 414 1231 *
433 1201 488 1244 de
507 1202 666 1254 laqueo
686 1202 951 1244 venantium:

260 1260 465 1312 Laqueus
491 1261 704 1301 contritus
729 1263 812 1309 est,
838 1259 862 1286 *
888 1262 931 1301 et
955 1271 1036 1300 nos

209 1316 383 1358 liberati
401 1328 561 1357 sumus.

260 1372 538 1425 Adjutorium
566 1375 766 1413 nostrum
793 1371 838 1411 in
861 1371 1037 1412 nomine

210 1430 307 1479 Dfii,
326 1430 349 1455 *
369 1428 444 1481 qui
463 1428 566 1470 fecit
585 1427 746 1470 coelum
764 1432 808 1469 et
827 1432 999 1470 terram.

264 1485 415 1527 Gloria
432 1485 563 1526 Patri.

472 1547 669 1587 Psalmus
690 1549 772 1587 124.

294 1602 339 1644 ui
367 1601 592 1643 confidunt
619 1601 663 1641 in
690 1601 898 1651 Domino,
926 1601 1039 1643 sicut

314 1671 441 1700 mons
468 1658 592 1699 Sion:
622 1657 646 1683 *
676 1670 764 1699 non
793 1659 1037 1699 commove-

211 1716 328 1758 bitur
360 1716 405 1756 in
435 1716 666 1764 aeternum,
699 1714 773 1767 qui
799 1713 968 1756 habitat
994 1714 1038 1754 in

211 1772 463 1814 Jerusalem.

263 1828 438 1870 Montes
456 1827 501 1868 in
521 1827 703 1869 circuitu
723 1826 828 1878 ejus:
846 1826 870 1854 *
890 1830 933 1867 01
951 1825 1038 1867 Do-

211 1885 353 1926 minus
384 1884 429 1925 in
465 1884 649 1925 circuitu
678 1882 833 1936 populi
862 1882 948 1932 sui,
985 1894 1039 1923 ex

211 1942 298 1983 hoc
315 1954 431 1982 nunc
450 1945 494 1982 et
511 1953 651 1992 usque
669 1939 713 1980 in
732 1938 952 1980 saeculum.

266 1998 378 2049 Quia
395 2010 483 2038 non
497 1996 714 2048 relinquet
727 1995 944 2036 Dominus
958 1995 1039 2037 vir-

213 2068 314 2107 gam
337 2056 622 2108 peccatorum
645 2065 778 2105 super
798 2056 961 2093 sortem
982 2052 1039 2104 ju-

215 2114 398 2154 storum:
429 2112 453 2139 *
482 2115 530 2152 111
559 2122 648 2151 11011
679 2107 915 2151 extendant
940 2108 1040 2160 justi

214 2168 271 2210 ad
290 2168 563 2220 iniquitatem
580 2178 734 2207 manus
753 2177 866 2206 suas.

266 2224 458 2266 Bonefac
478 2223 668 2264 Domine
690 2221 834 2272 boniS,
861 2222 884 2247 *
911 2226 954 2263 01
977 2234 1040 2263 10-

216 2281 296 2323 0115
316 2279 460 2322 corde.

266 2337 549 2379 Declinantes
576 2340 722 2377 autem
746 2334 789 2375 in
815 2333 1041 2385 obligatio-

218 2406 294 2435 nes
329 2392 520 2435 adducet
554 2391 770 2434 Dominus
806 2403 904 2431 cum
941 2403 1042 2443 ope-

219 2450 415 2546 {antilfus
439 2449 730 2502 iniquitatem:
753 2449 777 2475 *
799 2460 888 2499 pax
912 2460 1044 2499 super

242 2518 339 2546 srae
357 2537 365 2546 .

274 2561 424 2603 Gloria
444 2562 575 2604 Patri.

280 2620 374 2659 Ant.
424 2621 469 2658 ln
506 2618 690 2659 odorem
725 2617 1046 2667 unguentorum

222 2674 395 2714 tuorum
434 2675 665 2715 currimus:
707 2671 1045 2716 adolescentulae

223 2728 467 2771 dilexerunt
486 2735 530 2771 te
550 2730 687 2771 nimis.

698 211 874 246 Officium
900 220 1059 254 parvum
1084 210 1125 243 B.
1151 209 1282 243 Maria:
1308 208 1411 249 virg.

1133 298 1391 350 Capitulum.
1579 296 1710 337 Eccli.
1728 297 1793 336 24.
1812 295 1852 337 b.

1160 359 1178 396 t
1211 354 1404 397 radicavi
1431 356 1475 396 in
1505 354 1672 408 populo
1699 354 1904 396 honorifi-

1179 413 1295 462 cato,
1321 417 1364 454 et
1388 412 1433 453 in
1456 416 1582 465 parte
1604 411 1688 453 Dei
1710 411 1797 453 mei
1817 410 1904 452 hae-

1081 466 1244 510 reditas
1286 468 1399 510 illius
1415 500 1424 518 ‚
1469 473 1513 510 et
1551 468 1597 509 in
1636 467 1906 521 plenitudine

1082 526 1335 566 sanctorum
1355 524 1550 567 detentio
1568 537 1676 567 mea.

1136 587 1186 638 R.
1210 582 1308 623 Deo
1327 581 1502 633 gratias.

1135 638 1185 690 V.
1217 637 1459 679 Benedicta
1489 642 1539 679 tu
1569 637 1615 678 in
1643 636 1907 678 mulieribus.

1085 699 1135 750 R».
1147 694 1205 735 Et
1214 694 1473 736 benedictus
1484 694 1650 735 fructus
1660 693 1824 735 ventris
1834 693 1908 735 tui.

1139 750 1270 803 Kyrie
1298 750 1473 792 01015011.
1525 749 1700 793 Christe
1733 748 1909 791 eleison.

1088 807 1220 860 Kyrie
1239 806 1415 848 01015011.

1139 861 1190 914 V.
1225 863 1441 904 Dominus
1476 862 1716 905 vobiscum.
1767 869 1817 920 R.
1853 862 1910 904 Et

1086 933 1185 962 cum
1203 920 1362 973 spiritu
1378 924 1468 962 tuo.

1161 1037 1329 1080 oncede
1343 988 1593 1079 misgffssgss's
1606 1037 1738 1087 Deus,
1754 1036 1911 1088 fragili-

1183 1094 1264 1136 tati
1286 1098 1450 1135 nostrae
1473 1092 1743 1146 praesidium:
1767 1097 1816 1135 ut
1839 1093 1913 1145 qui

1087 1155 1251 1193 sanctae
1279 1150 1364 1192 Dei
1393 1150 1627 1191 Genitricis
1659 1149 1914 1191 memoriam

1088 1207 1268 1259 agimus,
1287 1206 1614 1248 intercessionis
1634 1207 1725 1258 ejus
1743 1205 1914 1255 auxilio,

1088 1277 1114 1305 a
1132 1264 1295 1306 nostris
1309 1262 1610 1315 iniquitatibus
1626 1264 1916 1313 resurgamus.

1087 1321 1172 1362 Per
1192 1319 1395 1362 eumdem
1413 1318 1660 1360 Dominum.

1366 1388 1434 1425 Ad
1456 1389 1639 1425 Nonam.

1144 1453 1237 1492 Ave
1255 1445 1406 1487 Maria.

1143 1507 1194 1559 V.
1218 1507 1341 1548 Deus
1358 1506 1404 1547 in
1422 1505 1696 1559 adjutorium.

1399 1572 1610 1623 Hymnus.

1219 1629 1404 1678 emento,
1421 1639 1567 1668 rerum
1585 1624 1807 1675 Conditor,

1244 1684 1399 1726 Nostri
1417 1682 1538 1736 quod
1557 1682 1662 1724 olim
1683 1681 1892 1735 corporis,

1167 1741 1347 1783 Sacrata
1365 1740 1420 1782 ab
1441 1740 1541 1782 alvo
1559 1739 1754 1791 Virginis

1166 1796 1402 1840 Nascendo
1421 1797 1607 1839 formam
1625 1794 1876 1848 sumpseris,

1118 1866 1253 1907 Maria
1269 1863 1411 1905 Mater
1428 1862 1593 1913 gratiae,

1166 1919 1320 1961 Dulcis
1338 1932 1498 1972 parens
1518 1918 1772 1967 clementiae,

1169 1978 1239 2018 Tu
1257 1990 1338 2018 nos
1358 1976 1413 2018 ab
1433 1976 1562 2018 hoste
1580 1977 1776 2029 protege,

1167 2034 1225 2075 Et
1244 2033 1399 2075 mortis
1415 2032 1526 2074 hora
1545 2032 1730 2084 suscipe.

1123 2102 1234 2149 Jesu,
1251 2098 1331 2140 tibi
1351 2098 1407 2139 sit
1425 2097 1574 2149 gloria,

1170 2155 1254 2206 Qui
1272 2160 1399 2196 natus
1418 2166 1465 2196 05
1485 2153 1539 2195 de
1558 2152 1749 2204 Virgine,

1169 2212 1278 2253 Cum
1295 2212 1437 2261 Patre,
1457 2214 1501 2252 et
1520 2210 1634 2251 almo
1654 2208 1828 2262 Spiritu,

1168 2270 1219 2310 In
1238 2267 1504 2319 sempiterna
1520 2265 1692 2308 saecula.
1719 2265 1872 2306 Amen.

1151 2332 1248 2370 Ant.
1276 2326 1460 2369 Pulchra
1478 2339 1535 2368 es.

1356 2388 1554 2428 l'salmus
1576 2387 1659 2427 125.

1104 2460 1142 2494 ιε»
1166 2458 1203 2494 [42.ss
1218 2459 1246 2486 n
1279 2442 1575 2486 convertendo
1604 2442 1819 2483 Dominus
1851 2453 1917 2482 ca-

1105 2498 1143 2562 ‚55²⁵
1166 2496 1205 2555 '1²02ss
1235 2500 1482 2554 ptivitatem
1509 2499 1632 2541 Sion:
1663 2498 1687 2524 *
1720 2497 1823 2539 facti
1852 2509 1919 2538 su-

1108 2551 1138 2579 2‘
1168 2556 1211 2584 Ἣ
1237 2570 1333 2599 111115
1354 2557 1466 2598 510111
1486 2554 1714 2597 consolati:

1148 2615 1274 2656 Tunc
1287 2612 1503 2666 repletum
1518 2616 1584 2653 est
1597 2610 1759 2662 gaudio
1777 2622 1827 2651 os
1845 2622 1919 2651 no-

1098 2677 1252 2713 strum:
1279 2670 1302 2696 *
1331 2674 1374 2711 et
1401 2668 1547 2720 lingua
1566 2672 1717 2709 nostra
1735 2666 1920 2708 exsulta-

1096 2728 1226 2770 tione.
