2066 2956
620 188 687 222 Die
712 189 741 221 2.
767 187 883 221 Junii.
929 188 964 221 S.
991 186 1152 229 Eugenii
1177 186 1203 220 Ι.
1229 185 1347 229 Papae
1372 191 1407 220 et
1433 186 1541 220 Conf.

217 287 260 324 et
275 282 556 324 Valentinum
575 282 736 335 saepius
756 281 966 335 relapsos,
986 282 1041 324 ab

216 338 413 380 Ecclesia
431 338 604 391 penitus
625 339 758 391 ejecit.

272 396 321 447 R.
341 395 391 435 In
411 395 548 437 servis
567 396 667 442 suis,
687 395 869 448 alleluja,
893 395 915 418 *
931 395 1042 437 Con-

216 451 430 494 solabitur
457 452 593 502 Deus,
627 452 809 504 alleluja.
854 447 902 497 V.
927 451 1042 493 Judi-

217 507 333 551 cabit
357 509 570 550 Dominus
593 508 808 562 populum
833 522 974 558 suum,
1000 514 1043 550 et

216 566 260 606 in
279 566 415 607 servis
436 565 536 606 suis.
566 565 888 607 Consolabitur.

521 623 671 662 Lectis>
693 623 743 661 vi.

222 675 365 782 Cum
390 692 558 720 summa
580 692 690 732 pace
714 678 910 720 Ecclesia
934 678 1042 720 frue-

306 738 435 786 retur,
456 736 616 778 multos
636 736 766 777 etiam
786 748 839 776 ex
859 735 1042 787 optima-

215 793 332 835 tibus
356 793 412 835 ad
431 793 590 834 Christi
614 792 746 834 fidem
768 792 922 833 Romae
942 804 1042 833 con-

216 850 356 891 vertit.
391 850 431 890 A
449 849 586 891 Lucio
607 850 915 890 Britann6rum
940 861 1043 899 rege

216 906 382 948 litteras
402 919 481 960 per
505 906 674 958 legatos
695 906 881 958 accepit,
909 905 1044 947 divini

216 962 336 1004 verbi
390 964 614 1005 ministros
664 963 932 1016 postulante,
988 961 1043 1004 ad

217 1032 347 1071 quem
366 1020 598 1072 Fugatium
619 1026 662 1061 et
677 1020 940 1060 Damianum
956 1019 1042 1060 Ro-

216 1079 357 1117 manae
376 1077 585 1119 Ecclesiae
609 1075 892 1130 presbyteros
915 1075 1042 1125 misit,

216 1145 241 1174 a
261 1133 418 1184 quibus
437 1146 514 1174 rex
535 1134 629 1186 ipse
650 1147 749 1175 eum
763 1138 857 1174 tota
872 1132 1043 1182 familia,

217 1195 261 1230 et
291 1190 453 1231 subditi
484 1190 573 1231 fere
599 1203 749 1231 omnes
775 1202 901 1231 sacro
927 1189 1042 1231 lava-

218 1259 292 1287 cro
316 1247 558 1297 regenerati
584 1246 714 1287 fuere.
759 1246 840 1287 His
869 1246 1043 1288 demum

217 1301 400 1354 aliisque
424 1316 506 1355 pro
531 1302 678 1344 divino
704 1302 821 1344 cultu
840 1303 1042 1356 peractis,

217 1365 368 1400 sancto
384 1359 468 1400 fine
486 1359 660 1411 quievit,
679 1359 759 1401 sub
779 1359 1043 1412 imperatore

218 1414 478 1465 Commodo,
502 1416 654 1467 quinto
675 1416 897 1458 Kalendas
916 1416 1042 1466 Junii,

218 1471 414 1524 sepultus
433 1472 475 1512 in
494 1472 724 1514 Vaticano.

271 1529 321 1580 R.
346 1528 467 1570 Filiae
487 1529 740 1571 Jer1'1salem.

272 1590 311 1623 In
340 1589 400 1623 ΙΙΙ.
427 1590 624 1624 Noeturno
653 1591 821 1624 Ilornilia
846 1590 880 1623 in
900 1589 1044 1631 Ex‘ung.

221 1639 301 1683 Ego
326 1650 410 1674 sum
430 1639 522 1675 vitis
544 1650 647 1675 vera.
674 1639 719 1672 de
747 1639 882 1672 eodem
900 1638 1044 1672 Comm.

224 1687 248 1720 1.
273 1686 369 1719 loeo.

488 1780 570 1822 Die
589 1782 626 1822 2.
645 1781 670 1822 J
674 1781 771 1823 unii.

288 1847 330 1889 S.
350 1848 561 1898 Eugenii
580 1850 615 1891 Ι.
640 1848 770 1900 I‘apae
793 1854 835 1888 et
856 1848 975 1889 Cont.

552 1907 714 1951 Duplex.

274 1963 408 1997 Omnia
444 1964 488 1997 de
521 1963 723 1998 Communi
754 1964 861 1998 Conf.
894 1964 1044 2005 Pontif.‚

222 2019 361 2055 praeter
385 2012 594 2054 sequentia.

274 2060 415 2093 Oratio.
442 2059 510 2106 Da,
534 2064 766 2107 quaesumus‚

275 2107 314 2140 In
348 2107 372 2140 l.
406 2107 603 2140 Noctnrno
637 2107 838 2140 Lectiones
872 2106 918 2140 de
948 2106 1044 2140 Seri-

222 2161 331 2197 ptura
358 2160 588 2189 occurrente.

275 2203 316 2237 In
342 2203 452 2237 Feria
479 2203 521 2236 II.
548 2210 583 2237 et
607 2203 669 2236 IV.
695 2202 912 2245 Kogamos,
944 2202 1043 2236 Lect.

223 2250 364 2288 Fidelis
389 2263 525 2289 sermo.
553 2251 598 2284 de
624 2251 758 2284 eodem
778 2252 882 2285 Com.
902 2251 928 2283 1.
948 2251 1043 2285 loco.

445 2313 494 2351 In
521 2313 570 2351 II.
599 2312 820 2351 Nocturno.

520 2372 670 2412 Lectio
692 2372 743 2411 iv.

319 2435 427 2474 eato
465 2433 651 2476 Martino
693 2435 816 2486 hujus
857 2437 1042 2479 nominis

232 2483 238 2544 ζ
257 2492 325 2551 'si->s
345 2490 496 2541 primo,
515 2492 739 2542 tyrannica
760 2492 953 2535 haeretici
969 2494 1043 2534 im-

233 2546 238 2558 “
277 2548 289 2552 ”
346 2548 562 2597 peratoris
608 2550 821 2591 sententia
861 2550 1042 2592 Cherso-

219 2615 319 2642 nam
346 2602 556 2653 relegato,
584 2604 823 2647 Theod6r0
852 2606 1042 2648 exarcho

219 2658 423 2707 instante,
459 2660 677 2711 Eugenius
709 2663 851 2715 patria
883 2664 1042 2705 Roma-

219 2728 310 2765 nus,
331 2716 403 2767 qui
424 2715 512 2758 fere
532 2730 556 2758 a
576 2718 801 2760 cunabulis
816 2732 942 2762 sacro
958 2720 1040 2762 ele-

1087 282 1286 323 'ricorum
1319 281 1461 324 ordini
1493 296 1541 325 se
1574 284 1819 336 addixerat,
1851 285 1924 329 ab·

1096 338 1231 379 sentis
1266 338 1492 381 Pontificis
1529 341 1646 382 vices
1682 342 1832 392 gessit,
1868 355 1924 385 ne

1096 394 1310 436 Romanae
1351 395 1563 438 Ecclesiae
1606 397 1923 441 administratio

1096 453 1296 492 cessasse
1342 454 1519 494 omnino
1561 453 1798 505 videretur;
1844 456 1924 498 sed

1096 507 1178 548 hac
1208 510 1361 550 revera
1387 511 1611 562 potestate
1636 511 1837 554 modeste
1862 512 1926 554 uti

1095 564 1214 605 visus
1234 570 1315 613 est,
1335 578 1433 606 cum
1453 565 1594 618 probe
1613 567 1758 617 sciret,
1778 569 1924 610 Marti-

1095 633 1152 662 no
1185 620 1360 663 vivente
1393 634 1439 664 se
1473 622 1716 674 legitimum
1747 625 1924 667 Pontifi-

1096 690 1191 719 cem
1210 691 1297 720 non
1317 691 1430 728 esse,
1458 679 1538 721 sed
1560 679 1675 721 illius
1695 679 1925 724 dumtaxat

1098 735 1222 786 quasi
1242 735 1359 777 vices
1381 737 1615 786 gerentem.

1152 791 1201 841 Rg.
1225 792 1375 833 Inveni
1394 793 1539 834 David
1568 806 1743 836 servum
1769 808 1925 847 meum,

1097 848 1196 890 oleo
1222 854 1374 891 sancto
1397 862 1498 891 meo
1522 851 1628 892 unxi
1654 864 1767 893 eum:
1792 851 1814 873 *
1835 853 1924 895 Ma-

1096 918 1177 946 nus
1198 906 1311 947 enim
1331 919 1429 948 mea
1447 907 1728 950 auxiliabitur
1747 909 1800 959 ei,
1825 909 1925 952 alle-

1095 961 1192 1014 luja.
1228 953 1277 1005 Y·
1300 962 1419 1004 Nihil
1442 964 1645 1016 proficiet
1662 965 1861 1007 inimicus
1882 967 1925 1008 in

1097 1031 1166 1067 eo,
1186 1024 1229 1060 et
1249 1018 1363 1061 filius
1382 1020 1624 1072 iniquitatis
1642 1034 1730 1063 non
1750 1022 1926 1065 nocebit

1097 1075 1147 1116 ei.
1175 1075 1340 1117 Manus.

1411 1131 1561 1171 Lectio
1582 1144 1618 1169 v.

1186 1188 1231 1230 bi
1251 1201 1356 1230 vero
1376 1188 1614 1242 praedictus
1636 1190 1796 1234 Christi
1813 1192 1925 1235 Mar-

1202 1251 1288 1298 tyr,
1318 1246 1521 1288 aerumnis
1546 1253 1589 1289 et
1613 1246 1757 1290 inedia
1782 1249 1924 1291 confe-

1097 1308 1203 1351 ctus,
1223 1302 1279 1344 ad
1298 1302 1474 1345 beatam
1489 1304 1623 1346 vitam
1638 1305 1925 1357 migravisset,

1097 1360 1140 1400 in
1174 1359 1382 1402 cathedra
1414 1360 1548 1409 Petri,
1590 1360 1708 1403 clero
1746 1374 1925 1404 consen-

1095 1417 1245 1467 tiente,
1283 1424 1331 1457 ut
1358 1416 1578 1467 legitimus
1606 1417 1726 1459 Petri
1755 1421 1925 1461 succes-

1097 1486 1170 1516 sor
1189 1474 1320 1523 sedit,
1349 1478 1391 1515 et
1414 1473 1458 1514 in
1483 1473 1558 1515 illo
1581 1474 1827 1527 Apostoliei
1850 1476 1925 1518 mi·

1096 1530 1261 1572 nisterii
1298 1530 1485 1572 eulmine
1521 1530 1655 1572 talem
1691 1544 1738 1574 se
1773 1533 1926 1584 gessit,

1098 1587 1271 1639 qualem
1290 1587 1483 1639 supremi
1501 1588 1692 1629 muneris
1712 1589 1750 1630 ei
1771 1588 1926 1632 crediti

1097 1644 1301 1694 dignitas,
1337 1649 1381 1686 et
1409 1644 1602 1686 Omnium
1631 1644 1792 1688 Christi
1820 1645 1924 1688 fide-

1096 1701 1201 1741 lium
1229 1701 1319 1752 ejus
1352 1713 1469 1742 curae
1498 1702 1831 1744 commissorum
1861 1715 1925 1744 sa-

1096 1758 1163 1799 lus
1201 1763 1244 1799 et
1276 1757 1439 1799 utilitas
1471 1758 1771 1810 postulabant;
1808 1759 1925 1802 mitis

1097 1815 1211 1856 enim
1235 1814 1330 1864 fuit,
1357 1813 1571 1865 benignus
1595 1819 1638 1856 et
1660 1817 1926 1867 mansuetuS,

1097 1877 1151 1921 et,
1177 1871 1295 1924 quod
1317 1877 1448 1925 caput
1470 1877 1547 1921 est,
1570 1871 1673 1913 vitae
1693 1873 1924 1915 sanctimo-

1097 1929 1167 1970 nia
1185 1928 1378 1969 illustris.

1152 1987 1201 2026 R.
1230 1985 1364 2027 Posui
1396 1985 1657 2036 adjutorium
1690 1999 1821 2039 super
1847 1999 1923 2040 po-

1096 2045 1276 2092 tentem,
1323 2047 1367 2083 et
1409 2042 1599 2084 exaltavi
1641 2042 1829 2085 electum
1869 2043 1924 2086 de

1096 2099 1226 2152 plebe
1268 2111 1381 2140 mea:
1417 2099 1438 2121 *
1474 2099 1628 2140 Manus
1672 2099 1787 2141 enim
1821 2112 1926 2142 mea

1097 2155 1374 2197 auxiliabitur
1399 2155 1452 2205 ei,
1481 2155 1662 2207 alleluja.
1700 2150 1749 2201 V·
1773 2157 1925 2199 Inveni

1097 2212 1241 2254 David
1266 2225 1440 2254 servum
1462 2225 1624 2262 meum,
1652 2212 1752 2255 oleo
1772 2219 1924 2256 sancto

1096 2282 1195 2310 meo
1215 2269 1319 2311 unxi
1340 2282 1449 2310 eum.
1476 2269 1643 2310 Manus.

1392 2327 1543 2367 Lectio
1564 2327 1617 2366 vi.

1103 2378 1408 2484 Singularem
1442 2382 1547 2424 cleri
1580 2396 1730 2425 curam
1762 2383 1924 2433 habuit,

1179 2452 1308 2491 quem
1345 2441 1528 2492 paterno
1566 2452 1740 2493 semper
1775 2442 1924 2482 amore

1098 2500 1140 2536 et
1158 2495 1305 2537 multis
1324 2494 1550 2537 beneficiis
1569 2499 1831 2549 prosecutus
1847 2502 1924 2538 est.

1096 2552 1147 2592 In
1166 2554 1328 2602 egenos
1347 2557 1493 2594 tamen
1512 2552 1722 2594 mirabilis
1742 2554 1833 2604 ejus
1851 2552 1923 2594 be-

1096 2608 1326 2650 neficentia
1359 2609 1527 2659 enituit,
1569 2608 1727 2661 quibus
1760 2608 1924 2650 reditus

1097 2665 1308 2706 Ecclesiae
1343 2665 1492 2707 vivens
1525 2670 1569 2707 et
1599 2665 1790 2707 moriens
1821 2664 1924 2707 libe-

1096 2721 1176 2762 rali
1194 2734 1325 2763 manu
1344 2722 1554 2772 erogavit,
1575 2724 1772 2775 apprime
1792 2727 1924 2773 ratus,
