<?xml version="1.0" encoding="UTF-8"?>
<!DOCTYPE html PUBLIC "-//W3C//DTD XHTML 1.0 Transitional//EN"
    "http://www.w3.org/TR/xhtml1/DTD/xhtml1-transitional.dtd">
<html xmlns="http://www.w3.org/1999/xhtml" xml:lang="en" lang="en">
 <head>
  <title>
</title>
<meta http-equiv="Content-Type" content="text/html;charset=utf-8" />
  <meta name='ocr-system' content='tesseract 3.04.00' />
  <meta name='ocr-capabilities' content='ocr_page ocr_carea ocr_par ocr_line ocrx_word'/>
</head>
<body>
  <div class='ocr_page' id='page_1' title='image "./p2breviariumroma00cathuoft_0092.png"; bbox 0 0 2028 2892; ppageno 0'>
   <div class='ocr_carea' id='block_1_1' title="bbox 120 128 1940 171">
    <p class='ocr_par' dir='ltr' id='par_1_1' title="bbox 120 128 1940 171">
     <span class='ocr_line' id='line_1_1' title="bbox 120 128 1940 171; baseline 0 2721"><span class='ocrx_word' id='word_1_1' title='bbox 120 128 1940 171; x_wconf 95' lang='lat' dir='ltr'> </span> 
     </span>
    </p>
   </div>
   <div class='ocr_carea' id='block_1_2' title="bbox 121 267 1951 1425">
    <p class='ocr_par' dir='ltr' id='par_1_2' title="bbox 121 267 1951 1425">
     <span class='ocr_line' id='line_1_2' title="bbox 121 267 1942 477; baseline 0 -103"><span class='ocrx_word' id='word_1_2' title='bbox 121 267 141 477; x_wconf 95' lang='lat' dir='ltr'>   </span> <span class='ocrx_word' id='word_1_3' title='bbox 1921 267 1942 477; x_wconf 95' lang='lat' dir='ltr'>   </span> 
     </span>
     <span class='ocr_line' id='line_1_3' title="bbox 123 477 1944 630; baseline 0 -96"><span class='ocrx_word' id='word_1_4' title='bbox 123 477 142 630; x_wconf 95' lang='lat' dir='ltr'>   </span> <span class='ocrx_word' id='word_1_5' title='bbox 1924 477 1944 630; x_wconf 95' lang='lat' dir='ltr'>   </span> 
     </span>
     <span class='ocr_line' id='line_1_4' title="bbox 124 630 1945 820; baseline 0 -93"><span class='ocrx_word' id='word_1_6' title='bbox 124 630 144 820; x_wconf 95' lang='lat' dir='ltr'>     </span> <span class='ocrx_word' id='word_1_7' title='bbox 1925 630 1945 802; x_wconf 95' lang='lat' dir='ltr'>    </span> 
     </span>
     <span class='ocr_line' id='line_1_5' title="bbox 126 802 1946 861; baseline 0 0"><span class='ocrx_word' id='word_1_8' title='bbox 126 820 144 861; x_wconf 95' lang='lat' dir='ltr'> </span> <span class='ocrx_word' id='word_1_9' title='bbox 1926 802 1946 861; x_wconf 95' lang='lat' dir='ltr'>  </span> 
     </span>
     <span class='ocr_line' id='line_1_6' title="bbox 126 861 1947 1045; baseline 0 -55"><span class='ocrx_word' id='word_1_10' title='bbox 126 861 146 1045; x_wconf 95' lang='lat' dir='ltr'>   </span> <span class='ocrx_word' id='word_1_11' title='bbox 1926 861 1947 1045; x_wconf 95' lang='lat' dir='ltr'>   </span> 
     </span>
     <span class='ocr_line' id='line_1_7' title="bbox 128 1045 1948 1164; baseline 0.001 -62"><span class='ocrx_word' id='word_1_12' title='bbox 128 1045 148 1164; x_wconf 95' lang='lat' dir='ltr'>   </span> <span class='ocrx_word' id='word_1_13' title='bbox 1928 1045 1948 1164; x_wconf 95' lang='lat' dir='ltr'>   </span> 
     </span>
     <span class='ocr_line' id='line_1_8' title="bbox 129 1164 1949 1277; baseline 0 -75"><span class='ocrx_word' id='word_1_14' title='bbox 129 1164 149 1277; x_wconf 95' lang='lat' dir='ltr'>  </span> <span class='ocrx_word' id='word_1_15' title='bbox 1930 1164 1949 1202; x_wconf 95' lang='lat' dir='ltr'> </span> 
     </span>
     <span class='ocr_line' id='line_1_9' title="bbox 130 1202 1951 1425; baseline 0 -92"><span class='ocrx_word' id='word_1_16' title='bbox 130 1277 149 1425; x_wconf 95' lang='lat' dir='ltr'>   </span> <span class='ocrx_word' id='word_1_17' title='bbox 1930 1202 1951 1425; x_wconf 95' lang='lat' dir='ltr'>    </span> 
     </span>
    </p>
   </div>
   <div class='ocr_carea' id='block_1_3' title="bbox 716 237 726 261">
    <p class='ocr_par' dir='ltr' id='par_1_3' title="bbox 716 237 726 261">
     <span class='ocr_line' id='line_1_10' title="bbox 716 237 726 261; baseline 0 2631"><span class='ocrx_word' id='word_1_18' title='bbox 716 237 726 261; x_wconf 95' lang='lat' dir='ltr'> </span> 
     </span>
    </p>
   </div>
   <div class='ocr_carea' id='block_1_4' title="bbox 179 289 996 399">
    <p class='ocr_par' dir='ltr' id='par_1_4' title="bbox 179 289 996 399">
     <span class='ocr_line' id='line_1_11' title="bbox 234 289 996 346; baseline -0.014 -5"><span class='ocrx_word' id='word_1_19' title='bbox 234 302 328 341; x_wconf 75' lang='lat' dir='ltr'>Ant.</span> <span class='ocrx_word' id='word_1_20' title='bbox 350 299 510 339; x_wconf 83' lang='lat' dir='ltr'><strong>Omnes</strong></span> <span class='ocrx_word' id='word_1_21' title='bbox 530 294 686 346; x_wconf 87' lang='lat' dir='ltr'>Angeli</span> <span class='ocrx_word' id='word_1_22' title='bbox 706 293 795 344; x_wconf 91' lang='lat' dir='ltr'>ejus</span> <span class='ocrx_word' id='word_1_23' title='bbox 810 294 832 318; x_wconf 83' lang='lat'>¹⁸¹</span> <span class='ocrx_word' id='word_1_24' title='bbox 850 289 996 332; x_wconf 87' lang='lat' dir='ltr'>lauda-</span> 
     </span>
     <span class='ocr_line' id='line_1_12' title="bbox 179 350 702 399; baseline -0.017 0"><span class='ocrx_word' id='word_1_25' title='bbox 179 363 222 399; x_wconf 89' lang='lat' dir='ltr'>te</span> <span class='ocrx_word' id='word_1_26' title='bbox 241 356 473 397; x_wconf 91' lang='lat' dir='ltr'>Dominum</span> <span class='ocrx_word' id='word_1_27' title='bbox 493 352 548 394; x_wconf 92' lang='lat' dir='ltr'>de</span> <span class='ocrx_word' id='word_1_28' title='bbox 568 350 702 393; x_wconf 86' lang='lat' dir='ltr'>coelis.</span> 
     </span>
    </p>
   </div>
   <div class='ocr_carea' id='block_1_5' title="bbox 183 405 1003 807">
    <p class='ocr_par' dir='ltr' id='par_1_5' title="bbox 232 405 861 453">
     <span class='ocr_line' id='line_1_13' title="bbox 232 405 861 453; baseline -0.013 0"><span class='ocrx_word' id='word_1_29' title='bbox 232 414 298 453; x_wconf 83' lang='lat' dir='ltr'>Ps.</span> <span class='ocrx_word' id='word_1_30' title='bbox 319 410 514 452; x_wconf 84' lang='lat' dir='ltr'>Laudate</span> <span class='ocrx_word' id='word_1_31' title='bbox 534 407 778 449; x_wconf 88' lang='lat' dir='ltr'>Dominum.</span> <span class='ocrx_word' id='word_1_32' title='bbox 806 405 861 445; x_wconf 93' lang='lat'>17.</span> 
     </span>
    </p>

    <p class='ocr_par' dir='ltr' id='par_1_6' title="bbox 183 460 1001 556">
     <span class='ocr_line' id='line_1_14' title="bbox 231 460 1001 513; baseline -0.013 -5"><span class='ocrx_word' id='word_1_33' title='bbox 231 474 271 508; x_wconf 92' lang='lat' dir='ltr'>In</span> <span class='ocrx_word' id='word_1_34' title='bbox 297 472 497 513; x_wconf 51' lang='lat' dir='ltr'>Quadrag,</span> <span class='ocrx_word' id='word_1_35' title='bbox 523 469 657 511; x_wconf 76' lang='lat' dir='ltr'>Capit..</span> <span class='ocrx_word' id='word_1_36' title='bbox 676 468 811 511; x_wconf 73' lang='lat' dir='ltr'>Hymn.</span> <span class='ocrx_word' id='word_1_37' title='bbox 837 472 872 499; x_wconf 71' lang='lat' dir='ltr'>et</span> <span class='ocrx_word' id='word_1_38' title='bbox 893 460 937 506; x_wconf 65' lang='grc' dir='ltr'>Ῡ.</span> <span class='ocrx_word' id='word_1_39' title='bbox 964 471 1001 499; x_wconf 82' lang='lat' dir='ltr'>ut</span> 
     </span>
     <span class='ocr_line' id='line_1_15' title="bbox 183 514 746 556; baseline -0.012 0"><span class='ocrx_word' id='word_1_40' title='bbox 183 524 216 556; x_wconf 84' lang='lat' dir='ltr'>in</span> <span class='ocrx_word' id='word_1_41' title='bbox 245 521 359 555; x_wconf 77' lang='lat' dir='ltr'>Laud.</span> <span class='ocrx_word' id='word_1_42' title='bbox 387 520 465 553; x_wconf 78' lang='lat' dir='ltr'>Fer.</span> <span class='ocrx_word' id='word_1_43' title='bbox 493 518 535 551; x_wconf 87' lang='lat'>11.</span> <span class='ocrx_word' id='word_1_44' title='bbox 558 516 610 551; x_wconf 87' lang='lat'>53.</span> <span class='ocrx_word' id='word_1_45' title='bbox 639 522 674 550; x_wconf 84' lang='lat' dir='ltr'>ct</span> <span class='ocrx_word' id='word_1_46' title='bbox 694 514 746 549; x_wconf 76' lang='lat'>54.</span> 
     </span>
    </p>

    <p class='ocr_par' dir='ltr' id='par_1_7' title="bbox 183 561 999 655">
     <span class='ocr_line' id='line_1_16' title="bbox 231 561 999 607; baseline -0.012 -4"><span class='ocrx_word' id='word_1_47' title='bbox 231 569 289 603; x_wconf 68' lang='lat' dir='ltr'>Ad</span> <span class='ocrx_word' id='word_1_48' title='bbox 317 567 561 602; x_wconf 63' lang='lat' dir='ltr'>Benedictus.</span> <span class='ocrx_word' id='word_1_49' title='bbox 587 566 672 599; x_wconf 68' lang='lat' dir='ltr'>Ant.</span> <span class='ocrx_word' id='word_1_50' title='bbox 700 563 873 607; x_wconf 76' lang='lat' dir='ltr'>propria.</span> <span class='ocrx_word' id='word_1_51' title='bbox 899 567 936 595; x_wconf 84' lang='lat' dir='ltr'>ut</span> <span class='ocrx_word' id='word_1_52' title='bbox 964 561 999 594; x_wconf 83' lang='lat' dir='ltr'>in</span> 
     </span>
     <span class='ocr_line' id='line_1_17' title="bbox 183 614 651 655; baseline -0.013 -3"><span class='ocrx_word' id='word_1_53' title='bbox 183 618 302 652; x_wconf 74' lang='lat' dir='ltr'>Feriis</span> <span class='ocrx_word' id='word_1_54' title='bbox 328 614 651 655; x_wconf 55' lang='lat' dir='ltr'>Quadragesimae.</span> 
     </span>
    </p>

    <p class='ocr_par' dir='ltr' id='par_1_8' title="bbox 184 659 1003 807">
     <span class='ocr_line' id='line_1_18' title="bbox 235 659 1003 706; baseline -0.012 -7"><span class='ocrx_word' id='word_1_55' title='bbox 235 665 390 699; x_wconf 81' lang='lat' dir='ltr'>Preces,</span> <span class='ocrx_word' id='word_1_56' title='bbox 416 662 570 706; x_wconf 79' lang='lat' dir='ltr'>quando</span> <span class='ocrx_word' id='word_1_57' title='bbox 597 661 789 695; x_wconf 84' lang='lat' dir='ltr'>dicuntur.</span> <span class='ocrx_word' id='word_1_58' title='bbox 815 659 1003 692; x_wconf 76' lang='lat' dir='ltr'>habentur</span> 
     </span>
     <span class='ocr_line' id='line_1_19' title="bbox 184 709 777 756; baseline -0.005 -9"><span class='ocrx_word' id='word_1_59' title='bbox 184 723 299 756; x_wconf 80' lang='lat' dir='ltr'>supra</span> <span class='ocrx_word' id='word_1_60' title='bbox 326 712 361 745; x_wconf 86' lang='lat' dir='ltr'>in</span> <span class='ocrx_word' id='word_1_61' title='bbox 389 711 498 744; x_wconf 82' lang='lat' dir='ltr'>Feria</span> <span class='ocrx_word' id='word_1_62' title='bbox 523 709 701 744; x_wconf 84' lang='lat' dir='ltr'>secunda.</span> <span class='ocrx_word' id='word_1_63' title='bbox 726 710 777 744; x_wconf 83' lang='lat'>54.</span> 
     </span>
     <span class='ocr_line' id='line_1_20' title="bbox 533 781 744 807; baseline -0.009 -7"><span class='ocrx_word' id='word_1_64' title='bbox 533 781 744 807; x_wconf 34' lang='lat' dir='ltr'>offl-off</span> 
     </span>
    </p>
   </div>
   <div class='ocr_carea' id='block_1_6' title="bbox 207 841 975 898">
    <p class='ocr_par' dir='ltr' id='par_1_9' title="bbox 207 841 975 898">
     <span class='ocr_line' id='line_1_21' title="bbox 207 841 975 898; baseline -0.016 -7"><span class='ocrx_word' id='word_1_65' title='bbox 207 848 354 891; x_wconf 83' lang='lat' dir='ltr'>Feria</span> <span class='ocrx_word' id='word_1_66' title='bbox 373 845 557 898; x_wconf 79' lang='lat' dir='ltr'>quarta</span> <span class='ocrx_word' id='word_1_67' title='bbox 576 844 640 885; x_wconf 89' lang='lat' dir='ltr'>ad</span> <span class='ocrx_word' id='word_1_68' title='bbox 658 841 975 883; x_wconf 72' lang='lat' dir='ltr'>matutinum.</span> 
     </span>
    </p>
   </div>
   <div class='ocr_carea' id='block_1_7' title="bbox 185 912 1019 2418">
    <p class='ocr_par' dir='ltr' id='par_1_10' title="bbox 185 912 1003 1015">
     <span class='ocr_line' id='line_1_22' title="bbox 238 912 1003 964; baseline -0.01 -7"><span class='ocrx_word' id='word_1_69' title='bbox 238 917 284 956; x_wconf 87' lang='lat' dir='ltr'>In</span> <span class='ocrx_word' id='word_1_70' title='bbox 312 914 525 964; x_wconf 65' lang='lat' dir='ltr'>Quadrag.</span> <span class='ocrx_word' id='word_1_71' title='bbox 555 912 673 952; x_wconf 78' lang='lat' dir='ltr'>Iuvit.</span> <span class='ocrx_word' id='word_1_72' title='bbox 704 912 749 951; x_wconf 91' lang='lat' dir='ltr'>In</span> <span class='ocrx_word' id='word_1_73' title='bbox 775 923 905 951; x_wconf 92' lang='lat' dir='ltr'>manu</span> <span class='ocrx_word' id='word_1_74' title='bbox 929 913 1003 950; x_wconf 83' lang='lat' dir='ltr'>tua</span> 
     </span>
     <span class='ocr_line' id='line_1_23' title="bbox 185 969 874 1015; baseline -0.013 0"><span class='ocrx_word' id='word_1_75' title='bbox 185 974 370 1015; x_wconf 90' lang='lat' dir='ltr'>Domine</span> <span class='ocrx_word' id='word_1_76' title='bbox 387 973 409 994; x_wconf 86' lang='lat'>*</span> <span class='ocrx_word' id='word_1_77' title='bbox 429 971 590 1012; x_wconf 86' lang='lat' dir='ltr'><strong>Omnes</strong></span> <span class='ocrx_word' id='word_1_78' title='bbox 609 969 716 1009; x_wconf 88' lang='lat' dir='ltr'>fines</span> <span class='ocrx_word' id='word_1_79' title='bbox 735 972 874 1009; x_wconf 90' lang='lat' dir='ltr'>terrae.</span> 
     </span>
    </p>

    <p class='ocr_par' dir='ltr' id='par_1_11' title="bbox 239 1024 850 1076">
     <span class='ocr_line' id='line_1_24' title="bbox 239 1024 850 1076; baseline -0.011 -7"><span class='ocrx_word' id='word_1_80' title='bbox 239 1031 305 1069; x_wconf 83' lang='lat' dir='ltr'>l&#39;s.</span> <span class='ocrx_word' id='word_1_81' title='bbox 335 1029 500 1076; x_wconf 89' lang='lat' dir='ltr'>Venite,</span> <span class='ocrx_word' id='word_1_82' title='bbox 519 1025 794 1067; x_wconf 79' lang='lat' dir='ltr'>exsultemus.</span> <span class='ocrx_word' id='word_1_83' title='bbox 814 1024 850 1063; x_wconf 88' lang='lat'>2.</span> 
     </span>
    </p>

    <p class='ocr_par' dir='ltr' id='par_1_12' title="bbox 188 1080 1005 1182">
     <span class='ocr_line' id='line_1_25' title="bbox 239 1080 1005 1136; baseline -0.013 -11"><span class='ocrx_word' id='word_1_84' title='bbox 239 1087 392 1136; x_wconf 75' lang='lat' dir='ltr'>Hymn.</span> <span class='ocrx_word' id='word_1_85' title='bbox 425 1085 489 1124; x_wconf 81' lang='lat' dir='ltr'>Ex</span> <span class='ocrx_word' id='word_1_86' title='bbox 513 1094 634 1123; x_wconf 86' lang='lat' dir='ltr'>more</span> <span class='ocrx_word' id='word_1_87' title='bbox 654 1080 782 1122; x_wconf 88' lang='lat' dir='ltr'>docti.</span> <span class='ocrx_word' id='word_1_88' title='bbox 808 1084 850 1118; x_wconf 84' lang='lat' dir='ltr'>ut</span> <span class='ocrx_word' id='word_1_89' title='bbox 876 1089 1005 1128; x_wconf 87' lang='lat' dir='ltr'>supra</span> 
     </span>
     <span class='ocr_line' id='line_1_26' title="bbox 188 1142 475 1182; baseline -0.007 0"><span class='ocrx_word' id='word_1_90' title='bbox 188 1144 228 1182; x_wconf 89' lang='lat' dir='ltr'>in</span> <span class='ocrx_word' id='word_1_91' title='bbox 251 1142 419 1181; x_wconf 87' lang='lat' dir='ltr'>Domin.</span> <span class='ocrx_word' id='word_1_92' title='bbox 439 1142 475 1181; x_wconf 85' lang='lat'>2.</span> 
     </span>
    </p>

    <p class='ocr_par' dir='ltr' id='par_1_13' title="bbox 189 1190 1006 1306">
     <span class='ocr_line' id='line_1_27' title="bbox 238 1190 1006 1248; baseline -0.01 -10"><span class='ocrx_word' id='word_1_93' title='bbox 238 1198 389 1248; x_wconf 84' lang='lat' dir='ltr'>Temp.</span> <span class='ocrx_word' id='word_1_94' title='bbox 420 1196 626 1237; x_wconf 80' lang='lat' dir='ltr'>Paschali.</span> <span class='ocrx_word' id='word_1_95' title='bbox 663 1195 781 1234; x_wconf 80' lang='lat' dir='ltr'>lnvit.</span> <span class='ocrx_word' id='word_1_96' title='bbox 810 1190 1006 1241; x_wconf 77' lang='lat' dir='ltr'>Alleluja‚</span> 
     </span>
     <span class='ocr_line' id='line_1_28' title="bbox 189 1251 648 1306; baseline -0.013 -9"><span class='ocrx_word' id='word_1_97' title='bbox 189 1255 374 1306; x_wconf 72' lang='lat' dir='ltr'>alleloja,</span> <span class='ocrx_word' id='word_1_98' title='bbox 405 1255 424 1276; x_wconf 87' lang='lat'>*</span> <span class='ocrx_word' id='word_1_99' title='bbox 454 1251 648 1302; x_wconf 78' lang='lat' dir='ltr'>Alleluia.</span> 
     </span>
    </p>

    <p class='ocr_par' dir='ltr' id='par_1_14' title="bbox 191 1303 1006 1404">
     <span class='ocr_line' id='line_1_29' title="bbox 247 1303 1006 1358; baseline -0.008 -11"><span class='ocrx_word' id='word_1_100' title='bbox 247 1308 280 1347; x_wconf 86' lang='lat' dir='ltr'>ll</span> <span class='ocrx_word' id='word_1_101' title='bbox 287 1320 398 1358; x_wconf 75' lang='lat' dir='ltr'>ymn.</span> <span class='ocrx_word' id='word_1_102' title='bbox 420 1307 510 1346; x_wconf 82' lang='lat' dir='ltr'>Rex</span> <span class='ocrx_word' id='word_1_103' title='bbox 526 1303 797 1356; x_wconf 76' lang='lat' dir='ltr'>sempiterne.</span> <span class='ocrx_word' id='word_1_104' title='bbox 818 1309 861 1342; x_wconf 87' lang='lat' dir='ltr'>ut</span> <span class='ocrx_word' id='word_1_105' title='bbox 877 1315 1006 1353; x_wconf 79' lang='lat' dir='ltr'>supra</span> 
     </span>
     <span class='ocr_line' id='line_1_30' title="bbox 191 1362 474 1404; baseline -0.011 0"><span class='ocrx_word' id='word_1_106' title='bbox 191 1366 230 1404; x_wconf 87' lang='lat' dir='ltr'>in</span> <span class='ocrx_word' id='word_1_107' title='bbox 252 1363 419 1403; x_wconf 80' lang='lat' dir='ltr'>Domin.</span> <span class='ocrx_word' id='word_1_108' title='bbox 439 1362 474 1401; x_wconf 90' lang='lat'>3.</span> 
     </span>
    </p>

    <p class='ocr_par' dir='ltr' id='par_1_15' title="bbox 242 1417 782 1459">
     <span class='ocr_line' id='line_1_31' title="bbox 242 1417 782 1459; baseline -0.006 0"><span class='ocrx_word' id='word_1_109' title='bbox 242 1420 339 1459; x_wconf 74' lang='lat' dir='ltr'>Ant.</span> <span class='ocrx_word' id='word_1_110' title='bbox 370 1418 540 1459; x_wconf 78' lang='lat' dir='ltr'>Avertit</span> <span class='ocrx_word' id='word_1_111' title='bbox 558 1417 782 1457; x_wconf 89' lang='lat' dir='ltr'>Dominus.</span> 
     </span>
    </p>

    <p class='ocr_par' dir='ltr' id='par_1_16' title="bbox 239 1471 961 1527">
     <span class='ocr_line' id='line_1_32' title="bbox 239 1471 961 1527; baseline -0.007 -11"><span class='ocrx_word' id='word_1_112' title='bbox 239 1476 388 1527; x_wconf 88' lang='lat' dir='ltr'>Temp.</span> <span class='ocrx_word' id='word_1_113' title='bbox 413 1473 617 1514; x_wconf 72' lang='lat' dir='ltr'>l’aschali.</span> <span class='ocrx_word' id='word_1_114' title='bbox 647 1475 743 1513; x_wconf 78' lang='lat' dir='ltr'>Ant.</span> <span class='ocrx_word' id='word_1_115' title='bbox 766 1471 961 1522; x_wconf 74' lang='lat' dir='ltr'>Alleluia.</span> 
     </span>
    </p>

    <p class='ocr_par' dir='ltr' id='par_1_17' title="bbox 193 1534 1011 1868">
     <span class='ocr_line' id='line_1_33' title="bbox 454 1534 742 1575; baseline -0.007 0"><span class='ocrx_word' id='word_1_116' title='bbox 454 1534 651 1575; x_wconf 88' lang='lat' dir='ltr'>Psalmus</span> <span class='ocrx_word' id='word_1_117' title='bbox 678 1535 742 1574; x_wconf 80' lang='lat'>52.</span> 
     </span>
     <span class='ocr_line' id='line_1_34' title="bbox 269 1589 1009 1644; baseline -0.004 -12.165"><span class='ocrx_word' id='word_1_118' title='bbox 269 1592 398 1644; x_wconf 39' lang='lat' dir='ltr'>*fiuxit</span> <span class='ocrx_word' id='word_1_119' title='bbox 415 1590 623 1642; x_wconf 82' lang='lat' dir='ltr'>insipiens</span> <span class='ocrx_word' id='word_1_120' title='bbox 647 1589 689 1630; x_wconf 90' lang='lat' dir='ltr'>in</span> <span class='ocrx_word' id='word_1_121' title='bbox 715 1589 847 1631; x_wconf 88' lang='lat' dir='ltr'>corde</span> <span class='ocrx_word' id='word_1_122' title='bbox 875 1602 968 1631; x_wconf 90' lang='lat' dir='ltr'>suo:</span> <span class='ocrx_word' id='word_1_123' title='bbox 987 1590 1009 1614; x_wconf 84' lang='lat'>*</span> 
     </span>
     <span class='ocr_line' id='line_1_35' title="bbox 230 1645 690 1688; baseline -0.004 -2"><span class='ocrx_word' id='word_1_124' title='bbox 230 1645 269 1686; x_wconf 56' lang='lat' dir='ltr'>&lt;s</span> <span class='ocrx_word' id='word_1_125' title='bbox 288 1669 289 1673; x_wconf 66' lang='lat'><em>=</em></span> <span class='ocrx_word' id='word_1_126' title='bbox 311 1676 313 1679; x_wconf 65' lang='lat'>.</span> <span class='ocrx_word' id='word_1_127' title='bbox 337 1647 437 1688; x_wconf 89' lang='lat' dir='ltr'>Non</span> <span class='ocrx_word' id='word_1_128' title='bbox 466 1652 532 1688; x_wconf 89' lang='lat' dir='ltr'>est</span> <span class='ocrx_word' id='word_1_129' title='bbox 559 1646 690 1687; x_wconf 94' lang='lat' dir='ltr'>Deus.</span> 
     </span>
     <span class='ocr_line' id='line_1_36' title="bbox 272 1694 1009 1755; baseline -0.003 -11"><span class='ocrx_word' id='word_1_130' title='bbox 272 1694 308 1722; x_wconf 50' lang='lat' dir='ltr'><em>s</em></span> <span class='ocrx_word' id='word_1_131' title='bbox 374 1702 579 1755; x_wconf 77' lang='lat' dir='ltr'>Corr1&#39;1pti</span> <span class='ocrx_word' id='word_1_132' title='bbox 597 1707 706 1751; x_wconf 87' lang='lat' dir='ltr'>sunt,</span> <span class='ocrx_word' id='word_1_133' title='bbox 728 1707 772 1743; x_wconf 91' lang='lat' dir='ltr'>et</span> <span class='ocrx_word' id='word_1_134' title='bbox 790 1701 1009 1743; x_wconf 82' lang='lat' dir='ltr'>abomina-</span> 
     </span>
     <span class='ocr_line' id='line_1_37' title="bbox 194 1757 1011 1810; baseline -0.002 -10"><span class='ocrx_word' id='word_1_135' title='bbox 194 1758 301 1800; x_wconf 89' lang='lat' dir='ltr'>biles</span> <span class='ocrx_word' id='word_1_136' title='bbox 329 1759 430 1801; x_wconf 86' lang='lat' dir='ltr'>facti</span> <span class='ocrx_word' id='word_1_137' title='bbox 459 1763 558 1800; x_wconf 89' lang='lat' dir='ltr'>sunt</span> <span class='ocrx_word' id='word_1_138' title='bbox 584 1758 628 1798; x_wconf 90' lang='lat' dir='ltr'>in</span> <span class='ocrx_word' id='word_1_139' title='bbox 650 1757 962 1810; x_wconf 84' lang='lat' dir='ltr'>iniquitatibus:</span> <span class='ocrx_word' id='word_1_140' title='bbox 989 1759 1011 1783; x_wconf 86' lang='lat'>*</span> 
     </span>
     <span class='ocr_line' id='line_1_38' title="bbox 193 1814 831 1868; baseline -0.003 -12"><span class='ocrx_word' id='word_1_141' title='bbox 193 1827 280 1856; x_wconf 90' lang='lat' dir='ltr'>non</span> <span class='ocrx_word' id='word_1_142' title='bbox 308 1821 375 1857; x_wconf 86' lang='lat' dir='ltr'>est</span> <span class='ocrx_word' id='word_1_143' title='bbox 403 1815 475 1868; x_wconf 87' lang='lat' dir='ltr'>qui</span> <span class='ocrx_word' id='word_1_144' title='bbox 502 1814 631 1855; x_wconf 89' lang='lat' dir='ltr'>faciat</span> <span class='ocrx_word' id='word_1_145' title='bbox 657 1814 831 1855; x_wconf 91' lang='lat' dir='ltr'>bonum.</span> 
     </span>
    </p>

    <p class='ocr_par' dir='ltr' id='par_1_18' title="bbox 194 1870 1014 2035">
     <span class='ocr_line' id='line_1_39' title="bbox 244 1870 1013 1923; baseline 0 -11"><span class='ocrx_word' id='word_1_146' title='bbox 244 1871 364 1912; x_wconf 91' lang='lat' dir='ltr'>Deus</span> <span class='ocrx_word' id='word_1_147' title='bbox 396 1870 451 1913; x_wconf 92' lang='lat' dir='ltr'>de</span> <span class='ocrx_word' id='word_1_148' title='bbox 479 1870 593 1912; x_wconf 89' lang='lat' dir='ltr'>coelo</span> <span class='ocrx_word' id='word_1_149' title='bbox 624 1871 852 1923; x_wconf 78' lang='lat' dir='ltr'>prospexit</span> <span class='ocrx_word' id='word_1_150' title='bbox 881 1883 1013 1923; x_wconf 92' lang='lat' dir='ltr'>super</span> 
     </span>
     <span class='ocr_line' id='line_1_40' title="bbox 194 1926 1014 1969; baseline 0.001 -2"><span class='ocrx_word' id='word_1_151' title='bbox 194 1926 308 1968; x_wconf 89' lang='lat' dir='ltr'>filios</span> <span class='ocrx_word' id='word_1_152' title='bbox 335 1927 571 1968; x_wconf 90' lang='lat' dir='ltr'>hominum:</span> <span class='ocrx_word' id='word_1_153' title='bbox 590 1927 613 1951; x_wconf 86' lang='lat'>*</span> <span class='ocrx_word' id='word_1_154' title='bbox 637 1932 684 1968; x_wconf 93' lang='lat' dir='ltr'>ut</span> <span class='ocrx_word' id='word_1_155' title='bbox 711 1926 856 1968; x_wconf 89' lang='lat' dir='ltr'>videat</span> <span class='ocrx_word' id='word_1_156' title='bbox 884 1927 920 1967; x_wconf 93' lang='lat' dir='ltr'>si</span> <span class='ocrx_word' id='word_1_157' title='bbox 948 1932 1014 1969; x_wconf 90' lang='lat' dir='ltr'>est</span> 
     </span>
     <span class='ocr_line' id='line_1_41' title="bbox 194 1982 978 2035; baseline -0.001 -11"><span class='ocrx_word' id='word_1_158' title='bbox 194 1982 448 2034; x_wconf 81' lang='lat' dir='ltr'>intelligens,</span> <span class='ocrx_word' id='word_1_159' title='bbox 476 1988 549 2024; x_wconf 89' lang='lat' dir='ltr'>aut</span> <span class='ocrx_word' id='word_1_160' title='bbox 576 1985 800 2035; x_wconf 82' lang='lat' dir='ltr'>requirens</span> <span class='ocrx_word' id='word_1_161' title='bbox 828 1983 978 2024; x_wconf 91' lang='lat' dir='ltr'>Deum.</span> 
     </span>
    </p>

    <p class='ocr_par' dir='ltr' id='par_1_19' title="bbox 196 2038 1016 2203">
     <span class='ocr_line' id='line_1_42' title="bbox 240 2038 1015 2088; baseline -0.001 -7"><span class='ocrx_word' id='word_1_162' title='bbox 240 2039 403 2081; x_wconf 86' lang='lat' dir='ltr'>Omnes</span> <span class='ocrx_word' id='word_1_163' title='bbox 431 2038 770 2088; x_wconf 82' lang='lat' dir='ltr'>declinaverunt,</span> <span class='ocrx_word' id='word_1_164' title='bbox 803 2039 929 2080; x_wconf 90' lang='lat' dir='ltr'>simul</span> <span class='ocrx_word' id='word_1_165' title='bbox 955 2040 1015 2080; x_wconf 92' lang='lat' dir='ltr'>in-</span> 
     </span>
     <span class='ocr_line' id='line_1_43' title="bbox 196 2095 1015 2147; baseline 0 -11"><span class='ocrx_word' id='word_1_166' title='bbox 196 2095 324 2137; x_wconf 74' lang='lat' dir='ltr'>atiles</span> <span class='ocrx_word' id='word_1_167' title='bbox 350 2095 454 2137; x_wconf 86' lang='lat' dir='ltr'>facti</span> <span class='ocrx_word' id='word_1_168' title='bbox 473 2100 586 2137; x_wconf 85' lang='lat' dir='ltr'>sunt:</span> <span class='ocrx_word' id='word_1_169' title='bbox 603 2096 626 2120; x_wconf 84' lang='lat'>*</span> <span class='ocrx_word' id='word_1_170' title='bbox 646 2107 733 2136; x_wconf 90' lang='lat' dir='ltr'>non</span> <span class='ocrx_word' id='word_1_171' title='bbox 762 2101 828 2136; x_wconf 89' lang='lat' dir='ltr'>est</span> <span class='ocrx_word' id='word_1_172' title='bbox 858 2096 930 2147; x_wconf 90' lang='lat' dir='ltr'>qui</span> <span class='ocrx_word' id='word_1_173' title='bbox 958 2096 1015 2136; x_wconf 88' lang='lat' dir='ltr'>fa-</span> 
     </span>
     <span class='ocr_line' id='line_1_44' title="bbox 197 2151 1016 2203; baseline 0 -10"><span class='ocrx_word' id='word_1_174' title='bbox 197 2152 281 2193; x_wconf 88' lang='lat' dir='ltr'>ciat</span> <span class='ocrx_word' id='word_1_175' title='bbox 296 2151 468 2200; x_wconf 87' lang='lat' dir='ltr'>bonum,</span> <span class='ocrx_word' id='word_1_176' title='bbox 479 2163 565 2192; x_wconf 91' lang='lat' dir='ltr'>non</span> <span class='ocrx_word' id='word_1_177' title='bbox 577 2156 644 2192; x_wconf 91' lang='lat' dir='ltr'>est</span> <span class='ocrx_word' id='word_1_178' title='bbox 653 2164 791 2203; x_wconf 89' lang='lat' dir='ltr'>usque</span> <span class='ocrx_word' id='word_1_179' title='bbox 809 2151 864 2193; x_wconf 89' lang='lat' dir='ltr'>ad</span> <span class='ocrx_word' id='word_1_180' title='bbox 875 2166 1016 2194; x_wconf 88' lang='lat' dir='ltr'>unum.</span> 
     </span>
    </p>

    <p class='ocr_par' dir='ltr' id='par_1_20' title="bbox 197 2207 1017 2372">
     <span class='ocr_line' id='line_1_45' title="bbox 248 2207 1017 2260; baseline 0.001 -12"><span class='ocrx_word' id='word_1_181' title='bbox 248 2207 403 2249; x_wconf 88' lang='lat' dir='ltr'>Nonne</span> <span class='ocrx_word' id='word_1_182' title='bbox 421 2207 558 2259; x_wconf 84' lang='lat' dir='ltr'>scient</span> <span class='ocrx_word' id='word_1_183' title='bbox 577 2220 727 2249; x_wconf 91' lang='lat' dir='ltr'>omnes</span> <span class='ocrx_word' id='word_1_184' title='bbox 746 2208 818 2260; x_wconf 92' lang='lat' dir='ltr'>qui</span> <span class='ocrx_word' id='word_1_185' title='bbox 837 2211 1017 2260; x_wconf 90' lang='lat' dir='ltr'>operan-</span> 
     </span>
     <span class='ocr_line' id='line_1_46' title="bbox 197 2263 1017 2317; baseline 0.001 -12"><span class='ocrx_word' id='word_1_186' title='bbox 197 2269 267 2305; x_wconf 89' lang='lat' dir='ltr'>tur</span> <span class='ocrx_word' id='word_1_187' title='bbox 282 2264 563 2316; x_wconf 87' lang='lat' dir='ltr'>iniquitatem,</span> <span class='ocrx_word' id='word_1_188' title='bbox 574 2265 597 2288; x_wconf 75' lang='lat'>²⁸¹</span> <span class='ocrx_word' id='word_1_189' title='bbox 614 2264 686 2315; x_wconf 89' lang='lat' dir='ltr'>qui</span> <span class='ocrx_word' id='word_1_190' title='bbox 701 2263 913 2306; x_wconf 82' lang='lat' dir='ltr'>devorant</span> <span class='ocrx_word' id='word_1_191' title='bbox 930 2265 1017 2317; x_wconf 92' lang='lat' dir='ltr'>ple-</span> 
     </span>
     <span class='ocr_line' id='line_1_47' title="bbox 199 2319 881 2372; baseline -0.001 -11"><span class='ocrx_word' id='word_1_192' title='bbox 199 2319 298 2361; x_wconf 86' lang='lat' dir='ltr'>bem</span> <span class='ocrx_word' id='word_1_193' title='bbox 324 2333 465 2361; x_wconf 89' lang='lat' dir='ltr'>meam</span> <span class='ocrx_word' id='word_1_194' title='bbox 490 2325 537 2361; x_wconf 90' lang='lat' dir='ltr'>ut</span> <span class='ocrx_word' id='word_1_195' title='bbox 564 2319 707 2361; x_wconf 91' lang='lat' dir='ltr'>cibum</span> <span class='ocrx_word' id='word_1_196' title='bbox 734 2319 881 2372; x_wconf 90' lang='lat' dir='ltr'>panis?</span> 
     </span>
    </p>

    <p class='ocr_par' dir='ltr' id='par_1_21' title="bbox 251 2375 1019 2418">
     <span class='ocr_line' id='line_1_48' title="bbox 251 2375 1019 2418; baseline 0.004 -3"><span class='ocrx_word' id='word_1_197' title='bbox 251 2375 391 2416; x_wconf 91' lang='lat' dir='ltr'>Deum</span> <span class='ocrx_word' id='word_1_198' title='bbox 419 2388 505 2417; x_wconf 92' lang='lat' dir='ltr'>non</span> <span class='ocrx_word' id='word_1_199' title='bbox 531 2375 858 2417; x_wconf 82' lang='lat' dir='ltr'>invocaverunt:</span> <span class='ocrx_word' id='word_1_200' title='bbox 885 2378 907 2401; x_wconf 83' lang='lat'>*</span> <span class='ocrx_word' id='word_1_201' title='bbox 934 2376 1019 2418; x_wconf 93' lang='lat' dir='ltr'>illic</span> 
     </span>
    </p>
   </div>
   <div class='ocr_carea' id='block_1_8' title="bbox 200 2430 1020 2529">
    <p class='ocr_par' dir='ltr' id='par_1_22' title="bbox 200 2430 1020 2529">
     <span class='ocr_line' id='line_1_49' title="bbox 200 2430 1020 2529; baseline 0.002 -57"><span class='ocrx_word' id='word_1_202' title='bbox 200 2430 525 2529; x_wconf 47' lang='lat' dir='ltr'>trepidaverunt</span> <span class='ocrx_word' id='word_1_203' title='bbox 547 2432 714 2480; x_wconf 91' lang='lat' dir='ltr'>timore,</span> <span class='ocrx_word' id='word_1_204' title='bbox 734 2431 806 2473; x_wconf 90' lang='lat' dir='ltr'>ubi</span> <span class='ocrx_word' id='word_1_205' title='bbox 823 2445 909 2473; x_wconf 91' lang='lat' dir='ltr'>non</span> <span class='ocrx_word' id='word_1_206' title='bbox 928 2438 1020 2475; x_wconf 90' lang='lat' dir='ltr'>erat</span> 
     </span>
     <span class='ocr_line' id='line_1_50' title="bbox 220 2500 341 2528; baseline -0.008 0"><span class='ocrx_word' id='word_1_207' title='bbox 220 2500 341 2528; x_wconf 85' lang='lat' dir='ltr'>imor.</span> 
     </span>
    </p>
   </div>
   <div class='ocr_carea' id='block_1_9' title="bbox 440 794 532 797">
    <p class='ocr_par' dir='ltr' id='par_1_23' title="bbox 440 794 532 797">
     <span class='ocr_line' id='line_1_51' title="bbox 440 794 532 797; baseline 0 0"><span class='ocrx_word' id='word_1_208' title='bbox 440 794 532 797; x_wconf 95' lang='lat' dir='ltr'> </span> 
     </span>
    </p>
   </div>
   <div class='ocr_carea' id='block_1_10' title="bbox 131 1426 1954 2229">
    <p class='ocr_par' dir='ltr' id='par_1_24' title="bbox 131 1426 1954 2229">
     <span class='ocr_line' id='line_1_52' title="bbox 131 1426 1951 1610; baseline 0 -15"><span class='ocrx_word' id='word_1_209' title='bbox 131 1492 151 1610; x_wconf 95' lang='lat' dir='ltr'>   </span> <span class='ocrx_word' id='word_1_210' title='bbox 1932 1426 1951 1595; x_wconf 95' lang='lat' dir='ltr'>   </span> 
     </span>
     <span class='ocr_line' id='line_1_53' title="bbox 132 1595 1952 1785; baseline 0 0"><span class='ocrx_word' id='word_1_211' title='bbox 132 1610 153 1785; x_wconf 95' lang='lat' dir='ltr'>  </span> <span class='ocrx_word' id='word_1_212' title='bbox 1933 1595 1952 1785; x_wconf 95' lang='lat' dir='ltr'>   </span> 
     </span>
     <span class='ocr_line' id='line_1_54' title="bbox 133 1785 1952 1905; baseline 0.001 -69"><span class='ocrx_word' id='word_1_213' title='bbox 133 1785 154 1905; x_wconf 95' lang='lat' dir='ltr'>    </span> <span class='ocrx_word' id='word_1_214' title='bbox 1933 1785 1952 1895; x_wconf 95' lang='lat' dir='ltr'>   </span> 
     </span>
     <span class='ocr_line' id='line_1_55' title="bbox 136 1895 1952 2006; baseline 0 -16"><span class='ocrx_word' id='word_1_215' title='bbox 136 1905 155 2006; x_wconf 95' lang='lat' dir='ltr'>  </span> <span class='ocrx_word' id='word_1_216' title='bbox 1934 1895 1952 1990; x_wconf 95' lang='lat' dir='ltr'>  </span> 
     </span>
     <span class='ocr_line' id='line_1_56' title="bbox 137 1990 1953 2113; baseline 0 -52"><span class='ocrx_word' id='word_1_217' title='bbox 137 2006 156 2113; x_wconf 95' lang='lat' dir='ltr'>  </span> <span class='ocrx_word' id='word_1_218' title='bbox 1934 1990 1953 2061; x_wconf 95' lang='lat' dir='ltr'>  </span> 
     </span>
     <span class='ocr_line' id='line_1_57' title="bbox 138 2061 1954 2229; baseline 0 -56"><span class='ocrx_word' id='word_1_219' title='bbox 138 2113 158 2229; x_wconf 95' lang='lat' dir='ltr'>  </span> <span class='ocrx_word' id='word_1_220' title='bbox 1934 2061 1954 2229; x_wconf 95' lang='lat' dir='ltr'>   </span> 
     </span>
    </p>
   </div>
   <div class='ocr_carea' id='block_1_11' title="bbox 189 1588 272 1728">
    <p class='ocr_par' dir='ltr' id='par_1_25' title="bbox 189 1588 272 1728">
     <span class='ocr_line' id='line_1_58' title="bbox 189 1588 272 1728; baseline 0 0"><span class='ocrx_word' id='word_1_221' title='bbox 189 1588 272 1728; x_wconf 95' lang='lat' dir='ltr'>  </span> 
     </span>
    </p>
   </div>
   <div class='ocr_carea' id='block_1_12' title="bbox 139 2229 1957 2772">
    <p class='ocr_par' dir='ltr' id='par_1_26' title="bbox 139 2229 1957 2772">
     <span class='ocr_line' id='line_1_59' title="bbox 139 2229 1954 2288; baseline 0 -2"><span class='ocrx_word' id='word_1_222' title='bbox 139 2229 159 2288; x_wconf 95' lang='lat' dir='ltr'>   </span> <span class='ocrx_word' id='word_1_223' title='bbox 1935 2229 1954 2286; x_wconf 95' lang='lat' dir='ltr'>  </span> 
     </span>
     <span class='ocr_line' id='line_1_60' title="bbox 140 2286 1954 2453; baseline 0 -109"><span class='ocrx_word' id='word_1_224' title='bbox 140 2288 161 2453; x_wconf 95' lang='lat' dir='ltr'>   </span> <span class='ocrx_word' id='word_1_225' title='bbox 1935 2286 1954 2398; x_wconf 95' lang='lat' dir='ltr'>   </span> 
     </span>
     <span class='ocr_line' id='line_1_61' title="bbox 141 2398 1955 2510; baseline 0 -1"><span class='ocrx_word' id='word_1_226' title='bbox 141 2453 161 2510; x_wconf 95' lang='lat' dir='ltr'>  </span> <span class='ocrx_word' id='word_1_227' title='bbox 1936 2398 1955 2509; x_wconf 95' lang='lat' dir='ltr'>  </span> 
     </span>
     <span class='ocr_line' id='line_1_62' title="bbox 142 2509 1955 2622; baseline 0 -72"><span class='ocrx_word' id='word_1_228' title='bbox 142 2510 162 2622; x_wconf 95' lang='lat' dir='ltr'>   </span> <span class='ocrx_word' id='word_1_229' title='bbox 1936 2509 1955 2622; x_wconf 95' lang='lat' dir='ltr'>    </span> 
     </span>
     <span class='ocr_line' id='line_1_63' title="bbox 143 2622 1957 2772; baseline 0 -93"><span class='ocrx_word' id='word_1_230' title='bbox 143 2622 162 2772; x_wconf 95' lang='lat' dir='ltr'>   </span> <span class='ocrx_word' id='word_1_231' title='bbox 1937 2622 1957 2772; x_wconf 95' lang='lat' dir='ltr'>   </span> 
     </span>
    </p>
   </div>
   <div class='ocr_carea' id='block_1_13' title="bbox 203 2543 1021 2653">
    <p class='ocr_par' dir='ltr' id='par_1_27' title="bbox 203 2543 1021 2653">
     <span class='ocr_line' id='line_1_64' title="bbox 254 2543 1021 2596; baseline 0.003 -13"><span class='ocrx_word' id='word_1_232' title='bbox 254 2543 465 2593; x_wconf 90' lang='lat' dir='ltr'>Quoniam</span> <span class='ocrx_word' id='word_1_233' title='bbox 502 2544 620 2586; x_wconf 92' lang='lat' dir='ltr'>Deus</span> <span class='ocrx_word' id='word_1_234' title='bbox 657 2544 886 2596; x_wconf 85' lang='lat' dir='ltr'>dissipavit</span> <span class='ocrx_word' id='word_1_235' title='bbox 922 2557 1021 2586; x_wconf 88' lang='lat' dir='ltr'>ossa</span> 
     </span>
     <span class='ocr_line' id='line_1_65' title="bbox 203 2600 1021 2653; baseline 0.002 -14"><span class='ocrx_word' id='word_1_236' title='bbox 203 2601 352 2640; x_wconf 90' lang='lat' dir='ltr'>eorum</span> <span class='ocrx_word' id='word_1_237' title='bbox 391 2600 463 2651; x_wconf 92' lang='lat' dir='ltr'>qui</span> <span class='ocrx_word' id='word_1_238' title='bbox 499 2600 746 2642; x_wconf 90' lang='lat' dir='ltr'>hominibus</span> <span class='ocrx_word' id='word_1_239' title='bbox 782 2600 970 2653; x_wconf 83' lang='lat' dir='ltr'>placent:</span> <span class='ocrx_word' id='word_1_240' title='bbox 999 2603 1021 2626; x_wconf 80' lang='lat'>*</span> 
     </span>
    </p>
   </div>
   <div class='ocr_carea' id='block_1_14' title="bbox 203 2654 1022 2752">
    <p class='ocr_par' dir='ltr' id='par_1_28' title="bbox 203 2654 1022 2752">
     <span class='ocr_line' id='line_1_66' title="bbox 203 2654 1022 2752; baseline 0.002 -56"><span class='ocrx_word' id='word_1_241' title='bbox 203 2654 371 2752; x_wconf 70' lang='lat' dir='ltr'>cotnftisi</span> <span class='ocrx_word' id='word_1_242' title='bbox 399 2662 508 2704; x_wconf 83' lang='lat' dir='ltr'>sunt,</span> <span class='ocrx_word' id='word_1_243' title='bbox 535 2657 736 2708; x_wconf 90' lang='lat' dir='ltr'>quoniam</span> <span class='ocrx_word' id='word_1_244' title='bbox 756 2656 876 2697; x_wconf 91' lang='lat' dir='ltr'>Deus</span> <span class='ocrx_word' id='word_1_245' title='bbox 905 2670 1022 2709; x_wconf 88' lang='lat' dir='ltr'>spre-</span> 
     </span>
     <span class='ocr_line' id='line_1_67' title="bbox 204 2723 379 2752; baseline 0 -1"><span class='ocrx_word' id='word_1_246' title='bbox 204 2725 245 2751; x_wconf 80' lang='lat' dir='ltr'>vi</span> <span class='ocrx_word' id='word_1_247' title='bbox 293 2723 379 2752; x_wconf 89' lang='lat' dir='ltr'>eos.</span> 
     </span>
    </p>
   </div>
   <div class='ocr_carea' id='block_1_15' title="bbox 726 195 1330 243">
    <p class='ocr_par' dir='ltr' id='par_1_29' title="bbox 726 195 1330 243">
     <span class='ocr_line' id='line_1_68' title="bbox 726 195 1330 243; baseline -0.013 -8"><span class='ocrx_word' id='word_1_248' title='bbox 726 201 834 235; x_wconf 69' lang='lat' dir='ltr'>Furia</span> <span class='ocrx_word' id='word_1_249' title='bbox 861 205 994 243; x_wconf 83' lang='lat' dir='ltr'>quartu</span> <span class='ocrx_word' id='word_1_250' title='bbox 1022 197 1068 231; x_wconf 83' lang='lat' dir='ltr'>ad</span> <span class='ocrx_word' id='word_1_251' title='bbox 1094 195 1330 230; x_wconf 79' lang='lat' dir='ltr'>Matutinum.</span> 
     </span>
    </p>
   </div>
   <div class='ocr_carea' id='block_1_16' title="bbox 145 2772 1957 2827">
    <p class='ocr_par' dir='ltr' id='par_1_30' title="bbox 145 2772 1957 2827">
     <span class='ocr_line' id='line_1_69' title="bbox 145 2772 1957 2827; baseline 0 -33"><span class='ocrx_word' id='word_1_252' title='bbox 145 2772 1957 2827; x_wconf 95' lang='lat' dir='ltr'>   </span> 
     </span>
    </p>
   </div>
   <div class='ocr_carea' id='block_1_17' title="bbox 1921 246 1941 267">
    <p class='ocr_par' dir='ltr' id='par_1_31' title="bbox 1921 246 1941 267">
     <span class='ocr_line' id='line_1_70' title="bbox 1921 246 1941 267; baseline 0 2625"><span class='ocrx_word' id='word_1_253' title='bbox 1921 246 1941 267; x_wconf 95' lang='lat' dir='ltr'> </span> 
     </span>
    </p>
   </div>
   <div class='ocr_carea' id='block_1_18' title="bbox 1049 276 1901 2767">
    <p class='ocr_par' dir='ltr' id='par_1_32' title="bbox 1049 276 1879 505">
     <span class='ocr_line' id='line_1_71' title="bbox 1101 276 1877 336; baseline -0.015 -8"><span class='ocrx_word' id='word_1_254' title='bbox 1101 286 1208 336; x_wconf 89' lang='lat' dir='ltr'>Quis</span> <span class='ocrx_word' id='word_1_255' title='bbox 1236 283 1358 326; x_wconf 89' lang='lat' dir='ltr'>dabit</span> <span class='ocrx_word' id='word_1_256' title='bbox 1385 295 1439 324; x_wconf 82' lang='lat' dir='ltr'>ex</span> <span class='ocrx_word' id='word_1_257' title='bbox 1466 281 1570 322; x_wconf 90' lang='lat' dir='ltr'>Sion</span> <span class='ocrx_word' id='word_1_258' title='bbox 1597 277 1788 320; x_wconf 88' lang='lat' dir='ltr'>salutare</span> <span class='ocrx_word' id='word_1_259' title='bbox 1815 276 1877 316; x_wconf 89' lang='lat' dir='ltr'>Is-</span> 
     </span>
     <span class='ocr_line' id='line_1_72' title="bbox 1049 334 1877 384; baseline -0.013 0"><span class='ocrx_word' id='word_1_260' title='bbox 1049 341 1161 384; x_wconf 73' lang='lat' dir='ltr'>rael?</span> <span class='ocrx_word' id='word_1_261' title='bbox 1189 343 1212 367; x_wconf 84' lang='lat'>*</span> <span class='ocrx_word' id='word_1_262' title='bbox 1241 354 1339 383; x_wconf 92' lang='lat' dir='ltr'>cum</span> <span class='ocrx_word' id='word_1_263' title='bbox 1367 335 1634 381; x_wconf 78' lang='lat' dir='ltr'>converterit</span> <span class='ocrx_word' id='word_1_264' title='bbox 1659 334 1781 375; x_wconf 91' lang='lat' dir='ltr'>Deus</span> <span class='ocrx_word' id='word_1_265' title='bbox 1810 345 1877 374; x_wconf 89' lang='lat' dir='ltr'>ca-</span> 
     </span>
     <span class='ocr_line' id='line_1_73' title="bbox 1051 389 1879 453; baseline -0.013 -12"><span class='ocrx_word' id='word_1_266' title='bbox 1051 399 1296 453; x_wconf 87' lang='lat' dir='ltr'>ptivitatem</span> <span class='ocrx_word' id='word_1_267' title='bbox 1330 394 1471 449; x_wconf 89' lang='lat' dir='ltr'>plebis</span> <span class='ocrx_word' id='word_1_268' title='bbox 1499 405 1606 441; x_wconf 83' lang='lat' dir='ltr'>suae,</span> <span class='ocrx_word' id='word_1_269' title='bbox 1641 389 1879 432; x_wconf 84' lang='lat' dir='ltr'>exsultabit</span> 
     </span>
     <span class='ocr_line' id='line_1_74' title="bbox 1050 447 1687 505; baseline -0.017 -6"><span class='ocrx_word' id='word_1_270' title='bbox 1050 455 1198 505; x_wconf 86' lang='lat' dir='ltr'>Jacob,</span> <span class='ocrx_word' id='word_1_271' title='bbox 1227 459 1271 496; x_wconf 88' lang='lat' dir='ltr'>et</span> <span class='ocrx_word' id='word_1_272' title='bbox 1296 451 1516 495; x_wconf 79' lang='lat' dir='ltr'>laetabitur</span> <span class='ocrx_word' id='word_1_273' title='bbox 1539 447 1687 490; x_wconf 76' lang='lat' dir='ltr'>Israel.</span> 
     </span>
    </p>

    <p class='ocr_par' dir='ltr' id='par_1_33' title="bbox 1052 512 1880 781">
     <span class='ocr_line' id='line_1_75' title="bbox 1326 512 1614 553; baseline -0.014 0"><span class='ocrx_word' id='word_1_274' title='bbox 1326 512 1520 553; x_wconf 80' lang='lat' dir='ltr'>Psalmus</span> <span class='ocrx_word' id='word_1_275' title='bbox 1549 512 1614 550; x_wconf 81' lang='lat'>54.</span> 
     </span>
     <span class='ocr_line' id='line_1_76' title="bbox 1057 563 1875 674; baseline -0.015 -63"><span class='ocrx_word' id='word_1_276' title='bbox 1057 567 1265 674; x_wconf 79' lang='lat' dir='ltr'>Exaudi</span> <span class='ocrx_word' id='word_1_277' title='bbox 1293 567 1414 607; x_wconf 92' lang='lat' dir='ltr'>Deus</span> <span class='ocrx_word' id='word_1_278' title='bbox 1449 563 1693 606; x_wconf 89' lang='lat' dir='ltr'>orationem</span> <span class='ocrx_word' id='word_1_279' title='bbox 1725 571 1875 606; x_wconf 86' lang='lat' dir='ltr'>meam,</span> 
     </span>
     <span class='ocr_line' id='line_1_77' title="bbox 1154 615 1880 674; baseline -0.015 -7"><span class='ocrx_word' id='word_1_280' title='bbox 1154 630 1197 667; x_wconf 90' lang='lat' dir='ltr'>et</span> <span class='ocrx_word' id='word_1_281' title='bbox 1228 637 1282 665; x_wconf 91' lang='lat' dir='ltr'>ne</span> <span class='ocrx_word' id='word_1_282' title='bbox 1318 620 1571 674; x_wconf 77' lang='lat' dir='ltr'>despexeris</span> <span class='ocrx_word' id='word_1_283' title='bbox 1608 615 1880 670; x_wconf 88' lang='lat' dir='ltr'>deprecatio-</span> 
     </span>
     <span class='ocr_line' id='line_1_78' title="bbox 1052 673 1880 724; baseline -0.013 0"><span class='ocrx_word' id='word_1_284' title='bbox 1052 695 1151 724; x_wconf 88' lang='lat' dir='ltr'>nem</span> <span class='ocrx_word' id='word_1_285' title='bbox 1179 680 1373 722; x_wconf 86' lang='lat' dir='ltr'>meam:*</span> <span class='ocrx_word' id='word_1_286' title='bbox 1390 675 1566 720; x_wconf 76' lang='lat' dir='ltr'>intende</span> <span class='ocrx_word' id='word_1_287' title='bbox 1592 673 1708 724; x_wconf 86' lang='lat' dir='ltr'>mihi,</span> <span class='ocrx_word' id='word_1_288' title='bbox 1738 677 1782 715; x_wconf 88' lang='lat' dir='ltr'>et</span> <span class='ocrx_word' id='word_1_289' title='bbox 1809 685 1880 714; x_wconf 83' lang='lat' dir='ltr'>ex-</span> 
     </span>
     <span class='ocr_line' id='line_1_79' title="bbox 1053 738 1259 781; baseline -0.019 0"><span class='ocrx_word' id='word_1_290' title='bbox 1053 738 1155 781; x_wconf 78' lang='lat' dir='ltr'>aadi</span> <span class='ocrx_word' id='word_1_291' title='bbox 1178 750 1259 779; x_wconf 91' lang='lat' dir='ltr'>me.</span> 
     </span>
    </p>

    <p class='ocr_par' dir='ltr' id='par_1_34' title="bbox 1054 786 1883 957">
     <span class='ocr_line' id='line_1_80' title="bbox 1106 786 1882 846; baseline -0.013 -10"><span class='ocrx_word' id='word_1_292' title='bbox 1106 794 1400 846; x_wconf 23' lang='lat' dir='ltr'>Contrista-tus</span> <span class='ocrx_word' id='word_1_293' title='bbox 1411 803 1506 832; x_wconf 93' lang='lat' dir='ltr'>sum</span> <span class='ocrx_word' id='word_1_294' title='bbox 1516 789 1559 830; x_wconf 94' lang='lat' dir='ltr'>in</span> <span class='ocrx_word' id='word_1_295' title='bbox 1569 786 1882 830; x_wconf 67' lang='lat' dir='ltr'>exercitatione</span> 
     </span>
     <span class='ocr_line' id='line_1_81' title="bbox 1054 847 1882 893; baseline -0.012 0"><span class='ocrx_word' id='word_1_296' title='bbox 1054 865 1166 893; x_wconf 89' lang='lat' dir='ltr'>mea:</span> <span class='ocrx_word' id='word_1_297' title='bbox 1185 852 1207 876; x_wconf 86' lang='lat'>*</span> <span class='ocrx_word' id='word_1_298' title='bbox 1233 855 1276 892; x_wconf 89' lang='lat' dir='ltr'>et</span> <span class='ocrx_word' id='word_1_299' title='bbox 1296 847 1581 891; x_wconf 89' lang='lat' dir='ltr'>conturbatus</span> <span class='ocrx_word' id='word_1_300' title='bbox 1609 857 1706 886; x_wconf 92' lang='lat' dir='ltr'>sum</span> <span class='ocrx_word' id='word_1_301' title='bbox 1725 856 1750 884; x_wconf 89' lang='lat' dir='ltr'>a</span> <span class='ocrx_word' id='word_1_302' title='bbox 1771 854 1882 884; x_wconf 91' lang='lat' dir='ltr'>voce</span> 
     </span>
     <span class='ocr_line' id='line_1_82' title="bbox 1055 899 1883 957; baseline -0.013 -7"><span class='ocrx_word' id='word_1_303' title='bbox 1055 908 1224 957; x_wconf 85' lang='lat' dir='ltr'>inimici,</span> <span class='ocrx_word' id='word_1_304' title='bbox 1242 912 1285 949; x_wconf 93' lang='lat' dir='ltr'>et</span> <span class='ocrx_word' id='word_1_305' title='bbox 1295 919 1320 948; x_wconf 87' lang='lat' dir='ltr'>a</span> <span class='ocrx_word' id='word_1_306' title='bbox 1335 903 1615 948; x_wconf 65' lang='lat' dir='ltr'>tribulatione</span> <span class='ocrx_word' id='word_1_307' title='bbox 1625 899 1883 954; x_wconf 90' lang='lat' dir='ltr'>peccatoris.</span> 
     </span>
    </p>

    <p class='ocr_par' dir='ltr' id='par_1_35' title="bbox 1057 955 1884 1119">
     <span class='ocr_line' id='line_1_83' title="bbox 1107 955 1883 1015; baseline -0.013 -9"><span class='ocrx_word' id='word_1_308' title='bbox 1107 964 1321 1015; x_wconf 89' lang='lat' dir='ltr'>Quoniam</span> <span class='ocrx_word' id='word_1_309' title='bbox 1333 961 1660 1004; x_wconf 79' lang='lat' dir='ltr'>declinaverunt</span> <span class='ocrx_word' id='word_1_310' title='bbox 1673 957 1717 998; x_wconf 91' lang='lat' dir='ltr'>in</span> <span class='ocrx_word' id='word_1_311' title='bbox 1727 968 1798 998; x_wconf 91' lang='lat' dir='ltr'>me</span> <span class='ocrx_word' id='word_1_312' title='bbox 1807 955 1883 997; x_wconf 91' lang='lat' dir='ltr'>ini-</span> 
     </span>
     <span class='ocr_line' id='line_1_84' title="bbox 1058 1013 1884 1074; baseline -0.012 -11"><span class='ocrx_word' id='word_1_313' title='bbox 1058 1022 1261 1074; x_wconf 85' lang='lat' dir='ltr'>quitates:</span> <span class='ocrx_word' id='word_1_314' title='bbox 1283 1020 1306 1045; x_wconf 89' lang='lat'>*</span> <span class='ocrx_word' id='word_1_315' title='bbox 1325 1024 1368 1061; x_wconf 89' lang='lat' dir='ltr'>et</span> <span class='ocrx_word' id='word_1_316' title='bbox 1394 1019 1438 1059; x_wconf 92' lang='lat' dir='ltr'>in</span> <span class='ocrx_word' id='word_1_317' title='bbox 1466 1018 1530 1058; x_wconf 93' lang='lat' dir='ltr'>ira</span> <span class='ocrx_word' id='word_1_318' title='bbox 1556 1013 1733 1057; x_wconf 81' lang='lat' dir='ltr'>molesti</span> <span class='ocrx_word' id='word_1_319' title='bbox 1760 1017 1884 1055; x_wconf 88' lang='lat' dir='ltr'>erant</span> 
     </span>
     <span class='ocr_line' id='line_1_85' title="bbox 1057 1078 1171 1119; baseline -0.009 0"><span class='ocrx_word' id='word_1_320' title='bbox 1057 1078 1171 1119; x_wconf 87' lang='lat' dir='ltr'>mihi.</span> 
     </span>
    </p>

    <p class='ocr_par' dir='ltr' id='par_1_36' title="bbox 1058 1126 1888 1300">
     <span class='ocr_line' id='line_1_86' title="bbox 1111 1126 1887 1176; baseline -0.012 0"><span class='ocrx_word' id='word_1_321' title='bbox 1111 1135 1197 1176; x_wconf 90' lang='lat' dir='ltr'>Cor</span> <span class='ocrx_word' id='word_1_322' title='bbox 1231 1146 1377 1175; x_wconf 90' lang='lat' dir='ltr'>meum</span> <span class='ocrx_word' id='word_1_323' title='bbox 1405 1130 1715 1173; x_wconf 86' lang='lat' dir='ltr'>conturbatum</span> <span class='ocrx_word' id='word_1_324' title='bbox 1749 1131 1816 1169; x_wconf 89' lang='lat' dir='ltr'>est</span> <span class='ocrx_word' id='word_1_325' title='bbox 1843 1126 1887 1167; x_wconf 93' lang='lat' dir='ltr'>in</span> 
     </span>
     <span class='ocr_line' id='line_1_87' title="bbox 1058 1181 1888 1233; baseline -0.011 0"><span class='ocrx_word' id='word_1_326' title='bbox 1058 1204 1145 1233; x_wconf 85' lang='lat' dir='ltr'>me:</span> <span class='ocrx_word' id='word_1_327' title='bbox 1178 1192 1201 1216; x_wconf 81' lang='lat'>*</span> <span class='ocrx_word' id='word_1_328' title='bbox 1236 1195 1279 1232; x_wconf 92' lang='lat' dir='ltr'>et</span> <span class='ocrx_word' id='word_1_329' title='bbox 1313 1187 1502 1231; x_wconf 87' lang='lat' dir='ltr'>formido</span> <span class='ocrx_word' id='word_1_330' title='bbox 1536 1185 1692 1228; x_wconf 86' lang='lat' dir='ltr'>mortis</span> <span class='ocrx_word' id='word_1_331' title='bbox 1729 1181 1888 1226; x_wconf 72' lang='lat' dir='ltr'>cecidit</span> 
     </span>
     <span class='ocr_line' id='line_1_88' title="bbox 1060 1259 1297 1300; baseline -0.008 -11"><span class='ocrx_word' id='word_1_332' title='bbox 1060 1261 1191 1300; x_wconf 87' lang='lat' dir='ltr'>super</span> <span class='ocrx_word' id='word_1_333' title='bbox 1217 1259 1297 1288; x_wconf 89' lang='lat' dir='ltr'>me.</span> 
     </span>
    </p>

    <p class='ocr_par' dir='ltr' id='par_1_37' title="bbox 1060 1301 1890 1402">
     <span class='ocr_line' id='line_1_89' title="bbox 1111 1301 1889 1350; baseline -0.012 -4"><span class='ocrx_word' id='word_1_334' title='bbox 1111 1305 1263 1345; x_wconf 91' lang='lat' dir='ltr'>Timor</span> <span class='ocrx_word' id='word_1_335' title='bbox 1283 1308 1326 1344; x_wconf 88' lang='lat' dir='ltr'>et</span> <span class='ocrx_word' id='word_1_336' title='bbox 1345 1307 1510 1344; x_wconf 89' lang='lat' dir='ltr'>tremor</span> <span class='ocrx_word' id='word_1_337' title='bbox 1525 1301 1738 1342; x_wconf 78' lang='lat' dir='ltr'>venerunt</span> <span class='ocrx_word' id='word_1_338' title='bbox 1755 1309 1889 1350; x_wconf 89' lang='lat' dir='ltr'>super</span> 
     </span>
     <span class='ocr_line' id='line_1_90' title="bbox 1060 1353 1890 1402; baseline -0.01 0"><span class='ocrx_word' id='word_1_339' title='bbox 1060 1373 1146 1402; x_wconf 90' lang='lat' dir='ltr'>me:</span> <span class='ocrx_word' id='word_1_340' title='bbox 1165 1362 1188 1386; x_wconf 87' lang='lat'>*</span> <span class='ocrx_word' id='word_1_341' title='bbox 1212 1365 1255 1402; x_wconf 88' lang='lat' dir='ltr'>et</span> <span class='ocrx_word' id='word_1_342' title='bbox 1283 1360 1569 1401; x_wconf 82' lang='lat' dir='ltr'>contexerunt</span> <span class='ocrx_word' id='word_1_343' title='bbox 1586 1368 1658 1398; x_wconf 92' lang='lat' dir='ltr'>me</span> <span class='ocrx_word' id='word_1_344' title='bbox 1682 1353 1890 1398; x_wconf 75' lang='lat' dir='ltr'>tenebrae.</span> 
     </span>
    </p>

    <p class='ocr_par' dir='ltr' id='par_1_38' title="bbox 1062 1411 1890 1583">
     <span class='ocr_line' id='line_1_91' title="bbox 1113 1411 1890 1466; baseline -0.01 -7"><span class='ocrx_word' id='word_1_345' title='bbox 1113 1418 1169 1459; x_wconf 92' lang='lat' dir='ltr'>Et</span> <span class='ocrx_word' id='word_1_346' title='bbox 1196 1417 1301 1458; x_wconf 86' lang='lat' dir='ltr'>dixi:</span> <span class='ocrx_word' id='word_1_347' title='bbox 1329 1415 1435 1466; x_wconf 89' lang='lat' dir='ltr'>Quis</span> <span class='ocrx_word' id='word_1_348' title='bbox 1456 1413 1579 1456; x_wconf 89' lang='lat' dir='ltr'>dabit</span> <span class='ocrx_word' id='word_1_349' title='bbox 1597 1411 1703 1454; x_wconf 85' lang='lat' dir='ltr'>mihi</span> <span class='ocrx_word' id='word_1_350' title='bbox 1721 1423 1890 1465; x_wconf 88' lang='lat' dir='ltr'>pennas</span> 
     </span>
     <span class='ocr_line' id='line_1_92' title="bbox 1062 1468 1890 1523; baseline -0.008 -8"><span class='ocrx_word' id='word_1_351' title='bbox 1062 1474 1173 1515; x_wconf 89' lang='lat' dir='ltr'>sicut</span> <span class='ocrx_word' id='word_1_352' title='bbox 1200 1472 1427 1521; x_wconf 70' lang='lat' dir='ltr'>coffimbae,</span> <span class='ocrx_word' id='word_1_353' title='bbox 1442 1472 1465 1496; x_wconf 85' lang='lat'>*</span> <span class='ocrx_word' id='word_1_354' title='bbox 1485 1475 1529 1513; x_wconf 93' lang='lat' dir='ltr'>et</span> <span class='ocrx_word' id='word_1_355' title='bbox 1555 1468 1730 1519; x_wconf 90' lang='lat' dir='ltr'>volabo,</span> <span class='ocrx_word' id='word_1_356' title='bbox 1758 1472 1804 1523; x_wconf 78' lang='lat' dir='ltr'>et</span> <span class='ocrx_word' id='word_1_357' title='bbox 1826 1479 1890 1509; x_wconf 92' lang='lat' dir='ltr'>re-</span> 
     </span>
     <span class='ocr_line' id='line_1_93' title="bbox 1063 1528 1307 1583; baseline -0.008 -11"><span class='ocrx_word' id='word_1_358' title='bbox 1063 1528 1307 1583; x_wconf 81' lang='lat' dir='ltr'>quiescam?</span> 
     </span>
    </p>

    <p class='ocr_par' dir='ltr' id='par_1_39' title="bbox 1063 1579 1893 1685">
     <span class='ocr_line' id='line_1_94' title="bbox 1115 1579 1893 1637; baseline -0.009 -9"><span class='ocrx_word' id='word_1_359' title='bbox 1115 1588 1229 1628; x_wconf 88' lang='lat' dir='ltr'>Ecce</span> <span class='ocrx_word' id='word_1_360' title='bbox 1246 1585 1449 1637; x_wconf 88' lang='lat' dir='ltr'>elongavi</span> <span class='ocrx_word' id='word_1_361' title='bbox 1463 1585 1651 1637; x_wconf 76' lang='lat' dir='ltr'>fagiens:</span> <span class='ocrx_word' id='word_1_362' title='bbox 1661 1583 1684 1608; x_wconf 87' lang='lat'>*</span> <span class='ocrx_word' id='word_1_363' title='bbox 1698 1587 1743 1624; x_wconf 92' lang='lat' dir='ltr'>et</span> <span class='ocrx_word' id='word_1_364' title='bbox 1751 1579 1893 1623; x_wconf 86' lang='lat' dir='ltr'>mansi</span> 
     </span>
     <span class='ocr_line' id='line_1_95' title="bbox 1063 1642 1379 1685; baseline -0.003 -1"><span class='ocrx_word' id='word_1_365' title='bbox 1063 1644 1106 1685; x_wconf 91' lang='lat' dir='ltr'>in</span> <span class='ocrx_word' id='word_1_366' title='bbox 1135 1642 1379 1685; x_wconf 74' lang='lat' dir='ltr'>solitadine.</span> 
     </span>
    </p>

    <p class='ocr_par' dir='ltr' id='par_1_40' title="bbox 1064 1693 1894 1866">
     <span class='ocr_line' id='line_1_96' title="bbox 1116 1693 1894 1752; baseline -0.009 -11"><span class='ocrx_word' id='word_1_367' title='bbox 1116 1699 1438 1752; x_wconf 69' lang='lat' dir='ltr'>Exspectabam</span> <span class='ocrx_word' id='word_1_368' title='bbox 1467 1711 1584 1748; x_wconf 90' lang='lat' dir='ltr'>eum,</span> <span class='ocrx_word' id='word_1_369' title='bbox 1618 1696 1692 1749; x_wconf 86' lang='lat' dir='ltr'>qui</span> <span class='ocrx_word' id='word_1_370' title='bbox 1724 1693 1894 1736; x_wconf 87' lang='lat' dir='ltr'>salvum</span> 
     </span>
     <span class='ocr_line' id='line_1_97' title="bbox 1064 1750 1893 1809; baseline -0.01 -11"><span class='ocrx_word' id='word_1_371' title='bbox 1064 1769 1133 1798; x_wconf 89' lang='lat' dir='ltr'>me</span> <span class='ocrx_word' id='word_1_372' title='bbox 1149 1756 1250 1798; x_wconf 90' lang='lat' dir='ltr'>fecit</span> <span class='ocrx_word' id='word_1_373' title='bbox 1260 1758 1282 1781; x_wconf 84' lang='lat'>*</span> <span class='ocrx_word' id='word_1_374' title='bbox 1294 1769 1318 1797; x_wconf 88' lang='lat' dir='ltr'>a</span> <span class='ocrx_word' id='word_1_375' title='bbox 1338 1754 1694 1809; x_wconf 75' lang='lat' dir='ltr'>pusillanimitate</span> <span class='ocrx_word' id='word_1_376' title='bbox 1713 1750 1893 1804; x_wconf 89' lang='lat' dir='ltr'>spiritus</span> 
     </span>
     <span class='ocr_line' id='line_1_98' title="bbox 1066 1814 1409 1866; baseline -0.006 -11"><span class='ocrx_word' id='word_1_377' title='bbox 1066 1819 1109 1855; x_wconf 86' lang='lat' dir='ltr'>et</span> <span class='ocrx_word' id='word_1_378' title='bbox 1135 1814 1409 1866; x_wconf 76' lang='lat' dir='ltr'>tempestate.</span> 
     </span>
    </p>

    <p class='ocr_par' dir='ltr' id='par_1_41' title="bbox 1067 1865 1895 2024">
     <span class='ocr_line' id='line_1_99' title="bbox 1116 1865 1895 1922; baseline -0.009 -11"><span class='ocrx_word' id='word_1_379' title='bbox 1116 1869 1348 1922; x_wconf 88' lang='lat' dir='ltr'>Praeeipita</span> <span class='ocrx_word' id='word_1_380' title='bbox 1358 1869 1557 1917; x_wconf 89' lang='lat' dir='ltr'>Domine,</span> <span class='ocrx_word' id='word_1_381' title='bbox 1568 1865 1716 1909; x_wconf 88' lang='lat' dir='ltr'>divide</span> <span class='ocrx_word' id='word_1_382' title='bbox 1723 1865 1895 1916; x_wconf 83' lang='lat' dir='ltr'>linguas</span> 
     </span>
     <span class='ocr_line' id='line_1_100' title="bbox 1067 1922 1895 1978; baseline -0.006 -11"><span class='ocrx_word' id='word_1_383' title='bbox 1067 1928 1235 1967; x_wconf 90' lang='lat' dir='ltr'>eorum:</span> <span class='ocrx_word' id='word_1_384' title='bbox 1250 1927 1273 1951; x_wconf 90' lang='lat'>*</span> <span class='ocrx_word' id='word_1_385' title='bbox 1289 1925 1493 1978; x_wconf 88' lang='lat' dir='ltr'>quoniam</span> <span class='ocrx_word' id='word_1_386' title='bbox 1512 1923 1603 1966; x_wconf 92' lang='lat' dir='ltr'>vidi</span> <span class='ocrx_word' id='word_1_387' title='bbox 1620 1922 1895 1975; x_wconf 87' lang='lat' dir='ltr'>iniquitatem</span> 
     </span>
     <span class='ocr_line' id='line_1_101' title="bbox 1068 1980 1812 2024; baseline -0.007 0"><span class='ocrx_word' id='word_1_388' title='bbox 1068 1988 1111 2024; x_wconf 90' lang='lat' dir='ltr'>et</span> <span class='ocrx_word' id='word_1_389' title='bbox 1138 1981 1529 2024; x_wconf 66' lang='lat' dir='ltr'>contradictionem</span> <span class='ocrx_word' id='word_1_390' title='bbox 1552 1981 1597 2022; x_wconf 91' lang='lat' dir='ltr'>in</span> <span class='ocrx_word' id='word_1_391' title='bbox 1625 1980 1812 2022; x_wconf 86' lang='lat' dir='ltr'>civitate.</span> 
     </span>
    </p>

    <p class='ocr_par' dir='ltr' id='par_1_42' title="bbox 1069 2035 1898 2203">
     <span class='ocr_line' id='line_1_102' title="bbox 1119 2035 1896 2080; baseline -0.005 -1"><span class='ocrx_word' id='word_1_392' title='bbox 1119 2038 1201 2080; x_wconf 91' lang='lat' dir='ltr'>Die</span> <span class='ocrx_word' id='word_1_393' title='bbox 1235 2051 1286 2080; x_wconf 90' lang='lat' dir='ltr'>ac</span> <span class='ocrx_word' id='word_1_394' title='bbox 1319 2044 1449 2080; x_wconf 87' lang='lat' dir='ltr'>noete</span> <span class='ocrx_word' id='word_1_395' title='bbox 1477 2035 1766 2079; x_wconf 80' lang='lat' dir='ltr'>circumdabit</span> <span class='ocrx_word' id='word_1_396' title='bbox 1799 2047 1896 2076; x_wconf 89' lang='lat' dir='ltr'>eam</span> 
     </span>
     <span class='ocr_line' id='line_1_103' title="bbox 1069 2092 1898 2147; baseline -0.004 -12"><span class='ocrx_word' id='word_1_397' title='bbox 1069 2108 1199 2147; x_wconf 91' lang='lat' dir='ltr'>super</span> <span class='ocrx_word' id='word_1_398' title='bbox 1234 2108 1384 2137; x_wconf 91' lang='lat' dir='ltr'>muros</span> <span class='ocrx_word' id='word_1_399' title='bbox 1422 2095 1512 2147; x_wconf 88' lang='lat' dir='ltr'>ejus</span> <span class='ocrx_word' id='word_1_400' title='bbox 1547 2093 1769 2146; x_wconf 90' lang='lat' dir='ltr'>iniquitas:</span> <span class='ocrx_word' id='word_1_401' title='bbox 1798 2092 1821 2117; x_wconf 88' lang='grc'>*</span> <span class='ocrx_word' id='word_1_402' title='bbox 1853 2095 1898 2133; x_wconf 89' lang='lat' dir='ltr'>et</span> 
     </span>
     <span class='ocr_line' id='line_1_104' title="bbox 1069 2148 1882 2203; baseline -0.005 -11"><span class='ocrx_word' id='word_1_403' title='bbox 1069 2150 1193 2192; x_wconf 90' lang='lat' dir='ltr'>labor</span> <span class='ocrx_word' id='word_1_404' title='bbox 1220 2151 1263 2192; x_wconf 93' lang='lat' dir='ltr'>in</span> <span class='ocrx_word' id='word_1_405' title='bbox 1289 2151 1436 2193; x_wconf 80' lang='lat' dir='ltr'>medio</span> <span class='ocrx_word' id='word_1_406' title='bbox 1464 2151 1564 2203; x_wconf 84' lang='lat' dir='ltr'>ejus,</span> <span class='ocrx_word' id='word_1_407' title='bbox 1594 2156 1638 2192; x_wconf 90' lang='lat' dir='ltr'>et</span> <span class='ocrx_word' id='word_1_408' title='bbox 1663 2148 1882 2201; x_wconf 84' lang='lat' dir='ltr'>injustitia.</span> 
     </span>
    </p>

    <p class='ocr_par' dir='ltr' id='par_1_43' title="bbox 1071 2204 1898 2313">
     <span class='ocr_line' id='line_1_105' title="bbox 1120 2204 1898 2260; baseline -0.003 -12"><span class='ocrx_word' id='word_1_409' title='bbox 1120 2207 1176 2249; x_wconf 88' lang='lat' dir='ltr'>Et</span> <span class='ocrx_word' id='word_1_410' title='bbox 1202 2220 1290 2249; x_wconf 92' lang='lat' dir='ltr'>non</span> <span class='ocrx_word' id='word_1_411' title='bbox 1318 2207 1477 2249; x_wconf 79' lang='lat' dir='ltr'>defecit</span> <span class='ocrx_word' id='word_1_412' title='bbox 1505 2207 1560 2249; x_wconf 90' lang='lat' dir='ltr'>de</span> <span class='ocrx_word' id='word_1_413' title='bbox 1586 2206 1745 2260; x_wconf 82' lang='lat' dir='ltr'>plateis</span> <span class='ocrx_word' id='word_1_414' title='bbox 1774 2204 1898 2257; x_wconf 84' lang='lat' dir='ltr'>eius*</span> 
     </span>
     <span class='ocr_line' id='line_1_106' title="bbox 1071 2263 1450 2313; baseline 0.003 -10"><span class='ocrx_word' id='word_1_415' title='bbox 1071 2267 1211 2313; x_wconf 79' lang='lat' dir='ltr'>usura,</span> <span class='ocrx_word' id='word_1_416' title='bbox 1240 2269 1284 2305; x_wconf 90' lang='lat' dir='ltr'>et</span> <span class='ocrx_word' id='word_1_417' title='bbox 1312 2263 1450 2305; x_wconf 91' lang='lat' dir='ltr'>dolus.</span> 
     </span>
    </p>

    <p class='ocr_par' dir='ltr' id='par_1_44' title="bbox 1072 2317 1900 2427">
     <span class='ocr_line' id='line_1_107' title="bbox 1123 2317 1899 2370; baseline -0.004 -9"><span class='ocrx_word' id='word_1_418' title='bbox 1123 2320 1337 2370; x_wconf 90' lang='lat' dir='ltr'>Quoniam</span> <span class='ocrx_word' id='word_1_419' title='bbox 1356 2321 1392 2361; x_wconf 93' lang='lat' dir='ltr'>si</span> <span class='ocrx_word' id='word_1_420' title='bbox 1411 2321 1609 2361; x_wconf 89' lang='lat' dir='ltr'>inimicus</span> <span class='ocrx_word' id='word_1_421' title='bbox 1628 2331 1752 2361; x_wconf 89' lang='lat' dir='ltr'>meus</span> <span class='ocrx_word' id='word_1_422' title='bbox 1769 2317 1899 2359; x_wconf 87' lang='lat' dir='ltr'>male-</span> 
     </span>
     <span class='ocr_line' id='line_1_108' title="bbox 1072 2374 1900 2427; baseline -0.002 -11"><span class='ocrx_word' id='word_1_423' title='bbox 1072 2374 1252 2418; x_wconf 82' lang='lat' dir='ltr'>dixisset</span> <span class='ocrx_word' id='word_1_424' title='bbox 1266 2375 1380 2426; x_wconf 87' lang='lat' dir='ltr'>mihi,</span> <span class='ocrx_word' id='word_1_425' title='bbox 1391 2378 1414 2401; x_wconf 89' lang='lat'>*</span> <span class='ocrx_word' id='word_1_426' title='bbox 1426 2377 1728 2418; x_wconf 89' lang='lat' dir='ltr'>sustinuissem</span> <span class='ocrx_word' id='word_1_427' title='bbox 1737 2375 1900 2427; x_wconf 75' lang='lat' dir='ltr'>atique.</span> 
     </span>
    </p>

    <p class='ocr_par' dir='ltr' id='par_1_45' title="bbox 1073 2432 1900 2587">
     <span class='ocr_line' id='line_1_109' title="bbox 1126 2432 1900 2484; baseline -0.003 -11"><span class='ocrx_word' id='word_1_428' title='bbox 1126 2434 1180 2474; x_wconf 90' lang='lat' dir='ltr'>Et</span> <span class='ocrx_word' id='word_1_429' title='bbox 1211 2433 1247 2473; x_wconf 91' lang='lat' dir='ltr'>si</span> <span class='ocrx_word' id='word_1_430' title='bbox 1274 2433 1328 2481; x_wconf 89' lang='lat' dir='ltr'>is,</span> <span class='ocrx_word' id='word_1_431' title='bbox 1367 2433 1439 2484; x_wconf 90' lang='lat' dir='ltr'>qui</span> <span class='ocrx_word' id='word_1_432' title='bbox 1467 2432 1622 2474; x_wconf 88' lang='lat' dir='ltr'>oderat</span> <span class='ocrx_word' id='word_1_433' title='bbox 1650 2445 1736 2482; x_wconf 91' lang='lat' dir='ltr'>me,</span> <span class='ocrx_word' id='word_1_434' title='bbox 1767 2443 1900 2484; x_wconf 91' lang='lat' dir='ltr'>super</span> 
     </span>
     <span class='ocr_line' id='line_1_110' title="bbox 1073 2487 1900 2539; baseline -0.004 -8"><span class='ocrx_word' id='word_1_435' title='bbox 1073 2503 1142 2531; x_wconf 90' lang='lat' dir='ltr'>me</span> <span class='ocrx_word' id='word_1_436' title='bbox 1169 2501 1326 2539; x_wconf 83' lang='lat' dir='ltr'>magna</span> <span class='ocrx_word' id='word_1_437' title='bbox 1352 2488 1526 2530; x_wconf 73' lang='lat' dir='ltr'>locatus</span> <span class='ocrx_word' id='word_1_438' title='bbox 1553 2489 1720 2530; x_wconf 90' lang='lat' dir='ltr'>fuisset:</span> <span class='ocrx_word' id='word_1_439' title='bbox 1752 2489 1775 2514; x_wconf 89' lang='lat'>*</span> <span class='ocrx_word' id='word_1_440' title='bbox 1803 2487 1900 2530; x_wconf 88' lang='lat' dir='ltr'>abs-</span> 
     </span>
     <span class='ocr_line' id='line_1_111' title="bbox 1075 2545 1804 2587; baseline -0.003 0"><span class='ocrx_word' id='word_1_441' title='bbox 1075 2545 1320 2587; x_wconf 89' lang='lat' dir='ltr'>condissem</span> <span class='ocrx_word' id='word_1_442' title='bbox 1348 2558 1418 2586; x_wconf 91' lang='lat' dir='ltr'>me</span> <span class='ocrx_word' id='word_1_443' title='bbox 1446 2545 1627 2587; x_wconf 85' lang='lat' dir='ltr'>forsitan</span> <span class='ocrx_word' id='word_1_444' title='bbox 1653 2545 1709 2587; x_wconf 88' lang='lat' dir='ltr'>ab</span> <span class='ocrx_word' id='word_1_445' title='bbox 1739 2557 1804 2586; x_wconf 90' lang='lat' dir='ltr'>eo.</span> 
     </span>
    </p>

    <p class='ocr_par' dir='ltr' id='par_1_46' title="bbox 1075 2600 1901 2707">
     <span class='ocr_line' id='line_1_112' title="bbox 1126 2600 1901 2643; baseline -0.001 -1"><span class='ocrx_word' id='word_1_446' title='bbox 1126 2602 1194 2643; x_wconf 93' lang='lat' dir='ltr'>Tu</span> <span class='ocrx_word' id='word_1_447' title='bbox 1222 2614 1328 2642; x_wconf 89' lang='lat' dir='ltr'>vero</span> <span class='ocrx_word' id='word_1_448' title='bbox 1351 2600 1484 2642; x_wconf 92' lang='lat' dir='ltr'>homo</span> <span class='ocrx_word' id='word_1_449' title='bbox 1511 2602 1742 2643; x_wconf 80' lang='lat' dir='ltr'>unanimis:</span> <span class='ocrx_word' id='word_1_450' title='bbox 1768 2602 1791 2627; x_wconf 91' lang='lat'>*</span> <span class='ocrx_word' id='word_1_451' title='bbox 1811 2600 1901 2642; x_wconf 84' lang='lat' dir='ltr'>dux</span> 
     </span>
     <span class='ocr_line' id='line_1_113' title="bbox 1075 2662 1598 2707; baseline 0.002 -10"><span class='ocrx_word' id='word_1_452' title='bbox 1075 2671 1207 2707; x_wconf 91' lang='lat' dir='ltr'>meus,</span> <span class='ocrx_word' id='word_1_453' title='bbox 1237 2663 1280 2699; x_wconf 91' lang='lat' dir='ltr'>et</span> <span class='ocrx_word' id='word_1_454' title='bbox 1308 2662 1438 2698; x_wconf 89' lang='lat' dir='ltr'>notus</span> <span class='ocrx_word' id='word_1_455' title='bbox 1465 2670 1598 2698; x_wconf 91' lang='lat' dir='ltr'>meus.</span> 
     </span>
    </p>

    <p class='ocr_par' dir='ltr' id='par_1_47' title="bbox 1127 2713 1901 2767">
     <span class='ocr_line' id='line_1_114' title="bbox 1127 2713 1901 2767; baseline 0 -13"><span class='ocrx_word' id='word_1_456' title='bbox 1127 2714 1210 2764; x_wconf 91' lang='lat' dir='ltr'>Qui</span> <span class='ocrx_word' id='word_1_457' title='bbox 1230 2713 1357 2755; x_wconf 91' lang='lat' dir='ltr'>simul</span> <span class='ocrx_word' id='word_1_458' title='bbox 1383 2726 1555 2755; x_wconf 88' lang='lat' dir='ltr'>mecum</span> <span class='ocrx_word' id='word_1_459' title='bbox 1582 2713 1733 2756; x_wconf 90' lang='lat' dir='ltr'>dulces</span> <span class='ocrx_word' id='word_1_460' title='bbox 1761 2713 1901 2767; x_wconf 82' lang='lat' dir='ltr'>capie-</span> 
     </span>
    </p>
   </div>
  </div>
 </body>
</html>
