2066 2956
598 222 667 256 Die
693 223 743 256 18.
769 222 902 256 Martii.
951 222 985 255 S.
1010 222 1203 255 Gabriclis
1229 222 1419 263 Archang.

157 319 339 359 Praestet
357 316 442 358 hoc
460 315 589 358 nobis
608 316 760 358 Deitas
779 315 910 358 beata

204 373 356 423 Patris,
375 386 426 414 ac
440 372 553 422 Nati,
573 373 824 425 pariterque
840 372 977 414 sancti

205 429 408 482 Spiritus,
448 429 568 480 cujus
605 430 781 470 resonat
818 441 898 480 per
933 441 976 469 o-

460 497 605 526 mnem

311 540 462 583 Gloria
480 539 699 582 mundum.
726 540 878 582 Amen.

208 605 257 656 V.
300 606 430 647 Stetit
466 606 660 656 Angelus
702 607 822 658 juxta
859 618 978 646 aram

154 662 316 715 templi.
348 666 397 715 Ru
422 662 601 704 Habens
620 662 888 704 thuribulum
907 665 978 702 au—

155 731 277 760 reum
296 732 339 759 1n
356 731 486 759 manu
505 731 594 759 sua.

210 787 278 827 Ad
306 788 475 835 Magnis.
513 787 608 825 Ant.
644 784 869 833 Ingressus
895 783 978 823 Ga-

154 840 265 882 briel
296 839 493 890 Angelus
531 839 587 880 ad
623 839 806 880 Mariam
840 839 979 889 Virgi-

156 910 270 946 nem,
296 895 418 938 dixit:
447 897 542 937 Ave
561 895 702 946 gratia
719 894 865 947 plena,
892 895 980 935 Do-

156 953 297 994 minus
315 957 475 994 tecum:
497 951 730 993 benedicta
753 955 801 992 tu
824 952 867 991 in
891 964 980 992 mu-

156 1008 344 1050 lieribus.

188 1096 193 1106 ³
493 1063 655 1104 Oratio.

158 1122 336 1228 Deus,
363 1131 436 1183 qui
454 1131 567 1172 inter
586 1132 757 1171 ceteros
776 1126 981 1178 Angelos,

257 1185 314 1228 ad
346 1186 686 1228 annuntiandum
717 1183 980 1226 Incarnatio-

156 1243 222 1283 nis
229 1247 318 1284 tuae
324 1243 588 1295 mysterium,
598 1242 848 1284 Gabrielem
853 1239 983 1281 Arch-

158 1298 359 1349 angelum
391 1299 576 1350 elegisti:
609 1298 802 1340 concede
834 1297 980 1350 propi-

156 1355 258 1405 tius3
289 1360 338 1396 ut
372 1355 446 1407 qui
481 1355 639 1397 festum
672 1355 761 1406 ejus
791 1352 981 1395 celebra-

157 1425 254 1452 mus
283 1412 327 1452 in
351 1411 495 1461 terris,
527 1411 664 1463 ipsius
693 1409 982 1463 patrocinium

158 1468 395 1510 sentiamus
413 1469 458 1508 in
477 1467 614 1509 coelis:
634 1467 718 1517 Qui
736 1467 857 1508 vivis.

212 1528 257 1562 Et
282 1529 322 1561 fit
347 1536 541 1561 commem.
567 1525 698 1559 Feriae.

316 1610 404 1651 Ad
438 1609 822 1650 Matutinum.

214 1676 336 1716 Invit.
398 1674 564 1726 Regem
608 1672 984 1724 Archangelorum

160 1731 406 1781 Dominum,
425 1732 447 1757 *
466 1731 624 1773 Venite
644 1730 886 1772 adoremus.

214 1794 280 1834 Ps.
308 1793 470 1842 Venite,
490 1791 766 1834 exsultemus.
785 1791 822 1831 2.

212 1855 421 1906 Hymnus.
446 1851 628 1894 Christe.
648 1856 694 1891 ut
714 1862 855 1901 supra.
874 1849 984 1902 [334]

400 1932 449 1970 In
470 1932 499 1970 Ι.
521 1930 742 1969 Nocturno.

214 2000 311 2041 Ant.
346 1999 465 2042 Dixit
495 2000 690 2051 Angelus
718 1997 898 2040 Gabriel
928 1997 986 2038 ad

162 2055 403 2097 Danielem:
447 2056 639 2107 intellige
683 2055 746 2096 fili
789 2053 986 2102 hominis,

164 2111 370 2164 queniam
391 2112 434 2152 in
457 2114 656 2165 tempore
676 2112 773 2152 finis
792 2109 985 2163 implebi-

161 2172 233 2209 tur
251 2168 374 2209 visio.
764 2189 769 2195 <

215 2231 275 2265 Ps.
300 2231 414 2265 trium
432 2230 542 2264 Noct.
568 2234 607 2263 ut
632 2230 670 2263 in
692 2228 827 2263 Officio
852 2226 984 2261 votivo

164 2279 210 2313 de
236 2280 291 2313 ὃς.
317 2278 487 2321 Angelis.
516 2279 606 2324 [217]

219 2336 314 2375 Ant.
347 2336 456 2378 Ecce
475 2337 540 2378 vir
560 2335 755 2385 Gabriel,
781 2348 910 2387 quem
927 2336 986 2375 vi-

166 2391 315 2433 deram
338 2393 381 2433 in
399 2393 583 2442 visione,
609 2392 696 2434 cito
720 2391 872 2433 volans
894 2390 988 2431 teti-

165 2448 227 2499 git
245 2461 314 2490 me
331 2449 374 2489 in
388 2450 588 2502 tempore
603 2448 803 2489 sacrificii
815 2459 988 2498 vesper-

165 2504 254 2555 tini,
274 2510 318 2546 et
337 2505 486 2547 docuit
506 2517 586 2546 me.

221 2567 315 2607 Ant.
355 2567 549 2618 Cumque
583 2563 762 2606 Gabriel
793 2563 989 2614 loquere-

169 2623 239 2660 tur
265 2620 321 2663 ad
339 2635 426 2671 me,
455 2621 677 2674 collapsus
703 2633 798 2661 sum
826 2631 991 2671 pronus

170 2675 213 2716 in
231 2681 409 2728 terram,
438 2684 481 2720 et
499 2677 642 2728 tetigit
659 2690 746 2726 me,
773 2681 816 2717 et
841 2675 991 2716 statuit

168 2744 238 2774 me
256 2734 300 2774 in
317 2734 455 2785 gradu
474 2746 585 2775 meo.

1084 312 1132 362 V.
1173 317 1301 358 Stetit
1337 316 1530 367 Angelus
1573 316 1691 367 juxta
1732 328 1852 356 aram

1029 372 1190 437 templi.
1229 374 1275 424 lgr.
1294 372 1474 413 Habens
1491 371 1760 413 thuribulum
1779 374 1851 412 au-

1029 441 1151 470 reum
1170 442 1212 469 1n
1231 441 1360 469 manu
1379 441 1467 469 sua.

1190 503 1253 542 Ex
1271 501 1452 542 Daniele
1472 500 1702 553 Propheta.

1136 569 1287 610 Lectio
1310 569 1330 607 i.
1541 568 1644 618 (lap.
1662 567 1698 605 9.
1718 582 1750 606 c.

1039 630 1202 691 ’ξι
1223 625 1394 675 Daniel,
1422 639 1519 667 cum
1544 625 1686 667 adhuc
1705 626 1853 677 loque-

1041 727 1043 729 ,
1072 704 1094 740 1²3*
1103 683 1141 741 ζὴ
1164 696 1250 733 rer,
1278 687 1321 724 et
1340 685 1528 733 orarem,
1554 687 1596 723 et
1623 681 1854 723 confiterer

1053 739 1142 762 ⁵2³*
1163 741 1347 792 peccata
1365 751 1476 789 mea,
1507 745 1549 780 et
1572 740 1755 791 peccata
1777 740 1853 790 po-

1031 796 1121 849 puli
1155 797 1239 837 mei
1267 795 1423 846 Israel,
1457 801 1500 837 et
1531 796 1854 848 prosternerem

1031 866 1185 905 preces
1204 865 1323 894 meas
1343 853 1385 892 in
1405 853 1645 904 conspectu
1659 850 1743 891 Dei
1758 850 1854 899 mei,

1031 923 1112 962 pro
1138 915 1286 951 monte
1311 913 1462 950 sancto
1483 908 1566 949 Dei
1588 907 1687 949 mei:
1714 906 1856 948 adhuc

1032 979 1101 1006 me
1127 965 1332 1017 loquente
1358 965 1402 1005 in
1429 964 1642 1013 oratione,
1671 975 1772 1004 ecce
1791 963 1856 1003 vir

1034 1022 1226 1072 Gabriel,
1253 1035 1383 1074 quem
1406 1021 1602 1062 videram
1623 1020 1667 1060 in
1690 1019 1856 1060 visione

1034 1091 1059 1119 a
1077 1078 1308 1131 principio,
1336 1078 1423 1119 cito
1443 1077 1596 1118 volans
1620 1075 1763 1126 tetigit
1786 1088 1856 1116 me

1033 1135 1075 1175 in
1120 1136 1320 1187 tempore
1366 1132 1566 1174 sacrificii
1609 1131 1857 1185 vespertini.

1032 1191 1089 1232 Et
1108 1189 1257 1232 docuit
1275 1203 1360 1240 me,
1389 1194 1432 1230 et
1456 1189 1630 1230 locotus
1659 1193 1725 1229 est
1743 1187 1857 1237 mihi,

1035 1246 1244 1299 dixitque:
1294 1245 1452 1286 Daniel
1499 1257 1613 1285 nunc
1658 1245 1858 1294 egressus

1035 1317 1131 1344 sum
1149 1308 1197 1344 ut
1217 1303 1423 1344 docerem
1442 1307 1497 1351 te,
1523 1306 1566 1342 et
1584 1300 1859 1351 intelligeres.

1035 1360 1105 1400 Ab
1126 1359 1307 1400 exordio
1327 1370 1507 1411 precum
1525 1359 1699 1398 tuarum
1718 1358 1858 1406 egres-

1035 1429 1108 1456 sus
1132 1421 1198 1457 est
1224 1428 1382 1456 sermo:
1411 1427 1492 1465 ego
1520 1418 1665 1454 autem
1689 1412 1787 1453 veni
1811 1416 1859 1452 ut

1034 1471 1272 1513 indicarem
1287 1470 1383 1519 tibi,
1410 1470 1512 1522 quia
1531 1469 1595 1510 vir
1621 1467 1857 1510 desiderio-

1035 1541 1131 1568 rum
1154 1540 1217 1568 es:
1244 1532 1291 1568 tu
1318 1539 1422 1577 ergo
1448 1525 1745 1567 animadverte
1772 1537 1858 1565 ser-

1034 1586 1220 1633 monem,
1240 1588 1283 1624 et
1301 1582 1491 1633 intellige
1511 1581 1731 1622 visionem.

1091 1642 1142 1693 R.
1167 1644 1277 1685 Cum
1301 1645 1447 1684 oraret
1465 1641 1637 1690 Daniel,
1662 1646 1704 1682 et
1728 1641 1858 1682 confi-

1035 1703 1200 1742 teretur
1218 1701 1401 1752 peccata
1418 1711 1506 1747 sua,
1526 1703 1570 1739 et
1585 1699 1769 1749 peccata
1782 1699 1859 1749 po-

1036 1756 1127 1809 puli
1153 1757 1235 1806 sui,
1263 1755 1283 1777 *
1307 1757 1423 1797 Ecce
1448 1753 1748 1804 Archangelus
1775 1754 1859 1794 Ga-

1037 1812 1146 1854 briel
1161 1813 1248 1854 cito
1263 1813 1418 1854 volans
1432 1811 1575 1861 tetigit
1591 1809 1747 1851 eumin
1763 1811 1862 1851 tem·

1037 1882 1145 1921 pore
1165 1869 1366 1910 sacrificii
1385 1866 1633 1920 vespertini.
1671 1856 1720 1908 V·
1737 1866 1861 1907 Cum-

1038 1938 1123 1978 que
1158 1927 1457 1978 prosterneret
1494 1935 1648 1976 preces
1683 1936 1783 1964 suas
1819 1922 1862 1962 in

1038 1983 1276 2034 conspectu
1294 1981 1378 2022 Dei
1397 1979 1472 2022 sui.
1499 1980 1627 2020 Ecce.

1350 2042 1500 2083 Lectio
1521 2041 1560 2080 ii.

1043 2097 1363 2204 Septuaginta
1386 2108 1686 2151 hebdomades
1710 2106 1861 2148 abbre-

1129 2168 1259 2209 viatae
1283 2171 1383 2208 sunt
1408 2178 1539 2218 super
1562 2163 1776 2217 populum
1798 2166 1861 2203 tu-

1039 2238 1123 2273 um,
1147 2229 1190 2265 et
1209 2236 1340 2276 super
1358 2221 1512 2264 urbem
1531 2225 1726 2262 sanctam
1743 2223 1863 2259 tuam

1040 2286 1087 2322 ut
1115 2281 1438 2322 consummetur
1464 2275 1786 2331 praevaricatio,
1821 2279 1864 2316 et

1040 2337 1170 2379 finem
1190 2336 1375 2389 accipiat
1395 2336 1640 2387 peccatum,
1660 2337 1703 2373 et
1722 2331 1863 2372 delea-

1040 2398 1110 2434 tur
1128 2393 1346 2444 iniquitas,
1372 2396 1415 2432 et
1439 2389 1681 2431 adducatur
1704 2387 1865 2440 justitia

1042 2449 1320 2502 sempiterna,
1349 2453 1391 2489 et
1413 2446 1646 2498 impleatur
1664 2444 1793 2492 visio,
1822 2447 1865 2484 et

1042 2505 1285 2558 prophetia,
1304 2508 1347 2545 et
1366 2504 1552 2553 ungatur
1567 2501 1752 2542 Sanctus
1772 2512 1864 2540 san-

1044 2563 1225 2603 ctorum.
1252 2560 1369 2601 Scito
1390 2571 1511 2609 ergo,
1535 2562 1579 2599 et
1598 2551 1864 2598 animadver-

1042 2623 1100 2659 te:
1131 2617 1202 2659 Ab
1230 2616 1347 2657 exitu
1375 2613 1603 2663 sermonis,
1631 2617 1680 2653 ut
1709 2614 1866 2654 iterum

1044 2672 1284 2715 aedificetur
1326 2669 1583 2719 Jerusalem,
1627 2681 1766 2720 usque
1810 2666 1866 2707 ad

1045 2729 1265 2771 Christum
1288 2726 1458 2775 ducem,
1482 2724 1783 2767 hebdomades
1802 2735 1864 2763 se-
