2028 2892
811 197 1010 231 Dominiea

474 292 665 332 l'salmus
685 292 747 331 92.

236 375 247 387 ,ι
329 347 495 389 dminus
510 346 715 397 regnavit,
731 346 934 388 decorem
949 346 1009 386 in-

318 399 321 403 ⁴
345 404 474 445 dfitus
499 409 579 445 est:
597 404 620 429 *
639 402 815 444 indutus
838 408 904 444 est
923 403 1009 443 Do-

343 460 484 500 minus
503 459 816 508 fortiti'idinem‚
840 465 883 501 et
902 472 1008 512 prae-

197 516 328 557 cinxit
345 528 403 557 se.

246 572 416 614 Etenim
440 571 629 613 firmavit
651 571 801 613 orbem
820 577 967 619 terrae,
986 574 1009 599 *

197 628 269 680 qui
289 641 375 670 non
395 628 749 669 commovebitur.

244 684 400 726 Parata
433 683 559 726 sedes
590 689 664 726 tua
696 697 749 725 ex
781 689 898 726 tune:
929 685 952 709 *
984 697 1008 725 a

195 740 355 782 saeculo
374 746 421 782 tu
440 753 497 781 es.

246 797 535 838 Elevaverunt
560 797 734 838 fltimina
760 797 961 839 Demine:
985 798 1007 823 *

194 853 471 895 elevaverunt
496 854 672 895 flilmina
697 866 849 895 vocem
874 866 1007 894 suam.

245 909 534 951 Elevaverunt
558 910 734 951 flamina
760 911 916 951 fluctus
941 923 1006 951 su-

193 977 254 1014 OS,
269 966 291 990 *
306 978 331 1006 a
346 965 527 1007 vocibus
541 968 750 1018 aquarum
765 966 1007 1008 multarum.

243 1021 463 1063 Mirabiles
487 1022 695 1064 elatic'mes
718 1023 862 1064 maris:
885 1024 908 1048 *
932 1023 1006 1064 mi·

193 1077 340 1119 reibilis
359 1078 401 1119 in
421 1078 519 1120 altis
537 1079 760 1120 D6minus.

243 1134 512 1176 Testimdnia
538 1141 613 1176 tua
640 1135 862 1178 credibilia
893 1136 1006 1178 facta

193 1195 292 1231 sunt
318 1191 459 1231 nimis:
483 1192 505 1216 *
531 1190 707 1233 domum
734 1198 853 1234 tuam
881 1192 1007 1234 decet

192 1246 439 1288 sanctimdo
475 1247 661 1290 Demine
697 1249 741 1289 in
776 1248 1006 1300 longitndi-

193 1315 291 1343 nem
310 1302 487 1344 dierum.

460 1377 654 1419 Psalmus
674 1379 738 1419 99.

191 1439 417 1546 Jubileite
437 1441 532 1482 Deo
552 1442 693 1483 omnis
717 1447 846 1485 terra:
872 1444 896 1470 *
920 1458 1005 1487 ser-

267 1498 353 1537 vite
372 1497 561 1539 Demino
581 1498 625 1539 in
644 1498 804 1541 laetitia.

241 1552 422 1594 Introite
446 1554 490 1594 in
514 1557 753 1608 conspeetu
784 1558 889 1609 ejus,
914 1558 937 1583 *
962 1559 1004 1600 in

191 1608 489 1651 exsultatione.

241 1664 406 1707 Scitote
438 1666 642 1718 qu6niam
669 1668 885 1711 D6minus
912 1670 1006 1722 ipse

192 1720 414 1785 est-Deus:
436 1722 459 1747 *
483 1722 576 1775 ipse
600 1723 703 1766 fecit
726 1737 825 1775 nos,
851 1731 895 1768 et
919 1740 1005 1768 non

191 1789 275 1828 ψει
293 1789 384 1818 nos.

242 1832 435 1885 P6pulus
471 1835 575 1885 ejus,
612 1839 654 1877 et
690 1849 795 1879 oves
830 1840 1005 1890 paseuae

192 1889 296 1940 ejus:
314 1890 337 1914 ¹⁸¹
357 1890 531 1932 introite
555 1896 704 1943 portas
730 1893 819 1945 ejus
838 1894 881 1935 in
906 1908 1005 1937 con-

191 1944 390 1995 fessi6ne‚
410 1946 519 1987 atria
534 1947 624 1998 ejus
643 1948 685 1989 in
702 1948 887 2001 hymnis:
906 1965 1005 1993 con-

191 1999 371 2042 fitemini
391 2001 462 2043 illi.

241 2056 436 2100 Laudate
467 2071 624 2101 nomen
661 2062 765 2113 ejus:
801 2065 1005 2115 qudniam

191 2113 334 2154 suavis
366 2119 431 2156 est
461 2115 688 2167 deinus,
721 2118 763 2158 in
795 2121 1005 2162 aeternum

191 2169 489 2212 misericdrdia
520 2172 624 2222 ejus,
655 2174 678 2198 *
711 2179 754 2215 et
789 2188 925 2228 usque
961 2177 1003 2218 in

190 2226 512 2274 generationem
533 2233 576 2269 et
593 2231 915 2278 generationem
937 2235 1004 2274 ve-

191 2279 294 2321 ritas
315 2282 413 2332 ejus.

460 2359 653 2401 l'salmus
673 2363 735 2401 62.

192 2413 353 2518 Deus
372 2418 490 2460 Deus
508 2433 631 2462 meus
651 2422 673 2447 *
693 2423 749 2464 ad
772 2428 814 2465 te
835 2425 888 2467 de
907 2426 1003 2469 luce

303 2474 444 2523 vigilo.

240 2528 383 2572 Sitivit
406 2531 448 2571 in
472 2537 515 2574 te
539 2533 679 2575 anima
699 2548 811 2585 mea,
830 2538 853 2562 *
874 2551 1002 2590 quam

190 2585 485 2638 multiplieiter
502 2588 580 2630 tibi
600 2603 701 2632 caro
721 2605 828 2634 mea.

242 2641 289 2681 In
310 2647 424 2683 terra
445 2643 630 2695 deserta,
656 2652 698 2689 et
718 2649 849 2697 invia,
875 2655 918 2691 et
942 2652 1001 2692 in-

189 2699 372 2749 aqudsa:
402 2700 425 2724 *
458 2700 519 2741 sie
556 2701 597 2742 in
635 2710 786 2746 saneto
819 2709 999 2758 apparui

1034 196 1081 230 ad
1107 195 1266 229 Laudes.

1061 284 1155 333 tibi,
1178 290 1226 326 ut
1245 283 1440 326 viderem
1457 283 1664 325 virtatem
1682 287 1818 332 tuam,
1843 287 1887 325 et

1061 341 1245 391 gldriam
1263 346 1395 382 tuam.
1539 382 1541 384 ,

1113 398 1330 448 Ουόηίειῐη
1362 396 1515 438 melior
1547 401 1614 437 est
1642 394 1886 438 misericbr-

1062 454 1132 495 dia
1166 459 1241 495 tua
1273 466 1404 506 super
1435 453 1562 494 vitas:
1589 453 1613 478 *
1639 451 1755 494 labia
1786 465 1885 494 mea

1061 510 1302 552 laudabunt
1319 516 1374 552 te.

1111 567 1182 609 Sic
1205 566 1462 609 benedicam
1482 571 1527 608 te
1550 565 1595 606 in
1618 565 1708 606 vita
1731 578 1844 607 mea:
1861 566 1885 592 *

1062 629 1104 665 et
1136 623 1180 664 in
1211 623 1388 665 n6mine
1424 628 1501 664 tuo
1538 621 1695 664 levabo
1730 634 1885 664 manus

1060 692 1191 721 meas.

1111 737 1233 778 Sicut
1247 735 1376 788 adipe
1387 741 1431 777 et
1443 735 1707 788 pinguedine
1717 735 1883 789 replea-

1060 798 1129 834 tur
1151 792 1294 834 e'mima
1314 805 1424 834 mea:
1443 793 1466 818 *
1486 798 1530 834 et
1550 792 1678 834 labiis
1697 792 1883 835 exsulta-

1059 849 1190 891 ti6nis
1209 849 1404 891 laudabit
1423 862 1473 890 os
1494 862 1651 891 meum.

1110 906 1154 948 Si
1178 918 1346 948 memor
1370 906 1430 947 fui
1452 906 1516 947 tui
1541 918 1673 959 super
1697 911 1882 948 stratum

1059 965 1221 1012 m‘eum,
1245 963 1290 1003 in
1315 963 1539 1004 matutinis
1563 962 1813 1005 meditabor
1837 963 1882 1004 in

1059 1024 1115 1060 te:
1134 1020 1157 1044 *
1178 1019 1278 1072 quia
1297 1019 1415 1061 fuisti
1434 1018 1606 1071 adji'itor
1622 1032 1758 1061 meus.

1109 1077 1166 1117 Et
1183 1076 1227 1116 in
1246 1076 1493 1118 velamento
1517 1075 1684 1117 alarum
1708 1078 1883 1118 tuarum

1059 1132 1298 1182 exsultabo,
1313 1132 1499 1175 adhaesit
1510 1133 1654 1174 anima
1667 1146 1767 1175 mea
1780 1139 1884 1187 post

1058 1194 1116 1231 te:
1133 1191 1155 1215 ¹⁸¹
1174 1203 1245 1231 me
1264 1189 1458 1242 suscepit
1477 1188 1658 1232 dextera
1677 1195 1763 1232 tua.

1110 1247 1201 1299 Ipsi
1226 1259 1331 1288 vero
1357 1247 1400 1287 in
1426 1259 1586 1287 vanum
1614 1247 1883 1299 quaesierunt

1059 1303 1247 1344 {mimam
1266 1315 1423 1352 meam,
1446 1303 1690 1345 introibunt
1712 1303 1757 1345 in
1777 1304 1882 1346 infe-

1058 1360 1175 1400 ri6ra
1198 1364 1342 1401 terrae:
1360 1360 1384 1385 *
1402 1359 1631 1401 tradentur
1656 1360 1701 1401 in
1726 1373 1882 1402 manus

1056 1415 1201 1466 gladii,
1218 1421 1366 1469 partes
1385 1416 1582 1469 villpium
1602 1421 1741 1459 erunt.

1110 1473 1205 1514 Rex
1224 1485 1329 1515 vero
1350 1472 1572 1515 laetabitur
1594 1474 1640 1514 in
1657 1473 1771 1524 Deo,
1793 1473 1882 1516 lau—

1058 1528 1278 1571 dabimtur
1304 1543 1457 1572 omnes
1484 1529 1558 1582 qui
1583 1531 1726 1582 jurant
1748 1530 1794 1571 in
1813 1542 1882 1572 eo:

1057 1586 1080 1611 *
1106 1586 1207 1638 quia
1234 1586 1509 1629 obstrnetum
1533 1592 1600 1628 est
1627 1599 1678 1628 os
1702 1587 1881 1640 loquen-

1057 1642 1165 1683 tium
1185 1642 1342 1695 iniqua.

1112 1706 1183 1740 Hic
1201 1717 1275 1742 non
1294 1708 1433 1743 dieitur
1447 1708 1581 1744 Gldria
1597 1709 1713 1745 Patri.

1331 1777 1525 1820 Psalmus
1545 1782 1610 1821 66.

1059 1842 1227 1948 Deus
1260 1847 1517 1890 misereatur
1544 1850 1705 1900 nostri,
1737 1854 1782 1892 et
1808 1848 1881 1892 be-

1165 1902 1338 1945 nedieat
1357 1903 1502 1946 nobis:
1519 1906 1542 1932 *
1560 1905 1775 1948 illiiminet
1789 1905 1879 1948 vul-

1057 1963 1149 2000 tum
1165 1972 1290 2001 suum
1306 1973 1437 2013 super
1452 1975 1544 2012 nos,
1564 1968 1607 2005 et
1620 1963 1881 2006 misereatur

1058 2016 1205 2057 nostri.

1108 2076 1167 2118 Ut
1195 2081 1513 2127 cognoscamus
1545 2080 1589 2120 in
1619 2085 1736 2123 terra
1764 2081 1881 2122 viam

1056 2137 1192 2173 tuam:
1208 2135 1230 2159 *
1246 2134 1289 2174 in
1308 2135 1511 2177 Omnibus
1531 2136 1749 2180 Gentibus
1768 2137 1879 2180 salu-

1057 2190 1149 2230 tzire
1168 2195 1302 2231 tuum.

1109 2249 1410 2292 Confiteaeintur
1428 2252 1508 2294 tibi
1527 2254 1681 2307 p6puli
1700 2255 1836 2297 Deus:
1856 2256 1879 2281 *

1057 2305 1346 2348 confiteantur
1366 2307 1444 2349 tibi
1465 2310 1617 2363 pepuli
1638 2324 1801 2353 omnes.

1106 2365 1330 2408 Laetentur
1348 2373 1391 2410 et
1411 2370 1629 2413 exsaltent
1649 2372 1831 2414 Gentes:
1854 2373 1877 2398 *

1057 2422 1261 2472 qu6niam
1287 2423 1451 2474 indicas
1472 2427 1661 2480 pepulos
1681 2429 1725 2470 in
1745 2429 1878 2482 aequi-

1055 2479 1155 2527 tzite,
1175 2483 1218 2520 et
1233 2478 1397 2522 Gentes
1415 2481 1458 2522 in
1477 2487 1594 2524 terra
1614 2484 1773 2535 dirigis.

1106 2539 1405 2582 Confitea'mtur
1438 2542 1517 2584 tibi
1543 2546 1710 2597 „p6puli
1745 2546 1877 2596 Deus,

1054 2595 1342 2637 confiteantur
1369 2597 1446 2639 tibi
1476 2600 1627 2652 p6puli
1660 2615 1826 2644 omnes:
1853 2604 1876 2629 *

1053 2654 1167 2691 terra
1188 2651 1308 2693 dedit
1328 2653 1514 2695 fructum
1533 2669 1670 2698 suum.

1109 2711 1340 2755 Benedicat
1351 2727 1431 2755 nos
1442 2715 1572 2765 Deus,
1585 2717 1705 2759 Deus
1716 2725 1876 2769 noster,
