2066 2904
496 177 562 209 l)ic
587 174 635 207 27.
665 172 760 209 Maii.
810 172 842 203 S.
870 167 998 202 Mau-im
1024 163 1261 205 Magdulenzu
1287 161 1332 194 dc
1358 159 1491 194 l‘azzis
1517 157 1619 197 Yirg.

539 269 699 308 Oratio.

294 342 380 377 eus,
401 328 475 379 qui
494 339 574 368 nos
590 326 707 368 beati
722 325 745 366 J
749 324 899 366 oannis
914 322 1023 363 Mar-

317 385 425 438 tyris
454 384 516 425 tui
543 388 674 435 atque
702 379 926 422 Pontifieis
955 381 1024 419 an-

206 456 290 484 nua
310 441 585 492 solemnitate
604 438 814 480 laetificas:
834 433 1026 477 concede

207 498 438 552 propitius;
474 502 520 538 ut
550 496 669 547 eujus
702 492 894 535 natalitia
926 489 1025 532 coli-

207 568 314 604 mus,
334 554 389 603 de
405 552 598 605 ejusdem
613 552 742 593 etiam
756 547 1026 603 protectione

209 611 484 662 gaudeamus.
511 610 594 650 Per
613 607 857 649 D6minum.

269 682 307 714 In
345 682 367 714 l.
401 680 592 713 Not-turno
626 675 824 710 Lectiones
857 672 901 704 dc
934 671 1030 703 Scri-

218 736 324 771 ptum
352 732 579 762 occurrente.

437 798 484 836 In
513 797 561 834 II.
590 794 809 833 Nocturno.

514 859 663 900 Lectio
684 858 735 896 iv.

267 935 325 976 ³:
354 922 458 967 aria
502 916 758 969 Magdalena
806 914 1030 956 illustriori

384 976 639 1017 Pazziorum
671 975 829 1024 genere
855 971 1029 1012 Floren-

355 1031 358 1037 '
384 1033 457 1074 tiae
476 1037 591 1080 nata,
618 1031 706 1072 fere
726 1028 779 1071 ab
799 1026 1031 1069 incunabu-

212 1090 264 1131 lis
298 1090 378 1131 iter
410 1087 689 1141 perfectionis
718 1084 909 1137 arripuit.
950 1083 1031 1124 De-

215 1146 361 1187 cennis
379 1147 636 1197 perpetuam
651 1141 941 1193 virginitatem
959 1152 1031 1180 vo-

215 1203 292 1251 vit,
321 1203 612 1253 susceptoque
640 1198 791 1240 habitu
818 1197 862 1237 in
888 1208 1032 1237 mona-

216 1258 347 1300 sterio
386 1263 547 1299 sanctae
582 1256 729 1297 Mariae
766 1252 1034 1304 Angelorum

217 1314 380 1356 Ordinis
401 1312 745 1360 Carmelitarum‚
774 1322 820 1351 se
845 1308 1035 1350 Omnium

216 1372 423 1412 virtutum
443 1368 664 1421 exemplar
681 1365 884 1409 exhibuit.
908 1364 1034 1406 Adeo

218 1432 335 1469 casta
362 1426 454 1475 fuit,
482 1430 529 1467 ut
558 1423 773 1476 quidquid
799 1421 1036 1475 puritatem

216 1482 376 1532 laedere
395 1487 553 1535 potest,
572 1481 743 1534 penitus
762 1477 1037 1529 ignoraverit.

218 1538 582 1591 Quinquennium,
610 1537 707 1578 Deo
725 1535 913 1587 jubente,
940 1533 1036 1575 solo

160 1602 166 1606 ’
218 1608 329 1648 pane
361 1600 404 1636 et
436 1607 549 1646 aqua
580 1592 805 1643 transegit,
842 1590 1037 1643 exceptis

220 1651 372 1693 diebus
382 1650 632 1698 Dominicis,
645 1648 800 1700 quibus
816 1647 925 1688 cibis
938 1659 1038 1698 qua-

221 1707 578 1758 dragesimalibus
613 1705 883 1747 vescebatur.
937 1704 1038 1745 Cor-

221 1777 304 1817 pus
324 1777 448 1805 suum
467 1762 622 1811 cilicio,
648 1761 844 1812 flagellis,
870 1760 1040 1811 frigore,

222 1819 385 1869 inedia,
431 1819 605 1870 vigiliis,
650 1817 865 1866 nuditate,
910 1821 1041 1869 atque

224 1876 341 1917 omni
359 1878 585 1928 poenarum
603 1876 759 1925 genere
778 1872 1009 1915 cruciabat.

284 1946 327 1993 Ny.
364 1941 549 1992 Propter
579 1939 821 1987 veritatem,
853 1943 896 1979 et
926 1951 1041 1979 man-

226 1996 515 2045 suetudinem,
541 2002 583 2037 et
607 1995 825 2047 justitiam:
851 2000 870 2020 *
891 1995 947 2036 Et
971 1993 1042 2036 de-

227 2052 358 2095 ducet
388 2058 432 2094 te
468 2051 720 2092 mirabiliter
751 2050 930 2092 dextera
959 2055 1044 2099 tua,

227 2108 406 2160 alleluia.
436 2108 482 2156 X'.
507 2108 661 2160 Specie
680 2113 770 2156 tua,
798 2113 841 2148 et
860 2106 1044 2159 pulchri-

226 2164 375 2206 tudine
399 2170 474 2206 tua
495 2162 684 2213 intende,
712 2166 923 2215 prospere
946 2175 1044 2215 pro-

228 2220 351 2270 cede,
370 2226 413 2263 et
431 2233 573 2271 regna.
601 2220 666 2261 Et.

541 2290 688 2329 Lectio
712 2302 744 2326 v.

311 2356 411 2392 anto
434 2350 532 2401 igne
556 2349 689 2391 divini
711 2349 870 2390 amoris
894 2352 1046 2391 aestua-

321 2406 410 2454 bat,
435 2412 482 2447 ut
501 2406 539 2447 ei
559 2405 738 2447 ferendo
757 2406 911 2457 impar,
934 2405 1046 2455 inge-

233 2467 299 2502 sta
323 2474 434 2514 aqua
458 2467 612 2514 pectus
642 2461 896 2512 refrigerare
923 2474 1046 2511 coge-

234 2520 360 2558 retur.
392 2518 524 2559 Extra
548 2531 700 2559 sensus
720 2517 968 2568 frequenter
987 2530 1049 2558 ra-

234 2579 320 2625 pta,
340 2571 561 2614 diuturnas
582 2579 625 2615 et
644 2572 919 2614 admirabiles
935 2575 1048 2614 exta-

236 2642 306 2670 ses
325 2641 454 2681 passa
477 2636 558 2678 est,
587 2630 629 2670 in
655 2629 811 2681 quibus
832 2635 874 2670 et
894 2631 1050 2670 areana

237 2684 430 2726 coelestia
462 2687 720 2736 penetravit,
753 2691 795 2727 et
827 2685 993 2726 eximiis
1027 2698 1051 2726 a

1076 259 1174 300 Deo
1194 257 1344 309 gratiis
1363 255 1578 296 illustrata
1597 251 1688 292 fuit.
1721 250 1803 291 His
1828 262 1899 291 au-

1077 321 1166 357 tem
1201 314 1366 354 munita
1404 311 1582 360 longum
1620 309 1840 349 certamen
1876 318 1900 346 a

1079 369 1348 424 principibus
1378 366 1658 414 tenebrarum
1689 362 1902 411 sustinuit,

1080 426 1218 476 arida,
1243 424 1456 471 desolata,
1482 421 1537 463 ab
1562 420 1763 463 omnibus
1782 417 1901 460 dere-

1079 484 1198 533 licta,
1238 481 1456 531 variisque
1487 475 1802 520 tentati6nibus
1831 487 1902 516 ve-

1081 542 1196 587 xata;
1220 539 1316 580 Deo
1336 537 1398 578 sic
1417 534 1711 588 permittente,
1732 537 1781 574 ut
1798 531 1902 572 invi-

1081 602 1163 638 ctae
1196 593 1437 648 patientiae,
1469 604 1521 632 ae
1551 587 1904 643 profundissimae

1080 650 1334 693 humilitatis
1354 647 1577 700 exemplar
1593 645 1823 700 praeberet.

1142 716 1189 764 Κ.
1210 709 1415 752 Dilexisti
1441 708 1668 760 iustitiam‚
1700 711 1745 748 et
1769 703 1905 746 odisti

1082 769 1372 822 iniquitatem:
1404 765 1683 817 *Propterea
1709 761 1835 804 unxit
1861 765 1907 802 te

1082 827 1220 874 Deus,
1271 825 1392 865 Deus
1437 827 1538 864 tuus
1584 820 1683 862 oleo
1727 817 1907 866 laetitiae,

1083 882 1263 932 alleluja.
1303 877 1352 925 δ”.
1369 880 1560 932 Propter
1583 876 1830 924 veritatem,
1862 878 1908 915 et

1083 937 1479 985 mansuetudinem,
1497 940 1542 976 et
1560 933 1779 986 justitiam.
1805 931 1909 972 Pro-

1084 997 1246 1048 pterea.

1391 1042 1543 1082 Lectio
1563 1041 1614 1079 vi.

1093 1102 1321 1209 Caritate
1341 1117 1444 1155 erga
1460 1102 1708 1156 proximum
1726 1099 1910 1151 singula-

1177 1165 1280 1206 riter
1304 1162 1471 1204 enituit:
1495 1172 1596 1201 nam
1619 1170 1740 1211 saepe
1758 1161 1911 1198 noctes

1087 1220 1275 1263 ducebat
1310 1220 1546 1266 ins6mnes‚
1591 1214 1661 1257 vel
1697 1211 1911 1256 obeundis

1088 1280 1287 1319 sororum
1306 1274 1571 1324 ministeriis,
1591 1271 1662 1313 vel
1680 1269 1912 1312 inservien-

1088 1334 1145 1376 do
1170 1333 1350 1374 infirmis
1375 1332 1605 1384 occupata,
1634 1339 1818 1380 quarum
1841 1324 1912 1367 ali-

1090 1390 1266 1443 quando
1307 1389 1455 1430 ulcera
1496 1385 1692 1428 lambens
1733 1380 1914 1424 sanavit.

1089 1446 1336 1488 Infidelium
1374 1450 1418 1486 et
1453 1443 1737 1497 peccatorum
1771 1436 1915 1491 perdi-

1089 1504 1252 1546 tionem
1272 1504 1419 1544 amare
1439 1500 1622 1548 deflenS,
1648 1510 1695 1539 se
1719 1494 1776 1538 ad
1800 1496 1915 1547 quae-

1090 1560 1198 1602 libet
1221 1572 1304 1612 pro
1332 1558 1506 1600 illorum
1531 1555 1673 1597 salute
1697 1553 1917 1595 tormenta

1090 1618 1290 1669 paratam
1336 1613 1560 1656 offerebat.
1621 1609 1770 1652 Multis
1816 1611 1917 1649 ante

1092 1673 1260 1714 obitum
1281 1671 1421 1720 annis,
1449 1668 1663 1711 universis
1687 1665 1789 1708 coeli
1813 1663 1916 1705 deli-

1093 1730 1184 1779 ciis,
1210 1728 1367 1781 quibus
1391 1726 1572 1779 copiose
1596 1722 1819 1771 affluebat,
1844 1719 1917 1762 he-

1093 1786 1213 1827 roica
1232 1785 1394 1826 virtute
1413 1782 1681 1830 renuntians,
1707 1775 1817 1820 illud
1835 1777 1916 1818 fte-

1095 1844 1277 1895 quenter
1300 1842 1344 1882 in
1368 1853 1444 1882 ore
1467 1837 1671 1880 habebat:
1695 1834 1807 1883 Pati,
1830 1845 1918 1874 non

1093 1899 1215 1940 mori.
1264 1896 1462 1939 Tandem
1490 1895 1621 1946 longa
1649 1897 1694 1935 et
1720 1889 1919 1943 gravissi-

1094 1969 1165 1998 ma
1191 1954 1442 1996 infirmitate
1468 1951 1695 2000 exhausta,
1721 1945 1921 1990 transivit

1096 2013 1152 2055 ad
1180 2024 1407 2066 sponsum,
1435 2009 1506 2052 die
1534 2007 1744 2059 vigesima
1772 2003 1922 2056 quinta

1096 2069 1206 2121 Maii,
1227 2081 1340 2110 anno
1356 2066 1587 2108 millesimo
1602 2059 1921 2105 sexcentesimo

1097 2126 1301 2179 septimo,
1334 2123 1510 2176 expleto
1539 2133 1654 2162 anno
1684 2116 1921 2171 quadrage-

1098 2183 1209 2224 simo
1229 2181 1371 2234 primo
1391 2179 1533 2221 aetatis
1552 2190 1654 2218 suae.
1685 2175 1795 2216 Eam
1817 2171 1923 2214 mul-

1096 2239 1153 2281 tis
1172 2239 1215 2279 in
1235 2238 1325 2279 vita
1344 2242 1387 2278 et
1409 2240 1512 2289 post
1534 2238 1723 2275 mortem
1739 2230 1922 2272 miracu-

1098 2295 1152 2336 lis
1172 2294 1349 2343 claram,
1375 2292 1574 2334 Clemens
1593 2301 1735 2331 nonus
1754 2287 1922 2327 sancta-

1099 2364 1195 2393 rum
1222 2349 1437 2402 virginum
1463 2351 1645 2388 numero
1674 2341 1925 2394 adscripsit:

1101 2409 1220 2460 cujus
1254 2418 1415 2458 eorpus
1447 2405 1491 2444 in
1517 2403 1781 2456 praesentem
1809 2397 1925 2440 diem

1100 2464 1399 2515 incorruptum
1418 2460 1713 2502 conservatur.

1156 2525 1206 2576 R.
1230 2522 1478 2564 Afferentur
1497 2519 1619 2570 Regi.
1638 2516 1748 2570 [108]
1803 2517 1808 2522 '

1159 2598 1199 2630 In
1223 2596 1284 2630 111.
1308 2595 1505 2630 Nocturno
1530 2590 1699 2626 Homilia
1722 2590 1759 2623 in
1782 2588 1925 2630 Evang.

1107 2645 1234 2679 Simile
1272 2643 1343 2678 erit
1376 2651 1535 2685 regnum
1571 2639 1757 2674 coelorum
1796 2637 1928 2671 decem

1102 2692 1328 2736 virginibus.
1346 2691 1393 2724 de
1406 2688 1541 2724 eodem
1555 2687 1658 2721 Com.
1680 2687 1706 2719 1.
1720 2685 1815 2719 loco.
1827 2683 1926 2728 [110]
