2066 2956
227 207 317 252 [242]

542 206 715 239 (⁷)l'licium
745 206 912 238 votivum
941 204 986 237 cle
1012 205 1067 235 ὃς.
1093 203 1343 236 Eucharistiae
1366 205 1621 236 Sacramenta

233 305 293 345 'Fe
318 304 430 344 trina
448 303 599 344 Deitas
623 305 796 354 unaque
819 301 1052 354 poscimus,

278 360 349 401 Sic
376 372 456 401 nos
483 365 532 402 tu
558 359 704 409 visita,
737 359 851 400 sicut
879 363 923 400 te
951 358 1052 400 coli-

535 429 647 457 mus:

276 473 361 514 Per
392 477 491 514 tuas
524 472 701 514 semitas
734 471 819 513 duc
850 483 931 513 nos
965 483 1052 523 quo

535 528 767 577 tendimus,

330 584 401 626 Ad
420 585 574 635 lucem,
595 598 726 638 quam
743 583 973 625 inhabitas.

536 642 688 683 Amen.

468 716 515 754 In
543 715 571 752 Ι.
600 714 821 752 Noeturno.

288 782 380 821 Ant.
406 781 611 822 Fructum
631 779 908 821 salutiferum.

517 853 714 892 psalmus
744 854 771 891 l.

236 917 461 967 *meatus
476 916 552 966 vir,
569 916 643 968 qui
663 929 751 957 non
766 915 874 958 abiit
888 916 932 956 in
951 928 1051 957 con-

239 979 242 1023 }
262 961 331 1030 ³3:55²,
354 972 452 1013 silio
472 972 718 1025 impiorum,
738 971 782 1014 et
800 973 844 1014 in
862 973 934 1014 via
952 985 1051 1025 pec-

238 1022 331 1052 ’3ψὲ
354 1030 552 1070 catorum
584 1042 673 1071 non
704 1030 840 1079 stetit,
872 1029 896 1055 *
930 1034 974 1070 et
1006 1029 1051 1069 in

226 1084 435 1126 cathedra
454 1085 716 1138 pestilentiae
735 1099 823 1127 non
843 1085 970 1127 sedit:

277 1145 364 1187 Sed
379 1146 423 1187 in
437 1146 532 1198 lege
543 1147 722 1188 Domini
732 1147 935 1189 voluntas
950 1148 1051 1199 eius,

225 1202 249 1227 *
269 1206 313 1243 et
331 1203 375 1243 in
392 1202 487 1255 lege
503 1204 593 1255 ejus
613 1203 895 1245 meditabitur
913 1203 984 1245 die
999 1216 1051 1245 ac

227 1264 367 1301 nocte.

206 1358 211 1363 ,
278 1315 335 1357 Et
362 1316 444 1357 erit
470 1321 695 1368 tamquam
722 1317 903 1369 lignum,
932 1316 1052 1369 quod

226 1371 471 1423 plantatum
482 1378 548 1414 est
563 1386 689 1415 secus
701 1372 911 1415 decursus
922 1375 1051 1425 aqua-

226 1440 333 1479 rum,
360 1430 384 1455 *
412 1429 532 1482 quod
559 1430 749 1472 fructum
777 1443 904 1471 suum
930 1429 1052 1472 dabit

226 1484 270 1525 in
289 1487 489 1539 tempore
509 1499 604 1528 suo:

277 1548 334 1589 Et
361 1547 514 1589 folium
542 1549 632 1600 ejus
660 1560 749 1589 non
769 1547 946 1590 defluet:
964 1547 988 1574 *
1009 1552 1053 1589 et

227 1604 374 1645 omnia
392 1607 681 1657 quaecumque
701 1604 847 1655 faciet,
871 1617 1051 1657 prospe-

226 1660 447 1702 rabuntur.

278 1717 380 1759 Non
413 1717 476 1759 sic
508 1717 650 1770 impii,
683 1730 772 1759 non
805 1717 886 1759 sic:
918 1718 941 1743 *
974 1716 1053 1758 sed

227 1779 450 1826 tamquam
495 1774 659 1827 pulvis,
702 1787 833 1827 quem
877 1773 1052 1826 prejicit

227 1836 382 1872 ventus
401 1843 427 1872 a
445 1831 555 1872 facie
573 1836 714 1873 terrae.

278 1886 387 1928 Ideo
412 1899 500 1928 non
525 1891 755 1939 resurgent
779 1887 903 1940 impii
927 1887 971 1927 in
995 1887 1053 1939 ju·

228 1943 358 1985 dicio:
383 1944 407 1969 *
433 1956 575 1996 neque
602 1946 860 1997 peccatores
883 1943 928 1984 in
951 1955 1052 1985 con-

229 2000 330 2042 cilio
350 2001 573 2052 justorum.

279 2061 497 2112 Quoniam
519 2062 643 2104 novit
664 2062 758 2102 Dfis
783 2061 899 2102 viam
923 2061 1052 2113 justo-

227 2131 338 2159 rum:
356 2118 379 2144 *
399 2123 444 2160 et
461 2119 543 2160 iter
562 2118 798 2171 impiorum
816 2117 986 2170 peribit.

289 2187 386 2225 Ant.
426 2187 631 2230 Fructum
673 2187 942 2229 salutiferum
980 2200 1053 2238 gu-

204 2286 207 2289 ,
228 2244 432 2286 standum
477 2243 598 2286 dedit
639 2244 855 2286 Dominus
900 2244 1054 2285 mortis

229 2314 320 2342 suae
339 2303 550 2354 tempore.

288 2371 383 2409 Ant.
415 2372 451 2409 Λ
469 2371 613 2413 fructu
631 2371 844 2413 frumenti.

518 2447 714 2486 psalmus
736 2448 772 2485 4.

309 2523 382 2550 um
420 2510 667 2552 invocarem
718 2509 940 2552 exaudivit
983 2522 1053 2551 me

321 2566 441 2607 Deus
465 2568 637 2617 iustitiae
657 2580 783 2608 meae:
807 2567 830 2592 *
854 2566 897 2607 in
920 2565 1053 2607 tribu-

229 2621 390 2663 latione
411 2622 602 2664 dilatasti
621 2623 737 2663 mihi.

282 2677 488 2719 Miserere
515 2679 620 2728 mei,
648 2680 671 2704 *
701 2684 744 2720 et
773 2678 931 2720 exaudi
960 2691 1052 2719 ora-

230 2734 393 2775 tionem
412 2730 564 2775 meam.

1156 299 1255 341 Filii
1287 299 1511 342 hominum
1544 303 1775 352 usquequo
1807 301 1929 352 gravi

1106 355 1262 399 corde?
1290 357 1315 383 *
1342 361 1390 398 ut
1419 356 1525 409 quid
1557 356 1739 408 diligitis
1765 357 1928 399 vanita-

1105 418 1206 463 tem,
1226 418 1270 455 et
1290 413 1486 466 quaeritis
1504 413 1800 455 mendacium?

1155 471 1212 512 Et
1244 470 1404 512 scitote
1442 470 1648 522 quoniam
1680 470 1930 511 mirificavit

1104 526 1319 568 Dominus
1345 531 1544 568 sanctum
1567 539 1707 568 suum:
1731 527 1755 552 *
1780 526 1928 568 Domi-

1104 596 1186 624 nus
1214 583 1421 625 exaudiet
1450 596 1522 625 me
1555 596 1655 625 cum
1682 583 1929 625 clamavero

1104 639 1161 682 ad
1181 653 1291 682 eum.

1155 697 1416 748 Irascimini,
1445 701 1489 739 et
1515 696 1651 739 nolite
1677 698 1882 750 peccare:
1905 697 1929 723 *

1106 766 1204 806 quae
1224 753 1368 795 dicitis
1392 754 1437 795 in
1457 752 1664 795 cordibus
1683 753 1860 804 vestris,
1884 753 1929 794 in

1104 809 1320 852 cubilibus
1338 810 1497 853 vestris
1517 810 1871 863 compungimini.

1154 867 1407 909 Sacrificate
1442 867 1707 909 sacrificium
1741 867 1929 919 justitiae,

1105 928 1149 965 et
1174 925 1349 976 sperate
1373 924 1418 964 in
1441 923 1647 965 Domino:
1670 924 1695 951 *
1717 923 1843 965 multi
1868 922 1928 965 di-

1104 985 1223 1022 cunt:
1252 980 1359 1030 Quis
1379 980 1572 1022 ostendit
1590 978 1720 1022 nobis
1738 979 1877 1022 bona?

1154 1037 1381 1088 Signatum
1417 1042 1484 1079 est
1516 1049 1648 1090 super
1668 1049 1756 1095 ,nos
1782 1036 1929 1079 lumen

1103 1093 1248 1135 vultus
1275 1094 1340 1135 tui
1367 1093 1572 1136 Domine:
1590 1094 1615 1121 *
1634 1093 1796 1136 dedisti
1822 1092 1929 1135 laeti-

1103 1150 1210 1191 tiam
1227 1150 1271 1191 in
1292 1149 1427 1192 corde
1445 1163 1556 1192 meo.

1153 1207 1195 1247 A
1219 1206 1363 1248 fructu
1388 1206 1609 1256 frumenti,
1637 1206 1743 1257 vini,
1770 1211 1814 1248 et
1841 1206 1927 1248 olei

1103 1263 1170 1304 sui
1187 1264 1211 1290 *
1227 1263 1506 1316 multiplicati
1525 1268 1636 1305 sunt.

1156 1320 1208 1360 In
1232 1332 1343 1372 pace
1367 1320 1411 1361 in
1437 1319 1631 1373 idipsum
1653 1320 1676 1346 *
1701 1319 1928 1370 dormiam,

1104 1380 1148 1417 et
1165 1376 1454 1428 requiescam;

1156 1433 1374 1483 Quoniam
1387 1437 1436 1474 tu
1445 1433 1636 1475 Domine
1651 1432 1930 1485 singulariter

1103 1489 1147 1530 in
1168 1502 1247 1542 spe
1266 1491 1290 1517 *
1309 1489 1577 1531 constituisti
1594 1502 1675 1532 me.

1163 1556 1259 1595 Ant.
1295 1557 1331 1595 Λ
1358 1555 1502 1597 fructu
1532 1555 1737 1597 frumenti
1769 1559 1812 1597 et
1841 1554 1931 1596 vini

1103 1611 1379 1664 multiplicati
1397 1611 1551 1654 fideles
1574 1612 1619 1653 in
1641 1623 1752 1665 pace
1771 1611 1932 1654 Christi

1104 1668 1395 1720 requiescunt.

1162 1734 1260 1773 Ant.
1290 1733 1603 1775 Communione
1622 1733 1781 1775 calicis,

1385 1816 1581 1855 Psalmus
1602 1816 1658 1855 15.

1111 1880 1368 1988 Conserva
1386 1899 1456 1928 me
1485 1886 1688 1941 Domine,
1725 1885 1931 1939 quoniam

1198 1943 1372 1995 speravi
1398 1942 1442 1983 in
1468 1947 1524 1984 te.
1548 1942 1572 1968 *
1595 1942 1698 1983 Dixi
1724 1943 1931 1984 Domino:

1105 2000 1226 2041 Deus
1250 2012 1373 2041 meus
1398 2012 1444 2041 es
1466 2004 1530 2049 tu,
1564 1999 1771 2051 quoniam
1794 1998 1929 2041 bono-

1106 2069 1202 2097 rum
1220 2058 1418 2098 meorum
1435 2068 1523 2098 non
1543 2068 1656 2106 eges.

1157 2113 1342 2162 Sanctis,
1368 2113 1441 2165 qui
1460 2117 1560 2154 sunt
1582 2113 1625 2153 in
1643 2118 1760 2154 terra
1779 2112 1883 2164 ejus,
1907 2112 1931 2136 *

1106 2169 1352 2211 mirificavit
1376 2181 1527 2211 omnes
1546 2168 1793 2211 voluntates
1811 2181 1932 2210 meas

1106 2226 1150 2267 in
1170 2226 1242 2268 eis.

1157 2282 1456 2335 Multiplicatae
1507 2286 1607 2324 sunt
1658 2281 1931 2323 infirmitates

1107 2341 1274 2381 eorum:
1292 2339 1316 2365 *
1333 2340 1491 2391 postea
1509 2338 1871 2380 acceleraverunt.

1156 2396 1258 2437 Non
1303 2394 1581 2446 congregabo
1630 2393 1931 2436 conventicula

1107 2455 1258 2495 eorum
1283 2451 1337 2494 de
1366 2450 1664 2502 sanguinibus,
1687 2451 1711 2477 *
1736 2463 1817 2492 nec
1845 2463 1931 2492 me-

1106 2522 1202 2551 mor
1235 2521 1310 2550 ero
1338 2508 1562 2549 nominum
1586 2509 1738 2549 eorum
1766 2519 1845 2560 per
1872 2506 1931 2547 la-

1105 2565 1177 2607 bia
1195 2578 1303 2608 mea.
1907 2563 1911 2567 '

1158 2623 1371 2663 Dominus
1394 2633 1497 2674 pars
1520 2619 1790 2670 haereditatis
1808 2632 1930 2669 meae,

1106 2684 1150 2720 et
1169 2679 1315 2720 calicis
1334 2678 1433 2719 mei:
1451 2678 1475 2702 ²⁸¹
1493 2682 1541 2718 tu
1561 2689 1619 2726 es,
1639 2676 1711 2729 qui
1727 2678 1929 2718 restitues

1106 2734 1407 2777 haereditatem
1426 2746 1567 2775 meam
1586 2732 1701 2773 mihi.
