2028 2892
834 178 1003 211 Sabbato
1030 182 1173 210 sancto.

1788 175 1854 210 247

195 271 462 320 Jerusalem,
497 269 760 318 Jerusalem,
799 270 975 310 conver-

146 333 242 370 tere
261 328 318 369 ad
336 327 576 368 deinum
594 326 738 366 Deum
756 330 889 366 tuum.

199 386 250 437 Rc,
277 384 399 425 Sicut
419 383 515 424 ovis
539 381 596 423 ad
617 381 882 422 occisianem
902 380 976 421 du-

149 446 247 483 ctus
270 444 352 489 est,
375 443 419 480 et
438 438 543 480 dum
564 437 679 479 male
701 438 976 486 tractaretur,

147 510 238 539 non
260 496 434 549 aperuit
457 508 508 536 os
533 507 674 536 suum:
700 493 887 535 traditus
911 498 978 534 est

149 553 207 594 ad
224 557 428 601 mortem,
450 552 473 575 *
494 551 554 593 Ut
577 550 818 592 vivificaret
841 551 977 602 pepu-

148 609 240 650 lum
263 621 400 650 suum.
432 602 481 653 V.
501 606 704 648 Tradidit
727 606 771 646 in
790 612 978 647 mortem

150 666 341 706 animam
366 678 506 714 suam,
534 668 578 705 et
601 664 714 704 inter
741 662 978 703 sceleratos

149 723 378 774 reputatus
399 726 478 762 est.
505 720 565 762 Ut
583 719 835 760 vivificaret.

249 779 401 820 Lectio
422 780 460 820 ii.
718 784 820 833 Cap.
837 784 873 821 4.

488 832 643 885 Aleph.

149 872 426 997 Quomodo
472 888 757 930 obscuratum
799 892 865 929 est
907 901 977 928 au-

251 959 365 995 rum,
397 947 589 986 mutatus
619 949 686 986 est
717 944 839 985 color
867 944 978 996 epti-

147 1015 266 1052 mus,
312 1001 501 1054 dispersi
541 1005 641 1042 sunt
676 1000 848 1053 lapides
885 1013 978 1040 san-

150 1059 304 1101 ctuarii
335 1059 380 1099 in
413 1058 557 1110 capite
592 1057 784 1099 omnium
815 1056 978 1109 platea-

147 1114 268 1156 rum?

201 1170 327 1212 Beth.
351 1170 447 1211 Filii
466 1170 571 1211 Sion
588 1170 749 1222 inclyti,
769 1174 812 1211 et
832 1168 980 1210 amicti

149 1239 257 1269 auro
303 1227 467 1280 primo:
517 1225 742 1279 quemodo
788 1225 980 1278 reputati

150 1288 270 1390 mgrnuth
273 1296 317 1379 1?ss
337 1295 443 1324 vasa
461 1284 617 1332 testea,
640 1295 753 1334 opus
772 1283 981 1322 manuum

149 1339 179 1380 fi
258 1339 266 1348 ⁰

201 1394 389 1436 Ghimel.
423 1393 514 1435 Sed
542 1399 585 1435 et
616 1393 762 1434 lamiae
791 1393 980 1435 nudave-

149 1456 250 1494 runt
278 1462 531 1499 mammam,
564 1450 838 1491 lactaverunt
864 1451 981 1491 catu-

149 1507 218 1549 los
242 1519 360 1548 suos:
388 1506 478 1547 filia
497 1505 652 1559 papuli
669 1506 756 1547 mei
779 1505 981 1555 crudelis,

152 1563 277 1616 quasi
296 1561 485 1604 strathio
504 1562 549 1602 in
568 1561 758 1603 deserto.

202 1618 376 1660 Daleth.
395 1617 596 1660 Adhaesit
614 1618 763 1669 lingua
779 1617 981 1658 lactentis

151 1675 208 1717 ad
242 1675 440 1728 palatum
476 1675 567 1726 ejus
602 1674 647 1715 in
683 1674 772 1715 siti:
809 1673 983 1726 parvuli

151 1731 374 1785 petierunt
399 1743 574 1784 panem,
604 1735 648 1772 et
674 1743 763 1772 non
788 1735 882 1771 erat
907 1730 982 1782 qui

112 1822 116 1825 .
150 1788 372 1839 frangeret
390 1787 463 1828 eis.

202 1845 283 1885 He.
320 1842 724 1894 Qui·vescebantur
749 1842 981 1894 voluptua-

151 1912 217 1951 se,
241 1899 498 1941 interierunt
524 1899 569 1939 in
595 1899 695 1939 viis:
723 1899 798 1950 qui
822 1897 980 1939 nutrie-

150 1955 310 1997 bantur
335 1955 379 1996 in
405 1955 588 2004 croceiS‚
616 1954 856 2007 amplexati
881 1958 982 1994 sunt

153 2012 359 2052 stercora.

204 2067 315 2108 Vau.
335 2068 392 2108 Et
409 2068 549 2118 major
568 2066 724 2107 effecta
743 2070 810 2107 est
827 2065 980 2117 iniqui-

151 2128 221 2164 tas
239 2122 342 2164 filiae
362 2122 517 2175 papuli
534 2122 621 2163 mei
639 2123 825 2174 peccato
844 2120 980 2162 Sodo-

151 2181 342 2229 morum,
371 2191 470 2230 quae
496 2178 708 2220 subversa
732 2182 799 2219 est
823 2178 867 2218 in
890 2189 980 2217 mo-

152 2237 322 2285 mento,
368 2239 412 2276 et
455 2247 544 2276 non
589 2236 800 2286 ceperunt
844 2233 887 2273 in
931 2245 982 2273 ea

152 2305 317 2333 manus.

204 2346 467 2395 Jerusalem,
502 2345 766 2394 Jerusalem,
803 2346 980 2386 conver-

153 2408 247 2445 tere
266 2403 323 2445 ad
342 2403 580 2444 D6minum
598 2402 743 2443 Deum
761 2406 894 2442 tuum.

205 2461 255 2511 R.
284 2459 307 2500 J
312 2458 528 2500 ernsalem
556 2469 703 2508 surge,
731 2462 774 2498 et
801 2458 910 2497 exue
937 2459 981 2495 te

154 2515 351 2557 vestibus
383 2514 679 2566 jucunditatis:
716 2511 897 2553 induere
926 2513 981 2551 ci-

154 2583 259 2612 nere
281 2576 324 2612 et
343 2571 495 2620 cilicio,
511 2574 532 2597 *
554 2570 666 2620 Quia
684 2569 728 2609 in
746 2573 790 2609 te
810 2569 981 2609 occisus

156 2631 223 2668 est
240 2627 440 2668 Salvator
459 2626 607 2667 Israel.
634 2621 684 2673 V.
704 2623 859 2665 Deduc
880 2634 981 2674 qua-

156 2682 193 2722 si
214 2684 457 2724 torrentem
477 2681 681 2722 lacrimas
702 2692 783 2732 per
803 2678 918 2719 diem
938 2681 982 2718 et
1044 2675 1048 2687 ¹

1027 273 1214 316 noctem,
1235 273 1279 309 et
1294 281 1382 310 non
1400 271 1544 311 taceat
1558 270 1724 323 pupilla
1739 271 1854 313 Oculi

1027 324 1103 365 tui.
1130 325 1243 374 Quia
1260 325 1303 365 in
1320 330 1375 366 te.

1031 392 1191 444 Incipit
1215 392 1368 433 Oratio
1389 392 1414 432 J
1417 395 1589 434 eremiae
1610 394 1853 447 Prophetae.

1136 453 1286 495 Lectio
1306 455 1361 493 iii.
1597 453 1698 504 Cap.
1714 455 1750 493 5.

1031 509 1327 613 Recordare
1347 514 1534 555 Domine
1561 515 1664 566 quid
1688 516 1852 557 accide-

1146 570 1202 611 rit
1228 570 1372 611 nobis:
1400 570 1584 619 intuere,
1613 578 1656 612 et
1683 573 1851 624 respice

1031 625 1318 678 opprdbrium
1349 631 1558 667 nostrum.
1606 627 1853 668 Haereditas

1031 687 1181 723 nostra
1199 694 1327 723 versa
1342 687 1408 723 est
1427 682 1483 723 ad
1499 682 1677 723 alie'nos:
1698 683 1853 724 domus

1029 743 1193 780 nostrae
1215 737 1272 779 ad
1292 740 1535 779 extraneos.
1571 739 1731 790 Pupilli
1752 739 1855 781 facti

1031 808 1180 835 sumus
1213 794 1380 847 absque
1413 800 1554 847 patre,
1588 801 1750 836 matres
1781 808 1854 836 no-

1030 856 1133 892 strae
1150 851 1273 903 quasi
1292 850 1446 891 viduae.
1474 852 1649 903 Aquam
1662 858 1854 892 nostram

1030 907 1215 958 pecunia
1234 906 1437 948 bibimus:
1458 906 1574 957 ligna
1592 913 1741 948 nostra
1760 909 1854 959 pre-

1030 963 1092 1004 tio
1113 963 1474 1015 comparavimus.
1511 963 1762 1004 Cervicibus
1782 976 1854 1004 no-

1031 1019 1134 1059 stris
1157 1019 1445 1068 minabamur,
1469 1018 1594 1059 lassis
1617 1032 1704 1060 non
1725 1019 1854 1060 daba-

1030 1080 1101 1116 tur
1120 1075 1305 1127 requies.
1332 1075 1528 1127 AEgtho
1550 1074 1749 1116 dedimus
1767 1088 1854 1116 ma-

1031 1145 1154 1180 num,
1191 1136 1234 1172 et
1262 1132 1452 1184 Assyriis
1484 1136 1532 1172 ut
1565 1133 1856 1172 saturaremur

1032 1200 1157 1240 pane.
1209 1187 1363 1228 Patres
1390 1187 1527 1228 nostri
1555 1189 1856 1239 peccaverunt,

1033 1248 1077 1284 et
1097 1255 1185 1284 non
1205 1248 1321 1284 sunt:
1350 1248 1393 1284 et
1412 1256 1493 1284 nos
1516 1243 1768 1294 iniquitates
1789 1245 1857 1283 eo-

1032 1312 1130 1340 rum
1162 1300 1443 1351 portavimus.
1496 1299 1620 1339 Servi
1649 1298 1859 1339 dominati

1033 1361 1134 1396 sunt
1152 1356 1305 1396 nostri:
1326 1368 1414 1396 non
1432 1355 1513 1395 fuit
1533 1355 1606 1406 qui
1626 1354 1859 1395 redimeret

1034 1411 1089 1452 de
1112 1424 1243 1452 manu
1267 1414 1429 1452 eorum.
1465 1412 1515 1451 In
1540 1410 1764 1451 animabus
1785 1423 1857 1451 no-

1034 1467 1135 1508 stris
1163 1467 1453 1508 afferebamus
1481 1479 1639 1518 panem
1663 1466 1805 1514 nobis,
1833 1478 1858 1506 a

1033 1524 1144 1564 facie
1169 1523 1303 1574 gladii
1327 1524 1371 1563 in
1397 1522 1583 1564 deserto.
1628 1521 1759 1563 Pellis
1784 1534 1858 1562 no-

1034 1584 1141 1628 stra,
1176 1579 1301 1631 quasi
1331 1579 1527 1620 clibanus
1560 1581 1712 1619 exusta
1741 1582 1807 1618 est
1834 1590 1858 1618 a

1033 1636 1144 1676 facie
1163 1638 1475 1687 tempestatum
1492 1634 1628 1675 famis.
1656 1633 1859 1674 Mulieres

1033 1691 1078 1732 in
1101 1691 1205 1733 Sion
1227 1691 1576 1740 humiliaverunt,
1605 1695 1648 1731 et
1671 1689 1859 1739 virgines

1033 1747 1077 1787 in
1096 1747 1347 1789 civitatibus
1366 1748 1391 1788 J
1393 1746 1490 1788 uda.

1087 1802 1346 1853 Jerusalem,
1382 1801 1642 1851 Jerusalem,
1680 1802 1856 1842 conver-

1033 1863 1126 1901 tere
1147 1858 1203 1900 ad
1220 1860 1458 1900 Daminum
1476 1859 1618 1899 Deum
1636 1862 1769 1898 tuum.

1089 1916 1138 1967 Ru
1150 1915 1314 1966 Plange
1331 1915 1455 1967 quasi
1469 1914 1592 1964 virgo
1606 1913 1732 1966 plebs
1747 1924 1856 1953 mea:

1033 1971 1197 2013 ululate
1223 1974 1425 2023 pastores
1453 1971 1496 2011 in
1526 1972 1669 2011 cinere
1700 1974 1742 2010 et
1770 1967 1854 2009 cili-

1034 2027 1116 2068 cio:
1145 2029 1167 2051 *
1183 2028 1295 2077 Quia
1318 2028 1437 2068 venit
1460 2026 1553 2067 dies
1571 2025 1747 2066 Damini
1768 2036 1854 2063 ma-

1032 2095 1134 2133 gna,
1159 2088 1202 2124 et
1221 2085 1367 2124 amara
1386 2082 1524 2123 valde.
1563 2076 1611 2126 Y.
1628 2079 1854 2129 Accingite

1032 2151 1113 2179 vos
1129 2139 1391 2188 sacerdotes,
1411 2144 1454 2180 et
1466 2137 1658 2191 plangite
1672 2134 1855 2175 ministri

1033 2194 1197 2244 altaris,
1221 2195 1440 2248 aspergite
1461 2207 1540 2234 vos
1563 2194 1715 2233 cinere.
1744 2189 1854 2239 Quia

1033 2251 1162 2292 venit.
1189 2226 1363 2303 ’Planga

1262 2321 1309 2358 In
1338 2319 1387 2357 ΙΙ.
1416 2316 1634 2356 Noctumo.

1088 2381 1188 2420 Ant.
1199 2378 1441 2421 Elevamini
1454 2381 1593 2429 portae
1611 2373 1853 2422 aeternales,

1033 2442 1077 2478 et
1094 2436 1291 2478 introibit
1311 2436 1406 2475 Rex
1424 2432 1586 2484 gloriae.

1310 2496 1505 2536 Psalmus
1524 2495 1588 2533 23.

1042 2585 1092 2624 ;».
1096 2586 1130 2613 ,η
1142 2567 1294 2606 onum
1315 2567 1381 2603 est
1403 2566 1534 2608 terra,
1559 2563 1603 2599 et
1626 2555 1852 2610 plenitudo

1034 2612 1094 2677 11ἓᾷ
1095 2620 1134 2675 ²)
1180 2621 1288 2671 ejus:
1324 2619 1347 2643 *
1384 2615 1502 2657 orbis
1538 2615 1772 2661 terrarum,
1809 2616 1853 2652 et

1178 2673 1366 2716 universi
1386 2671 1458 2723 qui
1477 2669 1703 2711 habitant'
1692 2681 1735 2708 1n
1755 2680 1819 2709 eo.
