2066 2956
534 195 681 228 Domin.
709 194 732 227 1.
759 194 858 234 Maii.
908 193 947 226 B.
974 194 1018 227 M.
1044 193 1083 226 V.
1110 193 1233 225 divini
1258 193 1431 226 Pastoris
1459 192 1600 226 Matris.

209 292 508 332 constiterant:
538 295 638 331 ante
667 290 803 332 colles
829 303 911 341 ego
939 303 1036 343 par-

207 346 412 388 turiebar:
440 345 599 387 Adhuc
624 351 787 388 terram
811 359 899 387 non
927 347 1036 388 fece-

208 407 289 450 rat,
318 407 362 442 et
391 402 586 451 fiumina,
615 408 657 444 et
686 402 888 443 cardines
916 402 1036 443 orbis

206 463 346 499 terrae.
379 456 566 508 Quando
591 458 873 510 praeparabat
898 459 1036 500 coelos

207 513 399 554 aderam:
416 513 592 565 quando
609 519 729 555 certa
745 514 853 563 lege,
868 520 911 555 et
926 527 1035 565 gyro

207 569 398 610 vallabat
427 568 629 620 abyssos:
666 568 843 621 quando
872 569 1036 611 aethera

206 624 407 666 firmabat
423 637 606 675 sursum,
626 631 669 667 et
688 625 877 667 librabat
893 626 1036 667 fontes

206 683 438 732 aquarum:
500 680 676 731 quando
736 680 1037 723 circumdabat

205 737 314 777 mari
351 736 585 778 terminum
623 750 766 786 suum,
810 742 853 778 et
894 737 1035 787 legem

209 792 402 844 ponebat
422 792 563 844 aquis,
590 805 644 834 ne
669 795 903 835 transirent
927 793 1036 834 fines

207 861 326 889 suos:
362 846 539 900 quando
573 848 855 901 appendebat
887 848 1036 890 funda-

205 906 351 945 menta
370 909 511 945 terrae.
540 904 648 945 Cum
668 917 721 946 eo
743 918 861 946 eram
881 909 1036 946 cuncta

206 962 490 1012 componens:
517 964 560 1001 et
581 959 834 1002 delectabar
854 974 933 1013 per
953 963 1035 1001 sin-

205 1015 332 1065 gulos
352 1014 462 1063 dies,
489 1014 644 1056 ludens
671 1029 821 1057 coram
845 1029 898 1057 eo
919 1016 1036 1057 omni

205 1072 418 1122 tempore;
441 1070 596 1112 ludens
616 1072 659 1112 in
680 1071 787 1113 orbe
806 1074 1036 1113 terrarum:

207 1131 250 1167 et
269 1125 438 1167 deliciae
456 1139 567 1168 meae
587 1140 700 1177 esse,
721 1141 820 1168 cum
839 1127 940 1168 filiis
959 1127 1035 1168 ho-

206 1182 379 1222 minum.
412 1182 541 1223 Nunc
561 1195 667 1233 ergo
687 1183 765 1223 filii
784 1182 932 1225 audite
951 1196 1036 1224 me:

208 1237 352 1286 Beati,
386 1238 460 1288 qui
495 1237 748 1280 custodiunt
779 1239 873 1280 vias
904 1252 1036 1280 meas.

208 1292 370 1334 Audite
400 1292 691 1345 disciplinam,
725 1300 768 1336 et
800 1297 942 1336 estote
971 1307 1035 1335 sa-

206 1349 387 1400 pientes,
408 1354 451 1390 et
470 1349 604 1391 nolite
623 1349 809 1401 abjicere
830 1363 936 1392 eam.

261 1419 310 1469 Rg.
335 1417 493 1457 Anima
515 1430 614 1458 mea
638 1417 907 1460 desideravit
929 1424 974 1461 te
993 1419 1036 1460 in

207 1478 353 1514 nocte:
371 1476 390 1497 *
406 1473 493 1514 Sed
514 1479 556 1515 et
575 1474 732 1526 spiritu
750 1487 849 1516 meo
864 1475 907 1515 in
925 1488 1035 1527 prae-

209 1528 372 1569 cordiis
391 1529 514 1578 meis:
541 1529 596 1570 de
622 1544 750 1572 mane
769 1531 959 1581 vigilabo
980 1530 1037 1573 ad

207 1589 268 1633 te,
287 1584 468 1636 alleluja.
498 1581 546 1632 XV,
565 1586 659 1636 Ego
680 1586 867 1636 dormio,
895 1593 939 1628 et
960 1600 1036 1629 cor

208 1653 352 1681 meum
372 1641 537 1691 vigilat:
564 1654 653 1683 vox
673 1642 821 1684 dilecti
839 1643 925 1684 mei
944 1643 1036 1695 pul-

209 1696 357 1737 santis.
384 1696 481 1738 Sed.

508 1778 658 1819 Lectio
680 1779 733 1819 iii.

210 1844 417 1947 Beatus
448 1850 581 1892 homo
615 1852 688 1903 qui
721 1853 842 1895 audit
871 1866 961 1907 1116,
993 1860 1036 1895 et

309 1906 383 1958 qui
402 1907 550 1956 vigilat
573 1908 629 1949 ad
653 1908 770 1949 fores
789 1922 910 1951 meas
931 1922 1036 1961 quo-

208 1960 331 2011 tidie,
365 1967 408 2003 et
435 1962 642 2004 observat
670 1964 726 2005 ad
753 1970 907 2017 postes
936 1966 1036 2006 ostii

209 2018 304 2058 mei.
333 2018 416 2067 Qui
435 2031 506 2059 me
523 2018 747 2069 invenerit,
766 2021 958 2063 inveniet
976 2022 1035 2063 vi-

208 2079 308 2123 tam,
328 2078 372 2114 et
390 2073 561 2115 hauriet
580 2074 767 2116 salutem
787 2089 812 2117 a
826 2077 1036 2119 Domino:

211 2129 282 2180 qui
304 2135 448 2170 autem
467 2130 509 2169 in
530 2143 600 2171 me
617 2132 884 2183 peccaverit,
903 2133 1036 2175 laedet

211 2185 396 2225 animam
434 2198 568 2226 suam.
629 2186 810 2237 Omnes,
858 2189 931 2240 qui
966 2203 1036 2231 me

212 2239 407 2288 oderunt,
427 2240 613 2291 diligunt
631 2248 832 2284 mortem.
860 2244 1035 2297 Sapien-

210 2295 270 2336 tia
289 2295 522 2338 aedificavit
546 2297 629 2339 sibi
649 2298 847 2349 domum,
875 2301 1036 2343 excidit

212 2351 435 2392 columnas
452 2358 631 2404 septem.
654 2354 902 2397 Immolavit
917 2357 1035 2397 victi-

211 2419 304 2446 mas
329 2420 446 2455 suas,
474 2409 648 2450 miscuit
673 2410 838 2460 vinum,
867 2416 910 2452 et
935 2425 1035 2464 pro-

211 2462 359 2512 posuit
380 2476 575 2505 mensam
602 2478 736 2506 suam.
770 2467 889 2508 Misit
907 2468 1035 2508 ancil-

211 2516 276 2556 las
296 2530 407 2567 suas,
434 2525 480 2560 ut
500 2522 710 2563 vocarent
734 2522 790 2563 ad
810 2536 968 2572 arcem,
993 2529 1036 2565 et

213 2571 268 2612 ad
283 2574 442 2614 moenia
458 2575 662 2617 civitatis:
682 2577 725 2618 Si
743 2579 839 2629 quis
855 2585 922 2620 est
938 2581 1035 2631 par-

212 2627 353 2677 vulus,
373 2630 517 2671 veniat
537 2631 592 2672 ad
611 2646 692 2673 me.
724 2634 781 2675 Et
800 2634 1035 2687 insipienti-

212 2682 294 2724 bus
320 2683 467 2725 locuta
491 2691 575 2727 est:
607 2688 784 2739 Venite,
818 2689 1036 2732 comedite

1089 304 1247 344 panem
1292 303 1457 339 meum,
1503 295 1547 332 et
1592 289 1730 331 bibite
1774 289 1922 331 vinum

1091 346 1212 399 quod
1233 346 1388 388 miscui
1409 346 1548 388 vobis.

1148 411 1195 460 Ra
1225 412 1346 452 Sicut
1378 410 1527 452 visitat
1556 414 1710 462 pastor
1743 421 1921 460 gregem

1090 480 1217 508 suum
1247 467 1291 508 in
1324 466 1411 514 die,
1442 468 1462 490 *
1496 464 1684 516 Quando
1717 465 1848 507 fuerit
1878 464 1921 505 in

1088 523 1236 564 medio
1249 523 1398 564 ovium
1409 524 1587 563 suarum
1599 521 1921 574 dissipatarum,

1090 579 1273 631 alleluja.
1298 574 1348 625 V.
1368 578 1438 619 Sic
1454 577 1642 619 visitabo
1663 590 1771 618 oves
1789 590 1920 626 meas,

1090 641 1133 677 et
1160 634 1358 677 liberabo
1396 647 1470 675 eas
1499 633 1554 675 de
1583 633 1785 675 omnibus
1812 633 1921 674 locis

1089 691 1133 731 in
1154 690 1224 732 die
1243 690 1388 739 nubis,
1415 694 1459 730 et
1479 689 1688 740 caliginis.
1722 688 1921 739 Quando.

1092 747 1243 788 Gloria
1261 746 1391 788 Patri.
1420 744 1618 795 Quando.

1323 834 1372 872 In
1392 834 1443 872 H.
1463 833 1687 874 Nocturno.

1143 898 1242 938 Ant.
1271 897 1462 939 Salvabo
1488 908 1668 948 gregem
1690 908 1854 945 meum,
1879 901 1923 938 et

1089 966 1178 994 non
1198 954 1279 995 erit
1298 953 1413 995 ultra
1431 953 1475 994 in
1495 955 1712 1006 rapinam,
1738 952 1921 1003 alleluja.

1141 1004 1191 1057 V.
1233 1009 1472 1061 Adjuvabit
1510 1021 1606 1050 eam
1639 1009 1762 1050 Deus
1798 1007 1922 1049 vultu

1091 1078 1190 1115 suo,
1223 1065 1405 1118 alleluJa.
1463 1068 1511 1119 Rg.
1546 1065 1668 1106 Deus
1700 1065 1744 1105 in
1774 1063 1922 1105 medio

1091 1122 1192 1173 ejus
1213 1133 1301 1162 non
1320 1120 1680 1170 commovebitur,
1701 1120 1884 1172 alleluja.

1116 1197 1270 1239 Sermo
1298 1197 1439 1239 sancti
1463 1197 1679 1239 Bernardi
1697 1195 1897 1239 Abbatis.

1394 1268 1545 1309 Lectio
1565 1269 1618 1309 iv.

1091 1334 1149 1366 Ex
1172 1333 1289 1367 Serm.
1318 1333 1355 1366 in
1379 1343 1462 1376 cap.
1486 1334 1534 1367 12.
1562 1333 1683 1377 Apoc.
1713 1338 1800 1369 ante
1822 1334 1919 1369 med.

1101 1397 1227 1437 ‘fr
1245 1387 1536 1440 mplectamur
1555 1387 1706 1428 Mariae
1727 1386 1924 1437 vestigia,

1100 1439 1229 1516 J)
1262 1444 1419 1486 fratres
1441 1444 1543 1494 mei,
1571 1449 1615 1486 et
1639 1443 1924 1485 devotissima

1166 1506 1210 1516 “
1263 1500 1587 1553 supplicatione
1627 1499 1770 1542 beatis
1807 1498 1924 1541 illius

1089 1554 1277 1607 pedibus
1302 1556 1629 1608 provolvamur.
1673 1556 1923 1597 Teneamus

1090 1623 1197 1661 eam,
1217 1625 1300 1653 nec
1319 1611 1605 1662 dimittamus,
1631 1611 1774 1654 donec
1793 1611 1923 1653 bene-

1090 1666 1249 1709 dixerit
1292 1667 1435 1709 nobis:
1478 1673 1637 1720 potens
1683 1673 1751 1710 est
1797 1668 1922 1710 enim.

1090 1723 1262 1776 Nempe
1299 1724 1440 1766 vellus
1477 1729 1545 1766 est
1582 1723 1776 1766 medium
1809 1724 1923 1766 inter

1090 1791 1236 1832 rorem
1262 1785 1306 1822 et
1331 1782 1495 1831 aream,
1526 1780 1682 1822 mulier
1713 1780 1828 1822 inter
1854 1792 1922 1821 so-

1089 1835 1175 1876 lem
1190 1841 1234 1878 et
1247 1836 1406 1886 lunam,
1420 1837 1559 1878 Maria
1573 1837 1686 1878 inter
1702 1836 1923 1879 Christum

1091 1896 1134 1932 et
1152 1892 1397 1934 Ecclesiam
1417 1893 1667 1935 constituta.
1698 1892 1788 1934 Sed
1807 1892 1922 1934 forte

1090 1947 1261 1989 miraris
1296 1961 1384 1990 non
1420 1953 1512 1990 tam
1543 1948 1684 1990 vellus
1716 1950 1922 2002 opertum

1089 2016 1201 2053 rore,
1218 2017 1350 2056 quam
1365 2007 1570 2046 amictam
1580 2004 1674 2047 sole
1683 2004 1922 2047 mulierem.

1089 2059 1249 2111 Magna
1277 2060 1495 2113 siquidem
1523 2061 1810 2111 familiaritas,
1843 2059 1922 2109 sed

1089 2116 1199 2157 mira
1219 2118 1397 2158 omnino
1413 2117 1613 2159 vicinitas
1633 2117 1749 2167 solis,
1769 2121 1814 2159 et
1830 2129 1921 2158 mu-

1089 2171 1217 2212 lieris.
1259 2172 1493 2222 Quomodo
1522 2173 1637 2214 enim
1664 2173 1708 2213 in
1735 2178 1826 2214 tam
1849 2185 1920 2214 ve-

1088 2226 1281 2269 hementi
1306 2228 1479 2270 fervore
1503 2234 1594 2270 tam
1613 2228 1779 2279 fragilis
1798 2231 1919 2270 natu-

1089 2296 1136 2324 ra
1156 2283 1379 2325 subsistit?
1408 2284 1568 2327 Merito
1589 2284 1768 2336 quidem
1787 2284 1920 2326 admi-

1089 2339 1199 2380 raris
1227 2339 1404 2391 Moyses
1433 2345 1600 2390 sancte,
1635 2345 1679 2382 et
1707 2340 1920 2381 curiosius

1090 2394 1316 2436 desideras
1368 2395 1537 2436 intueri.
1605 2396 1921 2437 Verumtamen

1089 2450 1211 2491 solve
1231 2450 1526 2492 calceamenta
1546 2450 1601 2493 de
1620 2450 1808 2504 pedibus
1823 2451 1920 2499 tuis,

1090 2511 1133 2547 et
1159 2506 1385 2548 involucra
1409 2519 1526 2559 pone
1547 2506 1785 2548 carnalium
1804 2507 1919 2558 cogi-

1088 2563 1318 2612 tationum,
1344 2563 1380 2603 si
1400 2562 1611 2604 accedere
1631 2563 1920 2615 concupiscis.

1140 2637 1191 2687 R.
1228 2636 1369 2688 Super
1399 2648 1572 2677 omnem
1605 2635 1761 2677 faciem
1788 2641 1920 2678 terrae

1090 2691 1278 2744 dispersi
1316 2697 1416 2733 sunt
1450 2704 1606 2743 greges
1638 2692 1724 2733 mei
1756 2697 1800 2734 et
1831 2704 1920 2734 non
