2028 2892
817 193 1015 227 Uominica
1045 192 1079 224 in
1106 191 1228 224 Albis.

214 296 263 345 Rz.
298 291 489 342 Surgens
514 290 641 331 Jesus
669 289 886 330 Deminus
917 300 991 329 no-

162 352 268 396 ster,
296 351 416 387 stans
439 347 483 387 in
502 344 650 387 medio
675 345 991 397 discipulerum

162 405 353 452 suerum,
370 402 495 444 dixit:
511 405 533 427 ⁸²
548 402 641 442 Pax
652 400 790 451 vobis,
807 400 992 451 alleluja:

161 458 300 510 gavisi
324 464 424 500 sunt
448 457 651 510 discipuli
674 458 769 498 viso
789 457 992 504 Demino‚

162 514 344 565 alleluia.
379 511 424 561 Y.
450 514 547 555 Una
571 526 676 565 ergo
697 512 992 561 sabbaterum‚

162 583 261 611 cum
280 570 398 611 fores
418 574 566 611 essent
585 569 757 619 clausae,
776 568 851 610 ubi
870 572 994 609 erant

163 626 367 678 discipuli
400 626 670 677 congregati,
703 625 823 667 venit
854 625 993 673 Jesus,

163 688 207 724 et
232 682 352 724 stetit
378 682 421 723 in
445 682 592 723 medio
620 684 788 728 eerum‚
818 685 860 722 et
885 680 994 721 dixit

164 739 238 780 eis.
274 739 366 778 Pax
385 738 523 779 vobis.
560 738 713 778 Gleria
732 736 863 777 Patri.
901 736 993 776 Pax

163 794 300 835 vobis.

464 878 615 918 Lectio
639 878 690 916 ix.

249 953 328 995 ixit
347 953 424 994 eis:
452 952 544 993 Pax
563 950 701 992 vobis.
738 950 859 991 Sicut
877 950 995 991 misit

258 1021 328 1049 me
347 1009 493 1056 Pater,
519 1012 562 1048 et
582 1019 664 1058 ego
684 1006 811 1047 mitto
831 1018 924 1047 vos:
949 1005 995 1046 id

164 1070 242 1114 est,
264 1065 376 1106 sicut
394 1063 513 1104 misit
530 1075 601 1104 me
620 1063 751 1103 Pater
770 1062 892 1103 Deus
911 1062 994 1102 De-

164 1134 253 1169 um,
281 1126 324 1162 et
348 1133 430 1171 ego
454 1120 582 1161 mitto
602 1131 682 1160 vos
705 1118 838 1159 homo
858 1118 995 1158 hemi-

164 1189 253 1218 nes.
289 1177 420 1217 Pater
439 1175 597 1216 Filium
621 1175 756 1223 misit,
784 1175 857 1226 qui
880 1174 996 1215 hunc

165 1245 248 1284 pro
281 1232 585 1284 redemptione
617 1231 788 1281 generis
817 1230 996 1271 humani

166 1288 383 1329 incarnari
408 1287 646 1328 constituit.
680 1287 823 1336 Quem
846 1285 996 1327 videli-

166 1349 236 1385 cet
263 1344 307 1384 in
334 1342 546 1384 mundum
571 1345 720 1384 venire
745 1341 803 1383 ad
829 1342 996 1394 passie-

165 1412 265 1440 nem
289 1399 443 1440 veluit:
472 1398 552 1440 sed
576 1403 723 1440 tamen
749 1398 912 1439 amavit
929 1397 996 1438 Fi-

165 1455 288 1505 lium,
331 1467 462 1507 quem
494 1454 551 1495 ad
582 1454 836 1506 passienem
867 1453 997 1494 misit.

165 1511 344 1552 Electos
373 1522 480 1551 vero
508 1509 754 1562 Apestolos
782 1509 997 1550 Deminus

164 1580 253 1608 non
285 1566 342 1608 ad
371 1565 524 1607 mundi
555 1565 734 1616 gaudia,
772 1564 852 1606 sed
885 1565 998 1606 sicut

164 1623 260 1675 ipse
286 1622 447 1663 missus
476 1626 561 1671 est,
602 1621 659 1662 ad
691 1621 921 1673 passiones
953 1621 998 1661 in

164 1678 377 1719 mundum
404 1677 548 1718 mittit.
587 1677 698 1726 Quia
727 1689 832 1726 ergo
861 1681 905 1717 et
930 1677 997 1716 Fi-

165 1734 250 1775 lius
275 1736 446 1774 amatur
471 1745 496 1773 a
520 1733 670 1781 Patre,
699 1737 743 1773 et
769 1736 916 1773 tamen
942 1731 998 1772 ad

165 1790 417 1841 passionem
430 1788 630 1829 mittitur:
648 1789 709 1829 ita
729 1793 773 1829 et
793 1787 998 1839 discipuli

166 1858 192 1886 a
210 1845 403 1886 Demino
424 1847 642 1893 amantur,
671 1844 747 1896 qui
769 1848 917 1885 tamen
941 1842 998 1884 ad

165 1901 417 1953 passionem
448 1900 679 1941 mittuntur
706 1899 750 1939 in
776 1898 998 1940 mundum.

165 1957 322 2007 Itaque
354 1960 474 1997 recte
507 1955 679 1997 dicitur:
726 1954 848 1996 Sicut
879 1954 998 1996 misit

166 2024 236 2054 me
255 2012 403 2060 Pater,
425 2016 469 2053 et
488 2023 570 2061 ego
589 2011 716 2052 mitto
736 2022 832 2052 vos:
855 2009 901 2051 id
921 2015 997 2060 est,

168 2080 220 2109 ea
247 2080 329 2109 vos
357 2067 541 2108 caritate
571 2066 722 2117 diligo,
757 2079 857 2107 cum
884 2066 997 2107 inter

167 2123 375 2165 scandala
393 2124 727 2175 persecutorum
746 2122 890 2171 mitto,
912 2134 998 2174 qua

166 2192 237 2221 me
256 2180 439 2221 caritate
453 2178 586 2220 Pater
605 2177 756 2229 diligit,
777 2190 908 2230 quem
927 2190 997 2219 ve·

167 2238 261 2277 nire
285 2235 342 2277 ad
360 2234 614 2276 tolerandas
634 2234 865 2286 passienes
884 2234 998 2275 fecit.

222 2303 283 2341 Te
302 2300 447 2341 Deum
465 2298 707 2340 laudamus
731 2298 790 2338 15.

426 2386 506 2427 Ad
528 2385 737 2428 Laudes.

222 2453 320 2491 Ant.
363 2452 562 2504 Alleluia,
594 2451 782 2503 alleluia,
815 2451 998 2502 alleluia,

169 2506 355 2558 alleluia,
384 2508 572 2560 alleluia,
601 2507 788 2559 alleluia,
817 2506 998 2558 alleluia,

169 2562 350 2614 alleluia,
369 2564 551 2615 alleluia.

226 2633 391 2671 l’salmi.
421 2631 631 2671 Deminus
646 2630 855 2682 regnavit.
881 2630 998 2671 ,lubi-

168 2684 256 2726 late
274 2685 384 2727 Deo.
415 2688 533 2727 Deus
552 2686 674 2728 Deus
692 2698 826 2727 meus.
844 2686 903 2726 16.

1100 292 1199 330 Ant.
1219 290 1415 332 Surrexit
1434 290 1635 332 Christus
1655 290 1711 332 de
1731 290 1872 343 sepul-

1044 344 1168 393 chro,
1196 345 1269 397 qui
1291 345 1496 387 liberavit
1519 351 1610 388 tres
1629 349 1793 398 pueros
1817 346 1873 388 de

1045 403 1216 442 camino
1236 401 1347 452 ignis
1367 402 1573 452 ardentis,
1593 402 1774 454 alleluia.

1099 469 1220 509 Cant.
1253 466 1514 508 Benedicite.
1534 467 1592 507 17.

1100 533 1198 573 Ant.
1228 531 1425 583 Alleluia,
1444 532 1626 583 alleluia,
1645 532 1830 583 alleluia.

1098 598 1165 637 Ps.
1194 594 1392 637 Laudate
1410 596 1528 636 Dfim
1546 595 1601 637 de
1621 596 1756 638 coelis.
1775 596 1832 637 17.

1152 660 1411 712 Capitulum.
1558 664 1586 702 1.
1601 663 1722 703 Joan.
1737 664 1774 702 5.

1046 713 1320 821 Carissimi:
1341 721 1481 762 Omne
1502 721 1622 774 quod
1639 725 1791 762 natum
1811 725 1878 762 est

1133 788 1188 816 ex
1201 776 1311 825 Deo,
1327 777 1463 819 vincit
1477 777 1702 819 mundum:
1722 782 1767 818 et
1781 776 1878 817 haec

1046 836 1114 872 est
1137 831 1340 882 victeria,
1371 846 1469 885 quae
1494 834 1631 875 vincit
1655 831 1877 882 mundum,

1045 886 1156 929 fides
1175 892 1338 929 nostra.

1100 953 1312 1004 Hymnus.
1342 951 1513 991 Aurora
1531 949 1703 991 coelum.
1723 950 1783 989 19.

1101 1015 1150 1063 V.
1179 1013 1229 1053 In
1253 1014 1575 1055 resurrectiene
1599 1018 1675 1055 tua
1695 1013 1878 1063 Christe,

1047 1067 1232 1120 alleluia.
1264 1074 1313 1125 R.
1334 1069 1445 1111 Coeli
1463 1074 1508 1111 et
1526 1074 1645 1111 terra
1663 1069 1878 1118 laetentur,

1047 1123 1230 1176 alleluia.

1100 1193 1172 1232 Ad
1194 1192 1355 1232 Bened.
1385 1193 1484 1231 Ant.
1514 1191 1622 1231 Cum
1641 1194 1760 1231 esset
1779 1202 1878 1231 sero

1050 1245 1121 1287 die
1146 1245 1221 1293 illa
1245 1259 1331 1286 una
1357 1246 1660 1296 sabbatdrum,
1689 1251 1734 1287 et
1761 1246 1879 1287 fores

1049 1306 1196 1343 essent
1219 1302 1397 1352 clausae,
1424 1302 1500 1344 ubi
1527 1307 1651 1343 erant
1675 1302 1881 1355 discipuli

1049 1358 1304 1409 congregati
1322 1358 1367 1398 in
1386 1371 1531 1407 unum,
1551 1358 1674 1399 stetit
1689 1358 1714 1398 J
1715 1370 1816 1399 esus
1835 1358 1880 1398 in

1048 1413 1210 1463 medio,
1235 1418 1279 1455 et
1303 1413 1415 1455 dixit
1434 1414 1511 1456 eis:
1538 1414 1632 1454 Pax
1651 1413 1796 1463 vobis,
1822 1413 1880 1454 al-

1049 1469 1188 1521 leluia.

1388 1535 1550 1576 Oratio.

1132 1604 1265 1640 raesta
1309 1601 1560 1651 quaesumus
1601 1602 1881 1652 omnipotens

1144 1656 1281 1696 Deus:
1321 1659 1370 1696 ut
1407 1656 1481 1707 qui
1511 1655 1738 1707 paschalia
1769 1655 1882 1697 festa

1049 1711 1316 1763 peregimus,
1339 1710 1451 1760 haec,
1475 1715 1519 1752 te
1538 1711 1768 1761 largiente,
1790 1713 1880 1752 me-

1050 1766 1170 1808 ribus
1202 1771 1246 1807 et
1276 1767 1366 1807 vita
1395 1769 1635 1809 teneamus.
1678 1767 1765 1808 Per
1792 1766 1881 1807 De-

1049 1823 1214 1864 minum
1232 1827 1442 1863 nostrum.

1321 1899 1390 1935 Ad
1413 1900 1614 1936 Primam.

1104 1956 1314 2006 Hymnus.
1343 1955 1438 1996 Jam
1457 1955 1576 1997 lueis.
1601 1957 1674 1996 20.

1105 2016 1204 2055 Ant.
1241 2015 1443 2067 Alleluia,
1477 2016 1664 2068 alleluja,
1698 2015 1881 2071 alleluia,

1050 2070 1232 2122 alleluja.

1106 2135 1259 2175 l'salm.
1294 2135 1412 2174 Deus
1437 2133 1481 2173 in
1506 2133 1683 2174 nemine
1701 2138 1790 2174 tuo.
1809 2133 1881 2173 20.

1054 2188 1177 2230 Beati
1225 2188 1511 2238 immaculati,
1567 2189 1785 2231 Retribue.
1839 2195 1881 2229 et

1052 2244 1337 2296 Quicumque.
1355 2246 1419 2286 22.

1107 2306 1286 2339 l'raedicti
1306 2306 1448 2339 Psalmi
1471 2306 1650 2339 dicuntur
1666 2303 1881 2338 Dominicis

1052 2354 1189 2387 diebus
1215 2364 1337 2396 usque
1363 2354 1411 2387 ad
1433 2353 1723 2387 Ascensionem.

1104 2405 1362 2456 Capitulum.
1394 2404 1501 2454 Regi
1521 2403 1794 2445 saeculerum.
1813 2404 1880 2443 24.

1108 2466 1153 2515 K«.
1176 2464 1237 2503 br.
1265 2462 1438 2505 Christe
1464 2462 1547 2503 Fili
1568 2462 1652 2503 Dei
1675 2462 1780 2512 vivi,
1804 2462 1880 2503 mi—

1051 2520 1196 2559 serere
1228 2518 1372 2567 nobis,
1407 2521 1428 2542 *
1461 2518 1666 2568 Alleluia,
1699 2517 1880 2568 alleluia.

1052 2574 1233 2615 Christe.
1274 2569 1321 2619 Υ.
1353 2574 1437 2624 Qui
1463 2573 1692 2615 surrexisti
1717 2586 1742 2613 a
1767 2575 1880 2614 mer-

1051 2630 1147 2671 tuis.
1180 2628 1386 2680 Alleluia,
1411 2628 1592 2680 alleluia.
1631 2628 1783 2669 Gloria
1802 2629 1880 2670 Pa-

1050 2686 1118 2727 tri.
1146 2685 1328 2727 Christe.
