2066 2956
702 206 756 237 ὃς.
783 205 957 247 Quinque
984 205 1189 238 Yulnerum
1216 204 1258 238 D.
1285 205 1327 238 N.
1353 206 1385 239 J.
1411 206 1449 238 C.

281 301 328 351 Ru
355 299 412 339 br.
450 298 601 339 Omnis
624 303 740 340 terra
764 298 918 340 aderet
941 303 1002 348 te,
1023 300 1044 323 *

232 355 287 397 Et
300 353 457 407 psallat
471 354 562 396 tibi.
585 355 747 396 Omnis.
762 351 810 402 V.
830 354 1050 396 Psalmum

231 410 348 453 dicat
366 410 530 452 nemini
544 415 620 452 tuo
635 411 835 453 Domine.
858 411 924 452 Et.
946 411 1049 452 Glu-

231 468 293 509 ria
311 467 440 508 Patri.
468 467 630 508 Omnis.

279 525 325 576 V-
361 531 576 573 Duminus
601 532 814 582 regnavit,
843 531 1048 573 decerem

229 588 378 630 induit.
406 588 453 638 Ru
483 587 629 630 Induit
647 588 859 630 Dominus
882 588 1047 629 fortitu-

229 644 385 694 dinem,
404 648 447 685 et
466 645 694 696 praecinxit
712 657 759 686 se
779 644 949 685 virtute.

431 733 492 774 In
515 734 576 774 11.
596 733 843 784 vesperis.

278 803 411 837 Omnia
443 811 479 837 ut
511 805 546 837 in
573 804 597 837 I.
625 805 735 848 vesp.
766 803 880 847 [306]‚
907 813 1044 849 practer

230 852 291 885 ult.
319 851 387 885 ΡΞ..
412 852 517 891 cujus
543 853 627 886 loco
651 852 710 886 Ps.
738 854 804 887 141.
839 854 939 887 Voce
963 862 1047 887 mea

228 899 530 943 ...deprecatus
554 909 647 934 sum.
674 899 743 934 121.

283 958 349 998 Ad
370 958 538 1007 Magnis.
568 960 664 1001 Ant.
699 960 842 1001 Homo
870 959 1048 1011 quidam

227 1016 349 1058 dives
377 1015 432 1057 ab
461 1014 744 1065 Arimathaea‚
776 1016 950 1057 nomine
977 1016 1047 1057 Jo-

226 1072 350 1125 seph‚
370 1073 552 1124 accepto
572 1073 759 1124 corpore
777 1072 800 1112 J
804 1084 895 1122 esu,
914 1072 1047 1114 invol-

226 1130 288 1171 vit
306 1128 413 1170 illud
430 1128 474 1168 in
493 1127 676 1169 sindone
695 1128 867 1169 munda.

278 1192 320 1226 Et
347 1193 383 1226 tit
409 1203 600 1227 commem.
628 1195 757 1229 Fer-iac.

227 1304 353 1346 Feria
360 1305 491 1347 Sexta
501 1311 604 1358 post
611 1306 821 1348 Dom.III.
833 1306 1047 1358 Quadrag.

325 1382 392 1423 Ss.
417 1382 646 1433 Quinque
669 1383 949 1425 vulnerum

507 1439 561 1480 D.
582 1440 636 1480 N.
655 1441 696 1482 J.
718 1440 764 1481 0.

479 1511 629 1555 Duplex
654 1514 785 1554 maius.

444 1587 505 1628 In
521 1587 557 1628 Ι.
576 1588 824 1639 vesperis.

274 1659 357 1692 Ant.
391 1664 426 1693 ct
458 1658 579 1702 Capit.
613 1659 658 1693 de
688 1660 804 1695 Laud.
839 1659 947 1703 [319];
980 1663 1039 1698 Ps.

227 1704 392 1739 Credidi.
414 1717 497 1740 eum
519 1707 650 1750 reliqu.
668 1707 788 1743 Feriae
806 1709 847 1743 V.
866 1710 902 1743 in
920 1710 1040 1745 Coena

225 1752 385 1787 Domini.
412 1751 487 1787 229.

529 1823 735 1873 Hymnus.

385 1894 493 1932 ange
513 1882 657 1934 lingua
674 1884 856 1935 gloriosi

404 1938 615 1981 Lauream
636 1943 893 1993 certaminis,

350 1994 407 2035 Et
425 2007 556 2047 super
576 1996 725 2038 Crucis
743 1998 945 2051 trophaeo

353 2050 435 2092 Dic
454 2051 721 2105 triumphum
739 2054 943 2097 nubilem:

353 2107 549 2157 Qualiter
567 2109 840 2163 Redemptor
859 2112 976 2155 orbis

352 2164 606 2207 Immolatus
626 2167 788 2208 vicerit.

306 2242 366 2282 l)e
386 2243 576 2294 parentis
594 2244 858 2297 protoplasti

351 2298 521 2341 Fraude
539 2300 699 2342 Factor
718 2302 966 2353 condolens,

353 2354 534 2403 Quando
555 2357 673 2409 pomi
693 2359 878 2401 noxialis

352 2410 401 2450 In
419 2424 570 2453 necem
587 2425 734 2455 morsu
753 2415 852 2457 ruit:

351 2465 452 2518 Ipse
471 2467 635 2518 lignum
651 2475 754 2512 tunc
772 2474 949 2523 notavit,

353 2521 519 2565 Damna
538 2523 641 2575 ligni
659 2531 706 2568 ut
725 2527 925 2571 solveret.

307 2599 399 2640 lloc
418 2613 527 2653 opus
546 2608 707 2646 nostrae
727 2606 879 2648 salutis

354 2655 474 2698 Ordo
493 2657 827 2712 depoposcerat3

354 2711 627 2756 Multifermis
646 2716 884 2768 proditoris

1231 299 1317 341 Ars
1336 306 1384 342 ut
1402 307 1539 344 artem
1559 302 1741 352 falleret,

1231 356 1287 398 Et
1305 357 1522 399 medelam
1541 359 1672 401 ferret
1691 359 1802 409 inde,

1230 412 1384 455 Hostis
1402 414 1518 456 unde
1536 415 1720 457 laeserat.

1178 486 1364 542 Quando
1384 488 1503 530 venit
1523 501 1628 540 ergo
1649 489 1760 531 sacri

1231 543 1464 586 Plenitudo
1483 546 1705 598 temporis,

1230 601 1389 642 Missus
1409 606 1475 643 est
1494 600 1550 643 ab
1570 614 1670 644 arce
1688 602 1830 644 Patris

1228 657 1379 708 Natus,
1400 657 1518 699 orbis
1537 657 1763 709 Genditor3

1229 714 1376 766 Atque
1398 719 1548 756 ventre
1567 714 1765 766 virginali

1231 770 1370 812 Carne
1390 773 1573 813 amictus
1592 771 1769 824 prediit.

1180 844 1311 894 Vagit
1332 843 1471 884 infans
1490 843 1601 885 inter
1621 848 1742 885 arcta

1231 899 1443 941 Conditus
1462 900 1695 953 praesepia:

1229 955 1426 998 Membra
1445 956 1600 1010 pannis
1618 956 1814 999 involuta

1227 1014 1366 1063 Virgo
1387 1013 1526 1055 Mater
1545 1013 1707 1066 alligat:

1227 1070 1283 1111 Et
1304 1070 1387 1111 Dei
1405 1083 1558 1111 manus
1577 1069 1804 1124 pedesque

1228 1126 1388 1168 Stricta
1407 1127 1541 1177 cingit
1559 1127 1705 1168 fascia.

1176 1199 1449 1252 Sempiterna
1467 1199 1523 1241 sit
1541 1199 1685 1242 beatae

1229 1255 1432 1296 Trinitati
1450 1255 1599 1306 gloria,

1228 1312 1376 1364 AEqua
1394 1312 1524 1362 Patri,
1542 1312 1757 1365 Filioque;
1814 1360 1821 1366 ,

1227 1368 1312 1409 Par
1332 1367 1466 1409 decus
1484 1368 1719 1411 Paraclito:

1227 1424 1364 1466 Unius
1383 1425 1592 1478 Trinique
1611 1438 1770 1468 nomen

1227 1481 1398 1524 Laudet
1417 1482 1687 1524 universitas.

1407 1538 1559 1579 Amen.

1148 1590 1197 1641 V.
1227 1594 1453 1637 Videbunt
1476 1595 1521 1636 in
1545 1607 1675 1647 quem
1697 1595 1922 1638 transfixe-

1098 1656 1210 1692 runt.
1250 1654 1299 1706 R*-
1331 1652 1388 1693 Et
1414 1651 1627 1695 dolebunt
1654 1665 1786 1706 super
1813 1665 1924 1704 eum,

1098 1712 1146 1748 ut
1164 1708 1207 1748 in
1225 1713 1368 1750 morte
1386 1709 1676 1761 primogeniti.

1149 1769 1216 1810 Ad
1242 1770 1413 1819 Magnis.
1450 1771 1547 1811 Ant.
1582 1770 1700 1811 Dum
1724 1770 1923 1835 inpruce

1098 1824 1923 1933 {ss”Siffifflffffisffissszzfflffissss

1099 1938 1188 1988 ejus
1203 1938 1340 1989 Virgo
1355 1939 1494 1981 Maria
1511 1940 1655 1993 ipsum
1672 1952 1823 1982 verum
1836 1939 1919 1982 De-

1098 2007 1170 2034 um
1201 1998 1245 2036 et
1271 1994 1491 2037 hominem
1525 1995 1766 2039 cendolens
1794 2009 1920 2039 vene-

1098 2050 1287 2093 rabatur.

1428 2103 1591 2145 Oratio.

1095 2156 1274 2262 Deus,
1301 2165 1375 2218 qui
1398 2166 1607 2217 unigeniti
1625 2166 1724 2208 Filii
1741 2166 1805 2209 tui
1823 2179 1920 2220 pas-

1192 2220 1330 2271 siene,
1353 2227 1398 2264 et
1415 2235 1495 2275 per
1515 2223 1707 2276 quinque
1725 2222 1920 2266 Vulnera

1097 2277 1186 2328 ejus
1206 2278 1427 2329 sanguinis
1446 2279 1669 2329 effusffine,
1686 2279 1919 2321 humanam

1095 2336 1298 2375 naturam
1332 2337 1517 2387 peccato
1550 2335 1766 2389 perditam
1797 2349 1919 2389 repa-

1096 2389 1219 2430 rasti:
1245 2389 1388 2432 tribue
1407 2391 1550 2441 nobis,
1579 2395 1846 2444 quaesumu33
1871 2398 1920 2435 ut

1096 2446 1170 2497 qui
1196 2445 1251 2488 ab
1275 2459 1327 2488 eo
1354 2449 1558 2501 suscepta
1573 2449 1770 2491 Vulnera
1793 2461 1918 2491 vene-

1095 2504 1241 2543 ramur
1259 2503 1302 2543 in
1323 2504 1462 2553 terris,
1486 2505 1680 2557 ejusdem
1698 2506 1919 2558 pretiosis—

1095 2558 1192 2599 simi
1228 2560 1448 2611 sanguinis
1485 2561 1675 2603 fructum
1710 2563 1919 2615 consequi

1094 2618 1340 2657 mereamur
1366 2616 1410 2657 in
1434 2617 1567 2658 coelis.
1603 2618 1687 2660 Per
1716 2618 1918 2661 eumdem

1094 2670 1329 2713 Dominum
1348 2678 1556 2715 nostrum.

1144 2728 1189 2763 Et
1213 2730 1254 2763 fit
1277 2740 1472 2765 commem.
1498 2731 1628 2766 Feriae.
