2066 2956
610 195 678 230 Dic
708 195 752 227 113.
779 194 876 232 Maii.
919 196 952 227 S.
978 194 1140 228 Joannis
1168 194 1426 237 Ncpomuccni
1455 196 1558 229 Mart.

244 293 447 343 parentes
484 290 728 331 referebant
761 290 1006 341 acceptum,
1041 301 1064 329 e

246 347 347 388 vitae
395 346 591 399 periculo
641 345 779 387 evasit
827 344 1065 385 incolumis.

245 403 429 453 Egregia
445 402 603 451 indole,
622 402 782 455 piaque
797 401 1064 443 institutione

245 459 495 501 coelestibus
514 458 682 500 indiciis
702 457 981 509 obsequente,
1006 458 1065 498 in-

244 521 310 557 ter
331 520 503 557 sanctas
525 514 837 565 religiosasque
861 513 1065 555 exercita·

244 572 385 613 tiones
412 571 641 624 pueritiam
669 571 772 621 egit:
804 583 904 610 nam
932 569 1066 611 eccle-

246 628 352 668 siam
371 627 620 679 frequenter
640 625 775 676 adire,
795 638 845 667 ac
866 625 1064 667 sacerdo-

245 683 361 725 tibus
376 682 432 725 ad
449 696 546 724 aras
561 682 843 735 operantibus
854 682 1066 723 ministra-

246 752 291 781 re
316 740 358 780 in
384 739 550 781 deliciis
574 738 774 780 habebat.
807 738 971 779 Zatecii
990 750 1066 790 po-

245 796 460 838 litioribus
490 795 645 837 litteris
673 793 730 836 ad
756 794 1067 836 humanitatem

246 852 522 900 informatus,
550 852 702 902 Pragae
729 863 834 892 vero
862 851 1067 902 graviori-

246 908 327 950 bus
360 908 598 960 disciplinis
631 907 842 956 excultus,
876 906 1065 959 philoso-

246 964 378 1018 phiae,
402 964 649 1015 theologiae,
670 966 980 1015 sacrorumque
1000 965 1066 1005 ca-

247 1034 406 1062 nonum
451 1020 747 1072 magisterium
792 1025 835 1061 et
875 1020 1067 1061 lauream

248 1077 440 1119 emeruit.
480 1076 734 1118 Sacerdotio
766 1076 975 1126 initiatus,
1008 1081 1066 1117 at-

248 1146 332 1185 que
358 1147 383 1174 a
408 1133 586 1175 scientia
606 1135 855 1174 sanctorum
874 1131 930 1173 ad
948 1132 1067 1173 lucra

248 1190 486 1230 animarum
514 1190 595 1231 rite
626 1191 921 1241 comparatus,
948 1188 1067 1229 mini-

248 1246 380 1286 sterio
396 1245 518 1287 verbi
532 1245 615 1286 Dei
635 1257 682 1286 se
699 1244 874 1297 penitus
891 1243 1068 1285 addixit.

249 1301 356 1342 Cum
383 1302 511 1352 igitur
545 1301 587 1341 in
615 1301 730 1343 vitiis
761 1299 1068 1353 exstirpandis,

249 1362 291 1399 et
319 1357 576 1399 revocandis
611 1357 654 1397 in
681 1357 796 1397 viam
825 1356 976 1397 salutis
1005 1369 1067 1397 er-

248 1414 453 1464 rantibus,
469 1414 716 1466 eloquentia
731 1418 774 1454 et
788 1412 951 1465 pietate
966 1411 1066 1454 ube-

249 1483 318 1511 res
339 1469 487 1512 ederet
506 1470 686 1518 fructus,
705 1469 815 1511 inter
835 1468 1069 1510 canonicos

248 1526 596 1579 metropolitanae
621 1526 816 1567 ecclesiae
839 1525 1068 1576 Pragensis

250 1585 503 1636 cooptatus,
526 1595 629 1624 mox
654 1582 735 1623 sibi
761 1581 1068 1624 demandatam

250 1639 473 1691 Evangelii
501 1652 647 1681 coram
674 1651 777 1690 rege
804 1637 1068 1680 Wenceslao

249 1701 404 1747 quarto
418 1695 685 1748 praedicandi
695 1694 963 1748 provinciam
979 1708 1067 1736 sus-

250 1753 381 1804 cepit,
432 1765 485 1794 eo
530 1754 750 1801 successu,
801 1756 848 1792 ut
889 1751 913 1792 J
916 1751 1068 1793 oannis

251 1811 380 1850 suasu
413 1808 547 1851 multa
574 1821 650 1850 rex
678 1808 858 1858 faceret,
893 1810 1067 1858 magno-

252 1878 335 1916 que
359 1865 402 1906 in
426 1864 591 1907 honore
619 1866 708 1917 ejus
734 1865 916 1906 virtutes
940 1863 1068 1906 habe-

251 1927 327 1963 ret.
373 1922 641 1974 Conspicuas
668 1927 831 1972 tamen,
862 1934 970 1973 quas
996 1921 1068 1963 ille

251 1978 408 2020 obtulit
427 1978 669 2029 dignitates,
688 1978 770 2020 Dei
790 1990 951 2027 servus,
970 1990 1024 2019 ne
1044 1991 1068 2019 a

252 2033 385 2076 divini
408 2034 530 2075 verbi
553 2035 774 2087 praeconio
801 2035 1067 2085 avocaretur,

252 2091 599 2132 constantissime
619 2090 847 2132 recusavit.

310 2148 353 2198 ¹5¹·
378 2147 472 2188 Lux
494 2148 706 2199 perpetua
728 2146 888 2188 lucebit
908 2147 1067 2189 sanctis

252 2203 336 2244 tuis
363 2203 566 2253 Domine,
590 2206 610 2227 *
634 2203 691 2245 Et
719 2203 936 2245 aeternitas
963 2204 1066 2244 tem-

252 2271 416 2311 porum,
442 2259 627 2311 alleluja,
652 2259 832 2311 allehija.
868 2257 915 2307 V.
941 2259 1067 2301 Laeti-

253 2315 312 2356 tia
347 2316 608 2368 sempiterna
644 2316 725 2358 erit
761 2328 892 2368 super
926 2316 1070 2368 capita

254 2374 417 2412 eorum:
442 2371 646 2422 gaudium
670 2377 713 2413 et
738 2372 1069 2414 exsultationem

256 2426 518 2470 obtinebunt.
546 2429 601 2471 Et
620 2429 847 2471 aeternitas.

563 2485 710 2526 Lectio
734 2501 768 2526 v,

336 2539 441 2589 egiis
459 2540 577 2582 illum
598 2541 884 2593 eleemosynis
904 2541 947 2582 in
966 2545 1068 2594 paa-

356 2608 482 2647 peres
527 2597 755 2648 erogandis
800 2597 1069 2650 praefectum,

255 2651 421 2692 Joanna
472 2655 617 2702 regina
667 2654 942 2696 conscientiae
988 2654 1070 2695 sibi

255 2706 575 2749 moderatorem
595 2710 757 2752 ascivit.
792 2710 900 2751 Cum
927 2716 1070 2753 autem

1116 286 1403 329 Wenceslaus
1419 286 1474 328 ab
1490 286 1635 328 officio
1652 285 1939 338 institutoque

1118 343 1390 393 decessisset,
1409 348 1539 395 atque
1558 342 1601 383 in
1616 341 1721 383 vitia
1738 353 1939 395 praeceps

1118 399 1407 452 abriperetur,
1442 399 1527 452 piae
1564 403 1710 440 autem
1746 398 1940 450 conjugis

1118 455 1433 498 obtestationes
1476 460 1519 496 et
1559 454 1725 496 monita
1760 456 1940 505 gravate

1118 513 1264 562 ferret,
1289 511 1553 554 contendere
1572 523 1704 552 ausus
1722 515 1805 561 cst,
1830 515 1878 552 ut
1897 511 1940 552 in

1119 568 1419 610 sacramentali
1438 566 1596 620 judicio
1616 567 1836 608 sacerdoti
1853 569 1940 608 cre-

1119 625 1209 666 dita
1235 627 1397 676 reginae
1430 625 1588 665 arcana
1614 623 1697 665 sibi
1721 635 1747 664 a
1771 623 1941 665 Joanne

1116 680 1421 734 panderentur.
1443 680 1502 722 At
1515 679 1600 721 Dei
1612 679 1809 720 minister
1822 678 1940 721 blan-

1119 737 1237 779 ditiis
1255 737 1454 790 primum,
1473 735 1702 778 tormentis
1721 734 1880 778 deinde
1899 741 1943 778 et

1119 794 1307 835 carceris
1340 792 1544 845 squalore
1576 794 1788 842 tentatus,
1826 791 1942 834 nefa-

1119 851 1194 891 riae
1220 850 1335 901 regis
1362 849 1591 902 cupiditati
1615 849 1787 890 fortiter
1811 848 1942 890 obsti-

1119 907 1182 948 tit.
1235 907 1470 947 Furentem
1511 910 1656 947 tamen
1691 904 1943 946 Wenceslai

1120 963 1309 1004 animum
1335 975 1434 1004 cum
1459 961 1513 1004 ab
1547 960 1819 1003 exsecrando
1843 973 1942 1014 pro-

1119 1019 1265 1072 posito
1284 1031 1365 1060 nec
1382 1017 1571 1060 humana
1587 1030 1669 1059 nec
1688 1016 1835 1059 divina
1851 1018 1943 1069 jura

1121 1075 1407 1124 deterrerent,
1451 1075 1704 1127 supremum
1747 1076 1942 1124 agonem,

1122 1144 1251 1183 quem
1282 1131 1444 1173 instare
1476 1130 1559 1172 sibi
1592 1129 1758 1172 athleta
1785 1128 1944 1171 Christi

1120 1189 1318 1237 noverat,
1359 1186 1525 1240 populo
1561 1186 1605 1227 in
1641 1185 1851 1227 concione
1889 1185 1943 1227 de

1119 1243 1472 1296 impendentibus
1493 1242 1622 1284 etiam
1636 1242 1759 1293 regni
1773 1241 1943 1283 calami-

1119 1299 1284 1341 tatibus
1330 1297 1574 1349 admonito,
1624 1311 1712 1340 non
1756 1297 1944 1340 obscure

1119 1355 1438 1408 praenuntiavit.
1495 1355 1601 1396 Mox
1650 1353 1944 1396 Boleslaviam

1119 1412 1358 1465 profectus,
1389 1411 1446 1454 ad
1468 1411 1612 1455 beatae
1630 1410 1824 1462 Virginis
1842 1411 1945 1452 ima-

1118 1469 1262 1520 ginem
1281 1470 1460 1521 antiquo
1481 1468 1599 1510 cultu
1614 1467 1840 1518 celebrem,
1861 1479 1944 1509 coe-

1118 1525 1228 1567 leste
1247 1524 1503 1578 praesidium
1522 1524 1579 1566 ad
1597 1523 1854 1566 certandum
1868 1523 1943 1566 bo-

1120 1595 1223 1623 num
1243 1584 1463 1623 certamen
1482 1581 1631 1623 effusis
1648 1579 1851 1634 precibus
1869 1579 1944 1621 im-

1119 1638 1320 1691 ploravit.
1367 1637 1476 1680 Inde
1509 1639 1694 1691 vespere
1726 1638 1944 1679 reverten-

1119 1701 1208 1737 tem
1227 1695 1271 1735 in
1286 1694 1517 1748 pervigilio
1532 1694 1776 1736 Dominicae
1790 1693 1947 1735 Ascen-

1120 1751 1253 1793 sionis
1282 1764 1359 1793 rex
1388 1764 1411 1793 e
1444 1751 1635 1792 fenestra
1662 1750 1943 1804 conspicatus

1120 1808 1316 1858 arcessit;
1342 1820 1528 1859 cumque
1553 1806 1850 1849 vehementius
1875 1819 1942 1848 ur-

1119 1866 1250 1916 geret,
1270 1869 1314 1907 et
1331 1864 1575 1917 proximam
1592 1863 1637 1904 in
1654 1863 1791 1916 aquis,
1812 1863 1849 1904 si
1868 1861 1942 1904 ob-

1119 1921 1276 1962 luctari
1293 1923 1505 1973 pergeret,
1525 1919 1869 1962 submersionem
1882 1919 1942 1960 in-

1119 1979 1323 2025 tentaret,
1347 1977 1372 2018 J
1374 1978 1538 2018 oannes
1560 1977 1722 2018 invicta
1744 1977 1943 2018 constan-

1120 2034 1181 2076 tia
1225 2035 1417 2076 terrores
1461 2033 1689 2086 minasque
1728 2032 1944 2074 refutavit.

1120 2091 1275 2143 Itaque
1294 2090 1408 2141 regis
1427 2089 1610 2142 imperio
1631 2090 1675 2130 in
1692 2087 1944 2131 Moldavam

1122 2146 1282 2188 flumen
1311 2147 1498 2197 Pragam
1527 2146 1780 2188 interfluens
1810 2149 1943 2187 noctu

1121 2202 1331 2255 dejectus,
1358 2202 1574 2244 illustrem
1601 2201 1796 2254 martyrii
1820 2203 1943 2244 coro-

1121 2272 1220 2301 nam
1240 2264 1306 2301 est
1325 2261 1597 2301 consecutus.

1177 2317 1224 2367 Ru
1248 2317 1298 2357 In
1317 2315 1453 2357 servis
1473 2315 1572 2365 suis,
1592 2314 1773 2367 allelaja‚
1793 2318 1815 2342 *
1836 2314 1943 2356 Con-

1121 2372 1332 2414 solabitur
1344 2372 1475 2421 DeuS‚
1495 2371 1675 2424 alleluja.
1707 2368 1755 2420 V.
1773 2371 1799 2412 J
1799 2369 1943 2412 udica-

1121 2429 1183 2471 bit
1203 2429 1415 2470 Dominus
1434 2428 1647 2481 populum
1667 2441 1807 2477 suum,
1833 2432 1876 2468 et
1900 2427 1943 2468 in

1121 2485 1258 2527 servis
1278 2485 1378 2526 suis.
1408 2483 1725 2526 Consolabitur.

1423 2538 1572 2580 Lectio
1593 2540 1644 2580 vi.

1189 2597 1427 2649 acrilegum
1462 2597 1628 2638 facinus
1662 2595 1774 2638 clam
1800 2598 1942 2649 patra-

1206 2660 1317 2704 tum,
1345 2659 1388 2696 et
1407 2653 1612 2705 Martyris
1636 2653 1819 2704 gloriam
1846 2653 1943 2694 insi-

1122 2723 1205 2761 gne
1229 2709 1478 2764 prodigium
1503 2709 1708 2752 divinitus
1727 2709 1944 2762 patefecit.
