2028 2892
752 169 851 202 Infra
877 168 1061 202 Octavam
1087 166 1350 201 Ascensionis.

200 261 542 314 assumptionem
571 261 745 303 Marcus
772 261 927 303 sedere
955 260 1026 302 de-

200 319 360 367 scribit,
391 318 491 370 quia
516 323 620 370 post
645 318 911 359 ascensionis
936 330 1027 359 suae

198 376 381 425 gloriam
425 374 555 427 judex
596 375 640 415 in
676 374 763 416 fine
799 374 1028 416 videbitur.

199 431 446 484 Stephanus
487 444 593 472 vero
633 430 748 473 hunc
792 432 835 472 in
877 430 1028 472 labore

199 488 447 530 certaminis
481 488 652 540 positus
687 492 875 529 stantem
909 486 1028 537 vidit,

200 558 331 597 quem
365 545 608 597 adjutorem
642 544 809 586 habuit:
847 545 948 597 quia
981 549 1029 585 ut

199 603 282 644 iste
300 603 343 642 in
362 607 478 644 terra
497 604 829 654 persecutorum
847 600 1027 642 infideli-

200 662 337 701 tatem
364 661 574 709 vinceret,
606 672 688 712 pro
721 658 796 699 illo
830 658 885 700 de
914 658 1028 700 coelo

200 716 314 757 illius
331 716 472 767 gratia
490 716 711 768 pugnavit.

248 783 299 834 R,
327 776 462 817 Ponis
490 776 662 818 nubem.
690 777 782 817 325.

499 843 650 884 Lectio
669 842 722 882 ix.
957 887 963 892 ‚

270 898 458 949 equitur:
485 898 552 938 Illi
568 903 713 940 autem
728 899 911 951 profecti
926 911 1030 952 prae·

295 954 550 996 dicaverunt
568 954 730 1007 ubique
748 956 938 997 Domino
958 968 1027 997 οο-

200 1014 421 1064 operante,
435 1017 478 1053 et
489 1014 734 1053 sermonem
746 1013 1028 1054 confirmante

200 1068 483 1120 sequentibus
525 1067 669 1119 signis.
723 1068 839 1119 Quid
879 1069 921 1109 in
962 1068 1029 1110 his

201 1125 566 1167 considerandum
585 1131 661 1176 est,
682 1125 788 1177 quid
806 1126 1028 1167 memoriae

200 1180 612 1223 commendandum:
650 1182 732 1223 nisi
765 1181 886 1234 quod
916 1195 1028 1235 prae-

200 1240 376 1291 ceptum
421 1237 687 1289 obedientia,
735 1238 1029 1280 obedientiam

201 1308 306 1336 vero
331 1295 454 1346 signa
481 1298 633 1337 secuta
658 1295 780 1337 sunt?
816 1294 904 1337 Sed
929 1295 1029 1347 quia

200 1354 381 1394 auctore
422 1353 520 1394 Deo
562 1351 754 1394 breviter
795 1353 1029 1394 lectionem

201 1409 495 1460 evangelicam
522 1409 785 1462 exponendo
813 1413 1028 1451 transcur—

200 1465 351 1506 rimus:
384 1471 539 1515 restat,
572 1470 621 1507 ut
649 1466 814 1517 aliquid
846 1465 902 1507 de
934 1466 1030 1518 ipsa

192 1527 334 1563 -tantae
362 1522 712 1564 consideratione
743 1522 1030 1564 solemnitatis

200 1577 408 1620 dicamus.

253 1642 315 1682 Te
334 1639 477 1680 Deum
495 1639 735 1681 laudamus.
763 1640 823 1681 15.

385 1760 569 1796 Feria
604 1760 849 1807 Quarta.

438 1832 486 1870 In
514 1832 543 1870 Ι.
572 1831 606 1869 N
609 1832 795 1870 oeturno.

244 1892 400 1946 Incipit
428 1891 628 1945 Epistola
656 1891 848 1933 secunda
874 1891 993 1934 beati

405 1948 585 1990 Joannis
614 1947 830 2001 Apostoli.

517 2019 666 2060 Lectio
689 2019 709 2058 i.

228 2081 277 2129 ,ιὲτῆ
308 2074 430 2116 enior
447 2073 612 2115 Electae
633 2072 833 2123 dominae,
859 2078 902 2114 et
920 2073 1032 2114 natis

254 2167 275 2179 ,,
290 2138 301 2166 ἰ’
326 2132 427 2184 ejus,
454 2143 566 2183 quos
591 2143 674 2181 ego
699 2129 834 2180 diligo
857 2129 900 2170 in
924 2130 1031 2171 veri-

324 2190 427 2239 tate,
453 2192 496 2229 et
519 2199 606 2228 non
629 2199 711 2238 ego
737 2186 868 2235 solus,
892 2185 971 2227 sed
990 2191 1033 2228 et

206 2257 357 2286 omnes
377 2244 451 2297 qui
471 2245 770 2295 cognoverunt
793 2242 1033 2292 veritatem,

206 2307 389 2354 propter
412 2301 659 2349 veritatem,
684 2312 783 2351 quae
808 2301 1034 2351 permanet

206 2358 249 2397 in
267 2357 410 2407 nobis,
436 2363 479 2399 et
497 2357 726 2399 nobiscum
746 2356 828 2397 erit
848 2356 890 2395 in
911 2357 1032 2397 aeter-

207 2427 320 2454 num.
356 2414 419 2455 Sit
442 2413 669 2456 vobiscum
691 2412 846 2463 gratia,
871 2412 1033 2453 miseri·

208 2469 368 2519 cordia,
387 2484 475 2523 pax
494 2483 519 2511 a
536 2470 633 2511 Deo
652 2470 793 2518 Patre,
813 2473 856 2510 et
875 2481 899 2509 a
916 2467 1033 2509 Chri-

212 2531 281 2567 sto
301 2526 324 2566 J
328 2538 405 2567 esu
422 2526 533 2568 Filio
552 2526 695 2568 Patris
714 2525 757 2565 in
776 2524 971 2574 veritate,
993 2530 1035 2566 et

210 2581 400 2623 caritate.
437 2582 625 2623 Gavisus
645 2595 740 2623 sum
761 2579 905 2630 valde,
930 2582 1034 2631 quo·
1095 2621 1102 2627 .

210 2638 325 2678 niam
349 2637 491 2679 inveni
512 2638 567 2680 de
585 2639 685 2679 filiis
709 2638 794 2680 tuis
816 2636 1035 2678 ambulan-

210 2700 277 2736 tes
296 2694 339 2735 in
358 2694 552 2746 veritate,
572 2696 683 2739 sicut
699 2693 952 2736 mandatum
969 2706 1035 2734 ac-

1080 260 1274 312 cepimus
1298 273 1323 301 a
1341 260 1482 301 Patre.
1517 259 1575 301 Et
1601 271 1715 300 nunc
1733 270 1844 309 rogo
1862 262 1907 299 te

1080 315 1269 366 domina,
1296 329 1384 357 non
1408 322 1631 368 tamquam
1655 313 1908 356 mandatum

1078 386 1241 414 novum
1285 372 1479 415 scribens
1521 372 1617 422 tibi,
1664 370 1743 413 sed
1787 369 1908 422 quod

1078 429 1309 471 habuimus
1341 429 1397 471 ab
1427 429 1564 479 initio,
1598 434 1646 470 ut
1677 427 1908 478 diligamus

1080 485 1345 528 alterutrum.
1404 484 1405 487 ’

1132 547 1182 598 R.
1207 543 1316 585 Post
1335 542 1596 596 passionem.
1623 542 1723 582 320.

1389 607 1542 648 Lectio
1563 607 1600 647 ii.

1161 665 1179 702 t
1195 660 1291 702 haec
1306 666 1372 702 est
1390 659 1559 709 caritas,
1576 663 1625 700 ut
1638 657 1908 701 ambulemus

1177 715 1417 758 secundum
1439 713 1646 757 mandata
1668 715 1770 766 ejus.
1809 714 1909 756 Hoc

1081 779 1148 815 est
1175 773 1290 815 enim
1322 771 1594 821 mandatum,
1627 776 1675 812 ut
1703 769 1908 823 quemad-

1081 829 1261 872 modum
1276 829 1459 871 audistis
1474 828 1530 871 ab
1544 828 1678 878 initio,
1697 827 1741 868 in
1754 839 1807 869 eo
1823 840 1908 869 am-

1081 886 1255 928 buletis:
1280 886 1486 938 quoniam
1506 884 1631 926 multi
1654 882 1910 926 seductores

1082 943 1278 984 exierunt
1296 942 1339 983 in
1358 940 1584 991 mundum,
1611 939 1686 992 qui
1703 953 1791 982 non
1809 953 1909 982 con-

1081 999 1258 1042 fitentur
1272 1000 1296 1040 J
1299 1012 1422 1041 esum
1438 998 1659 1040 Christum
1676 998 1849 1039 venisse
1867 997 1911 1038 in

1082 1069 1271 1098 carnem:
1299 1055 1369 1098 hic
1393 1060 1461 1097 est
1486 1054 1711 1104 seductor,
1739 1057 1783 1096 et
1805 1054 1910 1095 anti-

1082 1113 1280 1154 christus.
1324 1111 1486 1155 Videte
1513 1112 1827 1163 vosmetipsos,
1854 1123 1909 1152 ne

1081 1168 1278 1222 perdatis
1316 1181 1415 1220 quae
1454 1167 1625 1221 operati
1666 1165 1790 1209 estis:
1831 1165 1910 1208 sed

1082 1231 1129 1266 ut
1168 1224 1417 1267 mercedem
1458 1224 1634 1277 plenam
1674 1222 1910 1276 accipiatis.

1083 1281 1246 1332 Omnis,
1271 1281 1346 1333 qui
1368 1279 1545 1330 recedit,
1567 1285 1611 1321 et
1635 1292 1723 1321 non
1741 1281 1909 1333 perma-

1082 1343 1155 1380 net
1178 1339 1221 1379 in
1243 1337 1443 1380 doctrina
1463 1336 1637 1387 Christi,
1655 1336 1800 1378 Deum
1822 1335 1910 1377 n'on

1081 1394 1230 1436 habet:
1265 1394 1338 1446 qui
1370 1395 1598 1446 permanet
1629 1392 1673 1433 in
1701 1390 1911 1442 doctrina,

1081 1451 1152 1492 hie
1171 1457 1214 1493 et
1232 1452 1408 1493 Patrem
1426 1455 1471 1492 et
1488 1449 1647 1491 Filium
1664 1447 1808 1491 habet.

1136 1513 1185 1564 R.
1213 1507 1365 1549 Omnis
1386 1504 1667 1560 pulchritudo
1685 1505 1785 1547 Dfii.
1811 1506 1911 1547 320.

1383 1572 1536 1613 Lectio
1556 1572 1610 1612 iii.

1084 1624 1168 1733 Si
1189 1626 1285 1677 quis
1307 1625 1427 1667 venit
1447 1623 1504 1666 ad
1521 1636 1620 1674 vos,
1643 1628 1687 1666 et
1704 1623 1817 1665 hanc
1835 1622 1911 1666 do-

1169 1684 1352 1724 ctrinam
1374 1694 1461 1722 non
1485 1679 1622 1730 affert,
1646 1679 1783 1722 nolite
1805 1682 1911 1722 reci-

1082 1751 1188 1792 pere
1217 1751 1316 1780 eum
1341 1738 1386 1778 in
1415 1735 1611 1786 domum,
1639 1749 1720 1778 nec
1748 1736 1844 1778 Ave
1873 1736 1913 1778 ei

1084 1794 1291 1836 dixeritis.
1339 1793 1423 1844 Qui
1449 1793 1563 1834 enim
1589 1791 1694 1835 dicit
1718 1791 1781 1833 illi
1805 1792 1912 1842 Ave,

1084 1851 1375 1893 communicat
1404 1849 1622 1903 -operibus
1663 1849 1754 1902 ejus
1794 1849 1912 1890 mali-

1083 1908 1190 1959 gnis.
1226 1908 1357 1949 Plura
1376 1906 1542 1949 habens
1561 1905 1688 1948 vobis
1711 1905 1913 1956 scribere,

1084 1965 1202 2006 nolui
1223 1977 1303 2017 per
1327 1963 1522 2005 chartam
1546 1967 1590 2004 et
1612 1964 1914 2004 atramentum:

1085 2034 1216 2074 spero
1242 2020 1355 2062 enim
1377 2032 1446 2061 me
1468 2019 1661 2061 futurum
1685 2017 1804 2072 apud
1821 2030 1914 2068 vos,

1085 2083 1128 2119 et
1153 2090 1203 2119 os
1228 2076 1284 2118 ad
1304 2090 1355 2118 os
1377 2075 1515 2128 loqui:
1541 2080 1589 2117 ut
1613 2073 1820 2126 gaudium
1842 2087 1913 2116 ve-

1085 2139 1223 2176 strum
1247 2133 1425 2186 plenum
1450 2132 1515 2174 sit.
1551 2132 1749 2174 Salutant
1771 2136 1816 2173 te
1837 2130 1913 2171 filii

1086 2190 1250 2232 sororis
1268 2195 1357 2231 tuae
1376 2189 1552 2231 Electae.

1135 2248 1187 2299 R.
1214 2245 1421 2287 Exaltare
1440 2245 1638 2287 Domine.
1665 2245 1765 2286 320.

1311 2330 1359 2368 111
1387 2330 1436 2368 II.
1465 2329 1687 2368 Nocturno.

1123 2399 1278 2439 Sermo
1299 2397 1435 2439 saneti
1456 2396 1657 2447 Gregorii
1675 2395 1874 2448 Nysseni.

1223 2466 1323 2500 Orat.
1350 2465 1396 2498 de
1422 2466 1580 2498 Aseens.
1604 2463 1768 2498 Domini.

1383 2521 1535 2562 Lectio
1554 2520 1607 2560 iv.

1225 2578 1448 2621 odiernam
1481 2576 1778 2619 celebritatem
1809 2577 1915 2618 satis

1134 2638 1182 2687 i}-
1242 2648 1322 2688 per
1358 2648 1405 2676 se
1440 2646 1659 2685 magnam,
1699 2632 1915 2686 propheta

1140 2687 1151 2702 ‘
1241 2690 1386 2734 David
1409 2691 1616 2743 majorem
1640 2689 1787 2740 efficit,
1811 2688 1916 2732 dum
