<?xml version="1.0" encoding="UTF-8"?>
<!DOCTYPE html PUBLIC "-//W3C//DTD XHTML 1.0 Transitional//EN"
    "http://www.w3.org/TR/xhtml1/DTD/xhtml1-transitional.dtd">
<html xmlns="http://www.w3.org/1999/xhtml" xml:lang="en" lang="en">
 <head>
  <title>
</title>
<meta http-equiv="Content-Type" content="text/html;charset=utf-8" />
  <meta name='ocr-system' content='tesseract 3.04.00' />
  <meta name='ocr-capabilities' content='ocr_page ocr_carea ocr_par ocr_line ocrx_word'/>
</head>
<body>
  <div class='ocr_page' id='page_1' title='image "./p2breviariumroma00cathuoft_0860.png"; bbox 0 0 2066 2956; ppageno 0'>
   <div class='ocr_carea' id='block_1_1' title="bbox 226 207 1060 1369">
    <p class='ocr_par' dir='ltr' id='par_1_1' title="bbox 228 207 853 414">
     <span class='ocr_line' id='line_1_1' title="bbox 228 207 328 253; baseline 0.02 -2"><span class='ocrx_word' id='word_1_1' title='bbox 228 207 328 253; x_wconf 81' lang='lat'>[288]</span> 
     </span>
     <span class='ocr_line' id='line_1_2' title="bbox 408 308 794 351; baseline 0.008 -3"><span class='ocrx_word' id='word_1_2' title='bbox 408 327 413 333; x_wconf 94' lang='lat'>·</span> <span class='ocrx_word' id='word_1_3' title='bbox 492 308 571 349; x_wconf 82' lang='lat' dir='ltr'>Ad.</span> <span class='ocrx_word' id='word_1_4' title='bbox 597 308 794 351; x_wconf 83' lang='lat' dir='ltr'><strong>Laudes</strong></span> 
     </span>
     <span class='ocr_line' id='line_1_3' title="bbox 437 372 853 414; baseline 0.002 -9"><span class='ocrx_word' id='word_1_5' title='bbox 437 376 486 405; x_wconf 80' lang='lat' dir='ltr'>ct</span> <span class='ocrx_word' id='word_1_6' title='bbox 526 382 621 414; x_wconf 80' lang='lat' dir='ltr'>per</span> <span class='ocrx_word' id='word_1_7' title='bbox 658 372 853 406; x_wconf 61' lang='lat' dir='ltr'>Horas</span> 
     </span>
    </p>

    <p class='ocr_par' dir='ltr' id='par_1_2' title="bbox 230 431 1060 542">
     <span class='ocr_line' id='line_1_4' title="bbox 287 431 1059 484; baseline 0.001 -12"><span class='ocrx_word' id='word_1_8' title='bbox 287 434 380 474; x_wconf 39' lang='lat' dir='ltr'>int.</span> <span class='ocrx_word' id='word_1_9' title='bbox 401 435 426 473; x_wconf 92' lang='lat'>1.</span> <span class='ocrx_word' id='word_1_10' title='bbox 448 431 670 484; x_wconf 79' lang='lat' dir='ltr'>Sapientia</span> <span class='ocrx_word' id='word_1_11' title='bbox 688 431 923 473; x_wconf 77' lang='lat' dir='ltr'>aedifi&#39;cavit</span> <span class='ocrx_word' id='word_1_12' title='bbox 938 434 961 459; x_wconf 83' lang='grc'>*</span> <span class='ocrx_word' id='word_1_13' title='bbox 976 431 1059 473; x_wconf 83' lang='lat' dir='ltr'>sibi</span> 
     </span>
     <span class='ocr_line' id='line_1_5' title="bbox 230 487 1060 542; baseline 0.001 -13"><span class='ocrx_word' id='word_1_14' title='bbox 230 487 425 538; x_wconf 92' lang='lat' dir='ltr'>domum,</span> <span class='ocrx_word' id='word_1_15' title='bbox 448 488 611 530; x_wconf 80' lang='lat' dir='ltr'>excidit</span> <span class='ocrx_word' id='word_1_16' title='bbox 630 489 857 530; x_wconf 88' lang='lat' dir='ltr'>columnas</span> <span class='ocrx_word' id='word_1_17' title='bbox 877 494 1060 542; x_wconf 87' lang='lat' dir='ltr'><strong>septem.</strong></span> 
     </span>
    </p>

    <p class='ocr_par' dir='ltr' id='par_1_3' title="bbox 284 550 898 602">
     <span class='ocr_line' id='line_1_6' title="bbox 284 550 898 602; baseline 0.002 -13"><span class='ocrx_word' id='word_1_18' title='bbox 284 551 347 590; x_wconf 76' lang='lat' dir='ltr'>l‘s.</span> <span class='ocrx_word' id='word_1_19' title='bbox 377 550 593 591; x_wconf 80' lang='lat' dir='ltr'>Dominus</span> <span class='ocrx_word' id='word_1_20' title='bbox 612 550 821 602; x_wconf 82' lang='lat' dir='ltr'>regnavit.</span> <span class='ocrx_word' id='word_1_21' title='bbox 839 551 898 591; x_wconf 89' lang='grc'>16.</span> 
     </span>
    </p>

    <p class='ocr_par' dir='ltr' id='par_1_4' title="bbox 228 610 1060 776">
     <span class='ocr_line' id='line_1_7' title="bbox 279 610 1059 664; baseline 0.005 -16"><span class='ocrx_word' id='word_1_22' title='bbox 279 610 314 648; x_wconf 78' lang='lat'>2.</span> <span class='ocrx_word' id='word_1_23' title='bbox 353 611 434 652; x_wconf 83' lang='lat' dir='ltr'>Isti</span> <span class='ocrx_word' id='word_1_24' title='bbox 466 616 566 653; x_wconf 91' lang='lat' dir='ltr'>sunt</span> <span class='ocrx_word' id='word_1_25' title='bbox 599 611 679 652; x_wconf 89' lang='lat' dir='ltr'>viri</span> <span class='ocrx_word' id='word_1_26' title='bbox 712 617 882 664; x_wconf 87' lang='lat' dir='ltr'>septem</span> <span class='ocrx_word' id='word_1_27' title='bbox 906 612 929 637; x_wconf 86' lang='lat'>*</span> <span class='ocrx_word' id='word_1_28' title='bbox 953 611 1059 654; x_wconf 92' lang='lat' dir='ltr'>boni</span> 
     </span>
     <span class='ocr_line' id='line_1_8' title="bbox 228 667 1060 721; baseline 0.002 -13"><span class='ocrx_word' id='word_1_29' title='bbox 228 667 484 717; x_wconf 78' lang='lat' dir='ltr'>testimenii⁷</span> <span class='ocrx_word' id='word_1_30' title='bbox 510 667 630 720; x_wconf 91' lang='lat' dir='ltr'>pleni</span> <span class='ocrx_word' id='word_1_31' title='bbox 649 668 814 721; x_wconf 85' lang='lat' dir='ltr'>Spiritu</span> <span class='ocrx_word' id='word_1_32' title='bbox 839 672 990 710; x_wconf 83' lang='lat' dir='ltr'>sancto</span> <span class='ocrx_word' id='word_1_33' title='bbox 1017 673 1060 710; x_wconf 93' lang='lat' dir='ltr'>et</span> 
     </span>
     <span class='ocr_line' id='line_1_9' title="bbox 229 723 823 776; baseline 0.003 -13"><span class='ocrx_word' id='word_1_34' title='bbox 229 723 454 776; x_wconf 85' lang='lat' dir='ltr'>sapientia.</span> <span class='ocrx_word' id='word_1_35' title='bbox 821 737 823 739; x_wconf 79' lang='grc'><strong>’</strong></span> 
     </span>
    </p>

    <p class='ocr_par' dir='ltr' id='par_1_5' title="bbox 226 786 1059 950">
     <span class='ocr_line' id='line_1_10' title="bbox 281 786 1057 838; baseline 0.004 -14"><span class='ocrx_word' id='word_1_36' title='bbox 281 788 316 825; x_wconf 71' lang='grc'>3.</span> <span class='ocrx_word' id='word_1_37' title='bbox 346 786 563 838; x_wconf 72' lang='lat' dir='ltr'>Apparuit</span> <span class='ocrx_word' id='word_1_38' title='bbox 583 786 647 828; x_wconf 87' lang='lat' dir='ltr'>eis</span> <span class='ocrx_word' id='word_1_39' title='bbox 664 786 854 827; x_wconf 83' lang='lat' dir='ltr'>Demina</span> <span class='ocrx_word' id='word_1_40' title='bbox 872 787 896 813; x_wconf 90' lang='lat'>*</span> <span class='ocrx_word' id='word_1_41' title='bbox 915 786 1057 837; x_wconf 89' lang='lat' dir='ltr'>Ange-</span> 
     </span>
     <span class='ocr_line' id='line_1_11' title="bbox 228 841 1059 893; baseline 0.002 -11"><span class='ocrx_word' id='word_1_42' title='bbox 228 841 384 890; x_wconf 82' lang='lat' dir='ltr'>lerum‚</span> <span class='ocrx_word' id='word_1_43' title='bbox 410 847 453 883; x_wconf 91' lang='lat' dir='ltr'>et</span> <span class='ocrx_word' id='word_1_44' title='bbox 473 842 624 884; x_wconf 80' lang='lat' dir='ltr'>dilexit</span> <span class='ocrx_word' id='word_1_45' title='bbox 644 855 722 884; x_wconf 90' lang='lat' dir='ltr'>eos</span> <span class='ocrx_word' id='word_1_46' title='bbox 741 842 784 883; x_wconf 92' lang='lat' dir='ltr'>in</span> <span class='ocrx_word' id='word_1_47' title='bbox 804 842 989 893; x_wconf 86' lang='lat' dir='ltr'>visiene,</span> <span class='ocrx_word' id='word_1_48' title='bbox 1015 848 1059 885; x_wconf 90' lang='lat' dir='ltr'>et</span> 
     </span>
     <span class='ocr_line' id='line_1_12' title="bbox 226 898 1002 950; baseline 0.003 -12"><span class='ocrx_word' id='word_1_49' title='bbox 226 898 270 938; x_wconf 91' lang='lat' dir='ltr'>in</span> <span class='ocrx_word' id='word_1_50' title='bbox 290 898 509 949; x_wconf 74' lang='lat' dir='ltr'>agnitione</span> <span class='ocrx_word' id='word_1_51' title='bbox 528 899 793 950; x_wconf 81' lang='lat' dir='ltr'>magnalium</span> <span class='ocrx_word' id='word_1_52' title='bbox 813 901 1002 940; x_wconf 83' lang='lat' dir='ltr'>suorum.</span> 
     </span>
    </p>

    <p class='ocr_par' dir='ltr' id='par_1_6' title="bbox 227 961 1059 1128">
     <span class='ocr_line' id='line_1_13' title="bbox 281 961 1059 1011; baseline 0.001 -10"><span class='ocrx_word' id='word_1_53' title='bbox 281 964 316 1001; x_wconf 71' lang='lat'>4.</span> <span class='ocrx_word' id='word_1_54' title='bbox 351 961 477 1002; x_wconf 79' lang='lat' dir='ltr'>Beati</span> <span class='ocrx_word' id='word_1_55' title='bbox 500 961 582 1001; x_wconf 86' lang='lat' dir='ltr'>viri</span> <span class='ocrx_word' id='word_1_56' title='bbox 607 961 712 1002; x_wconf 90' lang='lat' dir='ltr'>tui*</span> <span class='ocrx_word' id='word_1_57' title='bbox 733 961 901 1011; x_wconf 87' lang='lat' dir='ltr'>Regina</span> <span class='ocrx_word' id='word_1_58' title='bbox 925 961 1059 1002; x_wconf 84' lang='lat' dir='ltr'>emni—</span> 
     </span>
     <span class='ocr_line' id='line_1_14' title="bbox 227 1017 1058 1070; baseline 0.001 -13"><span class='ocrx_word' id='word_1_59' title='bbox 227 1030 315 1058; x_wconf 92' lang='lat' dir='ltr'>um:</span> <span class='ocrx_word' id='word_1_60' title='bbox 347 1019 467 1061; x_wconf 76' lang='lat' dir='ltr'>beati</span> <span class='ocrx_word' id='word_1_61' title='bbox 491 1019 606 1060; x_wconf 87' lang='lat' dir='ltr'>servi</span> <span class='ocrx_word' id='word_1_62' title='bbox 632 1018 710 1068; x_wconf 87' lang='lat' dir='ltr'>tui,</span> <span class='ocrx_word' id='word_1_63' title='bbox 745 1017 820 1070; x_wconf 89' lang='lat' dir='ltr'>qui</span> <span class='ocrx_word' id='word_1_64' title='bbox 846 1022 962 1059; x_wconf 90' lang='lat' dir='ltr'>stant</span> <span class='ocrx_word' id='word_1_65' title='bbox 988 1030 1058 1059; x_wconf 95' lang='lat' dir='ltr'>co-</span> 
     </span>
     <span class='ocr_line' id='line_1_15' title="bbox 228 1080 590 1128; baseline 0 -13"><span class='ocrx_word' id='word_1_66' title='bbox 228 1087 321 1115; x_wconf 90' lang='lat' dir='ltr'>ram</span> <span class='ocrx_word' id='word_1_67' title='bbox 340 1080 383 1116; x_wconf 90' lang='lat' dir='ltr'>te</span> <span class='ocrx_word' id='word_1_68' title='bbox 404 1088 590 1128; x_wconf 83' lang='lat' dir='ltr'><strong>semper.</strong></span> 
     </span>
    </p>

    <p class='ocr_par' dir='ltr' id='par_1_7' title="bbox 227 1136 1057 1302">
     <span class='ocr_line' id='line_1_16' title="bbox 277 1136 1057 1178; baseline 0.004 -4"><span class='ocrx_word' id='word_1_69' title='bbox 277 1138 313 1175; x_wconf 76' lang='lat'>5.</span> <span class='ocrx_word' id='word_1_70' title='bbox 353 1136 551 1178; x_wconf 82' lang='lat' dir='ltr'>Laudem</span> <span class='ocrx_word' id='word_1_71' title='bbox 577 1136 708 1178; x_wconf 89' lang='lat' dir='ltr'>dicite</span> <span class='ocrx_word' id='word_1_72' title='bbox 732 1136 830 1178; x_wconf 91' lang='lat' dir='ltr'>Deo</span> <span class='ocrx_word' id='word_1_73' title='bbox 855 1137 879 1162; x_wconf 76' lang='lat'>²⁴¹</span> <span class='ocrx_word' id='word_1_74' title='bbox 904 1141 1057 1177; x_wconf 92' lang='lat' dir='ltr'>nostro</span> 
     </span>
     <span class='ocr_line' id='line_1_17' title="bbox 227 1192 1057 1245; baseline 0 -12"><span class='ocrx_word' id='word_1_75' title='bbox 227 1205 379 1234; x_wconf 92' lang='lat' dir='ltr'>omnes</span> <span class='ocrx_word' id='word_1_76' title='bbox 411 1193 528 1234; x_wconf 91' lang='lat' dir='ltr'>servi</span> <span class='ocrx_word' id='word_1_77' title='bbox 563 1194 670 1245; x_wconf 81' lang='lat' dir='ltr'>ejus,</span> <span class='ocrx_word' id='word_1_78' title='bbox 709 1197 753 1234; x_wconf 92' lang='lat' dir='ltr'>et</span> <span class='ocrx_word' id='word_1_79' title='bbox 786 1192 860 1245; x_wconf 91' lang='lat' dir='ltr'>qui</span> <span class='ocrx_word' id='word_1_80' title='bbox 895 1192 1057 1234; x_wconf 89' lang='lat' dir='ltr'>timetis</span> 
     </span>
     <span class='ocr_line' id='line_1_18' title="bbox 227 1249 745 1302; baseline 0 -12"><span class='ocrx_word' id='word_1_81' title='bbox 227 1261 337 1299; x_wconf 84' lang='lat' dir='ltr'>eum,</span> <span class='ocrx_word' id='word_1_82' title='bbox 358 1249 506 1302; x_wconf 80' lang='lat' dir='ltr'>pusilli</span> <span class='ocrx_word' id='word_1_83' title='bbox 526 1254 570 1291; x_wconf 90' lang='lat' dir='ltr'>et</span> <span class='ocrx_word' id='word_1_84' title='bbox 587 1250 745 1300; x_wconf 89' lang='lat' dir='ltr'>magni.</span> 
     </span>
    </p>

    <p class='ocr_par' dir='ltr' id='par_1_8' title="bbox 304 1319 975 1369">
     <span class='ocr_line' id='line_1_19' title="bbox 304 1319 975 1369; baseline 0.009 -12"><span class='ocrx_word' id='word_1_85' title='bbox 304 1319 563 1369; x_wconf 78' lang='lat' dir='ltr'>Capitulum.</span> <span class='ocrx_word' id='word_1_86' title='bbox 714 1322 847 1362; x_wconf 78' lang='lat' dir='ltr'>Hebr.</span> <span class='ocrx_word' id='word_1_87' title='bbox 865 1324 920 1363; x_wconf 75' lang='lat'>13.</span> <span class='ocrx_word' id='word_1_88' title='bbox 937 1323 975 1363; x_wconf 95' lang='lat' dir='ltr'>b.</span> 
     </span>
    </p>
   </div>
   <div class='ocr_carea' id='block_1_2' title="bbox 544 211 1622 248">
    <p class='ocr_par' dir='ltr' id='par_1_9' title="bbox 544 211 1622 248">
     <span class='ocr_line' id='line_1_20' title="bbox 544 211 1622 248; baseline 0.002 -4"><span class='ocrx_word' id='word_1_89' title='bbox 544 211 612 245; x_wconf 63' lang='lat' dir='ltr'>lm·</span> <span class='ocrx_word' id='word_1_90' title='bbox 643 213 687 245; x_wconf 87' lang='lat' dir='ltr'>ll.</span> <span class='ocrx_word' id='word_1_91' title='bbox 717 213 823 245; x_wconf 53' lang='lat' dir='ltr'>Febr.</span> <span class='ocrx_word' id='word_1_92' title='bbox 874 213 938 245; x_wconf 52' lang='lat'>131³.</span> <span class='ocrx_word' id='word_1_93' title='bbox 969 213 1031 245; x_wconf 67' lang='lat' dir='ltr'>x‘ll</span> <span class='ocrx_word' id='word_1_94' title='bbox 1065 212 1179 245; x_wconf 70' lang='lat' dir='ltr'>Fuud.</span> <span class='ocrx_word' id='word_1_95' title='bbox 1207 213 1294 246; x_wconf 69' lang='lat' dir='ltr'>Orci.</span> <span class='ocrx_word' id='word_1_96' title='bbox 1319 215 1422 247; x_wconf 67' lang='lat' dir='ltr'>Serv.</span> <span class='ocrx_word' id='word_1_97' title='bbox 1451 215 1489 247; x_wconf 76' lang='lat' dir='ltr'>B.</span> <span class='ocrx_word' id='word_1_98' title='bbox 1516 215 1560 248; x_wconf 77' lang='lat' dir='ltr'>M.</span> <span class='ocrx_word' id='word_1_99' title='bbox 1583 215 1622 247; x_wconf 63' lang='lat' dir='ltr'>V.</span> 
     </span>
    </p>
   </div>
   <div class='ocr_carea' id='block_1_3' title="bbox 1191 305 1887 416">
    <p class='ocr_par' dir='ltr' id='par_1_10' title="bbox 1191 305 1887 416">
     <span class='ocr_line' id='line_1_21' title="bbox 1191 305 1762 356; baseline 0.002 -10"><span class='ocrx_word' id='word_1_100' title='bbox 1191 305 1351 347; x_wconf 88' lang='lat' dir='ltr'>Mentis</span> <span class='ocrx_word' id='word_1_101' title='bbox 1369 306 1575 348; x_wconf 90' lang='lat' dir='ltr'>tenebras</span> <span class='ocrx_word' id='word_1_102' title='bbox 1595 309 1762 356; x_wconf 79' lang='lat' dir='ltr'>amove,</span> 
     </span>
     <span class='ocr_line' id='line_1_22' title="bbox 1192 362 1887 416; baseline -0.001 -12"><span class='ocrx_word' id='word_1_103' title='bbox 1192 362 1437 416; x_wconf 87' lang='lat' dir='ltr'>Cordisque</span> <span class='ocrx_word' id='word_1_104' title='bbox 1457 363 1616 404; x_wconf 92' lang='lat' dir='ltr'>fluctus</span> <span class='ocrx_word' id='word_1_105' title='bbox 1635 362 1887 415; x_wconf 77' lang='lat' dir='ltr'>cumprime.</span> 
     </span>
    </p>
   </div>
   <div class='ocr_carea' id='block_1_4' title="bbox 1141 437 1904 652">
    <p class='ocr_par' dir='ltr' id='par_1_11' title="bbox 1141 437 1904 652">
     <span class='ocr_line' id='line_1_23' title="bbox 1141 437 1684 490; baseline 0 -12"><span class='ocrx_word' id='word_1_106' title='bbox 1141 439 1196 478; x_wconf 86' lang='lat' dir='ltr'>Et</span> <span class='ocrx_word' id='word_1_107' title='bbox 1215 442 1264 479; x_wconf 87' lang='lat' dir='ltr'>tu</span> <span class='ocrx_word' id='word_1_108' title='bbox 1283 438 1473 490; x_wconf 92' lang='lat' dir='ltr'>superna</span> <span class='ocrx_word' id='word_1_109' title='bbox 1493 437 1684 479; x_wconf 84' lang='lat' dir='ltr'>Trinitas</span> 
     </span>
     <span class='ocr_line' id='line_1_24' title="bbox 1189 493 1775 544; baseline 0.002 -10"><span class='ocrx_word' id='word_1_110' title='bbox 1189 493 1410 535; x_wconf 91' lang='lat' dir='ltr'>Perfunde</span> <span class='ocrx_word' id='word_1_111' title='bbox 1430 499 1583 536; x_wconf 90' lang='lat' dir='ltr'>sancto</span> <span class='ocrx_word' id='word_1_112' title='bbox 1603 493 1775 544; x_wconf 72' lang='lat' dir='ltr'>rubore,</span> 
     </span>
     <span class='ocr_line' id='line_1_25' title="bbox 1188 550 1855 605; baseline 0.003 -13"><span class='ocrx_word' id='word_1_113' title='bbox 1188 550 1428 603; x_wconf 70' lang='lat' dir='ltr'>vitamque</span> <span class='ocrx_word' id='word_1_114' title='bbox 1447 550 1517 592; x_wconf 89' lang='lat' dir='ltr'>fac</span> <span class='ocrx_word' id='word_1_115' title='bbox 1535 563 1624 592; x_wconf 92' lang='lat' dir='ltr'>non</span> <span class='ocrx_word' id='word_1_116' title='bbox 1642 553 1855 605; x_wconf 91' lang='lat' dir='ltr'>imparem</span> 
     </span>
     <span class='ocr_line' id='line_1_26' title="bbox 1189 607 1904 652; baseline 0.006 -4"><span class='ocrx_word' id='word_1_117' title='bbox 1189 607 1366 649; x_wconf 85' lang='lat' dir='ltr'>Nostris</span> <span class='ocrx_word' id='word_1_118' title='bbox 1385 607 1527 649; x_wconf 78' lang='lat' dir='ltr'>beatis</span> <span class='ocrx_word' id='word_1_119' title='bbox 1549 607 1721 650; x_wconf 89' lang='lat' dir='ltr'>ducere.</span> <span class='ocrx_word' id='word_1_120' title='bbox 1750 609 1904 652; x_wconf 92' lang='lat' dir='ltr'>Amen.</span> 
     </span>
    </p>
   </div>
   <div class='ocr_carea' id='block_1_5' title="bbox 1355 694 1710 746">
    <p class='ocr_par' dir='ltr' id='par_1_12' title="bbox 1355 694 1710 746">
     <span class='ocr_line' id='line_1_27' title="bbox 1355 694 1710 746; baseline 0.006 -13"><span class='ocrx_word' id='word_1_121' title='bbox 1355 694 1479 734; x_wconf 75' lang='lat' dir='ltr'>Alius</span> <span class='ocrx_word' id='word_1_122' title='bbox 1499 695 1710 746; x_wconf 74' lang='lat' dir='ltr'>Hymnus.</span> 
     </span>
    </p>
   </div>
   <div class='ocr_carea' id='block_1_6' title="bbox 1158 768 1943 982">
    <p class='ocr_par' dir='ltr' id='par_1_13' title="bbox 1158 768 1943 982">
     <span class='ocr_line' id='line_1_28' title="bbox 1158 768 1943 824; baseline 0.005 -15"><span class='ocrx_word' id='word_1_123' title='bbox 1158 768 1293 821; x_wconf 90' lang='lat' dir='ltr'>nclyti</span> <span class='ocrx_word' id='word_1_124' title='bbox 1308 769 1473 819; x_wconf 86' lang='lat' dir='ltr'>Patres,</span> <span class='ocrx_word' id='word_1_125' title='bbox 1489 769 1778 824; x_wconf 75' lang='lat' dir='ltr'>Dominaeque</span> <span class='ocrx_word' id='word_1_126' title='bbox 1792 769 1943 813; x_wconf 91' lang='lat' dir='ltr'>mundi</span> 
     </span>
     <span class='ocr_line' id='line_1_29' title="bbox 1184 825 1868 878; baseline 0.004 -12"><span class='ocrx_word' id='word_1_127' title='bbox 1184 825 1365 878; x_wconf 92' lang='lat' dir='ltr'>Impigri</span> <span class='ocrx_word' id='word_1_128' title='bbox 1385 826 1511 876; x_wconf 86' lang='lat' dir='ltr'>servi,</span> <span class='ocrx_word' id='word_1_129' title='bbox 1531 826 1766 869; x_wconf 69' lang='lat' dir='ltr'>famuletus</span> <span class='ocrx_word' id='word_1_130' title='bbox 1784 828 1868 870; x_wconf 89' lang='lat' dir='ltr'>iste</span> 
     </span>
     <span class='ocr_line' id='line_1_30' title="bbox 1161 882 1825 935; baseline 0.005 -12"><span class='ocrx_word' id='word_1_131' title='bbox 1161 882 1307 924; x_wconf 85' lang='lat' dir='ltr'>Dicite</span> <span class='ocrx_word' id='word_1_132' title='bbox 1328 895 1354 924; x_wconf 95' lang='lat' dir='ltr'>o</span> <span class='ocrx_word' id='word_1_133' title='bbox 1376 882 1493 935; x_wconf 88' lang='lat' dir='ltr'>quali</span> <span class='ocrx_word' id='word_1_134' title='bbox 1511 883 1643 925; x_wconf 87' lang='lat' dir='ltr'>rutila</span> <span class='ocrx_word' id='word_1_135' title='bbox 1661 886 1825 926; x_wconf 79' lang='lat' dir='ltr'>corena</span> 
     </span>
     <span class='ocr_line' id='line_1_31' title="bbox 1265 938 1618 982; baseline 0.003 -2"><span class='ocrx_word' id='word_1_136' title='bbox 1265 939 1362 981; x_wconf 92' lang='lat' dir='ltr'>Vos</span> <span class='ocrx_word' id='word_1_137' title='bbox 1382 938 1618 982; x_wconf 85' lang='lat' dir='ltr'>redimivit!</span> 
     </span>
    </p>
   </div>
   <div class='ocr_carea' id='block_1_7' title="bbox 1112 1013 1942 1338">
    <p class='ocr_par' dir='ltr' id='par_1_14' title="bbox 1112 1013 1942 1252">
     <span class='ocr_line' id='line_1_32' title="bbox 1112 1013 1898 1056; baseline 0.003 -3"><span class='ocrx_word' id='word_1_138' title='bbox 1112 1013 1267 1055; x_wconf 90' lang='lat' dir='ltr'>Noscis</span> <span class='ocrx_word' id='word_1_139' title='bbox 1286 1013 1343 1055; x_wconf 88' lang='lat' dir='ltr'>ad</span> <span class='ocrx_word' id='word_1_140' title='bbox 1362 1013 1500 1056; x_wconf 90' lang='lat' dir='ltr'>coelos</span> <span class='ocrx_word' id='word_1_141' title='bbox 1522 1013 1669 1055; x_wconf 91' lang='lat' dir='ltr'>subito</span> <span class='ocrx_word' id='word_1_142' title='bbox 1689 1016 1898 1056; x_wconf 76' lang='lat' dir='ltr'>evocatus</span> 
     </span>
     <span class='ocr_line' id='line_1_33' title="bbox 1167 1069 1940 1123; baseline 0.003 -13"><span class='ocrx_word' id='word_1_143' title='bbox 1167 1069 1372 1111; x_wconf 90' lang='lat' dir='ltr'>Omnium</span> <span class='ocrx_word' id='word_1_144' title='bbox 1402 1070 1610 1123; x_wconf 91' lang='lat' dir='ltr'>princeps</span> <span class='ocrx_word' id='word_1_145' title='bbox 1640 1070 1824 1112; x_wconf 89' lang='lat' dir='ltr'>celebris</span> <span class='ocrx_word' id='word_1_146' title='bbox 1849 1071 1940 1112; x_wconf 93' lang='lat' dir='ltr'>Mo-</span> 
     </span>
     <span class='ocr_line' id='line_1_34' title="bbox 1163 1126 1942 1252; baseline 0.001 -28"><span class='ocrx_word' id='word_1_147' title='bbox 1163 1184 1303 1233; x_wconf 93' lang='lat' dir='ltr'>Quem</span> <span class='ocrx_word' id='word_1_148' title='bbox 1345 1126 1704 1252; x_wconf 40' lang='lat' dir='ltr'>Sibinalllftlezamm</span> <span class='ocrx_word' id='word_1_149' title='bbox 1740 1183 1942 1225; x_wconf 85' lang='lat' dir='ltr'>Genitrix</span> 
     </span>
    </p>

    <p class='ocr_par' dir='ltr' id='par_1_15' title="bbox 1265 1253 1694 1338">
     <span class='ocr_line' id='line_1_35' title="bbox 1421 1253 1626 1292; baseline 0.005 -11"><span class='ocrx_word' id='word_1_150' title='bbox 1421 1253 1626 1292; x_wconf 89' lang='lat' dir='ltr'>suprema</span> 
     </span>
     <span class='ocr_line' id='line_1_36' title="bbox 1265 1296 1694 1338; baseline 0.002 -1"><span class='ocrx_word' id='word_1_151' title='bbox 1265 1296 1405 1338; x_wconf 84' lang='lat' dir='ltr'>Duxit</span> <span class='ocrx_word' id='word_1_152' title='bbox 1423 1296 1480 1338; x_wconf 87' lang='lat' dir='ltr'>ad</span> <span class='ocrx_word' id='word_1_153' title='bbox 1499 1296 1694 1338; x_wconf 76' lang='lat' dir='ltr'>aethram.</span> 
     </span>
    </p>
   </div>
   <div class='ocr_carea' id='block_1_8' title="bbox 154 1369 1942 1482">
    <p class='ocr_par' dir='ltr' id='par_1_16' title="bbox 154 1369 1942 1482">
     <span class='ocr_line' id='line_1_37' title="bbox 154 1369 1942 1482; baseline 0 -61"><span class='ocrx_word' id='word_1_154' title='bbox 154 1388 162 1395; x_wconf 83' lang='grc'><em>“</em></span> <span class='ocrx_word' id='word_1_155' title='bbox 223 1375 461 1482; x_wconf 84' lang='lat' dir='ltr'>Fratres:</span> <span class='ocrx_word' id='word_1_156' title='bbox 493 1381 764 1423; x_wconf 83' lang='lat' dir='ltr'>Mementete</span> <span class='ocrx_word' id='word_1_157' title='bbox 796 1380 1056 1434; x_wconf 80' lang='lat' dir='ltr'>praeposito·</span> <span class='ocrx_word' id='word_1_158' title='bbox 1111 1371 1266 1422; x_wconf 69' lang='lat' dir='ltr'>Tuque</span> <span class='ocrx_word' id='word_1_159' title='bbox 1291 1369 1361 1411; x_wconf 74' lang='lat' dir='ltr'>dic</span> <span class='ocrx_word' id='word_1_160' title='bbox 1384 1370 1512 1412; x_wconf 76' lang='lat' dir='ltr'>DObiS</span> <span class='ocrx_word' id='word_1_161' title='bbox 1531 1370 1804 1423; x_wconf 67' lang='lat' dir='ltr'>Bonail&#39;mcta</span> <span class='ocrx_word' id='word_1_162' title='bbox 1827 1371 1942 1421; x_wconf 72' lang='lat' dir='ltr'>felix,</span> 
     </span>
    </p>
   </div>
   <div class='ocr_carea' id='block_1_9' title="bbox 223 1436 1056 1724">
    <p class='ocr_par' dir='ltr' id='par_1_17' title="bbox 223 1436 1056 1724">
     <span class='ocr_line' id='line_1_38' title="bbox 320 1436 1056 1490; baseline 0 -12"><span class='ocrx_word' id='word_1_163' title='bbox 320 1450 417 1478; x_wconf 92' lang='lat' dir='ltr'>rum</span> <span class='ocrx_word' id='word_1_164' title='bbox 444 1441 710 1488; x_wconf 81' lang='lat' dir='ltr'>vestrorum,</span> <span class='ocrx_word' id='word_1_165' title='bbox 741 1438 816 1490; x_wconf 90' lang='lat' dir='ltr'>qui</span> <span class='ocrx_word' id='word_1_166' title='bbox 841 1436 969 1479; x_wconf 87' lang='lat' dir='ltr'>vobis</span> <span class='ocrx_word' id='word_1_167' title='bbox 994 1437 1056 1478; x_wconf 93' lang='lat' dir='ltr'>lo-</span> 
     </span>
     <span class='ocr_line' id='line_1_39' title="bbox 225 1494 1056 1547; baseline 0 -13"><span class='ocrx_word' id='word_1_168' title='bbox 225 1494 314 1535; x_wconf 91' lang='lat' dir='ltr'>cuti</span> <span class='ocrx_word' id='word_1_169' title='bbox 339 1499 439 1536; x_wconf 88' lang='lat' dir='ltr'>sunt</span> <span class='ocrx_word' id='word_1_170' title='bbox 458 1494 641 1537; x_wconf 92' lang='lat' dir='ltr'>verbum</span> <span class='ocrx_word' id='word_1_171' title='bbox 661 1495 760 1545; x_wconf 83' lang='lat' dir='ltr'>Dei,</span> <span class='ocrx_word' id='word_1_172' title='bbox 786 1507 974 1547; x_wconf 91' lang='lat' dir='ltr'>quorum</span> <span class='ocrx_word' id='word_1_173' title='bbox 996 1494 1056 1534; x_wconf 91' lang='lat' dir='ltr'>in-</span> 
     </span>
     <span class='ocr_line' id='line_1_40' title="bbox 223 1550 1056 1600; baseline 0 -9"><span class='ocrx_word' id='word_1_174' title='bbox 223 1552 396 1592; x_wconf 90' lang='lat' dir='ltr'>tuentes</span> <span class='ocrx_word' id='word_1_175' title='bbox 412 1551 575 1593; x_wconf 86' lang='lat' dir='ltr'>exitum</span> <span class='ocrx_word' id='word_1_176' title='bbox 591 1551 950 1600; x_wconf 80' lang='lat' dir='ltr'>conversationis,</span> <span class='ocrx_word' id='word_1_177' title='bbox 965 1550 1056 1591; x_wconf 88' lang='lat' dir='ltr'>imi·</span> 
     </span>
     <span class='ocr_line' id='line_1_41' title="bbox 224 1607 541 1650; baseline 0.006 -2"><span class='ocrx_word' id='word_1_178' title='bbox 224 1608 378 1648; x_wconf 80' lang='lat' dir='ltr'>tamini</span> <span class='ocrx_word' id='word_1_179' title='bbox 395 1607 541 1650; x_wconf 88' lang='lat' dir='ltr'>fidem.</span> 
     </span>
     <span class='ocr_line' id='line_1_42' title="bbox 535 1674 744 1724; baseline 0.01 -12"><span class='ocrx_word' id='word_1_180' title='bbox 535 1674 744 1724; x_wconf 66' lang='lat' dir='ltr'>Hymnus.</span> 
     </span>
    </p>
   </div>
   <div class='ocr_carea' id='block_1_10' title="bbox 302 1735 952 1947">
    <p class='ocr_par' dir='ltr' id='par_1_18' title="bbox 353 1735 906 1777">
     <span class='ocr_line' id='line_1_43' title="bbox 353 1735 906 1777; baseline 0 -2"><span class='ocrx_word' id='word_1_181' title='bbox 353 1735 459 1776; x_wconf 89' lang='lat' dir='ltr'>atris</span> <span class='ocrx_word' id='word_1_182' title='bbox 479 1735 561 1777; x_wconf 89' lang='lat' dir='ltr'>sub</span> <span class='ocrx_word' id='word_1_183' title='bbox 581 1735 708 1776; x_wconf 88' lang='lat' dir='ltr'>almae</span> <span class='ocrx_word' id='word_1_184' title='bbox 727 1735 906 1776; x_wconf 90' lang='lat' dir='ltr'>numine</span> 
     </span>
    </p>

    <p class='ocr_par' dir='ltr' id='par_1_19' title="bbox 302 1791 952 1947">
     <span class='ocr_line' id='line_1_44' title="bbox 370 1791 952 1845; baseline 0 -13"><span class='ocrx_word' id='word_1_185' title='bbox 370 1791 560 1844; x_wconf 90' lang='lat' dir='ltr'>Septena</span> <span class='ocrx_word' id='word_1_186' title='bbox 578 1792 728 1845; x_wconf 92' lang='lat' dir='ltr'>proles</span> <span class='ocrx_word' id='word_1_187' title='bbox 747 1791 952 1841; x_wconf 80' lang='lat' dir='ltr'>nascitur,</span> 
     </span>
     <span class='ocr_line' id='line_1_45' title="bbox 303 1847 917 1901; baseline 0.003 -15"><span class='ocrx_word' id='word_1_188' title='bbox 303 1847 407 1899; x_wconf 91' lang='lat' dir='ltr'>Ipsa</span> <span class='ocrx_word' id='word_1_189' title='bbox 426 1850 615 1890; x_wconf 78' lang='lat' dir='ltr'>vocante</span> <span class='ocrx_word' id='word_1_190' title='bbox 635 1848 692 1890; x_wconf 90' lang='lat' dir='ltr'>ad</span> <span class='ocrx_word' id='word_1_191' title='bbox 712 1850 917 1901; x_wconf 75' lang='lat' dir='ltr'>asperum</span> 
     </span>
     <span class='ocr_line' id='line_1_46' title="bbox 302 1904 870 1947; baseline -0.002 -2"><span class='ocrx_word' id='word_1_192' title='bbox 302 1904 470 1945; x_wconf 77' lang='lat' dir='ltr'>Senarii</span> <span class='ocrx_word' id='word_1_193' title='bbox 490 1905 631 1947; x_wconf 90' lang='lat' dir='ltr'>tendit</span> <span class='ocrx_word' id='word_1_194' title='bbox 650 1905 870 1947; x_wconf 87' lang='lat' dir='ltr'>verticem.</span> 
     </span>
    </p>
   </div>
   <div class='ocr_carea' id='block_1_11' title="bbox 251 1972 976 2801">
    <p class='ocr_par' dir='ltr' id='par_1_20' title="bbox 251 1972 973 2187">
     <span class='ocr_line' id='line_1_47' title="bbox 251 1972 924 2027; baseline 0.001 -13"><span class='ocrx_word' id='word_1_195' title='bbox 251 1972 371 2021; x_wconf 84' lang='lat' dir='ltr'>Quos</span> <span class='ocrx_word' id='word_1_196' title='bbox 390 1978 508 2015; x_wconf 86' lang='lat' dir='ltr'>terra</span> <span class='ocrx_word' id='word_1_197' title='bbox 528 1975 694 2016; x_wconf 86' lang='lat' dir='ltr'>fructus</span> <span class='ocrx_word' id='word_1_198' title='bbox 714 1974 924 2027; x_wconf 82' lang='lat' dir='ltr'>proferet,</span> 
     </span>
     <span class='ocr_line' id='line_1_48' title="bbox 301 2030 973 2084; baseline 0.001 -14"><span class='ocrx_word' id='word_1_199' title='bbox 301 2030 419 2071; x_wconf 92' lang='lat' dir='ltr'>Dum</span> <span class='ocrx_word' id='word_1_200' title='bbox 438 2043 563 2072; x_wconf 89' lang='lat' dir='ltr'>sacra</span> <span class='ocrx_word' id='word_1_201' title='bbox 581 2030 729 2084; x_wconf 90' lang='lat' dir='ltr'>proles</span> <span class='ocrx_word' id='word_1_202' title='bbox 748 2030 973 2082; x_wconf 77' lang='lat' dir='ltr'>germinat,</span> 
     </span>
     <span class='ocr_line' id='line_1_49' title="bbox 299 2086 814 2141; baseline -0.002 -12"><span class='ocrx_word' id='word_1_203' title='bbox 299 2086 406 2129; x_wconf 85' lang='lat' dir='ltr'>Uvis</span> <span class='ocrx_word' id='word_1_204' title='bbox 426 2089 608 2141; x_wconf 92' lang='lat' dir='ltr'>repente</span> <span class='ocrx_word' id='word_1_205' title='bbox 627 2086 814 2140; x_wconf 80' lang='lat' dir='ltr'>turgidis</span> 
     </span>
     <span class='ocr_line' id='line_1_50' title="bbox 306 2144 786 2187; baseline -0.002 -2"><span class='ocrx_word' id='word_1_206' title='bbox 306 2144 477 2186; x_wconf 82' lang='lat' dir='ltr'>Onusta</span> <span class='ocrx_word' id='word_1_207' title='bbox 496 2145 597 2187; x_wconf 90' lang='lat' dir='ltr'>vitis</span> <span class='ocrx_word' id='word_1_208' title='bbox 619 2144 786 2186; x_wconf 78' lang='lat' dir='ltr'>edocet.</span> 
     </span>
    </p>

    <p class='ocr_par' dir='ltr' id='par_1_21' title="bbox 256 2211 976 2435">
     <span class='ocr_line' id='line_1_51' title="bbox 256 2211 744 2256; baseline 0 -1"><span class='ocrx_word' id='word_1_209' title='bbox 256 2211 426 2256; x_wconf 82' lang='lat' dir='ltr'>Virtute</span> <span class='ocrx_word' id='word_1_210' title='bbox 446 2214 589 2256; x_wconf 89' lang='lat' dir='ltr'>claros</span> <span class='ocrx_word' id='word_1_211' title='bbox 607 2213 744 2256; x_wconf 81' lang='lat' dir='ltr'>nebili</span> 
     </span>
     <span class='ocr_line' id='line_1_52' title="bbox 300 2269 976 2313; baseline -0.001 -2"><span class='ocrx_word' id='word_1_212' title='bbox 300 2269 420 2312; x_wconf 91' lang='lat' dir='ltr'>Mors</span> <span class='ocrx_word' id='word_1_213' title='bbox 442 2277 592 2313; x_wconf 89' lang='lat' dir='ltr'>sancta</span> <span class='ocrx_word' id='word_1_214' title='bbox 613 2270 726 2312; x_wconf 91' lang='lat' dir='ltr'>coelo</span> <span class='ocrx_word' id='word_1_215' title='bbox 747 2272 976 2311; x_wconf 83' lang='lat' dir='ltr'>consecrat</span> 
     </span>
     <span class='ocr_line' id='line_1_53' title="bbox 300 2326 932 2380; baseline 0 -13"><span class='ocrx_word' id='word_1_216' title='bbox 300 2326 559 2380; x_wconf 89' lang='lat' dir='ltr'>Tenentque</span> <span class='ocrx_word' id='word_1_217' title='bbox 580 2327 757 2380; x_wconf 68' lang='lat' dir='ltr'>Olympi</span> <span class='ocrx_word' id='word_1_218' title='bbox 774 2326 932 2375; x_wconf 89' lang='lat' dir='ltr'>limina,</span> 
     </span>
     <span class='ocr_line' id='line_1_54' title="bbox 299 2382 796 2435; baseline 0 -12"><span class='ocrx_word' id='word_1_219' title='bbox 299 2382 423 2424; x_wconf 88' lang='lat' dir='ltr'>Servi</span> <span class='ocrx_word' id='word_1_220' title='bbox 442 2383 596 2425; x_wconf 87' lang='lat' dir='ltr'>fideles</span> <span class='ocrx_word' id='word_1_221' title='bbox 616 2383 796 2435; x_wconf 83' lang='lat' dir='ltr'>Virgini.</span> 
     </span>
    </p>

    <p class='ocr_par' dir='ltr' id='par_1_22' title="bbox 252 2452 943 2664">
     <span class='ocr_line' id='line_1_55' title="bbox 252 2452 753 2506; baseline 0.002 -13"><span class='ocrx_word' id='word_1_222' title='bbox 252 2452 289 2489; x_wconf 81' lang='lat' dir='ltr'>s)</span> <span class='ocrx_word' id='word_1_223' title='bbox 309 2465 415 2501; x_wconf 84' lang='lat' dir='ltr'>gens</span> <span class='ocrx_word' id='word_1_224' title='bbox 433 2454 563 2495; x_wconf 83' lang='lat' dir='ltr'>beata</span> <span class='ocrx_word' id='word_1_225' title='bbox 582 2454 753 2506; x_wconf 76' lang='lat' dir='ltr'>respice</span> 
     </span>
     <span class='ocr_line' id='line_1_56' title="bbox 302 2509 849 2562; baseline 0.002 -13"><span class='ocrx_word' id='word_1_226' title='bbox 302 2509 457 2560; x_wconf 88' lang='lat' dir='ltr'>Regno</span> <span class='ocrx_word' id='word_1_227' title='bbox 477 2513 620 2562; x_wconf 91' lang='lat' dir='ltr'>potita</span> <span class='ocrx_word' id='word_1_228' title='bbox 637 2509 849 2559; x_wconf 75' lang='lat' dir='ltr'>Numinis,</span> 
     </span>
     <span class='ocr_line' id='line_1_57' title="bbox 302 2565 943 2614; baseline 0 -8"><span class='ocrx_word' id='word_1_229' title='bbox 302 2565 422 2614; x_wconf 92' lang='lat' dir='ltr'>Quos</span> <span class='ocrx_word' id='word_1_230' title='bbox 442 2566 542 2608; x_wconf 88' lang='lat' dir='ltr'>hinc</span> <span class='ocrx_word' id='word_1_231' title='bbox 559 2566 771 2608; x_wconf 85' lang='lat' dir='ltr'>recedens</span> <span class='ocrx_word' id='word_1_232' title='bbox 790 2566 943 2607; x_wconf 78' lang='lat' dir='ltr'>tartari</span> 
     </span>
     <span class='ocr_line' id='line_1_58' title="bbox 305 2621 901 2664; baseline 0.003 -4"><span class='ocrx_word' id='word_1_233' title='bbox 305 2621 344 2661; x_wconf 92' lang='lat' dir='ltr'><strong>A</strong></span> <span class='ocrx_word' id='word_1_234' title='bbox 364 2621 515 2664; x_wconf 88' lang='lat' dir='ltr'>fraude</span> <span class='ocrx_word' id='word_1_235' title='bbox 535 2623 704 2664; x_wconf 90' lang='lat' dir='ltr'>cinctos</span> <span class='ocrx_word' id='word_1_236' title='bbox 725 2622 901 2664; x_wconf 90' lang='lat' dir='ltr'>deseris.</span> 
     </span>
    </p>

    <p class='ocr_par' dir='ltr' id='par_1_23' title="bbox 254 2689 937 2801">
     <span class='ocr_line' id='line_1_59' title="bbox 254 2689 812 2742; baseline 0.009 -14"><span class='ocrx_word' id='word_1_237' title='bbox 254 2689 369 2741; x_wconf 75' lang='lat' dir='ltr'>Ergo</span> <span class='ocrx_word' id='word_1_238' title='bbox 389 2703 468 2742; x_wconf 91' lang='lat' dir='ltr'>per</span> <span class='ocrx_word' id='word_1_239' title='bbox 487 2691 613 2732; x_wconf 87' lang='lat' dir='ltr'>almae</span> <span class='ocrx_word' id='word_1_240' title='bbox 631 2692 812 2733; x_wconf 83' lang='lat' dir='ltr'>vulnera</span> 
     </span>
     <span class='ocr_line' id='line_1_60' title="bbox 301 2746 937 2801; baseline 0.002 -15"><span class='ocrx_word' id='word_1_241' title='bbox 301 2746 454 2787; x_wconf 91' lang='lat' dir='ltr'>Matris</span> <span class='ocrx_word' id='word_1_242' title='bbox 474 2750 679 2797; x_wconf 78' lang='lat' dir='ltr'>rogamus</span> <span class='ocrx_word' id='word_1_243' title='bbox 699 2748 937 2801; x_wconf 84' lang='lat' dir='ltr'>supplices:</span> 
     </span>
    </p>
   </div>
   <div class='ocr_carea' id='block_1_12' title="bbox 1161 1426 1941 1639">
    <p class='ocr_par' dir='ltr' id='par_1_24' title="bbox 1161 1426 1941 1639">
     <span class='ocr_line' id='line_1_61' title="bbox 1162 1426 1941 1477; baseline 0.004 -10"><span class='ocrx_word' id='word_1_244' title='bbox 1162 1426 1247 1477; x_wconf 87' lang='lat' dir='ltr'>Qui</span> <span class='ocrx_word' id='word_1_245' title='bbox 1291 1426 1376 1468; x_wconf 91' lang='lat' dir='ltr'>Dei</span> <span class='ocrx_word' id='word_1_246' title='bbox 1421 1426 1550 1468; x_wconf 91' lang='lat' dir='ltr'>funus</span> <span class='ocrx_word' id='word_1_247' title='bbox 1594 1429 1842 1470; x_wconf 86' lang='lat' dir='ltr'>memorans</span> <span class='ocrx_word' id='word_1_248' title='bbox 1884 1426 1941 1470; x_wconf 91' lang='lat' dir='ltr'>ad</span> 
     </span>
     <span class='ocr_line' id='line_1_62' title="bbox 1420 1496 1552 1534; baseline 0 -9"><span class='ocrx_word' id='word_1_249' title='bbox 1420 1496 1552 1534; x_wconf 89' lang='lat' dir='ltr'>aram,</span> 
     </span>
     <span class='ocr_line' id='line_1_63' title="bbox 1161 1539 1911 1583; baseline 0.003 -3"><span class='ocrx_word' id='word_1_250' title='bbox 1161 1539 1278 1580; x_wconf 93' lang='lat' dir='ltr'>Dum</span> <span class='ocrx_word' id='word_1_251' title='bbox 1297 1540 1558 1582; x_wconf 88' lang='lat' dir='ltr'>recensebas</span> <span class='ocrx_word' id='word_1_252' title='bbox 1578 1540 1741 1583; x_wconf 75' lang='lat' dir='ltr'>obiisse</span> <span class='ocrx_word' id='word_1_253' title='bbox 1760 1540 1785 1582; x_wconf 86' lang='lat' dir='ltr'><strong>J</strong></span> <span class='ocrx_word' id='word_1_254' title='bbox 1787 1553 1911 1583; x_wconf 91' lang='lat' dir='ltr'>esum</span> 
     </span>
     <span class='ocr_line' id='line_1_64' title="bbox 1263 1596 1578 1639; baseline 0.006 -2"><span class='ocrx_word' id='word_1_255' title='bbox 1263 1596 1414 1638; x_wconf 89' lang='lat' dir='ltr'>Laetus</span> <span class='ocrx_word' id='word_1_256' title='bbox 1434 1597 1578 1639; x_wconf 81' lang='lat' dir='ltr'>obisti.</span> 
     </span>
    </p>
   </div>
   <div class='ocr_carea' id='block_1_13' title="bbox 1110 1669 1938 1950">
    <p class='ocr_par' dir='ltr' id='par_1_25' title="bbox 1110 1669 1938 1896">
     <span class='ocr_line' id='line_1_65' title="bbox 1110 1669 1871 1723; baseline 0.003 -13"><span class='ocrx_word' id='word_1_257' title='bbox 1110 1669 1232 1712; x_wconf 90' lang='lat' dir='ltr'>Indic</span> <span class='ocrx_word' id='word_1_258' title='bbox 1254 1675 1297 1712; x_wconf 89' lang='lat' dir='ltr'>et</span> <span class='ocrx_word' id='word_1_259' title='bbox 1315 1675 1364 1712; x_wconf 88' lang='lat' dir='ltr'>tu</span> <span class='ocrx_word' id='word_1_260' title='bbox 1382 1671 1603 1722; x_wconf 88' lang='lat' dir='ltr'>Sostenee,</span> <span class='ocrx_word' id='word_1_261' title='bbox 1623 1684 1675 1714; x_wconf 89' lang='lat' dir='ltr'>ac</span> <span class='ocrx_word' id='word_1_262' title='bbox 1692 1670 1871 1723; x_wconf 86' lang='lat' dir='ltr'>Ugucci,</span> 
     </span>
     <span class='ocr_line' id='line_1_66' title="bbox 1160 1726 1938 1793; baseline 0.003 -26"><span class='ocrx_word' id='word_1_263' title='bbox 1160 1726 1307 1769; x_wconf 90' lang='lat' dir='ltr'>Ambo</span> <span class='ocrx_word' id='word_1_264' title='bbox 1328 1728 1402 1780; x_wconf 93' lang='lat' dir='ltr'>qui</span> <span class='ocrx_word' id='word_1_265' title='bbox 1421 1740 1445 1770; x_wconf 92' lang='lat' dir='ltr'>e</span> <span class='ocrx_word' id='word_1_266' title='bbox 1463 1728 1592 1793; x_wconf 76' lang='lat' dir='ltr'>terris</span> <span class='ocrx_word' id='word_1_267' title='bbox 1612 1727 1742 1770; x_wconf 90' lang='lat' dir='ltr'>simul</span> <span class='ocrx_word' id='word_1_268' title='bbox 1759 1727 1938 1779; x_wconf 70' lang='lat' dir='ltr'>emigra-</span> 
     </span>
     <span class='ocr_line' id='line_1_67' title="bbox 1157 1789 1938 1896; baseline 0.003 -16"><span class='ocrx_word' id='word_1_269' title='bbox 1157 1839 1356 1896; x_wconf 17' lang='lat' dir='ltr'>&#39;Angelos</span> <span class='ocrx_word' id='word_1_270' title='bbox 1375 1789 1503 1891; x_wconf 56' lang='grc' dir='ltr'><strong>ἰηῗξέ,</strong></span> <span class='ocrx_word' id='word_1_271' title='bbox 1528 1840 1764 1883; x_wconf 91' lang='lat' dir='ltr'>revehente</span> <span class='ocrx_word' id='word_1_272' title='bbox 1789 1853 1938 1882; x_wconf 88' lang='lat' dir='ltr'>secum</span> 
     </span>
    </p>

    <p class='ocr_par' dir='ltr' id='par_1_26' title="bbox 1263 1897 1706 1950">
     <span class='ocr_line' id='line_1_68' title="bbox 1263 1897 1706 1950; baseline 0 -12"><span class='ocrx_word' id='word_1_273' title='bbox 1263 1897 1444 1949; x_wconf 89' lang='lat' dir='ltr'>Virgine</span> <span class='ocrx_word' id='word_1_274' title='bbox 1461 1900 1706 1950; x_wconf 90' lang='lat' dir='ltr'>utrumque.</span> 
     </span>
    </p>
   </div>
   <div class='ocr_carea' id='block_1_14' title="bbox 1110 1970 1938 2241">
    <p class='ocr_par' dir='ltr' id='par_1_27' title="bbox 1110 1970 1938 2241">
     <span class='ocr_line' id='line_1_69' title="bbox 1110 1970 1938 2021; baseline 0.001 -9"><span class='ocrx_word' id='word_1_275' title='bbox 1110 1972 1174 2012; x_wconf 92' lang='lat' dir='ltr'>Te</span> <span class='ocrx_word' id='word_1_276' title='bbox 1193 1970 1326 2013; x_wconf 93' lang='lat' dir='ltr'>modo</span> <span class='ocrx_word' id='word_1_277' title='bbox 1347 1972 1493 2013; x_wconf 87' lang='lat' dir='ltr'>cuncti</span> <span class='ocrx_word' id='word_1_278' title='bbox 1511 1973 1717 2014; x_wconf 88' lang='lat' dir='ltr'>resonent</span> <span class='ocrx_word' id='word_1_279' title='bbox 1732 1971 1938 2021; x_wconf 88' lang='lat' dir='ltr'>Manette‚</span> 
     </span>
     <span class='ocr_line' id='line_1_70' title="bbox 1161 2028 1937 2082; baseline 0 -13"><span class='ocrx_word' id='word_1_280' title='bbox 1161 2028 1244 2079; x_wconf 88' lang='lat' dir='ltr'>Qui</span> <span class='ocrx_word' id='word_1_281' title='bbox 1268 2028 1389 2070; x_wconf 86' lang='lat' dir='ltr'>velut</span> <span class='ocrx_word' id='word_1_282' title='bbox 1414 2041 1576 2082; x_wconf 93' lang='lat' dir='ltr'>cycnus</span> <span class='ocrx_word' id='word_1_283' title='bbox 1602 2029 1737 2071; x_wconf 90' lang='lat' dir='ltr'>cineri</span> <span class='ocrx_word' id='word_1_284' title='bbox 1761 2030 1937 2082; x_wconf 89' lang='lat' dir='ltr'>propin-</span> 
     </span>
     <span class='ocr_line' id='line_1_71' title="bbox 1421 2099 1532 2139; baseline -0.009 -11"><span class='ocrx_word' id='word_1_285' title='bbox 1421 2099 1532 2139; x_wconf 91' lang='lat' dir='ltr'>quus</span> 
     </span>
     <span class='ocr_line' id='line_1_72' title="bbox 1160 2141 1937 2195; baseline 0.001 -13"><span class='ocrx_word' id='word_1_286' title='bbox 1160 2141 1376 2183; x_wconf 88' lang='lat' dir='ltr'>Occinens</span> <span class='ocrx_word' id='word_1_287' title='bbox 1402 2142 1588 2195; x_wconf 91' lang='lat' dir='ltr'>hymnos</span> <span class='ocrx_word' id='word_1_288' title='bbox 1613 2142 1758 2184; x_wconf 80' lang='lat' dir='ltr'>alacer</span> <span class='ocrx_word' id='word_1_289' title='bbox 1777 2141 1937 2194; x_wconf 80' lang='lat' dir='ltr'>Mariae,</span> 
     </span>
     <span class='ocr_line' id='line_1_73' title="bbox 1263 2198 1560 2241; baseline 0 -1"><span class='ocrx_word' id='word_1_290' title='bbox 1263 2198 1374 2240; x_wconf 90' lang='lat' dir='ltr'>Fata</span> <span class='ocrx_word' id='word_1_291' title='bbox 1393 2198 1560 2241; x_wconf 86' lang='lat' dir='ltr'>subisti.</span> 
     </span>
    </p>
   </div>
   <div class='ocr_carea' id='block_1_15' title="bbox 1107 2274 1860 2329">
    <p class='ocr_par' dir='ltr' id='par_1_28' title="bbox 1107 2274 1860 2329">
     <span class='ocr_line' id='line_1_74' title="bbox 1107 2274 1860 2329; baseline 0.007 -15"><span class='ocrx_word' id='word_1_292' title='bbox 1107 2274 1176 2315; x_wconf 87' lang='lat' dir='ltr'>Sic</span> <span class='ocrx_word' id='word_1_293' title='bbox 1198 2275 1393 2327; x_wconf 87' lang='lat' dir='ltr'>Amidee,</span> <span class='ocrx_word' id='word_1_294' title='bbox 1418 2282 1461 2319; x_wconf 90' lang='lat' dir='ltr'>et</span> <span class='ocrx_word' id='word_1_295' title='bbox 1480 2277 1560 2319; x_wconf 90' lang='lat' dir='ltr'>tibi</span> <span class='ocrx_word' id='word_1_296' title='bbox 1579 2278 1860 2329; x_wconf 77' lang='lat' dir='ltr'>gratulamur,</span> 
     </span>
    </p>
   </div>
   <div class='ocr_carea' id='block_1_16' title="bbox 1108 2331 1933 2675">
    <p class='ocr_par' dir='ltr' id='par_1_29' title="bbox 1108 2331 1933 2675">
     <span class='ocr_line' id='line_1_75' title="bbox 1160 2331 1900 2385; baseline 0.003 -13"><span class='ocrx_word' id='word_1_297' title='bbox 1160 2331 1292 2384; x_wconf 89' lang='lat' dir='ltr'>Cujus</span> <span class='ocrx_word' id='word_1_298' title='bbox 1313 2333 1518 2376; x_wconf 84' lang='lat' dir='ltr'>arderem</span> <span class='ocrx_word' id='word_1_299' title='bbox 1535 2334 1760 2376; x_wconf 86' lang='lat' dir='ltr'>morientis</span> <span class='ocrx_word' id='word_1_300' title='bbox 1778 2333 1900 2385; x_wconf 88' lang='lat' dir='ltr'>ignis,</span> 
     </span>
     <span class='ocr_line' id='line_1_76' title="bbox 1158 2388 1907 2444; baseline 0.001 -15"><span class='ocrx_word' id='word_1_301' title='bbox 1158 2388 1293 2429; x_wconf 89' lang='lat' dir='ltr'>Visus</span> <span class='ocrx_word' id='word_1_302' title='bbox 1313 2389 1526 2432; x_wconf 85' lang='lat' dir='ltr'>effervens</span> <span class='ocrx_word' id='word_1_303' title='bbox 1550 2391 1675 2444; x_wconf 80' lang='lat' dir='ltr'>apice</span> <span class='ocrx_word' id='word_1_304' title='bbox 1693 2391 1737 2432; x_wconf 92' lang='lat' dir='ltr'>in</span> <span class='ocrx_word' id='word_1_305' title='bbox 1755 2390 1907 2431; x_wconf 79' lang='lat' dir='ltr'>Senari</span> 
     </span>
     <span class='ocr_line' id='line_1_77' title="bbox 1260 2445 1599 2499; baseline 0.006 -13"><span class='ocrx_word' id='word_1_306' title='bbox 1260 2445 1385 2487; x_wconf 88' lang='lat' dir='ltr'>Belle</span> <span class='ocrx_word' id='word_1_307' title='bbox 1403 2447 1599 2499; x_wconf 89' lang='lat' dir='ltr'>aperivit.</span> 
     </span>
     <span class='ocr_line' id='line_1_78' title="bbox 1108 2518 1840 2569; baseline -0.003 -8"><span class='ocrx_word' id='word_1_308' title='bbox 1108 2522 1231 2563; x_wconf 92' lang='lat' dir='ltr'>Nunc</span> <span class='ocrx_word' id='word_1_309' title='bbox 1250 2519 1330 2562; x_wconf 92' lang='lat' dir='ltr'>tibi</span> <span class='ocrx_word' id='word_1_310' title='bbox 1349 2519 1471 2560; x_wconf 91' lang='lat' dir='ltr'>festis</span> <span class='ocrx_word' id='word_1_311' title='bbox 1490 2519 1680 2561; x_wconf 82' lang='lat' dir='ltr'>medulis</span> <span class='ocrx_word' id='word_1_312' title='bbox 1700 2518 1840 2569; x_wconf 83' lang='lat' dir='ltr'>Alexi,</span> 
     </span>
     <span class='ocr_line' id='line_1_79' title="bbox 1157 2575 1933 2629; baseline -0.004 -10"><span class='ocrx_word' id='word_1_313' title='bbox 1157 2575 1410 2619; x_wconf 89' lang='lat' dir='ltr'>Plaudimus</span> <span class='ocrx_word' id='word_1_314' title='bbox 1425 2576 1547 2626; x_wconf 90' lang='lat' dir='ltr'>gnari</span> <span class='ocrx_word' id='word_1_315' title='bbox 1562 2589 1702 2629; x_wconf 90' lang='lat' dir='ltr'>prope</span> <span class='ocrx_word' id='word_1_316' title='bbox 1716 2576 1818 2617; x_wconf 87' lang='lat' dir='ltr'>vitae</span> <span class='ocrx_word' id='word_1_317' title='bbox 1833 2576 1933 2626; x_wconf 86' lang='lat' dir='ltr'>age-</span> 
     </span>
     <span class='ocr_line' id='line_1_80' title="bbox 1417 2646 1516 2675; baseline -0.02 0"><span class='ocrx_word' id='word_1_318' title='bbox 1417 2646 1516 2675; x_wconf 90' lang='lat' dir='ltr'>nem</span> 
     </span>
    </p>
   </div>
   <div class='ocr_carea' id='block_1_17' title="bbox 1157 2687 1934 2789">
    <p class='ocr_par' dir='ltr' id='par_1_30' title="bbox 1157 2687 1934 2789">
     <span class='ocr_line' id='line_1_81' title="bbox 1157 2687 1934 2741; baseline -0.005 -8"><span class='ocrx_word' id='word_1_319' title='bbox 1157 2690 1350 2741; x_wconf 88' lang='lat' dir='ltr'>Virginis</span> <span class='ocrx_word' id='word_1_320' title='bbox 1363 2690 1527 2732; x_wconf 86' lang='lat' dir='ltr'>Natum</span> <span class='ocrx_word' id='word_1_321' title='bbox 1544 2688 1623 2731; x_wconf 87' lang='lat' dir='ltr'>tibi</span> <span class='ocrx_word' id='word_1_322' title='bbox 1638 2687 1934 2730; x_wconf 90' lang='lat' dir='ltr'>blandientem</span> 
     </span>
     <span class='ocr_line' id='line_1_82' title="bbox 1261 2745 1593 2789; baseline -0.009 0"><span class='ocrx_word' id='word_1_323' title='bbox 1261 2748 1386 2789; x_wconf 90' lang='lat' dir='ltr'>Serta</span> <span class='ocrx_word' id='word_1_324' title='bbox 1406 2745 1593 2788; x_wconf 89' lang='lat' dir='ltr'>dedisse.</span> 
     </span>
    </p>
   </div>
  </div>
 </body>
</html>
