2066 2956
458 189 526 223 Dic
556 189 603 222 ll.
630 189 736 222 Febr.
784 189 851 223 Bb.
881 190 946 223 VH
972 190 1091 223 Fund.
1118 191 1205 223 ord.
1232 193 1334 225 serv.
1364 191 1400 224 13.
1429 191 1472 224 M,
1493 192 1533 225 Y.

442 280 592 320 Lectio
615 280 667 319 iii.

144 331 269 439 Sed
300 340 363 382 ini
393 339 475 381 viri
507 338 821 381 misericordiae
855 345 966 391 sunt,

231 409 418 450 quorum
458 396 648 448 pietates
690 408 779 436 non
822 396 966 438 defue-

140 459 254 496 runt:
289 466 388 495 cum
418 452 582 494 semine
616 454 768 493 eorum
798 455 966 505 perma-

139 515 244 553 nent
275 510 407 559 bona,
443 508 678 550 haereditas
712 514 863 551 sancta
895 523 966 552 ne-

139 569 267 620 potes
317 568 468 608 eorum
518 570 561 608 et
604 566 648 607 in
693 566 967 608 testamentis

140 623 262 665 stetit
280 635 428 664 semen
455 625 622 665 eorum:
646 627 691 664 et
713 622 790 663 filii
816 625 967 664 eorum

138 684 323 732 propter
358 679 458 721 illos
494 691 635 731 usque
675 679 719 720 in
755 680 968 720 aeternum

139 741 332 778 manent:
372 748 521 777 semen
558 737 711 777 eorum
748 739 792 776 et
827 734 966 786 gloria

140 794 292 834 eorum
332 804 422 834 non
467 791 803 844 derelinquetur.
865 791 967 832 Cor-

138 861 250 901 pora
267 849 466 901 ipsorum
483 848 528 888 in
542 860 652 900 pace
668 847 840 900 sepulta
855 853 967 898 sunt,

139 910 183 947 et
210 917 370 946 nomen
398 907 550 946 eorum
576 904 684 946 vivit
714 905 758 945 in
790 917 966 955 genera-

138 962 307 1003 tionem
333 966 376 1002 et
403 961 742 1012 generationem.
792 961 967 1013 Sapien-

139 1018 247 1059 tiam
278 1018 475 1070 ipsorum
508 1022 684 1059 narrent
715 1017 887 1070 populi,
926 1023 969 1059 et

138 1074 314 1116 laudem
333 1076 485 1116 eorum
502 1074 672 1115 nuntiet
690 1074 899 1115 Ecclesia.

188 1141 240 1192 R.
259 1140 370 1180 Haec
385 1143 452 1180 est
466 1151 571 1180 vera
587 1138 846 1189 fraternitas⁷
867 1153 966 1191 quae

137 1208 319 1246 regnum
336 1194 487 1237 mundi
507 1199 551 1236 et
571 1207 745 1236 omnem
765 1198 966 1238 ornatum

138 1251 287 1293 saeculi
306 1251 587 1304 contempsit,
605 1253 627 1277 *
642 1251 829 1304 Propter
849 1255 964 1294 amo-

137 1321 230 1350 rem
248 1309 426 1349 Domini
444 1308 468 1349 J
470 1321 548 1350 esu
566 1308 737 1350 Christi.
776 1301 826 1353 V.
850 1310 965 1350 Ecce

138 1377 269 1417 quam
292 1364 458 1407 bonum
493 1370 536 1406 et
569 1378 699 1418 quam
730 1365 965 1416 jucundum

135 1419 333 1462 habitare
350 1421 508 1462 fratres
526 1421 570 1462 in
589 1421 738 1462 unum!
766 1422 964 1474 Propter.

138 1476 287 1519 Gloria
305 1477 436 1519 Patri.
466 1477 665 1531 Propter.

368 1557 417 1597 In
435 1558 485 1597 H.
505 1557 540 1596 N
542 1558 727 1597 octurno.

188 1625 288 1666 Ant.
323 1624 425 1667 Non
454 1625 684 1678 diligentes
712 1627 962 1677 vanitatem,

134 1693 216 1723 nec
230 1681 502 1734 requirentes
516 1682 802 1733 mendacium,
818 1683 964 1724 omnia

137 1738 287 1780 saeculi
301 1738 420 1780 bona
433 1738 757 1790 abdicaverunt,
777 1744 820 1781 et
835 1752 860 1780 a
874 1740 962 1781 Do-

135 1794 254 1837 mino
272 1795 490 1837 mirificati
508 1802 620 1838 sunt.

186 1855 286 1895 Ant.
326 1856 377 1897 In
407 1856 685 1899 multitadine
721 1857 962 1899 misericor-

136 1910 220 1953 diae
239 1912 442 1954 Dominae
461 1926 553 1955 suae
573 1916 810 1966 sperantes,
830 1914 961 1955 intro-

135 1968 276 2011 ierunt
293 1969 338 2010 in
357 1968 536 2011 domum
555 1970 662 2022 ejus,
687 1975 730 2012 et
754 1969 961 2012 adorave-

135 2029 236 2066 runt
253 2024 310 2066 ad
327 2025 540 2078 templum
560 2031 759 2068 sanctum
781 2027 883 2078 ejus.

187 2082 287 2124 Ant.
313 2085 380 2126 Ex
400 2098 475 2127 ore
493 2086 720 2128 infantium
741 2091 784 2128 et
802 2086 961 2127 lacten-

134 2140 242 2181 tium
273 2153 426 2184 servos
458 2147 559 2184 tuos
593 2142 691 2184 illos
725 2142 961 2184 dicentium

134 2196 356 2248 perfecisti
379 2198 569 2241 Domina
595 2199 770 2241 laudem
799 2201 961 2241 eorum.

135 2253 276 2302 Quam
296 2254 550 2298 admirabile
568 2261 634 2298 est
648 2268 807 2297 nomen
822 2255 960 2296 tuum!

188 2308 237 2360 V·
263 2315 497 2358 Exsultent
527 2317 626 2368 justi
652 2317 695 2358 in
721 2317 961 2368 conspectu

134 2370 228 2412 Dei.
261 2370 310 2421 Rl·
327 2372 384 2413 Et
403 2372 674 2415 delectentur
692 2373 734 2414 in
753 2372 915 2413 laetitia.
939 2407 944 2411 .

435 2430 586 2470 Lectio
608 2430 660 2470 iv.

146 2512 149 2542 1
167 2504 251 2537 rx
265 2488 404 2530 ecimo
427 2490 558 2531 tertio
583 2489 806 2531 christiani
824 2490 959 2531 nomi-

146 2539 235 2599 'ltss‘jsl
281 2545 348 2586 nis
374 2546 554 2596 saeculo,
589 2547 702 2587 inter
728 2546 837 2587 alios
862 2546 959 2587 Flo-

202 2602 207 2604 “
281 2604 477 2643 rentinos
535 2602 738 2654 patritios
790 2607 960 2654 septem

135 2660 258 2697 erant
277 2659 458 2699 avorum
474 2658 694 2708 sanguine,
714 2657 960 2709 opibusque

134 2711 343 2763 illustres,
388 2719 433 2756 at
472 2714 706 2755 virtutibus
749 2714 959 2766 spectatis
983 2718 1001 2760 Ι·
1096 2714 1264 2755 fo'edere
1292 2713 1484 2755 devincti
1509 2713 1663 2755 eadem
1687 2714 1731 2754 in
1758 2712 1832 2753 do-

1020 285 1108 326 suis
1136 285 1265 336 longe
1291 286 1566 337 illustriores,
1595 291 1846 342 nuncupati,

1017 345 1065 382 ut
1088 341 1289 392 religioni
1312 355 1471 384 nomen
1492 343 1671 395 dedere,
1699 346 1846 388 Bonfi-

1018 397 1101 438 lius
1137 397 1404 448 Mon-aldius,
1449 399 1722 451 Bonajuncta
1758 403 1845 443 Ma-

1018 454 1141 503 netti,
1174 454 1393 496 Manettus
1416 456 1699 507 Antellensis,
1727 459 1844 499 Ami-

1018 509 1126 551 deus
1155 509 1210 552 de
1239 510 1452 562 Amideis,
1484 513 1675 564 Uguccio
1707 515 1844 565 Ugue-

1020 566 1205 616 cionius,
1248 567 1484 609 Sosteneus
1522 568 1576 610 de
1612 570 1846 621 Sosteneis,

1019 622 1195 664 demum
1241 623 1422 665 Alexius
1469 625 1523 666 de
1569 626 1847 669 Falconeriis.

1019 678 1128 719 Cum
1146 679 1189 720 hi
1207 680 1433 730 trigesimo
1452 682 1583 723 tertio
1606 695 1738 735 supra
1754 683 1845 724 mil-

1017 735 1218 776 lesimum
1237 749 1289 777 ac
1308 736 1375 778 bis
1396 738 1682 779 centesimum
1706 745 1845 789 anum,

1018 792 1367 844 auspicatissimo
1392 797 1630 847 assumptae
1654 795 1846 847 Virginis

1018 848 1149 898 festo,
1175 850 1217 889 in
1243 849 1447 891 sodalitio
1475 851 1684 903 quodam,
1710 853 1779 893 cui
1797 856 1845 894 ti-

1017 905 1135 946 tulus
1154 906 1444 949 Laudentium
1464 914 1571 957 erat,
1597 910 1846 959 augustissi-

1017 975 1101 1003 mae
1120 963 1204 1004 Dei
1224 963 1473 1013 Genitricis‚
1492 971 1625 1017 prout
1643 979 1724 1018 par
1743 972 1846 1016 erat,

1016 1018 1169 1061 laudes
1191 1020 1478 1071 exsolverent,
1505 1021 1558 1063 ab
1580 1022 1735 1063 eadem
1755 1022 1845 1064 dul-

1019 1077 1191 1118 cissime
1211 1077 1263 1118 iis
1283 1079 1540 1129 apparente,
1560 1078 1736 1130 inopine
1755 1093 1844 1121 mo-

1017 1134 1111 1174 neri
1137 1147 1184 1175 se
1210 1134 1401 1175 sentiunt
1425 1134 1481 1175 ad
1504 1134 1768 1177 sublimioris
1787 1137 1844 1177 vi-

1018 1195 1076 1231 tae
1095 1203 1249 1241 genus,
1274 1191 1531 1243 posthabito
1551 1192 1732 1241 mundo,
1759 1206 1844 1234 am-

1017 1247 1312 1299 plectendum3
1341 1246 1644 1300 absolutisque
1670 1249 1845 1300 idcirco,

1019 1303 1178 1355 quibus
1207 1303 1370 1345 dabant
1398 1307 1595 1356 operam,
1630 1305 1844 1355 laodibus,

1018 1360 1249 1401 confestim
1275 1361 1430 1412 perciti
1461 1361 1505 1401 in
1533 1375 1682 1411 unum,
1716 1362 1843 1403 colla-

1016 1419 1161 1468 tisque
1197 1419 1350 1457 mutuo
1389 1417 1599 1467 consiliis,
1645 1419 1844 1470 supernis

1015 1474 1100 1515 Dei
1118 1474 1317 1515 vocantis
1336 1477 1622 1526 vocantisque
1638 1475 1843 1527 Deiparae

1017 1530 1205 1571 oraculis
1229 1532 1385 1582 parere
1409 1543 1513 1571 mox
1540 1530 1843 1572 decreverunt:

1018 1586 1137 1637 quod
1163 1591 1207 1627 et
1233 1585 1386 1627 sedulo
1412 1587 1574 1628 factum
1603 1593 1669 1628 est
1695 1587 1750 1629 ab
1774 1588 1843 1628 iis-

1017 1643 1133 1684 dem:
1157 1656 1257 1683 nam
1282 1643 1482 1684 consulto
1507 1644 1654 1684 statim
1673 1647 1842 1685 mature

1014 1699 1136 1740 urbis
1165 1702 1396 1752 episcopo,
1428 1705 1532 1752 post
1557 1700 1744 1741 fortunae
1770 1700 1841 1742 ab·

1016 1756 1172 1798 dicatis
1204 1755 1349 1805 bonis,
1387 1759 1666 1808 erogatisque
1698 1757 1841 1810 ample

1013 1813 1057 1854 in
1077 1815 1255 1863 egenOS,
1285 1812 1434 1854 ciliciis
1460 1813 1579 1854 carni
1605 1813 1841 1862 obstrictis,

1014 1869 1240 1911 vilioribus
1276 1869 1535 1921 detritisque
1562 1869 1756 1911 vestibus
1785 1870 1840 1911 ci-

1013 1926 1133 1968 nerei
1170 1926 1332 1967 coloris
1367 1925 1527 1976 induti,
1572 1926 1616 1966 in
1653 1926 1841 1967 ruralem

1013 1995 1197 2035 parvam
1222 1982 1452 2023 aediculam
1477 1984 1750 2023 secesserunt
1768 1995 1839 2022 na-

1012 2039 1154 2082 talitio
1192 2039 1263 2081 die
1299 2038 1607 2080 amantissimae
1644 2038 1841 2091 ipsorum

1012 2096 1229 2145 Parentis,
1257 2101 1305 2137 ut
1329 2095 1430 2136 vitae
1456 2095 1685 2136 sanctioris
1708 2094 1838 2147 prim-

1014 2152 1139 2194 ordia
1159 2153 1324 2205 optime
1344 2152 1511 2201 inirent,
1532 2163 1618 2202 qua
1637 2150 1707 2192 die
1726 2163 1840 2192 mor-

1012 2207 1174 2249 talibus
1208 2213 1304 2250 orta
1337 2207 1674 2249 sacratissimam
1703 2207 1839 2248 vitam

1012 2264 1110 2317 ip'sa
1128 2265 1422 2306 inchoaverat.

1066 2321 1116 2360 R.
1151 2321 1314 2362 Omnes
1342 2321 1413 2361 isti
1440 2319 1694 2371 congregati
1723 2324 1838 2369 sunt,

1012 2379 1223 2418 venerunt
1247 2376 1436 2417 Domina
1459 2375 1554 2417 tibi:
1577 2375 1598 2398 *
1620 2376 1678 2417 Et
1703 2376 1836 2417 omni-

1011 2433 1094 2475 bus
1117 2433 1185 2474 his
1208 2432 1328 2474 velut
1352 2434 1608 2473 ornamento
1629 2432 1838 2473 vestieris.

1014 2483 1062 2534 V.
1090 2491 1147 2531 Et
1174 2487 1466 2530 circumdabis
1497 2488 1576 2529 tibi
1604 2501 1680 2529 eos
1714 2489 1838 2541 quasi

1012 2546 1194 2599 Sponsa.
1220 2545 1288 2586 Et.

1321 2598 1471 2638 Lectio
1494 2612 1530 2637 v.

1080 2658 1121 2699 ic
1160 2661 1331 2710 septem
1368 2656 1486 2698 beati
1524 2657 1605 2697 viri
1642 2657 1837 2698 caritatis
