2066 2904
482 164 692 199 Commune
717 165 999 208 Apostolorum
1025 169 1132 199 extra
1159 170 1310 207 tempus
1336 165 1389 198 I'u

1394 166 1533 199 sehale.
1794 165 1864 209 [15]

189 259 292 301 Non
317 264 384 301 est
411 258 681 302 occultatum
704 271 756 300 os
780 272 928 300 meum
947 272 972 300 a

138 320 193 366 te,
215 316 335 368 quod
348 316 491 358 fecisti
503 316 548 356 in
564 315 754 357 occulto:
768 315 793 341 *
808 320 853 357 et
873 316 971 358 sub-

139 373 299 414 stantia
317 385 416 415 mea
434 373 479 413 in
496 371 778 414 inferioribus
797 376 940 413 terrae.

190 429 503 482 Imperfectum
529 441 676 470 meum
698 427 903 470 viderunt
927 431 971 469 o-

139 484 226 526 culi
243 485 318 535 tui,
339 489 384 527 et
401 485 446 526 in
463 484 577 527 libro
596 490 674 527 tuo
695 497 849 526 omnes
869 485 970 526 scri-

137 541 312 583 bentur:
353 541 377 567 *
419 541 514 583 dies
555 541 881 591 formabuntur,
928 546 972 583 et

137 610 267 639 nemo
286 598 331 638 in
350 598 424 640 eis.

188 653 296 695 Mihi
335 659 484 696 autem
523 655 651 696 nimis
691 654 971 696 honorificati

138 715 240 752 sunt
265 711 394 752 amici
416 711 481 752 tui
506 711 642 753 Deus:
665 711 690 737 *
715 711 843 752 nimis
869 723 970 753 con-

136 767 326 808 fortatus
346 772 413 809 est
431 767 705 821 principatus
728 769 893 809 eorum.

188 823 490 866 Dinumerabo
515 836 609 874 θοε,
644 829 689 866 θῖ
719 837 852 877 super
879 825 969 865 are-

135 892 238 921 nam
255 879 676 933 multiplicabantur:
691 881 715 907 *
732 881 969 930 exsurrexi,

137 940 181 978 et
199 935 344 978 adhuc
362 949 461 978 sum
479 941 638 979 tecum.

187 992 233 1034 Si
257 992 472 1035 occideris
496 993 619 1035 Deus
644 995 919 1046 peccatores:
945 994 969 1019 *

135 1049 218 1091 viri
236 1050 497 1101 sanguinum
516 1049 734 1092 declinate
753 1063 779 1091 a
797 1063 882 1092 me:

188 1106 301 1156 Quia
325 1105 469 1148 dicitis
490 1107 535 1147 in
554 1106 838 1158 cogitatione:
857 1106 881 1133 *
901 1119 968 1148 ac-

135 1163 299 1215 cipient
316 1163 362 1204 in
380 1163 573 1205 vanitate
593 1163 794 1205 civitates
813 1167 923 1204 tuas.

185 1219 344 1261 Nonne
375 1220 450 1272 qui
479 1219 668 1261 oderunt
695 1224 740 1261 te
766 1219 967 1270 Domine,

134 1274 339 1318 oderam?
362 1276 387 1302 *
413 1281 458 1318 et
484 1289 618 1330 super
642 1276 843 1318 inimicos
866 1280 967 1318 tuos

133 1331 440 1375 tabescebam?

184 1389 388 1431 Perfecto
413 1388 517 1431 odio
542 1388 725 1431 oderam
746 1389 861 1431 illos:
879 1390 903 1416 *
924 1395 968 1431 θῖ

132 1445 296 1486 inimici
313 1445 420 1487 facti
439 1450 540 1487 sunt
557 1445 675 1486 mihi.

184 1500 333 1543 Proba
355 1514 427 1543 me
444 1501 568 1543 Deus
588 1506 632 1544 et
651 1501 763 1543 seito
784 1514 861 1544 cor
879 1515 966 1544 me-

133 1571 222 1600 um:
247 1558 272 1584 ¹⁸¹
298 1558 522 1610 interroga
548 1571 635 1609 me,
673 1563 718 1600 et
745 1561 966 1610 cognosce

133 1615 312 1657 semitas
329 1627 462 1657 meas.

184 1671 242 1713 Et
265 1670 383 1721 vide,
412 1671 450 1712 si
472 1671 543 1712 via
566 1671 808 1724 iniquitatis
833 1671 878 1712 in
895 1684 966 1713 me

133 1728 258 1770 θεῖε*
277 1732 322 1770 et
340 1726 485 1770 deduc
503 1741 575 1770 me
593 1728 637 1769 in
656 1728 728 1769 via
747 1729 922 1770 aeterna.

191 1793 291 1834 Ant.
305 1792 593 1834 Confortatus
608 1797 677 1835 est
693 1793 966 1845 principatus

134 1850 302 1899 eorum,
331 1853 376 1891 et
397 1848 604 1891 honorati
627 1854 728 1891 sunt
750 1849 879 1891 amici
903 1849 967 1891 tui

134 1905 267 1947 Deus.

216 1968 477 2022 Capitulum.
624 1972 782 2025 Ephes.
797 1974 833 2013 2.
850 1973 889 2013 d.

135 2026 370 2132 Fratres:
405 2034 430 2075 J
433 2046 504 2075 am
522 2046 611 2076 non
630 2033 736 2075 estis
754 2033 966 2087 hospiteS,

231 2094 276 2132 et
294 2089 492 2132 advenae:
520 2090 600 2132 sed
616 2089 722 2132 estis
737 2091 856 2132 cives
871 2103 965 2132 san-

133 2148 321 2197 ctorum,
355 2151 399 2188 et
427 2145 658 2188 domestici
685 2147 784 2189 Dei:
816 2160 965 2200 super-

133 2202 342 2245 aedificati
356 2215 489 2256 super
503 2202 835 2245 fundamentum
846 2203 966 2256 Apo-

133 2259 351 2301 stolorum
393 2264 438 2301 et
479 2259 821 2312 Prophetarum,
865 2260 965 2312 ipso

133 2320 260 2357 sumo
280 2315 478 2367 angulari
496 2315 643 2368 lapide
659 2315 834 2358 Christo
849 2316 874 2357 J
877 2329 965 2357 esu.

187 2372 237 2424 Rz.
262 2373 360 2414 Deo
378 2372 556 2423 gratias.

446 2446 657 2496 Hymnus.

292 2515 457 2558 xsultet
476 2516 596 2558 orbis
614 2516 801 2567 gaudiis:

317 2572 490 2614 Coelum
508 2572 693 2614 resultet
712 2571 930 2614 laudibus:

264 2628 587 2680 Apostolorum
605 2628 790 2680 gloriam

263 2683 415 2727 Tellus
434 2689 479 2727 et
497 2690 617 2727 astra
635 2685 881 2727 concinunt.

1115 260 1204 301 Vos
1225 261 1489 302 saeculorum
1508 261 1687 313 judices,

1155 316 1213 357 Et
1231 330 1336 358 vera
1354 317 1506 359 mundi
1524 317 1699 368 lumina,

1102 373 1233 414 Votis
1252 376 1487 426 precamur
1506 374 1721 416 cordium:

1155 429 1320 472 Audite
1339 443 1473 472 voces
1493 430 1752 483 snpplicum.

1109 503 1193 553 Qui
1211 504 1377 557 templa
1397 505 1499 546 coeli
1519 505 1733 555 clauditis,

1154 561 1374 614 Serasque
1393 561 1531 603 verbo
1552 562 1736 612 solvitis,

1153 616 1250 658 Nos
1270 630 1295 658 a
1314 620 1441 660 reatu
1460 619 1619 660 noxios

1154 673 1276 715 Solvi
1294 674 1451 727 jubete,
1482 677 1746 728 quaesumus.

1106 747 1332 800 Praecepta
1353 761 1541 800 quorum
1559 749 1764 802 protinus

1152 804 1360 856 Languor
1380 805 1588 858 salasque
1610 806 1817 856 sentiunt:

1153 860 1314 903 Sanate
1332 866 1502 903 mentes
1521 862 1767 913 languidas:

1153 918 1327 969 Augete
1346 931 1428 960 nos
1448 919 1703 961 virtutibus:

1110 991 1170 1040 Ut,
1199 1004 1299 1032 cum
1317 991 1479 1034 redibit
1499 992 1664 1034 arbiter

1152 1048 1205 1088 In
1223 1048 1310 1090 fine
1331 1048 1531 1090 Christus
1550 1050 1713 1101 saeculi,

1151 1104 1247 1146 Nos
1267 1106 1524 1158 sempiterni
1542 1106 1691 1157 gaudii

1152 1160 1379 1204 Concedat
1398 1174 1496 1204 esse
1516 1165 1759 1216 compotes.

1106 1232 1231 1284 Patri,
1259 1234 1478 1288 simulque
1497 1235 1622 1286 Filio,

1151 1290 1342 1344 Tibique
1362 1296 1513 1334 sancte
1533 1292 1733 1346 Spiritus,

1149 1347 1271 1389 Sicut
1290 1348 1382 1398 fuit,
1411 1348 1467 1390 sit
1487 1349 1646 1401 jugiter

1150 1403 1341 1446 Saeclum
1359 1417 1440 1457 per
1460 1417 1589 1447 omne
1608 1406 1759 1457 gloria.

1386 1462 1541 1503 Amen.

1078 1522 1126 1573 Y·
1163 1530 1548 1572 Annuntiaverunt
1586 1532 1723 1584 opera
1758 1532 1853 1573 Dei.

1025 1585 1075 1636 R
1097 1587 1156 1628 Et
1174 1587 1291 1629 facta
1310 1588 1401 1640 ejus
1420 1587 1741 1630 intellexerunt.

1078 1655 1147 1696 Ad
1164 1656 1336 1708 Magnis.
1369 1660 1467 1700 Ant.
1498 1659 1655 1700 Estote
1674 1658 1812 1700 fortes
1831 1659 1854 1684 *

1018 1713 1062 1754 in
1090 1713 1219 1764 bello,
1252 1719 1296 1756 et
1323 1717 1516 1768 pugnate
1546 1728 1646 1756 cum
1673 1717 1854 1767 antiquo

1020 1773 1239 1823 serpente:
1268 1776 1312 1813 et
1335 1772 1564 1825 accipietis
1588 1784 1772 1822 regnum
1799 1785 1854 1813 ae-

1019 1828 1202 1868 ternum.

1280 1903 1595 1930 „—0-<5}-0—

1182 1984 1246 2024 11.
1274 1983 1403 2026 Aliae
1421 1984 1686 2026 Lectiones

1287 2047 1357 2080 pro
1376 2038 1590 2081 Apostolis.

1248 2101 1297 2140 In
1325 2102 1375 2140 II.
1403 2102 1627 2142 Nocturno.

1022 2165 1089 2206 De
1115 2165 1404 2218 Expositione
1431 2166 1471 2207 S.
1497 2165 1733 2216 Augustini
1752 2168 1853 2218 Epi-

1059 2222 1184 2274 scopi
1204 2235 1336 2275 super
1355 2221 1579 2263 Psalmum
1599 2223 1813 2274 octogesi-

1270 2292 1392 2320 mum
1411 2283 1595 2320 sextum.

1099 2339 1251 2381 Lectio
1271 2341 1324 2381 iv.
1472 2345 1573 2378 Ante
1596 2345 1774 2380 medium.

1022 2403 1406 2458 {fundamenta
1434 2404 1525 2455 ejus
1556 2403 1600 2444 in
1627 2403 1851 2446 montibus

1028 2501 1030 2504 ,
1071 2490 1130 2511 s
1155 2460 1336 2502 sanctis:
1356 2459 1498 2510 diligit
1515 2460 1732 2501 Dominus
1751 2473 1851 2513 por-

1054 2496 1107 2533 “’“
1108 2513 1129 2543 ¹
1155 2521 1225 2558 tas
1249 2517 1365 2558 Sion.
1404 2517 1549 2566 Quare
1576 2521 1677 2558 sunt
1701 2516 1851 2559 funda-

1017 2575 1165 2614 menta
1175 2572 1392 2625 Apostoli,
1408 2576 1452 2613 et
1461 2572 1722 2625 Prophetae?
1739 2574 1853 2623 Quia

1018 2631 1173 2670 eorum
1196 2628 1437 2670 auctoritas
1459 2634 1611 2681 portat
1628 2629 1851 2671 infirmita-

1017 2689 1109 2727 tem
1134 2690 1343 2727 nostram.
1382 2685 1527 2736 Quare
1555 2690 1657 2728 sunt
1683 2684 1851 2739 portae?
