2028 2892
169 211 234 246 192

169 317 275 345 sum.
304 302 433 352 Quod
452 301 587 343 modo
606 301 738 342 vultis
758 300 918 348 facere,
938 298 995 339 fa-

169 359 280 401 cturi
308 359 428 408 estis;
470 357 550 399 sed
583 370 671 398 non
702 355 854 404 modo,
896 354 997 406 quia

169 415 302 456 modo
338 414 454 455 nolo.
499 415 646 463 Quare
682 412 826 453 adhuc
861 409 996 451 modo

169 469 298 512 nolo?
336 470 447 519 Quia
475 468 620 511 adhuc
643 467 867 509 modicum
891 471 996 507 tem-

169 539 251 579 pus
277 526 506 567 vobiscum
532 538 647 574 sum,
681 528 725 565 et
752 528 856 565 tunc
881 521 997 563 vado

170 582 225 623 ad
245 595 344 623 eum
365 582 438 634 qui
457 594 527 623 me
550 581 678 623 misit.
710 580 900 631 Implere
926 577 997 619 de-

169 638 254 679 beo
281 637 657 690 dispensatienem
681 648 840 683 meam,
869 639 913 676 et
937 634 998 674 sic

169 696 400 746 pervenire
420 692 477 734 ad
494 693 746 745 passienem
765 703 918 732 meam.

220 754 269 804 Ru
298 749 419 791 Deus
446 762 569 791 meus
593 749 713 801 eripe
736 760 806 788 me
832 746 887 787 de
912 759 997 786 ma-

171 811 228 846 nu
253 805 515 857 peccatoris:
543 810 586 846 et
611 803 665 845 de
689 816 820 844 manu
846 807 1000 843 contra

171 861 313 912 legem
329 861 506 912 agentis,
523 866 567 901 et
581 860 730 911 iniqui:
742 862 764 885 *
784 858 1000 908 Quoniam

172 922 219 957 tu
239 930 286 957 es
306 916 516 969 patientia
534 928 641 957 mea.
664 912 714 963 Y.
738 915 859 955 Deus
877 926 1000 955 meus

172 985 226 1014 ne
255 972 470 1022 elongeris
498 985 523 1013 a
551 984 635 1012 me:
666 971 788 1012 Deus
811 983 934 1011 meus
958 970 1001 1009 in

173 1028 379 1069 auxilium
397 1041 543 1069 meum
563 1028 743 1079 respice.
774 1026 1002 1076 Queniam.

480 1086 631 1125 Lectio
653 1085 692 1124 ii.

257 1136 435 1177 uaeretis
460 1147 548 1184 me,
581 1140 624 1176 et
651 1147 739 1175 non
762 1134 1003 1183 invenietis,

173 1130 255 1288 Q
275 1195 319 1232 et
342 1191 417 1232 ubi
443 1204 539 1231 sum
565 1203 663 1241 ego,
691 1203 771 1231 vos
795 1203 883 1231 non
907 1194 1003 1242 pot-

177 1250 223 1288 es
245 1248 280 1287 is
307 1249 466 1288 venire.
503 1247 588 1288 Hic
614 1248 698 1297 jam
722 1245 1003 1287 resurrectio-

176 1315 275 1344 nem
325 1316 448 1343 suam
496 1302 717 1355 praedixit:
770 1302 1005 1343 noluerunt

177 1359 290 1400 enim
341 1361 580 1409 agnescere
629 1360 913 1411 praesentem,
961 1362 1005 1399 et

176 1417 331 1467 pestea
347 1415 623 1466 quaesierunt,
635 1427 733 1455 cum
746 1414 947 1455 viderent
961 1414 1005 1454 in

177 1483 276 1512 eum
294 1470 617 1512 multitudinem
636 1471 720 1522 jam
741 1470 1005 1512 credentem.

176 1526 334 1577 Magna
354 1527 468 1568 enim
488 1528 611 1578 signa
628 1527 743 1568 facta
757 1531 859 1567 sunt
875 1526 1006 1567 etiam

177 1595 275 1623 cum
294 1583 508 1624 Deminus
528 1583 776 1632 resurrexit,
796 1588 840 1624 et
858 1584 1005 1623 ascen-

178 1637 242 1680 dit
260 1638 304 1678 in
324 1638 494 1679 coelum.
522 1639 648 1679 Tunc
666 1651 745 1691 per
766 1638 1006 1690 discipulos

177 1694 292 1735 facta
321 1700 422 1735 sunt
446 1707 618 1745 magna:
650 1694 729 1735 sed
756 1694 828 1735 ille
855 1706 935 1746 per
960 1694 1006 1734 il-

178 1749 261 1799 los,
282 1750 355 1801 qui
375 1755 418 1791 et
436 1762 516 1801 per
537 1752 745 1802 seipsum:
769 1750 864 1802 ipse
885 1750 1006 1802 quip-

179 1817 236 1856 pe
255 1804 339 1845 illis
361 1804 545 1846 dixerat:
571 1806 671 1847 Sine
694 1818 764 1846 me
787 1804 893 1845 nihil
912 1810 1007 1857 pot-

180 1860 285 1902 estis
308 1861 464 1902 facere.
505 1861 691 1911 Quando
719 1860 901 1902 claudus
924 1861 1007 1910 ille,

182 1916 255 1968 qui
276 1915 459 1958 sedebat
482 1916 539 1958 ad
557 1922 748 1969 portam,
777 1916 834 1958 ad
853 1930 1008 1958 vocem

179 1972 301 2013 Petri
320 1972 519 2022 surrexit,
542 1978 586 2014 et
605 1973 694 2014 suis
713 1972 902 2025 pedibus
922 1986 1008 2014 am-

180 2027 358 2078 bulavit,
376 2028 438 2069 ita
457 2034 505 2070 ut
522 2028 721 2070 homines
736 2028 1009 2079 mirarentur,

181 2084 244 2125 sic
269 2096 345 2125 eos
371 2084 588 2125 allocutus
615 2089 681 2126 est
705 2085 878 2134 Petrus,
909 2086 1009 2138 quia

181 2152 268 2181 non
288 2139 331 2180 in
351 2152 429 2181 sua
447 2142 670 2192 potestate
688 2141 772 2183 ista
791 2141 910 2191 fecit,
930 2142 1009 2183 sed

182 2196 225 2236 in
243 2196 406 2237 virtute
426 2196 555 2246 illius,
582 2209 711 2248 quem
736 2197 821 2249 ipsi
840 2198 1009 2240 occide-

182 2256 293 2292 runt.
347 2251 472 2294 Multi
510 2253 760 2304 compuncti
795 2253 1009 2303 dixerunt,

184 2306 299 2355 Quid
317 2306 547 2349 faciemus?

236 2363 287 2414 R.
339 2363 423 2412 Qui
469 2363 775 2406 custodiebant
821 2365 1010 2406 animam

184 2429 337 2467 meam,
355 2419 581 2460 consilium
595 2419 792 2461 fecerunt
806 2421 850 2461 in
865 2434 1010 2470 unum,

186 2471 394 2514 dicentes:
425 2475 547 2516 Deus
580 2474 813 2528 dereliquit
846 2489 961 2526 eum,
987 2478 1009 2502 *

185 2527 501 2580 Persequimini
556 2536 599 2572 et
650 2532 1010 2584 comprehendite

187 2595 300 2624 eum:
321 2584 421 2635 quia
438 2598 525 2626 non
543 2592 609 2628 est
629 2588 702 2639 qui
721 2587 878 2629 liberet
897 2600 1011 2629 eum:

186 2639 308 2679 Deus
349 2652 472 2681 meus
513 2655 566 2683 ne
608 2643 825 2693 elongeris
866 2656 892 2684 a
927 2657 1011 2685 me:

187 2694 308 2735 Deus
339 2708 462 2736 meus
493 2696 535 2736 in
574 2698 835 2748 adjuterium
866 2712 1011 2740 meum

681 208 784 241 Infra
810 206 1104 240 Hebdomadam
1130 204 1343 239 Passionis

1048 295 1236 338 intende.
1262 300 1312 348 V.
1338 296 1504 337 Omnes
1522 294 1684 335 inimici
1701 294 1788 335 mei
1806 293 1879 335 ad-

1048 354 1225 393 versum
1247 365 1318 393 me
1344 350 1599 402 cogitabant
1622 349 1738 391 mala
1760 349 1881 390 mihi:

1049 408 1232 449 verbum
1251 409 1450 460 iniquum
1470 404 1790 447 mandaverunt
1809 405 1882 447 ad-

1049 466 1225 505 versum
1234 477 1317 514 me,
1330 463 1539 505 dicentes.
1553 461 1884 513 Persequimini.

1350 525 1504 566 Lectio
1524 524 1579 563 iii.

1140 575 1314 617 iderunt
1339 574 1454 616 enim
1480 587 1527 615 se
1551 574 1716 625 ingenti
1741 574 1882 615 crimi-

1154 644 1208 673 ne
1227 631 1466 683 impietatis
1484 630 1730 679 adstrictos,
1751 643 1884 682 quan-

1052 687 1110 729 do
1138 687 1261 728 illum
1290 685 1563 735 occiderunt,
1599 698 1730 737 quem
1757 698 1884 727 vene-

1051 744 1139 784 rari
1166 747 1210 784 et
1236 742 1424 784 adorare
1449 742 1710 783 debuerunt:
1738 747 1782 784 et
1800 742 1886 783 hoc

1051 799 1268 852 putabant
1279 811 1376 840 esse
1386 797 1664 851 inexpiabile.
1680 797 1886 848 Magnum

1054 856 1168 896 enim
1188 855 1355 896 facinus
1376 859 1480 903 erat,
1501 854 1622 905 cujus
1638 853 1886 895 considera-

1053 912 1115 952 tio
1134 911 1234 952 illos
1250 911 1416 952 faceret
1432 909 1684 962 desperare:
1705 909 1785 951 sed
1798 922 1886 950 non

1055 967 1277 1009 debebant
1297 966 1548 1018 desperare,
1566 978 1648 1018 pro
1670 965 1828 1018 quibus
1843 966 1887 1006 in

1055 1036 1186 1064 cruce
1205 1022 1404 1075 pendens
1419 1022 1636 1062 Dominus
1657 1026 1724 1063 est
1739 1021 1887 1072 digna-

1055 1083 1125 1120 tus
1164 1081 1303 1120 orare.
1361 1078 1546 1119 Dixerat
1582 1077 1712 1118 enim:
1756 1077 1888 1118 Pater

1055 1135 1234 1186 ignosce
1270 1134 1371 1184 illis,
1415 1133 1517 1185 quia
1548 1133 1749 1174 nesciunt
1783 1132 1889 1185 quid

1057 1191 1231 1231 faciunt.
1254 1190 1449 1232 Videbat
1469 1188 1688 1241 quosdam
1707 1201 1810 1230 suos
1829 1189 1889 1229 in-

1056 1253 1124 1288 ter
1149 1246 1312 1287 multos
1339 1246 1523 1286 alienos:
1551 1244 1636 1285 illis
1659 1246 1742 1296 jam
1769 1247 1889 1297 pete-

1056 1303 1133 1344 bat
1156 1302 1344 1351 veniam,
1374 1314 1399 1342 a
1425 1301 1584 1354 quibus
1610 1300 1754 1342 adhuc
1779 1301 1889 1342 acci-

1057 1359 1206 1411 piebat
1233 1358 1444 1409 injuriam.
1479 1357 1583 1398 Non
1611 1356 1728 1398 enim
1753 1362 1890 1398 atten-

1059 1415 1192 1456 debat
1225 1413 1346 1466 quod
1378 1414 1433 1455 ab
1465 1413 1572 1466 ipsis
1606 1413 1891 1461 moriebatur,

1059 1471 1138 1513 sed
1158 1471 1261 1523 quia
1280 1482 1362 1522 pro
1382 1470 1489 1522 ipsis
1508 1468 1790 1511 moriebatur.

1110 1529 1161 1581 Ιίι.
1179 1526 1368 1568 Pacifice
1385 1524 1682 1578 loquebantur
1699 1524 1806 1566 mihi
1824 1525 1893 1566 ini—

1058 1583 1161 1624 mici
1187 1583 1291 1632 mei,
1331 1586 1375 1624 et
1402 1582 1446 1622 in
1474 1582 1539 1622 ira
1565 1581 1740 1623 molesti
1769 1586 1893 1623 erant

1058 1639 1179 1680 mihi:
1202 1639 1225 1664 *
1252 1638 1417 1680 Vidisti
1441 1638 1647 1687 Domine,
1672 1650 1727 1679 ne
1751 1637 1892 1687 sileas,

1059 1708 1114 1736 ne
1139 1694 1340 1736 discedas
1367 1707 1392 1735 a
1418 1706 1500 1735 me.
1539 1691 1591 1741 V.
1621 1694 1717 1744 Ego
1745 1698 1893 1735 autem

1061 1764 1161 1792 cum
1195 1750 1301 1791 mihi
1330 1750 1507 1791 molesti
1540 1754 1703 1800 essent,
1743 1749 1892 1791 indue-

1060 1806 1163 1848 bam
1204 1819 1274 1847 me
1319 1806 1478 1855 cilicio,
1525 1810 1569 1847 et
1609 1805 1893 1847 humiliabam

1060 1863 1104 1903 in
1130 1863 1287 1914 jejunio
1314 1862 1504 1903 animam
1528 1874 1683 1903 meam.
1718 1861 1893 1903 Vidisti.

1065 1918 1263 1960 Pacifice.

1322 1972 1401 2013 Ad
1425 1972 1633 2013 Laudes.

1114 2032 1200 2066 Ant.
1224 2036 1260 2065 et
1283 2031 1344 2065 Ps.
1371 2030 1418 2065 de
1442 2030 1559 2064 Psalt.
1581 2030 1634 2064 52.

1115 2084 1375 2135 Capitulum.
1563 2082 1587 2121 J
1591 2094 1719 2122 erem.
1735 2082 1786 2121 11.
1802 2079 1841 2121 d.

1061 2132 1285 2239 Venite,
1312 2138 1538 2179 mittamus
1563 2137 1727 2188 lignum
1751 2138 1794 2177 in
1820 2150 1893 2190 pa-

1177 2206 1277 2235 nem
1311 2195 1419 2245 erS‚
1453 2198 1497 2235 et
1530 2193 1761 2235 eradamus
1795 2206 1894 2235 eum

1064 2249 1120 2291 de
1144 2254 1262 2291 terra
1284 2250 1536 2298 viventium,
1556 2255 1600 2291 et
1620 2262 1780 2291 nomen
1803 2250 1894 2301 ejus

1064 2318 1150 2346 non
1170 2307 1438 2347 memoretur
1457 2306 1657 2358 amplius.

1377 2365 1590 2415 Hymnus.

1159 2427 1281 2463 ustra
1302 2435 1379 2463 sex
1401 2422 1475 2474 qui
1494 2423 1579 2474 jam
1597 2422 1778 2474 peregit,

1184 2477 1380 2529 Tempus
1400 2478 1587 2530 implens
1608 2478 1819 2530 corporis,

1142 2534 1309 2586 Sponte
1328 2533 1466 2574 libera
1485 2532 1759 2585 Redemptor

1142 2589 1341 2630 Passioni
1361 2588 1548 2639 deditus,

1142 2645 1294 2695 Agnus
1313 2645 1357 2684 in
1378 2645 1529 2686 Crucis
1548 2645 1719 2686 levatur

1142 2699 1442 2742 Immolandus
1463 2701 1623 2752 stipite.
