2066 2956
510 218 581 253 Die
608 219 659 253 18.
686 220 794 254 Febr.
842 222 876 255 S.
902 221 1120 265 Ruymundi
1148 223 1193 256 dc
1221 224 1402 257 l'csiafort
1428 226 1535 258 (jons.

1816 229 1879 263 13ss

165 330 243 359 nes
263 330 421 368 magna
446 330 545 359 eum
564 318 789 361 hominum
811 321 994 363 admira-

164 374 285 415 tione
305 379 372 416 est
383 374 711 427 interpretatus,
743 377 847 429 Ejus
862 378 995 419 virtu-

164 430 998 485 tumfamapercrebrescente,Berenga-

165 486 254 527 rius
271 487 608 528 Barcinonensis
627 491 875 542 episcopus,
897 503 996 531 cum

164 543 309 584 Roma
334 556 458 584 suam
484 544 540 585 ad
567 545 799 586 ecclesiam
822 546 996 597 rediret,

166 612 265 640 eum
284 600 574 642 conveniendi
599 614 732 643 causa
750 603 997 644 Bon6niam

164 655 247 696 iter
282 655 484 706 instituit,
524 662 568 698 et
603 657 782 700 tandem
816 660 996 700 summis

163 711 384 764 precibus,
407 717 457 754 ut
479 726 630 755 secum
652 714 696 755 in
719 715 907 767 patriam
932 729 995 756 re-

164 770 420 817 verteretur,
441 768 642 812 obtinuit.
674 771 781 812 Mox
801 770 997 822 ejusdem

165 824 365 866 ecclesiae
385 826 646 868 canonicatu
669 832 712 868 et
735 828 996 880 praeposita-

164 893 214 922 ra
238 883 436 931 ornatus,
464 882 670 924 universo
700 883 819 925 clero
849 889 893 925 et
918 887 995 937 po-

164 937 287 990 pulo,
306 937 568 988 integritate,
587 939 816 990 modestia,
837 939 996 981 doctri-

164 1006 235 1043 na,
263 998 307 1035 et
331 1006 505 1035 morum
530 995 747 1038 suavitate
769 996 996 1049 praefulsit,

165 1062 217 1091 ac
235 1050 443 1102 Deiparae
462 1051 671 1101 Virginis,
697 1064 828 1104 quam
852 1053 995 1104 singu-

164 1106 246 1147 lari
281 1106 461 1159 pietatis
497 1107 659 1149 affectu
694 1109 996 1159 venerabatur,

164 1161 380 1204 honorem
423 1168 466 1205 et
502 1163 667 1206 cultum
704 1177 879 1217 semper
912 1178 996 1218 pro

164 1218 330 1260 viribus
351 1219 482 1261 auxit.

217 1293 268 1344 R1.
294 1292 545 1334 Honestum
570 1293 674 1335 fecit
699 1295 822 1336 illum
847 1296 996 1336 Domi-

164 1362 261 1400 nus,
288 1353 331 1390 et
350 1349 588 1392 custodivit
607 1363 706 1392 eum
726 1351 780 1393 ab
801 1352 998 1401 inimicis,

166 1409 211 1447 et
239 1418 265 1455 a
293 1405 602 1448 seductoribus
628 1408 789 1450 tutavit
811 1408 948 1449 illum:
974 1408 997 1431 *

164 1461 222 1503 Et
254 1460 377 1504 dedit
406 1461 470 1503 illi
503 1462 746 1506 claritatem
778 1466 998 1506 aeternam.

166 1514 218 1564 V.
247 1518 421 1559 Justum
454 1518 638 1561 deduxit
669 1521 885 1562 Deminus
917 1534 998 1574 per

165 1575 259 1616 vias
277 1579 438 1624 rectaS,
459 1580 503 1616 et
523 1575 716 1618 ostendit
735 1577 797 1618 illi
816 1590 999 1628 regnum

166 1631 260 1673 Dei.
287 1631 346 1673 Et
366 1630 499 1673 dedit.

480 1713 632 1753 Lectio
654 1728 690 1753 v.

248 1800 383 1829 nnum
421 1788 594 1830 circiter
631 1789 830 1840 quintum
866 1803 1000 1842 supra

270 1844 655 1897 quadragesimum
679 1858 830 1896 agens,
858 1846 902 1886 in
930 1848 996 1887 or-

167 1900 269 1942 dine
299 1900 482 1943 fratrum
508 1901 856 1943 Praedicatorum
889 1902 999 1943 sole-

165 1957 256 1998 mni
281 1959 440 1999 emissa
466 1957 757 2010 professit‘me,
786 1963 834 1999 ut
858 1971 999 1999 novus

167 2012 312 2062 miles,
349 2014 393 2054 in
431 2013 550 2055 omni
580 2013 792 2056 virtutum
827 2017 997 2066 genere,

168 2068 248 2111 sed
266 2071 492 2122 praecipue
512 2070 557 2111 in
576 2070 758 2112 caritate
780 2084 883 2122 erga
903 2074 998 2122 ege-

166 2138 260 2176 nos,
281 2130 325 2168 et
342 2126 533 2168 maxime
554 2129 755 2179 captivos
775 2126 830 2169 ab
849 2127 998 2168 infide-

167 2181 282 2223 libus
306 2181 524 2232 detentos‚
553 2195 600 2224 se
624 2184 829 2225 exercuit.
872 2182 1000 2225 Unde

169 2251 268 2280 cum
300 2239 391 2290 ejus
423 2238 606 2280 hortatu
636 2244 813 2281 sanctus
843 2240 1000 2281 Petrus

167 2294 387 2336 Nolascus
416 2295 552 2346 (cujus
579 2295 675 2347 ipse
702 2296 999 2337 confessiones

170 2350 389 2402 audiebat)
413 2363 515 2392 suas
541 2363 650 2403 opes
673 2351 870 2404 piissimo
899 2351 1000 2393 huic

170 2408 295 2460 operi
327 2407 560 2456 conferret,
592 2412 685 2448 tum
718 2407 876 2457 eidem,
907 2413 1001 2449 tum

169 2463 301 2506 beato
330 2462 613 2515 Raymundo,
648 2469 692 2505 et
719 2463 887 2504 ,Iacobo
915 2464 999 2516 pri-

169 2533 243 2561 mo
270 2519 509 2570 Arag6niae
537 2521 630 2570 regi
658 2522 874 2572 apparens
900 2519 1000 2561 bea-

170 2576 338 2618 tissima
356 2576 508 2627 Virgo,
527 2576 824 2626 gratissimum
841 2575 938 2625 sibi,
958 2580 1002 2617 et

171 2632 394 2683 unigenito
413 2632 526 2673 Filio
547 2645 627 2673 suo
647 2632 740 2673 fore
760 2631 881 2680 dixit,
903 2632 939 2672 si
958 2632 1002 2672 in

171 2701 299 2729 suum
322 2688 538 2730 honorem
562 2688 862 2729 institueretur
890 2686 1001 2729 ordo

172 2743 493 2795 religiosorum,
529 2744 687 2796 quibus
716 2746 914 2796 captivos
948 2756 1003 2785 ex

1047 321 1288 363 infidelium
1311 323 1543 374 tyrannide
1566 323 1782 365 liberandi
1807 337 1877 365 cu-

1048 391 1098 419 ra
1112 378 1396 420 incamberet.
1418 380 1561 429 Quare
1577 380 1750 421 collatis
1764 380 1878 421 inter

1049 447 1096 475 se
1116 434 1324 483 consiliis,
1345 435 1543 476 ordinem
1562 436 1706 477 beatae
1726 436 1877 477 Mariae

1050 490 1104 531 de
1132 490 1337 532 Mercede
1367 491 1701 544 RedemptiOnis
1732 492 1877 544 Capti-

1048 549 1204 587 vorum
1246 547 1550 589 fundaverunt:
1605 548 1674 589 cui
1722 547 1878 589 beatus

1048 601 1336 655 Rayml'mdus
1371 609 1514 645 certas
1546 603 1721 645 vivendi
1757 604 1877 655 leges

1048 660 1321 712 praescripsit
1340 659 1397 701 ad
1412 659 1607 711 ejusdem
1622 659 1787 701 ordinis
1803 673 1876 701 vo-

1049 716 1266 757 cati6nem
1276 715 1767 758 accommodatissimas:
1784 729 1879 768 qua-

1048 785 1144 812 rum
1173 772 1541 824 approbatiOnem
1574 772 1743 824 aliquot
1773 778 1878 825 post

1049 841 1187 869 annos
1208 842 1232 869 a
1249 829 1465 879 Gregorio
1483 841 1600 870 nono
1616 829 1877 881 impetravit,

1049 890 1093 926 et
1108 885 1271 927 dictum
1287 890 1486 927 sanctum
1496 885 1675 926 Petrum
1690 885 1878 937 primum

1050 941 1312 983 Generalem
1332 940 1496 982 ordinis
1512 944 1768 992 magistrum
1788 941 1877 982 suis

1048 998 1143 1050 ipse
1166 997 1368 1039 manibus
1395 997 1548 1039 habitu
1576 998 1734 1039 eedem
1756 996 1877 1038 indu-

1049 1060 1141 1096 tum
1163 1055 1338 1096 creavit.

1108 1115 1158 1164 R.
1178 1111 1356 1152 Amavit
1378 1124 1477 1152 eum
1496 1111 1729 1159 Dominus,
1750 1115 1793 1151 et
1813 1123 1878 1151 or-

1049 1168 1171 1209 navit
1204 1180 1318 1209 eum:
1358 1167 1518 1208 stolam
1554 1167 1706 1218 gloriae
1738 1166 1879 1207 induit

1051 1237 1160 1274 eum,
1182 1228 1205 1251 *
1218 1224 1275 1265 Et
1295 1223 1352 1265 ad
1371 1228 1524 1275 portas
1542 1223 1736 1276 paradisi
1756 1235 1879 1263 coro-

1049 1281 1170 1322 navit
1208 1293 1317 1322 eum.
1380 1276 1429 1326 V.
1464 1280 1611 1322 Induit
1650 1292 1749 1321 eum
1785 1279 1879 1320 Dfis

1050 1339 1233 1379 loricam
1257 1336 1376 1387 fidei,
1404 1341 1448 1378 et
1472 1337 1644 1378 ornavit
1667 1349 1776 1377 eum.
1812 1336 1879 1377 Et.

1354 1392 1507 1433 Lectio
1528 1393 1580 1431 vi.

1132 1450 1161 1491 b
1186 1449 1344 1492 eedem
1368 1450 1583 1501 Greg6rio
1603 1449 1789 1489 Romam
1812 1461 1879 1489 ac-

1173 1509 1373 1555 cersitus,
1398 1512 1441 1548 et
1462 1505 1692 1558 capellani,
1717 1517 1768 1545 ac
1787 1517 1878 1556 poe—

1050 1562 1301 1612 nitentiarii,
1336 1568 1379 1604 et
1407 1561 1661 1603 confessarii
1695 1560 1761 1601 sui
1790 1563 1880 1601 mu-

1050 1632 1154 1660 nere
1174 1618 1420 1669 decoratus,
1446 1617 1641 1670 ejusdem
1659 1617 1777 1668 jussu
1794 1616 1880 1657 Ro-

1051 1678 1279 1717 manorum
1310 1675 1574 1717 Pontificum
1606 1673 1798 1722 decreta,
1835 1674 1879 1712 in

1052 1732 1236 1773 diversis
1256 1731 1450 1773 conciliis
1474 1736 1518 1772 et
1540 1729 1738 1783 epistolis
1763 1741 1880 1781 spar-

1052 1802 1116 1837 sa,
1141 1789 1186 1829 in
1204 1801 1339 1829 unum
1357 1786 1655 1829 Decretalium
1674 1785 1881 1826 volamen

1051 1844 1232 1895 redegit.
1265 1843 1709 1896 Archiepiscopatum
1727 1841 1880 1882 Tarra-

1053 1903 1287 1942 conensem
1328 1899 1384 1941 ab
1420 1900 1519 1952 ipso
1555 1898 1767 1939 Pontifice
1799 1896 1883 1938 sibi

1053 1958 1247 1999 oblatum
1273 1956 1624 1999 constantissime
1652 1953 1882 2002 recusavit,

1054 2020 1097 2056 et
1115 2016 1250 2056 totius
1268 2013 1432 2055 Ordinis
1446 2010 1793 2053 Praedicatorum
1811 2022 1882 2060 ge-

1052 2071 1200 2113 nerale
1213 2069 1520 2121 magisterium,
1536 2066 1656 2119 quod
1670 2079 1749 2119 per
1764 2065 1881 2107 bien-

1052 2128 1172 2168 nium
1196 2125 1468 2168 sanctissime
1493 2123 1881 2170 administraverat,

1054 2188 1214 2237 sponte
1239 2182 1411 2224 dimisit.
1455 2181 1479 2221 J
1482 2179 1622 2221 acobo
1647 2177 1881 2228 Aragoniae

1052 2240 1145 2291 regi
1166 2251 1303 2280 sacrae
1320 2235 1619 2290 Inquisitionis
1640 2233 1771 2275 officii
1791 2233 1882 2273 suis

1053 2296 1098 2336 in
1131 2295 1275 2346 regnis
1310 2291 1563 2335 instituendi
1600 2294 1754 2332 auctor
1790 2288 1882 2329 fuit.

1052 2351 1192 2393 Multa
1205 2349 1395 2402 patravit
1411 2346 1631 2394 miracula,
1649 2346 1762 2387 inter
1783 2357 1881 2396 quae

1052 2407 1162 2449 illud
1185 2405 1487 2453 clarissimum,
1516 2401 1637 2455 quod
1665 2414 1719 2443 ex
1742 2400 1882 2441 insula

1053 2463 1227 2504 Baleari
1251 2461 1406 2513 Majori
1424 2459 1715 2501 BarcinOnem
1738 2468 1880 2497 rever-

1055 2523 1200 2567 surus,
1232 2522 1371 2559 strato
1403 2528 1536 2568 super
1566 2526 1705 2566 aquas
1735 2511 1881 2565 pallio,

1055 2580 1230 2616 centum
1249 2574 1475 2623 sexaginta
1490 2569 1690 2611 milliaria
1709 2581 1787 2610 sex
1805 2567 1880 2607 ho-

1054 2632 1115 2671 ris
1136 2628 1387 2677 confecerit,
1414 2633 1457 2668 et
1482 2639 1608 2668 suum
1633 2623 1883 2667 eoen6bium

1054 2687 1192 2739 januis
1204 2685 1362 2727 clausis
1372 2683 1501 2725 fuerit
1510 2683 1743 2733 ingressus.
1769 2680 1881 2721 Tan-

1057 2743 1158 2784 dem
1175 2754 1318 2794 prope
1338 2739 1628 2790 centenarius,
1648 2735 1882 2779 virtutibus
