2066 2956
617 206 683 239 l)ic
709 208 738 239 Γ».
766 206 864 244 Maii.
912 207 946 238 S.
975 204 1139 237 Joannis
1166 203 1395 236 Damasccni
1423 203 1531 235 (lons.

219 307 349 348 resim
385 305 595 347 adversus
629 304 793 345 cultum
825 306 1049 345 sacrarum

220 363 455 412 imaginum
475 361 728 402 saevientem
748 365 841 401 tum
861 359 1050 412 pablicis

220 417 510 466 sermonibus,
538 422 631 458 tum
660 415 787 457 editis
812 415 953 464 libris,
982 417 1049 456 ca-

221 475 335 515 lamo
356 473 489 514 veluti
516 485 619 514 ense
645 472 856 513 dimicans
880 472 1050 513 fortiter

219 530 489 582 impugnavit
513 529 764 580 multosque
790 540 815 568 a
838 527 1050 580 pestifero

221 588 367 628 errore
387 585 675 638 praeservavit
702 589 778 625 aut
797 583 854 625 ad
872 583 1050 625 catholi-

220 656 316 684 cam
336 641 468 683 fidem
488 641 673 682 reduxit.
702 642 846 691 Quare
864 640 955 680 Leo
975 640 1050 679 im-

220 700 398 750 perator
431 697 711 738 vehementer
744 696 896 745 iratus,
934 698 1050 737 eum-

222 754 322 795 dem
351 753 469 805 apud
497 753 704 793 Damasci
731 752 978 804 principem
1006 751 1051 792 fi-

222 811 302 851 ctis
317 810 483 858 litteris,
502 815 726 860 tamquam
746 808 801 850 de
821 807 1051 860 prodenda

222 867 397 907 civitate
423 879 570 906 secum
596 867 814 915 agentem,
841 864 902 904 ita
926 867 1050 904 aceti-

222 928 305 972 sat,
329 927 377 963 ut
400 921 577 963 barbari
599 921 714 961 illius
733 921 851 972 jussu
871 919 1051 961 dextera

222 991 375 1018 manus
407 978 490 1018 Dei
522 977 617 1018 viro
656 978 881 1029 amputata
913 976 1052 1017 fuerit.

223 1034 377 1075 Adfuit
395 1039 541 1075 tamen
564 1038 772 1085 prompta
791 1032 1052 1073 innocentiae

223 1090 383 1130 vindex
409 1090 603 1141 Deipara
621 1089 777 1138 Virgo,
807 1093 907 1129 ante
933 1089 1053 1139 cujus

223 1146 454 1196 imaginem
480 1158 579 1186 cum
605 1157 729 1185 suam
753 1145 932 1195 ejasque
957 1157 1053 1185 cau-

227 1214 319 1242 sam
341 1203 491 1251 ageret
508 1201 531 1240 J
535 1202 700 1241 oannes
721 1199 1054 1240 obdormiscens

226 1257 281 1298 ab
316 1269 367 1298 ea
399 1257 516 1297 visus
549 1261 615 1297 est
646 1256 815 1296 moneri
844 1255 898 1297 de
923 1269 1055 1296 manu

227 1313 309 1354 sibi
337 1312 524 1361 reddita,
554 1325 684 1363 quam
712 1324 817 1353 mox
846 1311 1055 1362 evigilans

227 1371 383 1421 reapse
415 1368 597 1410 brachio
630 1370 809 1417 unitam,
842 1370 1055 1418 integram

227 1430 271 1466 et
291 1438 439 1466 sanam
459 1424 701 1476 conspexit.
951 1454 954 1458 .

276 1482 326 1531 R.
360 1481 607 1521 Honestum
634 1480 738 1521 fecit
761 1480 883 1520 illum
907 1480 1055 1520 Domi-

227 1550 323 1586 nus,
343 1542 386 1578 et
406 1536 646 1577 custodivit
665 1549 765 1577 eum
781 1536 837 1577 ab
856 1536 1055 1586 inimicis,

228 1598 271 1633 et
286 1605 311 1632 a
326 1591 633 1633 seductoribus
649 1593 810 1633 tutavit
823 1592 986 1633 illumz*
999 1592 1056 1633 Et

229 1647 351 1689 dedit
370 1648 431 1688 illi
451 1648 696 1689 claritatem
716 1650 935 1697 aeternam,
955 1648 1053 1689 alle-

228 1704 324 1754 luja.
355 1700 405 1750 Y.
434 1705 607 1745 Justum
631 1704 815 1745 deduxit
839 1705 1056 1745 Dominus

229 1772 307 1811 per
328 1760 420 1800 vias
441 1765 599 1810 rectas,
627 1765 670 1801 et
695 1760 888 1802 ostendit
910 1761 973 1801 illi
993 1773 1055 1801 re-

229 1828 359 1866 gnum
379 1816 473 1856 Dei.
506 1816 563 1857 Et
583 1816 715 1857 dedit.

537 1873 687 1912 Lectio
710 1887 745 1911 v.

228 1924 436 2028 Mundi
467 1930 699 1979 pertaesus,
737 1933 780 1969 et
817 1927 976 1980 opibus
1012 1928 1055 1968 in

345 1987 564 2036 paaperes
593 1983 856 2034 distributis,
885 1983 942 2025 ad
969 1997 1055 2025 ma-

229 2042 411 2089 gistrum
446 2040 651 2080 Cosmam
683 2040 726 2080 in
760 2040 898 2081 sancti
930 2039 1056 2081 Sabae

228 2096 414 2136 Lauram
447 2108 587 2148 prope
619 2096 974 2146 Hierosolymam
1010 2109 1056 2137 se

229 2152 411 2203 recepit,
450 2151 598 2204 ibique
631 2152 916 2204 perfectionis
948 2152 1056 2193 chri·

230 2207 381 2247 stianae
414 2207 583 2259 apicem
616 2210 830 2259 attingere
864 2208 1056 2260 capiens,

231 2261 482 2304 humilitatis
510 2268 554 2304 et
581 2262 845 2305 'obedientiae
874 2266 1056 2315 praeser-

230 2317 305 2357 tim
351 2318 580 2370 splendida
627 2320 784 2360 ceteris
830 2319 1056 2360 monachis

231 2371 352 2414 dedit
376 2375 586 2426 exempla.
620 2375 660 2415 A
683 2375 874 2427 praesule
898 2376 1055 2416 Dama-

232 2441 351 2469 scum
382 2430 555 2480 missus,
590 2436 638 2472 ut
669 2431 730 2472 ibi
762 2433 891 2472 antea
924 2432 1057 2473 veluti

234 2483 402 2535 imperii
435 2486 604 2527 culmen
632 2490 849 2536 tenderat,
883 2492 1057 2539 sportas

233 2540 422 2590 propriis
439 2541 637 2582 manibus
651 2547 796 2583 textas
810 2542 946 2595 duplo
958 2543 1057 2595 plus

232 2593 361 2634 solito
394 2596 525 2645 (juxta
557 2596 670 2637 illius
702 2599 880 2649 jussum)
913 2599 1056 2650 pretio

233 2649 458 2745 {engeren
496 2651 611 2701 vulgi
648 2652 835 2694 ludibria
869 2661 912 2695 et
945 2655 1058 2694 risus

262 2718 304 2744 vi
338 2717 361 2745 e

407 2705 489 2746 sibi
530 2709 699 2749 coemit.
753 2709 1059 2760 Abjectissima

1103 303 1295 344 coenobii
1330 302 1479 343 munia
1514 300 1668 352 majori
1700 299 1937 350 alacritate,

1105 372 1236 411 quam
1262 359 1397 400 ceteri
1420 357 1621 398 homines
1646 367 1843 397 summos
1860 353 1936 396 ho-

1104 417 1252 464 nores,
1280 420 1507 466 tamquam
1531 412 1615 454 sibi
1641 411 1823 465 propria
1846 410 1937 452 vin-

1106 470 1293 512 dicabat.
1326 468 1636 512 Obedientiam
1659 467 1772 509 adeo
1792 465 1937 516 coluit,

1106 532 1153 568 ut
1180 526 1235 568 ab
1265 539 1318 568 eo
1348 526 1423 578 qui
1454 527 1663 578 praeerat,
1699 534 1939 575 numquam

1107 595 1284 623 causam
1320 581 1534 634 praecepti
1576 580 1777 632 quamvis
1813 576 1940 620 ardui

1106 652 1158 680 ac
1173 638 1347 687 insoliti,
1365 637 1600 689 quaesierit.
1624 636 1806 678 Sacrum
1819 646 1938 688 pres-

1107 695 1336 747 byteratus
1362 692 1562 734 ordinem
1582 691 1756 733 nonnisi
1783 689 1939 732 eadem

1108 750 1359 792 obedientia
1378 751 1585 790 astrictus
1604 748 1686 790 rite
1708 746 1764 789 ab
1782 746 1940 788 Hiero-

1109 807 1371 859 solymitano
1423 804 1680 846 Patriarcha
1734 802 1941 855 suscepit.

1108 864 1251 914 Quum
1277 867 1425 903 autem
1448 861 1696 914 principum
1722 860 1940 900 iconoma-

1108 919 1291 960 chorum
1335 918 1492 970 impias
1538 916 1762 958 doctrinas
1802 915 1940 968 impu-

1107 978 1242 1026 gnare
1267 987 1356 1016 non
1379 976 1590 1023 cessaret,
1617 972 1762 1015 varias
1786 972 1941 1013 novas-

1109 1045 1194 1084 que
1217 1031 1532 1073 inseetationes
1562 1029 1617 1071 ab
1647 1031 1802 1071 eorum
1827 1026 1942 1077 odio,

1109 1089 1239 1129 etiam
1264 1087 1308 1128 in
1332 1085 1602 1128 monasterio
1626 1084 1809 1136 degens,
1836 1082 1943 1135 jugi-

1108 1149 1175 1185 ter
1194 1157 1354 1196 passus
1374 1148 1451 1184 est.
1951 1142 1953 1144 ’

1159 1200 1208 1250 R.
1239 1199 1417 1249 Amavit
1437 1211 1537 1240 eum
1555 1197 1788 1247 Dominus,
1812 1201 1856 1238 et
1875 1209 1942 1238 01·-

1108 1256 1227 1298 navit
1260 1268 1373 1297 eum:
1421 1254 1581 1296 stolam
1618 1253 1770 1305 gloriae
1802 1251 1944 1295 induit

1109 1325 1224 1361 eum,
1243 1312 1266 1334 *
1297 1312 1355 1353 Et
1383 1311 1440 1352 ad
1466 1315 1620 1363 portas
1649 1309 1844 1362 paradisi
1873 1321 1943 1351 co-

1109 1369 1281 1409 ronavit
1314 1380 1431 1417 eum,
1467 1366 1651 1419 alleluja.
1704 1361 1755 1413 Y.
1793 1365 1943 1408 Induit

1109 1437 1209 1465 eum
1252 1424 1470 1464 Dominus
1510 1423 1694 1464 loricam
1735 1421 1858 1472 fidei,
1900 1426 1944 1464 et

1109 1480 1283 1521 ornavit
1307 1493 1417 1521 eum.
1451 1479 1508 1521 Et
1532 1478 1590 1520 ad
1613 1484 1778 1532 portas.

1406 1535 1561 1576 Lectio
1581 1535 1634 1575 vi.

1109 1587 1334 1692 Maiora
1356 1597 1503 1634 tamen
1524 1591 1548 1632 J
1552 1593 1717 1632 oannes
1735 1589 1945 1644 praestitit

1226 1661 1309 1701 pro
1329 1649 1413 1689 Dei
1433 1648 1574 1700 gloria
1593 1652 1637 1689 et
1650 1647 1864 1688 Ecclesiae
1882 1647 1943 1688 in-

1109 1706 1333 1746 cremento
1383 1705 1532 1746 multis
1584 1709 1628 1746 et
1678 1703 1944 1745 doctissimis

1110 1773 1223 1812 quos
1249 1760 1387 1802 edidit
1413 1760 1547 1802 libris.
1585 1760 1846 1801 Graecorum
1863 1759 1943 1800 Pa-

1108 1821 1226 1857 trum
1254 1815 1478 1858 doctrinas
1505 1815 1561 1858 de
1587 1815 1769 1867 singulis
1795 1814 1943 1857 catho-

1110 1872 1206 1913 licae
1227 1871 1332 1913 fidei
1351 1871 1570 1925 capitibus
1594 1872 1639 1912 in
1659 1884 1795 1913 unum
1813 1870 1944 1913 colle-

1110 1929 1171 1978 git
1192 1941 1320 1980 opus,
1350 1927 1471 1980 quod
1497 1927 1552 1969 de
1578 1926 1830 1969 orthodoxa
1855 1925 1943 1969 fide

1109 1985 1342 2037 inscripsit,
1357 1997 1409 2026 ea
1423 1984 1559 2025 ferme
1574 1982 1797 2033 methodO,
1813 1995 1945 2036 quam

1109 2043 1269 2093 postea
1300 2041 1440 2082 secati
1465 2045 1566 2082 sunt
1589 2039 1769 2081 maximi
1791 2038 1942 2081 Eccle-

1111 2097 1188 2137 siae
1203 2097 1424 2138 Doctores
1442 2096 1575 2138 medii
1590 2096 1686 2137 aevi.
1711 2095 1943 2148 Byzantini

1110 2153 1390 2205 imperatoris
1423 2152 1687 2203 arrogantiae
1721 2151 1776 2193 de
1811 2150 1943 2194 rebus

1111 2209 1213 2250 fidei
1234 2208 1525 2258 decernentis,
1544 2208 1647 2250 forti
1667 2220 1714 2249 se
1734 2207 1944 2260 opposuit

1111 2265 1271 2314 animo,
1297 2263 1463 2306 docens
1482 2277 1570 2305 non
1593 2276 1690 2306 esse
1710 2275 1848 2316 penes
1866 2263 1942 2304 im-

1110 2323 1341 2372 peratores
1359 2322 1640 2373 potestatem,
1659 2319 1780 2369 leges
1800 2319 1844 2359 in
1863 2319 1942 2360 Ec-

1111 2376 1243 2417 clesia
1276 2375 1461 2424 ferendi,
1501 2388 1601 2417 cum
1638 2376 1760 2416 Deus
1799 2373 1944 2416 eidem

1110 2431 1324 2484 praesides
1357 2431 1529 2473 dederit
1562 2430 1821 2484 Apostolos,
1853 2443 1943 2471 non

1110 2488 1422 2540 imperatores:
1480 2487 1694 2528 Ecclesiae
1748 2486 1942 2536 regimen

1111 2546 1314 2595 spectare
1339 2542 1397 2584 ad
1419 2545 1624 2594 pastores
1650 2547 1694 2584 et
1718 2541 1942 2592 doctores3

1112 2599 1327 2650 ejusmodi
1352 2599 1624 2640 invasionem
1648 2609 1745 2639 esse
1770 2598 1942 2639 latroci-

1111 2655 1241 2696 nium.
1284 2655 1535 2706 Principem
1567 2666 1674 2695 vero
1704 2653 1942 2706 Apostolo-

1112 2724 1208 2751 rum
1234 2710 1409 2752 disertis
1434 2709 1581 2751 verbis
1605 2709 1801 2762 appellat
1825 2709 1942 2751 colu-
