2060 2886
716 141 918 176 Dominica
943 142 991 176 ad
1014 142 1249 177 Matutinum.
1805 146 1828 180 5

177 225 235 268 Et
254 227 399 269 anima
417 240 516 270 mea
534 229 710 271 turbata
726 236 792 272 est
810 232 951 274 valde:

126 283 150 309 *
169 277 248 324 sed
266 287 314 324 tu
333 283 523 327 Demine
541 287 797 338 usquequo?

178 343 445 387 Convertere
487 345 697 397 Demine‚
743 354 786 390 et
830 349 951 402 eripe

127 400 318 442 animam
344 415 505 443 meam:
533 403 556 429 *
589 404 758 446 salvum
785 419 854 447 me
883 406 951 447 fac

125 462 309 510 propter
327 458 674 502 misericerdiam
693 465 822 502 tuam.

179 519 396 569 Queniam
428 533 516 561 non
545 526 612 563 est
639 522 682 562 in
711 528 852 564 morte
877 524 951 575 qui

126 587 296 616 memor
315 576 372 617 sit
391 577 516 618 tui:·*
542 578 586 618 in
610 578 780 620 inferno
805 584 951 621 autem

127 631 225 683 quis
245 632 525 675 confitebitur
543 634 646 676 tibi?

177 692 398 734 Laboravi
417 694 462 735 in
480 696 646 746 gemitu
665 709 775 746 meo,
794 697 951 738 lavabo

125 761 205 801 per
224 750 416 800 singulas
435 756 589 793 noctes
612 752 774 794 lectum
792 767 952 795 meum:

125 805 149 832 *
177 805 367 847 lacrimis
391 808 501 849 meis
525 814 711 850 stratum
729 823 875 851 meum
898 811 951 851 ri-

124 861 251 913 gabo.

176 922 398 966 Turbatus
436 930 502 967 est
546 939 572 967 a
613 926 760 968 furere
799 927 951 968 6culus

124 992 266 1021 meus:
305 981 329 1007 *
370 982 611 1024 inveteravi
647 983 761 1025 inter
797 997 950 1026 omnes

123 1035 324 1079 inimicos
343 1051 477 1080 meos.

174 1097 402 1141 Discedite
421 1112 447 1140 a
465 1113 535 1141 me
556 1112 724 1151 omnes,
749 1101 824 1153 qui
848 1114 949 1154 ope-

123 1154 281 1195 ramini
332 1155 628 1208 iniquitatem:
673 1158 696 1183 *
742 1159 950 1210 queniam

124 1210 350 1254 exaudivit
382 1213 597 1254 Dominus
630 1226 785 1256 vocem
822 1215 949 1256 fletus

122 1267 220 1309 mei.
380 1313 389 1322 ³

173 1328 411 1372 Exaudivit
433 1330 650 1372 Dominus
679 1331 948 1385 deprecatie-

123 1397 224 1426 nem
243 1399 401 1436 meam,
424 1387 448 1413 *
470 1387 687 1429 Deminus
706 1388 949 1430 oratienem

123 1454 266 1483 meam
286 1443 489 1495 suscepit.

173 1502 461 1554 Erubescant,
481 1508 524 1546 et
543 1505 859 1547 conturbentur
878 1519 948 1547 ve-

123 1557 349 1601 hementer
364 1573 517 1602 omnes
531 1561 693 1603 inimici
703 1562 803 1604 mei:
814 1563 836 1588 *
848 1575 948 1603 con-

122 1617 349 1712 {rermntur
374 1621 418 1659 et
441 1617 702 1660 erubescant
725 1618 854 1660 valde
878 1632 948 1660 ve-

139 1671 287 1714 ociter.

175 1743 257 1784 Per
282 1743 467 1783 Annum.
492 1744 591 1784 Ant.
610 1745 780 1786 Servite
799 1745 947 1786 Demi-

122 1810 178 1838 no
202 1798 245 1839 in
265 1798 438 1841 timere:
465 1804 510 1841 et
537 1800 752 1842 exsultate
781 1802 819 1844 ei
848 1815 947 1843 cum

121 1857 323 1897 tremere.

173 1924 272 1964 Ant.
292 1925 414 1966 Deus
433 1925 563 1977 judex
581 1927 729 1978 justus.

406 2012 603 2053 Psalmus
631 2013 666 2052 7.

119 2072 354 2180 Demine
368 2073 489 2114 Deus
504 2087 627 2116 meus
642 2075 685 2115 in
700 2080 743 2116 te
758 2076 945 2128 speravi:

244 2129 267 2155 *
287 2128 456 2170 salvum
483 2143 553 2171 me
581 2130 649 2172 fac
670 2144 724 2172 ex
743 2131 944 2173 amnibus

119 2185 484 2238 persequentibus
502 2199 583 2236 me,
603 2192 646 2228 et
664 2187 801 2229 libera
820 2201 900 2230 me.

171 2245 419 2298 Nequando
438 2247 582 2299 rapiat
600 2252 648 2289 ut
666 2248 735 2289 leo
756 2249 943 2289 animam

119 2314 273 2351 meam,
293 2303 316 2328 *
336 2302 442 2344 dum
460 2315 548 2344 non
568 2308 635 2345 est
655 2304 728 2356 qui
747 2304 943 2354 redimat,

120 2370 262 2410 neque
283 2359 357 2411 qui
375 2359 543 2400 salvum
562 2360 704 2401 faciat.

171 2418 359 2460 Demine
378 2420 499 2461 Deus
518 2433 642 2462 meus
661 2421 695 2461 si
714 2420 796 2462 feci
816 2421 942 2470 istud,

119 2474 142 2500 *
162 2475 198 2515 si
217 2481 284 2517 est
302 2476 507 2528 iniquitas
526 2476 570 2524 in
589 2477 789 2518 manibus
805 2477 925 2518 meis:

171 2536 215 2577 Si
252 2536 423 2578 reddidi
464 2537 803 2579 retribuentibus
838 2537 941 2578 mihi

119 2592 250 2642 mala,
278 2593 301 2618 *
330 2592 531 2634 decidam
555 2594 710 2635 merito
731 2593 786 2634 ab
806 2594 941 2634 inimi-

120 2647 182 2689 cis
201 2649 309 2690 meis
327 2649 477 2690 inanis.
665 2653 668 2656 ’

1054 234 1349 288 Persequatur
1394 237 1592 280 inimicus
1638 240 1824 281 animam

1003 303 1165 341 meam,
1194 297 1237 333 et
1265 294 1625 346 comprehendat,
1655 301 1698 338 et
1726 310 1825 337 con-

1004 347 1147 389 culcet
1173 348 1217 388 in
1244 353 1360 390 terra
1387 350 1520 391 vitam
1547 365 1699 402 meam,
1727 354 1749 378 *
1783 359 1825 394 et

1002 403 1186 453 gleriam
1227 418 1369 446 meam
1410 406 1452 446 in
1492 408 1717 459 pulverem
1754 409 1824 450 de-

1004 459 1146 502 ducat.

1054 526 1252 575 Exsurge
1271 526 1459 569 Demine
1478 528 1522 568 in
1541 529 1604 570 ira
1622 534 1711 570 tua:
1734 530 1757 556 *
1782 536 1825 571 et

1003 582 1196 623 exaltare
1215 582 1258 622 in
1275 582 1433 624 finibus
1452 584 1723 626 inimicarum
1739 599 1823 628 me-

1003 640 1139 679 erum.

1054 700 1110 741 Et
1139 704 1324 752 exsurge
1348 703 1535 744 Demine
1555 703 1674 744 Deus
1702 716 1824 745 meus

1002 756 1045 796 in
1090 759 1316 810 praecepto
1364 759 1483 811 quod
1523 759 1760 800 mandasti:
1800 762 1823 785 *

1003 818 1046 854 et
1083 815 1305 865 synagega
1344 815 1608 868 popularum
1645 816 1823 857 circum-

1002 869 1124 911 dabit
1150 874 1205 911 te.

1053 935 1110 976 Et
1132 942 1314 990 propter
1336 936 1448 977 hanc
1466 936 1510 976 in
1530 936 1664 977 altum
1683 938 1823 987 regre-

1002 990 1120 1033 dere:
1143 993 1167 1018 *
1194 993 1409 1034 Deminus
1436 992 1598 1044 judicat
1624 992 1822 1045 populos.

1052 1056 1207 1098 Judica
1247 1070 1317 1098 me
1354 1057 1542 1098 Demine
1583 1057 1822 1098 seeundum

1001 1113 1207 1164 justitiam
1227 1127 1380 1163 meam,
1400 1114 1423 1139 *
1443 1119 1486 1155 et
1505 1113 1744 1155 secundum
1763 1114 1821 1153 in-

1002 1170 1251 1211 nocentiam
1271 1183 1413 1211 meam
1434 1183 1564 1222 super
1583 1182 1663 1210 me.

1053 1233 1343 1276 Consumetur
1388 1235 1579 1287 nequitia
1622 1236 1820 1287 peccate-

1000 1303 1112 1339 rum,
1133 1295 1176 1332 et
1196 1290 1354 1342 diriges
1374 1292 1548 1343 justum,
1573 1292 1595 1316 *
1623 1296 1820 1332 scrutans

1001 1346 1138 1388 corda
1158 1352 1201 1388 et
1220 1360 1346 1388 renes
1364 1348 1495 1398 Deus.

1051 1411 1076 1452 J
1077 1417 1222 1453 ustum
1241 1412 1502 1464 adjuterium
1521 1426 1665 1454 meum
1689 1425 1713 1453 a
1733 1412 1819 1452 De-

999 1467 1138 1517 mino,
1174 1469 1197 1493 *
1241 1469 1314 1520 qui
1356 1469 1500 1509 salvos
1537 1469 1639 1509 facit
1675 1473 1819 1509 rectos

1000 1523 1145 1565 corde.

1050 1589 1171 1630 Deus
1190 1589 1320 1641 judex
1339 1590 1491 1641 justus,
1516 1589 1655 1638 fortis,
1680 1593 1723 1629 et
1746 1590 1817 1640 pa-

998 1645 1126 1686 tiens:
1144 1646 1167 1671 *
1193 1645 1404 1698 numquid
1422 1645 1621 1686 irascitur
1640 1658 1717 1697 per
1737 1647 1817 1685 sin-

997 1701 1124 1751 gulos
1144 1701 1259 1743 dies?

1050 1767 1144 1807 Nisi
1176 1766 1375 1808 conversi
1407 1766 1590 1815 fueritis,
1627 1765 1816 1817 gladium

998 1835 1124 1863 suum
1148 1822 1351 1864 vibrabit:
1378 1823 1402 1848 *
1430 1836 1578 1863 arcum
1606 1835 1730 1863 suum
1758 1827 1817 1863 te-

998 1878 1148 1929 tendit,
1168 1884 1211 1921 et
1230 1879 1400 1932 paravit
1418 1879 1548 1920 illum.

1048 1944 1105 1985 Et
1131 1944 1174 1984 in
1200 1956 1252 1985 eo
1280 1943 1451 1996 paravit
1475 1956 1579 1985 vasa
1603 1943 1769 1984 mortis:
1793 1943 1816 1968 *

998 2002 1179 2050 sagittas
1199 2013 1300 2041 suas
1320 1999 1572 2041 ardentibus
1593 1999 1743 2040 effecit.

1048 2065 1163 2106 Ecce
1182 2064 1383 2117 parturiit
1401 2064 1663 2116 injustitiam:
1678 2064 1701 2088 *
1716 2075 1814 2104 eon-

996 2121 1112 2173 cepit
1140 2120 1357 2170 dolerem,
1390 2125 1434 2162 et
1464 2120 1635 2173 peperit
1665 2119 1814 2170 iniqui-

994 2179 1141 2218 tatem.

1045 2242 1210 2282 Lacum
1229 2241 1408 2294 aperuit,
1428 2245 1471 2281 et
1490 2238 1640 2280 effedit
1659 2252 1771 2280 eum:
1790 2240 1813 2264 *

996 2302 1039 2339 et
1058 2297 1209 2339 incidit
1226 2297 1269 2337 in
1291 2297 1461 2338 faveam
1482 2308 1611 2347 quam
1631 2295 1741 2336 fecit.

1047 2362 1336 2403 Convertetur
1355 2360 1480 2402 dolor
1500 2360 1589 2410 ejus
1614 2360 1657 2399 in
1682 2365 1813 2412 caput

994 2418 1099 2469 ejus:
1118 2418 1141 2443 *
1161 2422 1204 2459 et
1223 2418 1266 2457 in
1282 2416 1488 2458 verticem
1507 2416 1643 2468 ipsius
1661 2416 1811 2468 iniqui-

992 2479 1060 2515 tas
1081 2474 1169 2525 ejus
1190 2471 1435 2515 descendet.

1045 2537 1297 2579 Confitebor
1334 2535 1524 2576 Demino
1571 2535 1809 2576 secundum

992 2594 1194 2645 justitiam
1216 2593 1318 2643 ejus:
1337 2592 1359 2616 *
1384 2596 1427 2632 et
1446 2591 1628 2643 psallam
1649 2591 1809 2631 nemini

991 2649 1167 2690 Demini
1191 2647 1396 2688 altissimi.
