<?xml version="1.0" encoding="UTF-8"?>
<!DOCTYPE html PUBLIC "-//W3C//DTD XHTML 1.0 Transitional//EN"
    "http://www.w3.org/TR/xhtml1/DTD/xhtml1-transitional.dtd">
<html xmlns="http://www.w3.org/1999/xhtml" xml:lang="en" lang="en">
 <head>
  <title>
</title>
<meta http-equiv="Content-Type" content="text/html;charset=utf-8" />
  <meta name='ocr-system' content='tesseract 3.04.00' />
  <meta name='ocr-capabilities' content='ocr_page ocr_carea ocr_par ocr_line ocrx_word'/>
</head>
<body>
  <div class='ocr_page' id='page_1' title='image "./p2breviariumroma00cathuoft_0732.png"; bbox 0 0 2066 2956; ppageno 0'>
   <div class='ocr_carea' id='block_1_1' title="bbox 701 215 1458 258">
    <p class='ocr_par' dir='ltr' id='par_1_1' title="bbox 701 215 1458 258">
     <span class='ocr_line' id='line_1_1' title="bbox 701 215 1458 258; baseline 0.001 -10"><span class='ocrx_word' id='word_1_1' title='bbox 701 215 743 249; x_wconf 87' lang='lat' dir='ltr'>In</span> <span class='ocrx_word' id='word_1_2' title='bbox 770 215 895 249; x_wconf 70' lang='lat' dir='ltr'>Festis</span> <span class='ocrx_word' id='word_1_3' title='bbox 922 215 961 248; x_wconf 79' lang='lat'>13.</span> <span class='ocrx_word' id='word_1_4' title='bbox 987 215 1119 248; x_wconf 79' lang='lat' dir='ltr'>Mariae</span> <span class='ocrx_word' id='word_1_5' title='bbox 1143 215 1187 249; x_wconf 82' lang='lat' dir='ltr'>V.</span> <span class='ocrx_word' id='word_1_6' title='bbox 1212 225 1282 258; x_wconf 87' lang='lat' dir='ltr'>per</span> <span class='ocrx_word' id='word_1_7' title='bbox 1307 226 1458 249; x_wconf 76' lang='lat' dir='ltr'>annum.</span> 
     </span>
    </p>
   </div>
   <div class='ocr_carea' id='block_1_2' title="bbox 218 311 1055 1028">
    <p class='ocr_par' dir='ltr' id='par_1_2' title="bbox 218 311 1055 1028">
     <span class='ocr_line' id='line_1_2' title="bbox 220 311 1055 361; baseline -0.002 -6"><span class='ocrx_word' id='word_1_8' title='bbox 220 314 416 361; x_wconf 87' lang='lat' dir='ltr'>thronus,</span> <span class='ocrx_word' id='word_1_9' title='bbox 454 311 665 353; x_wconf 76' lang='lat' dir='ltr'>Ecclesiae</span> <span class='ocrx_word' id='word_1_10' title='bbox 701 317 866 353; x_wconf 84' lang='lat' dir='ltr'>nostrae</span> <span class='ocrx_word' id='word_1_11' title='bbox 905 312 1055 361; x_wconf 85' lang='lat' dir='ltr'>decus,</span> 
     </span>
     <span class='ocr_line' id='line_1_3' title="bbox 221 368 1055 420; baseline -0.001 -10"><span class='ocrx_word' id='word_1_12' title='bbox 221 369 361 420; x_wconf 86' lang='lat' dir='ltr'>gloria</span> <span class='ocrx_word' id='word_1_13' title='bbox 404 373 448 409; x_wconf 92' lang='lat' dir='ltr'>et</span> <span class='ocrx_word' id='word_1_14' title='bbox 489 368 833 418; x_wconf 84' lang='lat' dir='ltr'>firmamentum,</span> <span class='ocrx_word' id='word_1_15' title='bbox 879 368 1055 409; x_wconf 81' lang='lat' dir='ltr'>assidue</span> 
     </span>
     <span class='ocr_line' id='line_1_4' title="bbox 220 424 1055 479; baseline -0.002 -13"><span class='ocrx_word' id='word_1_16' title='bbox 220 438 303 479; x_wconf 92' lang='lat' dir='ltr'>pro</span> <span class='ocrx_word' id='word_1_17' title='bbox 338 424 465 466; x_wconf 93' lang='lat' dir='ltr'>nobis</span> <span class='ocrx_word' id='word_1_18' title='bbox 498 426 681 476; x_wconf 76' lang='lat' dir='ltr'>precare</span> <span class='ocrx_word' id='word_1_19' title='bbox 714 425 865 465; x_wconf 90' lang='lat' dir='ltr'>Jesum</span> <span class='ocrx_word' id='word_1_20' title='bbox 898 424 1055 465; x_wconf 89' lang='lat' dir='ltr'>Filium</span> 
     </span>
     <span class='ocr_line' id='line_1_5' title="bbox 219 480 1055 533; baseline -0.004 -10"><span class='ocrx_word' id='word_1_21' title='bbox 219 487 354 530; x_wconf 91' lang='lat' dir='ltr'>tuum,</span> <span class='ocrx_word' id='word_1_22' title='bbox 370 485 414 522; x_wconf 92' lang='lat' dir='ltr'>et</span> <span class='ocrx_word' id='word_1_23' title='bbox 428 480 667 521; x_wconf 82' lang='lat' dir='ltr'>Dominum</span> <span class='ocrx_word' id='word_1_24' title='bbox 683 485 896 522; x_wconf 87' lang='lat' dir='ltr'>nostrum:</span> <span class='ocrx_word' id='word_1_25' title='bbox 911 485 960 521; x_wconf 92' lang='lat' dir='ltr'>ut</span> <span class='ocrx_word' id='word_1_26' title='bbox 975 493 1055 533; x_wconf 90' lang='lat' dir='ltr'>per</span> 
     </span>
     <span class='ocr_line' id='line_1_6' title="bbox 220 536 1054 579; baseline -0.002 0"><span class='ocrx_word' id='word_1_27' title='bbox 220 543 264 579; x_wconf 91' lang='lat' dir='ltr'>te</span> <span class='ocrx_word' id='word_1_28' title='bbox 299 536 648 578; x_wconf 82' lang='lat' dir='ltr'>misericordiam</span> <span class='ocrx_word' id='word_1_29' title='bbox 679 537 874 578; x_wconf 89' lang='lat' dir='ltr'>invenire</span> <span class='ocrx_word' id='word_1_30' title='bbox 905 537 949 577; x_wconf 92' lang='lat' dir='ltr'>in</span> <span class='ocrx_word' id='word_1_31' title='bbox 982 536 1054 577; x_wconf 91' lang='lat' dir='ltr'>die</span> 
     </span>
     <span class='ocr_line' id='line_1_7' title="bbox 220 592 1053 645; baseline -0.001 -11"><span class='ocrx_word' id='word_1_32' title='bbox 220 593 383 645; x_wconf 92' lang='lat' dir='ltr'>judicii,</span> <span class='ocrx_word' id='word_1_33' title='bbox 417 597 462 635; x_wconf 90' lang='lat' dir='ltr'>et</span> <span class='ocrx_word' id='word_1_34' title='bbox 495 605 595 645; x_wconf 89' lang='lat' dir='ltr'>quae</span> <span class='ocrx_word' id='word_1_35' title='bbox 628 594 824 645; x_wconf 84' lang='lat' dir='ltr'>reposita</span> <span class='ocrx_word' id='word_1_36' title='bbox 857 597 958 634; x_wconf 90' lang='lat' dir='ltr'>sunt</span> <span class='ocrx_word' id='word_1_37' title='bbox 984 592 1053 642; x_wconf 92' lang='lat' dir='ltr'>iis,</span> 
     </span>
     <span class='ocr_line' id='line_1_8' title="bbox 222 648 1054 702; baseline -0.001 -12"><span class='ocrx_word' id='word_1_38' title='bbox 222 650 295 702; x_wconf 92' lang='lat' dir='ltr'>qui</span> <span class='ocrx_word' id='word_1_39' title='bbox 314 649 500 700; x_wconf 86' lang='lat' dir='ltr'>diligunt</span> <span class='ocrx_word' id='word_1_40' title='bbox 518 650 677 699; x_wconf 88' lang='lat' dir='ltr'>Deum,</span> <span class='ocrx_word' id='word_1_41' title='bbox 703 648 822 690; x_wconf 89' lang='lat' dir='ltr'>bona</span> <span class='ocrx_word' id='word_1_42' title='bbox 841 649 1054 701; x_wconf 85' lang='lat' dir='ltr'>consequi</span> 
     </span>
     <span class='ocr_line' id='line_1_9' title="bbox 219 704 1051 758; baseline -0.001 -12"><span class='ocrx_word' id='word_1_43' title='bbox 219 708 451 758; x_wconf 91' lang='lat' dir='ltr'>possimus,</span> <span class='ocrx_word' id='word_1_44' title='bbox 466 706 608 756; x_wconf 79' lang='lat' dir='ltr'>gratia</span> <span class='ocrx_word' id='word_1_45' title='bbox 624 710 668 746; x_wconf 92' lang='lat' dir='ltr'>et</span> <span class='ocrx_word' id='word_1_46' title='bbox 681 704 953 756; x_wconf 80' lang='lat' dir='ltr'>benignitate</span> <span class='ocrx_word' id='word_1_47' title='bbox 963 705 1051 746; x_wconf 92' lang='grc' dir='ltr'>1)ό-</span> 
     </span>
     <span class='ocr_line' id='line_1_10' title="bbox 219 760 1052 813; baseline -0.001 -11"><span class='ocrx_word' id='word_1_48' title='bbox 219 762 325 802; x_wconf 91' lang='lat' dir='ltr'>mini</span> <span class='ocrx_word' id='word_1_49' title='bbox 349 762 489 803; x_wconf 87' lang='lat' dir='ltr'>nostri</span> <span class='ocrx_word' id='word_1_50' title='bbox 507 762 531 802; x_wconf 88' lang='lat' dir='ltr'><strong>J</strong></span> <span class='ocrx_word' id='word_1_51' title='bbox 535 774 613 803; x_wconf 91' lang='lat' dir='ltr'>esu</span> <span class='ocrx_word' id='word_1_52' title='bbox 637 760 812 802; x_wconf 85' lang='lat' dir='ltr'>Christi:</span> <span class='ocrx_word' id='word_1_53' title='bbox 839 774 940 802; x_wconf 92' lang='lat' dir='ltr'>cum</span> <span class='ocrx_word' id='word_1_54' title='bbox 965 773 1052 813; x_wconf 91' lang='lat' dir='ltr'>quo</span> 
     </span>
     <span class='ocr_line' id='line_1_11' title="bbox 219 817 1052 869; baseline -0.002 -10"><span class='ocrx_word' id='word_1_55' title='bbox 219 818 340 859; x_wconf 88' lang='lat' dir='ltr'>Patri</span> <span class='ocrx_word' id='word_1_56' title='bbox 366 817 495 859; x_wconf 91' lang='lat' dir='ltr'>simul</span> <span class='ocrx_word' id='word_1_57' title='bbox 520 822 563 859; x_wconf 87' lang='lat' dir='ltr'>et</span> <span class='ocrx_word' id='word_1_58' title='bbox 587 822 740 858; x_wconf 90' lang='lat' dir='ltr'>sancto</span> <span class='ocrx_word' id='word_1_59' title='bbox 759 817 940 869; x_wconf 87' lang='lat' dir='ltr'>Spiritui</span> <span class='ocrx_word' id='word_1_60' title='bbox 962 817 1052 868; x_wconf 84' lang='lat' dir='ltr'>glo-</span> 
     </span>
     <span class='ocr_line' id='line_1_12' title="bbox 219 873 1053 925; baseline -0.001 -10"><span class='ocrx_word' id='word_1_61' title='bbox 219 874 298 924; x_wconf 85' lang='lat' dir='ltr'>ria,</span> <span class='ocrx_word' id='word_1_62' title='bbox 330 879 375 915; x_wconf 93' lang='lat' dir='ltr'>et</span> <span class='ocrx_word' id='word_1_63' title='bbox 397 874 555 923; x_wconf 93' lang='lat' dir='ltr'>honor,</span> <span class='ocrx_word' id='word_1_64' title='bbox 589 877 633 914; x_wconf 90' lang='lat' dir='ltr'>et</span> <span class='ocrx_word' id='word_1_65' title='bbox 658 873 905 925; x_wconf 89' lang='lat' dir='ltr'>imperium,</span> <span class='ocrx_word' id='word_1_66' title='bbox 938 886 1053 914; x_wconf 94' lang='lat' dir='ltr'>nunc</span> 
     </span>
     <span class='ocr_line' id='line_1_13' title="bbox 219 928 1053 982; baseline -0.002 -10"><span class='ocrx_word' id='word_1_67' title='bbox 219 935 264 972; x_wconf 92' lang='lat' dir='ltr'>et</span> <span class='ocrx_word' id='word_1_68' title='bbox 295 942 470 982; x_wconf 85' lang='lat' dir='ltr'><strong>semper</strong></span> <span class='ocrx_word' id='word_1_69' title='bbox 500 930 545 970; x_wconf 93' lang='lat' dir='ltr'>in</span> <span class='ocrx_word' id='word_1_70' title='bbox 582 928 745 970; x_wconf 79' lang='lat' dir='ltr'>saecula</span> <span class='ocrx_word' id='word_1_71' title='bbox 777 929 1053 970; x_wconf 76' lang='lat' dir='ltr'>saeculotum.</span> 
     </span>
     <span class='ocr_line' id='line_1_14' title="bbox 218 987 373 1028; baseline 0 -1"><span class='ocrx_word' id='word_1_72' title='bbox 218 987 373 1028; x_wconf 89' lang='lat' dir='ltr'>Amen.</span> 
     </span>
    </p>
   </div>
   <div class='ocr_carea' id='block_1_3' title="bbox 217 1052 1053 1552">
    <p class='ocr_par' dir='ltr' id='par_1_3' title="bbox 217 1052 1053 1552">
     <span class='ocr_line' id='line_1_15' title="bbox 270 1052 1051 1103; baseline 0.001 -12"><span class='ocrx_word' id='word_1_73' title='bbox 270 1053 321 1103; x_wconf 65' lang='lat' dir='ltr'>Rg.</span> <span class='ocrx_word' id='word_1_74' title='bbox 347 1053 560 1095; x_wconf 75' lang='lat' dir='ltr'>Ornatam</span> <span class='ocrx_word' id='word_1_75' title='bbox 575 1055 810 1097; x_wconf 88' lang='lat' dir='ltr'>monilibus</span> <span class='ocrx_word' id='word_1_76' title='bbox 830 1053 965 1094; x_wconf 83' lang='lat' dir='ltr'>fssiam</span> <span class='ocrx_word' id='word_1_77' title='bbox 984 1052 1009 1092; x_wconf 89' lang='lat' dir='ltr'>J</span> <span class='ocrx_word' id='word_1_78' title='bbox 1012 1065 1051 1093; x_wconf 94' lang='lat' dir='ltr'>e-</span> 
     </span>
     <span class='ocr_line' id='line_1_16' title="bbox 220 1109 1052 1163; baseline -0.001 -14"><span class='ocrx_word' id='word_1_79' title='bbox 220 1109 411 1150; x_wconf 91' lang='lat' dir='ltr'>rusalem</span> <span class='ocrx_word' id='word_1_80' title='bbox 430 1110 647 1153; x_wconf 81' lang='lat' dir='ltr'>Deminus</span> <span class='ocrx_word' id='word_1_81' title='bbox 670 1109 936 1163; x_wconf 85' lang='lat' dir='ltr'>concupivit:</span> <span class='ocrx_word' id='word_1_82' title='bbox 952 1112 974 1135; x_wconf 84' lang='lat'>*</span> <span class='ocrx_word' id='word_1_83' title='bbox 995 1109 1052 1149; x_wconf 91' lang='lat' dir='ltr'>Et</span> 
     </span>
     <span class='ocr_line' id='line_1_17' title="bbox 220 1164 1052 1216; baseline -0.001 -11"><span class='ocrx_word' id='word_1_84' title='bbox 220 1165 420 1207; x_wconf 87' lang='lat' dir='ltr'>videntes</span> <span class='ocrx_word' id='word_1_85' title='bbox 449 1180 547 1208; x_wconf 89' lang='lat' dir='ltr'>eam</span> <span class='ocrx_word' id='word_1_86' title='bbox 575 1168 677 1209; x_wconf 85' lang='lat' dir='ltr'>filiae</span> <span class='ocrx_word' id='word_1_87' title='bbox 707 1168 827 1216; x_wconf 86' lang='lat' dir='ltr'>Sion,</span> <span class='ocrx_word' id='word_1_88' title='bbox 854 1164 1052 1207; x_wconf 85' lang='lat' dir='ltr'>beatissi-</span> 
     </span>
     <span class='ocr_line' id='line_1_18' title="bbox 219 1222 1048 1274; baseline 0 -13"><span class='ocrx_word' id='word_1_89' title='bbox 219 1234 336 1262; x_wconf 85' lang='lat' dir='ltr'>mam</span> <span class='ocrx_word' id='word_1_90' title='bbox 371 1222 742 1274; x_wconf 84' lang='lat' dir='ltr'>praedicaverunt,</span> <span class='ocrx_word' id='word_1_91' title='bbox 779 1222 995 1264; x_wconf 91' lang='lat' dir='ltr'>dicentes:</span> <span class='ocrx_word' id='word_1_92' title='bbox 1026 1222 1048 1245; x_wconf 87' lang='lat'>*</span> 
     </span>
     <span class='ocr_line' id='line_1_19' title="bbox 218 1277 1052 1328; baseline -0.001 -10"><span class='ocrx_word' id='word_1_93' title='bbox 218 1277 499 1328; x_wconf 86' lang='lat' dir='ltr'>Unguentum</span> <span class='ocrx_word' id='word_1_94' title='bbox 523 1279 710 1320; x_wconf 89' lang='lat' dir='ltr'>effusum</span> <span class='ocrx_word' id='word_1_95' title='bbox 732 1291 893 1320; x_wconf 89' lang='lat' dir='ltr'>nomen</span> <span class='ocrx_word' id='word_1_96' title='bbox 917 1282 1052 1318; x_wconf 90' lang='lat' dir='ltr'>tuum.</span> 
     </span>
     <span class='ocr_line' id='line_1_20' title="bbox 217 1328 1053 1386; baseline 0.001 -13"><span class='ocrx_word' id='word_1_97' title='bbox 217 1328 267 1380; x_wconf 66' lang='lat' dir='ltr'>V.</span> <span class='ocrx_word' id='word_1_98' title='bbox 298 1334 454 1375; x_wconf 91' lang='lat' dir='ltr'>Astitit</span> <span class='ocrx_word' id='word_1_99' title='bbox 478 1338 629 1386; x_wconf 87' lang='lat' dir='ltr'>regina</span> <span class='ocrx_word' id='word_1_100' title='bbox 654 1349 679 1377; x_wconf 89' lang='lat' dir='ltr'>a</span> <span class='ocrx_word' id='word_1_101' title='bbox 705 1335 871 1377; x_wconf 85' lang='lat' dir='ltr'>dextris</span> <span class='ocrx_word' id='word_1_102' title='bbox 895 1334 983 1375; x_wconf 88' lang='lat' dir='ltr'>tuis</span> <span class='ocrx_word' id='word_1_103' title='bbox 1008 1333 1053 1374; x_wconf 92' lang='lat' dir='ltr'>in</span> 
     </span>
     <span class='ocr_line' id='line_1_21' title="bbox 219 1389 1051 1442; baseline 0 -12"><span class='ocrx_word' id='word_1_104' title='bbox 219 1392 381 1431; x_wconf 89' lang='lat' dir='ltr'>vestitu</span> <span class='ocrx_word' id='word_1_105' title='bbox 413 1390 647 1442; x_wconf 77' lang='lat' dir='ltr'>deaurato,</span> <span class='ocrx_word' id='word_1_106' title='bbox 682 1389 953 1433; x_wconf 88' lang='lat' dir='ltr'>circumdata</span> <span class='ocrx_word' id='word_1_107' title='bbox 981 1402 1051 1430; x_wconf 92' lang='lat' dir='ltr'>va-</span> 
     </span>
     <span class='ocr_line' id='line_1_22' title="bbox 219 1445 1052 1490; baseline 0 -4"><span class='ocrx_word' id='word_1_108' title='bbox 219 1445 386 1487; x_wconf 76' lang='lat' dir='ltr'>rietate.</span> <span class='ocrx_word' id='word_1_109' title='bbox 422 1447 479 1488; x_wconf 92' lang='lat' dir='ltr'>Et</span> <span class='ocrx_word' id='word_1_110' title='bbox 499 1447 710 1490; x_wconf 89' lang='lat' dir='ltr'>videntes.</span> <span class='ocrx_word' id='word_1_111' title='bbox 746 1446 903 1490; x_wconf 74' lang='lat' dir='ltr'>Gloria</span> <span class='ocrx_word' id='word_1_112' title='bbox 920 1445 1052 1487; x_wconf 88' lang='lat' dir='ltr'>Patri.</span> 
     </span>
     <span class='ocr_line' id='line_1_23' title="bbox 218 1501 948 1552; baseline 0.001 -9"><span class='ocrx_word' id='word_1_113' title='bbox 218 1501 509 1552; x_wconf 87' lang='lat' dir='ltr'>Unguentum.</span> <span class='ocrx_word' id='word_1_114' title='bbox 640 1530 641 1534; x_wconf 59' lang='lat'><em>=</em></span> <span class='ocrx_word' id='word_1_115' title='bbox 937 1516 948 1522; x_wconf 89' lang='lat'>··</span> 
     </span>
    </p>
   </div>
   <div class='ocr_carea' id='block_1_4' title="bbox 438 1578 821 1618">
    <p class='ocr_par' dir='ltr' id='par_1_4' title="bbox 438 1578 821 1618">
     <span class='ocr_line' id='line_1_24' title="bbox 438 1578 821 1618; baseline 0.005 -2"><span class='ocrx_word' id='word_1_116' title='bbox 438 1578 487 1616; x_wconf 91' lang='lat' dir='ltr'>In</span> <span class='ocrx_word' id='word_1_117' title='bbox 506 1579 577 1618; x_wconf 91' lang='grc' dir='ltr'>ΠΙ.</span> <span class='ocrx_word' id='word_1_118' title='bbox 597 1579 821 1618; x_wconf 82' lang='lat' dir='ltr'>Nocturno.</span> 
     </span>
    </p>
   </div>
   <div class='ocr_carea' id='block_1_5' title="bbox 215 1640 1050 2698">
    <p class='ocr_par' dir='ltr' id='par_1_5' title="bbox 216 1640 1050 1794">
     <span class='ocr_line' id='line_1_25' title="bbox 271 1640 1050 1693; baseline 0.003 -12"><span class='ocrx_word' id='word_1_119' title='bbox 271 1643 369 1682; x_wconf 85' lang='lat' dir='ltr'>Ant.</span> <span class='ocrx_word' id='word_1_120' title='bbox 398 1640 556 1682; x_wconf 86' lang='lat' dir='ltr'>Gaude</span> <span class='ocrx_word' id='word_1_121' title='bbox 575 1641 714 1683; x_wconf 89' lang='lat' dir='ltr'>Maria</span> <span class='ocrx_word' id='word_1_122' title='bbox 732 1642 883 1693; x_wconf 87' lang='lat' dir='ltr'>Virgo,</span> <span class='ocrx_word' id='word_1_123' title='bbox 903 1642 926 1667; x_wconf 87' lang='lat'>*</span> <span class='ocrx_word' id='word_1_124' title='bbox 950 1654 1050 1683; x_wconf 91' lang='lat' dir='ltr'>cun-</span> 
     </span>
     <span class='ocr_line' id='line_1_26' title="bbox 219 1696 1050 1740; baseline 0.002 -4"><span class='ocrx_word' id='word_1_125' title='bbox 219 1701 312 1737; x_wconf 89' lang='lat' dir='ltr'>ctas</span> <span class='ocrx_word' id='word_1_126' title='bbox 352 1696 545 1738; x_wconf 82' lang='lat' dir='ltr'>haereses</span> <span class='ocrx_word' id='word_1_127' title='bbox 583 1697 679 1739; x_wconf 88' lang='lat' dir='ltr'>sola</span> <span class='ocrx_word' id='word_1_128' title='bbox 716 1698 975 1740; x_wconf 75' lang='lat' dir='ltr'><strong>interemisti</strong></span> <span class='ocrx_word' id='word_1_129' title='bbox 1005 1698 1050 1738; x_wconf 93' lang='lat' dir='ltr'>in</span> 
     </span>
     <span class='ocr_line' id='line_1_27' title="bbox 216 1752 619 1794; baseline 0.002 -2"><span class='ocrx_word' id='word_1_130' title='bbox 216 1753 424 1794; x_wconf 92' lang='lat' dir='ltr'>universo</span> <span class='ocrx_word' id='word_1_131' title='bbox 443 1752 619 1794; x_wconf 90' lang='lat' dir='ltr'>mundo.</span> 
     </span>
    </p>

    <p class='ocr_par' dir='ltr' id='par_1_6' title="bbox 222 1817 1049 2030">
     <span class='ocr_line' id='line_1_28' title="bbox 484 1817 778 1858; baseline 0.003 -2"><span class='ocrx_word' id='word_1_132' title='bbox 484 1817 683 1857; x_wconf 83' lang='lat' dir='ltr'>Psalmus</span> <span class='ocrx_word' id='word_1_133' title='bbox 712 1818 778 1858; x_wconf 81' lang='lat'>95.</span> 
     </span>
     <span class='ocr_line' id='line_1_29' title="bbox 222 1878 1048 1933; baseline 0.002 -15"><span class='ocrx_word' id='word_1_134' title='bbox 222 1879 482 1933; x_wconf 46' lang='lat' dir='ltr'>fffiisantaoe</span> <span class='ocrx_word' id='word_1_135' title='bbox 508 1878 701 1919; x_wconf 83' lang='lat' dir='ltr'>Domino</span> <span class='ocrx_word' id='word_1_136' title='bbox 729 1878 949 1919; x_wconf 75' lang='lat' dir='ltr'>canticum</span> <span class='ocrx_word' id='word_1_137' title='bbox 975 1892 1048 1921; x_wconf 93' lang='lat' dir='ltr'>no-</span> 
     </span>
     <span class='ocr_line' id='line_1_30' title="bbox 251 1934 1049 1989; baseline 0.006 -17.825"><span class='ocrx_word' id='word_1_138' title='bbox 251 1928 328 1991; x_wconf 40' lang='lat' dir='ltr'>‘gfff</span> <span class='ocrx_word' id='word_1_139' title='bbox 346 1946 463 1974; x_wconf 89' lang='lat' dir='ltr'>vum:</span> <span class='ocrx_word' id='word_1_140' title='bbox 472 1934 497 1959; x_wconf 89' lang='lat'>*</span> <span class='ocrx_word' id='word_1_141' title='bbox 509 1936 684 1976; x_wconf 74' lang='lat' dir='ltr'>cantate</span> <span class='ocrx_word' id='word_1_142' title='bbox 698 1934 890 1975; x_wconf 82' lang='lat' dir='ltr'>Demino</span> <span class='ocrx_word' id='word_1_143' title='bbox 907 1936 1049 1976; x_wconf 92' lang='lat' dir='ltr'>omnis</span> 
     </span>
     <span class='ocr_line' id='line_1_31' title="bbox 226 1994 474 2030; baseline 0.004 -1"><span class='ocrx_word' id='word_1_144' title='bbox 226 2005 244 2009; x_wconf 48' lang='lat'>&gt;·</span> <span class='ocrx_word' id='word_1_145' title='bbox 345 1994 474 2030; x_wconf 90' lang='lat' dir='ltr'>terra.</span> 
     </span>
    </p>

    <p class='ocr_par' dir='ltr' id='par_1_7' title="bbox 215 2044 1048 2210">
     <span class='ocr_line' id='line_1_32' title="bbox 269 2044 1048 2096; baseline 0.004 -10"><span class='ocrx_word' id='word_1_146' title='bbox 269 2044 453 2087; x_wconf 78' lang='lat' dir='ltr'>Cantate</span> <span class='ocrx_word' id='word_1_147' title='bbox 484 2046 692 2096; x_wconf 84' lang='lat' dir='ltr'>Domino,</span> <span class='ocrx_word' id='word_1_148' title='bbox 724 2051 769 2088; x_wconf 91' lang='lat' dir='ltr'>et</span> <span class='ocrx_word' id='word_1_149' title='bbox 799 2046 1048 2090; x_wconf 83' lang='lat' dir='ltr'>benedicite</span> 
     </span>
     <span class='ocr_line' id='line_1_33' title="bbox 216 2101 1047 2153; baseline 0.006 -12"><span class='ocrx_word' id='word_1_150' title='bbox 216 2101 381 2142; x_wconf 78' lang='lat' dir='ltr'>nemini</span> <span class='ocrx_word' id='word_1_151' title='bbox 409 2102 518 2153; x_wconf 93' lang='lat' dir='ltr'>ejus:</span> <span class='ocrx_word' id='word_1_152' title='bbox 546 2103 571 2129; x_wconf 84' lang='lat'>*</span> <span class='ocrx_word' id='word_1_153' title='bbox 598 2102 854 2144; x_wconf 74' lang='lat' dir='ltr'>annuntiate</span> <span class='ocrx_word' id='word_1_154' title='bbox 887 2103 942 2144; x_wconf 93' lang='lat' dir='ltr'>de</span> <span class='ocrx_word' id='word_1_155' title='bbox 976 2104 1047 2146; x_wconf 91' lang='lat' dir='ltr'>die</span> 
     </span>
     <span class='ocr_line' id='line_1_34' title="bbox 215 2157 755 2210; baseline 0.004 -13"><span class='ocrx_word' id='word_1_156' title='bbox 215 2157 259 2197; x_wconf 93' lang='lat' dir='ltr'>in</span> <span class='ocrx_word' id='word_1_157' title='bbox 287 2157 406 2199; x_wconf 78' lang='lat' dir='ltr'>diem</span> <span class='ocrx_word' id='word_1_158' title='bbox 432 2157 625 2199; x_wconf 79' lang='lat' dir='ltr'>salutare</span> <span class='ocrx_word' id='word_1_159' title='bbox 653 2159 755 2210; x_wconf 91' lang='lat' dir='ltr'>ejus.</span> 
     </span>
    </p>

    <p class='ocr_par' dir='ltr' id='par_1_8' title="bbox 215 2213 1047 2377">
     <span class='ocr_line' id='line_1_35' title="bbox 267 2213 1047 2266; baseline 0.005 -12"><span class='ocrx_word' id='word_1_160' title='bbox 267 2213 538 2255; x_wconf 79' lang='lat' dir='ltr'>Annuntiate</span> <span class='ocrx_word' id='word_1_161' title='bbox 552 2214 666 2255; x_wconf 91' lang='lat' dir='ltr'>inter</span> <span class='ocrx_word' id='word_1_162' title='bbox 680 2214 847 2256; x_wconf 85' lang='lat' dir='ltr'>Gentes</span> <span class='ocrx_word' id='word_1_163' title='bbox 861 2216 1047 2266; x_wconf 82' lang='lat' dir='ltr'>gloriam</span> 
     </span>
     <span class='ocr_line' id='line_1_36' title="bbox 216 2269 1046 2323; baseline 0.006 -13"><span class='ocrx_word' id='word_1_164' title='bbox 216 2269 323 2320; x_wconf 91' lang='lat' dir='ltr'>ejus,</span> <span class='ocrx_word' id='word_1_165' title='bbox 354 2271 379 2296; x_wconf 84' lang='lat'>*</span> <span class='ocrx_word' id='word_1_166' title='bbox 410 2270 455 2310; x_wconf 92' lang='lat' dir='ltr'>in</span> <span class='ocrx_word' id='word_1_167' title='bbox 483 2270 687 2312; x_wconf 82' lang='lat' dir='ltr'>omnibus</span> <span class='ocrx_word' id='word_1_168' title='bbox 714 2271 892 2323; x_wconf 84' lang='lat' dir='ltr'>populis</span> <span class='ocrx_word' id='word_1_169' title='bbox 920 2273 1046 2315; x_wconf 90' lang='lat' dir='ltr'>mira-</span> 
     </span>
     <span class='ocr_line' id='line_1_37' title="bbox 215 2324 450 2377; baseline 0.009 -13"><span class='ocrx_word' id='word_1_170' title='bbox 215 2324 319 2365; x_wconf 84' lang='lat' dir='ltr'>bilia</span> <span class='ocrx_word' id='word_1_171' title='bbox 348 2326 450 2377; x_wconf 91' lang='lat' dir='ltr'>ejus.</span> 
     </span>
    </p>

    <p class='ocr_par' dir='ltr' id='par_1_9' title="bbox 216 2381 1047 2543">
     <span class='ocr_line' id='line_1_38' title="bbox 268 2381 1047 2435; baseline 0.008 -14"><span class='ocrx_word' id='word_1_172' title='bbox 268 2381 487 2430; x_wconf 85' lang='lat' dir='ltr'>Quoniam</span> <span class='ocrx_word' id='word_1_173' title='bbox 518 2395 702 2433; x_wconf 83' lang='lat' dir='ltr'>magnus</span> <span class='ocrx_word' id='word_1_174' title='bbox 732 2383 966 2435; x_wconf 85' lang='lat' dir='ltr'>Dominus,</span> <span class='ocrx_word' id='word_1_175' title='bbox 1002 2391 1047 2427; x_wconf 92' lang='lat' dir='ltr'>et</span> 
     </span>
     <span class='ocr_line' id='line_1_39' title="bbox 216 2435 1046 2483; baseline 0.007 -7"><span class='ocrx_word' id='word_1_176' title='bbox 216 2435 448 2478; x_wconf 79' lang='lat' dir='ltr'>laudabilis</span> <span class='ocrx_word' id='word_1_177' title='bbox 484 2438 631 2479; x_wconf 87' lang='lat' dir='ltr'>nimis:</span> <span class='ocrx_word' id='word_1_178' title='bbox 668 2440 693 2466; x_wconf 85' lang='lat'>*</span> <span class='ocrx_word' id='word_1_179' title='bbox 730 2439 940 2481; x_wconf 88' lang='lat' dir='ltr'>terribilis</span> <span class='ocrx_word' id='word_1_180' title='bbox 980 2447 1046 2483; x_wconf 91' lang='lat' dir='ltr'>est</span> 
     </span>
     <span class='ocr_line' id='line_1_40' title="bbox 216 2494 676 2543; baseline 0.013 -13"><span class='ocrx_word' id='word_1_181' title='bbox 216 2503 348 2543; x_wconf 89' lang='lat' dir='ltr'>super</span> <span class='ocrx_word' id='word_1_182' title='bbox 376 2505 527 2535; x_wconf 92' lang='lat' dir='ltr'>omnes</span> <span class='ocrx_word' id='word_1_183' title='bbox 557 2494 676 2536; x_wconf 92' lang='lat' dir='ltr'>deos.</span> 
     </span>
    </p>

    <p class='ocr_par' dir='ltr' id='par_1_10' title="bbox 215 2548 1044 2697">
     <span class='ocr_line' id='line_1_41' title="bbox 269 2548 1044 2596; baseline 0.009 -9"><span class='ocrx_word' id='word_1_184' title='bbox 269 2548 485 2596; x_wconf 83' lang='lat' dir='ltr'>Quoniam</span> <span class='ocrx_word' id='word_1_185' title='bbox 501 2562 652 2591; x_wconf 92' lang='lat' dir='ltr'>omnes</span> <span class='ocrx_word' id='word_1_186' title='bbox 668 2550 727 2592; x_wconf 91' lang='lat' dir='ltr'>dii</span> <span class='ocrx_word' id='word_1_187' title='bbox 739 2551 949 2593; x_wconf 89' lang='lat' dir='ltr'>Gentium</span> <span class='ocrx_word' id='word_1_188' title='bbox 959 2553 1044 2595; x_wconf 85' lang='lat' dir='ltr'>dae-</span> 
     </span>
     <span class='ocr_line' id='line_1_42' title="bbox 215 2603 1044 2697; baseline 0.011 -56"><span class='ocrx_word' id='word_1_189' title='bbox 215 2603 377 2697; x_wconf 72' lang='lat' dir='ltr'>1menia:</span> <span class='ocrx_word' id='word_1_190' title='bbox 411 2606 435 2630; x_wconf 87' lang='lat'>*</span> <span class='ocrx_word' id='word_1_191' title='bbox 471 2606 687 2648; x_wconf 84' lang='lat' dir='ltr'>Dominus</span> <span class='ocrx_word' id='word_1_192' title='bbox 725 2612 872 2649; x_wconf 91' lang='lat' dir='ltr'>autem</span> <span class='ocrx_word' id='word_1_193' title='bbox 907 2609 1044 2650; x_wconf 89' lang='lat' dir='ltr'>coelos</span> 
     </span>
    </p>

    <p class='ocr_par' dir='ltr' id='par_1_11' title="bbox 233 2658 330 2698">
     <span class='ocr_line' id='line_1_43' title="bbox 233 2658 330 2698; baseline 0 0"><span class='ocrx_word' id='word_1_194' title='bbox 233 2658 330 2698; x_wconf 89' lang='lat' dir='ltr'>ecit.</span> 
     </span>
    </p>
   </div>
   <div class='ocr_carea' id='block_1_6' title="bbox 268 2713 1043 2770">
    <p class='ocr_par' dir='ltr' id='par_1_12' title="bbox 268 2713 1043 2770">
     <span class='ocr_line' id='line_1_44' title="bbox 268 2713 1043 2770; baseline 0.013 -17"><span class='ocrx_word' id='word_1_195' title='bbox 268 2713 506 2766; x_wconf 81' lang='lat' dir='ltr'>Confessio,</span> <span class='ocrx_word' id='word_1_196' title='bbox 522 2723 565 2759; x_wconf 86' lang='lat' dir='ltr'>et</span> <span class='ocrx_word' id='word_1_197' title='bbox 584 2719 868 2770; x_wconf 90' lang='lat' dir='ltr'>pulchritudo</span> <span class='ocrx_word' id='word_1_198' title='bbox 884 2720 927 2761; x_wconf 91' lang='lat' dir='ltr'>in</span> <span class='ocrx_word' id='word_1_199' title='bbox 943 2733 1043 2762; x_wconf 92' lang='lat' dir='ltr'>con-</span> 
     </span>
    </p>
   </div>
   <div class='ocr_carea' id='block_1_7' title="bbox 1098 310 1941 2779">
    <p class='ocr_par' dir='ltr' id='par_1_13' title="bbox 1107 310 1940 418">
     <span class='ocr_line' id='line_1_45' title="bbox 1108 310 1939 363; baseline -0.002 -11"><span class='ocrx_word' id='word_1_200' title='bbox 1108 312 1263 363; x_wconf 89' lang='lat' dir='ltr'>spectu</span> <span class='ocrx_word' id='word_1_201' title='bbox 1290 311 1397 362; x_wconf 90' lang='lat' dir='ltr'>ejus:</span> <span class='ocrx_word' id='word_1_202' title='bbox 1423 312 1447 338; x_wconf 89' lang='lat'>*</span> <span class='ocrx_word' id='word_1_203' title='bbox 1473 310 1762 352; x_wconf 85' lang='lat' dir='ltr'>sanctimonia</span> <span class='ocrx_word' id='word_1_204' title='bbox 1785 314 1830 351; x_wconf 91' lang='lat' dir='ltr'>et</span> <span class='ocrx_word' id='word_1_205' title='bbox 1851 322 1939 350; x_wconf 86' lang='lat' dir='ltr'>ma-</span> 
     </span>
     <span class='ocr_line' id='line_1_46' title="bbox 1107 366 1940 418; baseline -0.001 -11"><span class='ocrx_word' id='word_1_206' title='bbox 1107 367 1358 418; x_wconf 87' lang='lat' dir='ltr'>gnificentia</span> <span class='ocrx_word' id='word_1_207' title='bbox 1386 367 1430 408; x_wconf 93' lang='lat' dir='ltr'>in</span> <span class='ocrx_word' id='word_1_208' title='bbox 1463 366 1809 408; x_wconf 84' lang='lat' dir='ltr'>sanctificatione</span> <span class='ocrx_word' id='word_1_209' title='bbox 1837 367 1940 417; x_wconf 83' lang='lat' dir='ltr'>eius.</span> 
     </span>
    </p>

    <p class='ocr_par' dir='ltr' id='par_1_14' title="bbox 1106 422 1940 643">
     <span class='ocr_line' id='line_1_47' title="bbox 1159 422 1940 476; baseline -0.003 -12"><span class='ocrx_word' id='word_1_210' title='bbox 1159 423 1325 465; x_wconf 86' lang='lat' dir='ltr'>Afferte</span> <span class='ocrx_word' id='word_1_211' title='bbox 1339 424 1533 465; x_wconf 85' lang='lat' dir='ltr'>Domino</span> <span class='ocrx_word' id='word_1_212' title='bbox 1548 423 1706 476; x_wconf 77' lang='lat' dir='ltr'>patriae</span> <span class='ocrx_word' id='word_1_213' title='bbox 1722 422 1940 472; x_wconf 87' lang='lat' dir='ltr'>Gentium,</span> 
     </span>
     <span class='ocr_line' id='line_1_48' title="bbox 1108 477 1939 530; baseline 0 -11"><span class='ocrx_word' id='word_1_214' title='bbox 1108 479 1262 521; x_wconf 87' lang='lat' dir='ltr'>afferte</span> <span class='ocrx_word' id='word_1_215' title='bbox 1289 480 1482 521; x_wconf 84' lang='lat' dir='ltr'>Domino</span> <span class='ocrx_word' id='word_1_216' title='bbox 1509 479 1697 530; x_wconf 84' lang='lat' dir='ltr'>gloriam</span> <span class='ocrx_word' id='word_1_217' title='bbox 1730 482 1774 519; x_wconf 88' lang='lat' dir='ltr'>et</span> <span class='ocrx_word' id='word_1_218' title='bbox 1802 477 1939 519; x_wconf 85' lang='lat' dir='ltr'>hono-</span> 
     </span>
     <span class='ocr_line' id='line_1_49' title="bbox 1107 534 1940 587; baseline 0 -11"><span class='ocrx_word' id='word_1_219' title='bbox 1107 548 1214 577; x_wconf 90' lang='lat' dir='ltr'>rem:</span> <span class='ocrx_word' id='word_1_220' title='bbox 1234 537 1258 573; x_wconf 54' lang='grc' dir='ltr'>’ἕ</span> <span class='ocrx_word' id='word_1_221' title='bbox 1277 535 1430 577; x_wconf 88' lang='lat' dir='ltr'>afferte</span> <span class='ocrx_word' id='word_1_222' title='bbox 1449 535 1642 577; x_wconf 83' lang='lat' dir='ltr'>Domino</span> <span class='ocrx_word' id='word_1_223' title='bbox 1661 534 1847 587; x_wconf 81' lang='lat' dir='ltr'>gloriam</span> <span class='ocrx_word' id='word_1_224' title='bbox 1864 536 1940 576; x_wconf 79' lang='lat' dir='ltr'>no-</span> 
     </span>
     <span class='ocr_line' id='line_1_50' title="bbox 1106 592 1344 643; baseline 0 -11"><span class='ocrx_word' id='word_1_225' title='bbox 1106 592 1213 632; x_wconf 89' lang='lat' dir='ltr'>mini</span> <span class='ocrx_word' id='word_1_226' title='bbox 1242 593 1344 643; x_wconf 86' lang='lat' dir='ltr'>ejus.</span> 
     </span>
    </p>

    <p class='ocr_par' dir='ltr' id='par_1_15' title="bbox 1106 647 1941 813">
     <span class='ocr_line' id='line_1_51' title="bbox 1160 647 1941 699; baseline -0.001 -10"><span class='ocrx_word' id='word_1_227' title='bbox 1160 647 1325 689; x_wconf 86' lang='lat' dir='ltr'>Tollite</span> <span class='ocrx_word' id='word_1_228' title='bbox 1365 647 1553 699; x_wconf 83' lang='lat' dir='ltr'>hostias,</span> <span class='ocrx_word' id='word_1_229' title='bbox 1590 653 1635 690; x_wconf 89' lang='lat' dir='ltr'>et</span> <span class='ocrx_word' id='word_1_230' title='bbox 1676 648 1856 690; x_wconf 88' lang='lat' dir='ltr'>introite</span> <span class='ocrx_word' id='word_1_231' title='bbox 1896 647 1941 688; x_wconf 90' lang='lat' dir='ltr'>in</span> 
     </span>
     <span class='ocr_line' id='line_1_52' title="bbox 1106 704 1940 756; baseline -0.001 -11"><span class='ocrx_word' id='word_1_232' title='bbox 1106 704 1219 746; x_wconf 67' lang='lat' dir='ltr'>atria</span> <span class='ocrx_word' id='word_1_233' title='bbox 1243 705 1349 756; x_wconf 92' lang='lat' dir='ltr'>ejus:</span> <span class='ocrx_word' id='word_1_234' title='bbox 1373 706 1397 732; x_wconf 85' lang='lat'>*</span> <span class='ocrx_word' id='word_1_235' title='bbox 1422 704 1607 746; x_wconf 75' lang='lat' dir='ltr'>adorate</span> <span class='ocrx_word' id='word_1_236' title='bbox 1628 704 1869 745; x_wconf 83' lang='lat' dir='ltr'>Dominum</span> <span class='ocrx_word' id='word_1_237' title='bbox 1896 704 1940 744; x_wconf 93' lang='lat' dir='ltr'>in</span> 
     </span>
     <span class='ocr_line' id='line_1_53' title="bbox 1106 760 1533 813; baseline 0 -11"><span class='ocrx_word' id='word_1_238' title='bbox 1106 760 1219 802; x_wconf 76' lang='lat' dir='ltr'>atrio</span> <span class='ocrx_word' id='word_1_239' title='bbox 1247 765 1401 802; x_wconf 85' lang='lat' dir='ltr'>sancto</span> <span class='ocrx_word' id='word_1_240' title='bbox 1431 762 1533 813; x_wconf 91' lang='lat' dir='ltr'>ejus.</span> 
     </span>
    </p>

    <p class='ocr_par' dir='ltr' id='par_1_16' title="bbox 1106 816 1939 981">
     <span class='ocr_line' id='line_1_54' title="bbox 1160 816 1938 869; baseline 0 -11"><span class='ocrx_word' id='word_1_241' title='bbox 1160 817 1502 858; x_wconf 77' lang='lat' dir='ltr'>Commoveatur</span> <span class='ocrx_word' id='word_1_242' title='bbox 1533 830 1559 858; x_wconf 89' lang='lat' dir='ltr'>a</span> <span class='ocrx_word' id='word_1_243' title='bbox 1590 817 1702 858; x_wconf 75' lang='lat' dir='ltr'>facie</span> <span class='ocrx_word' id='word_1_244' title='bbox 1731 818 1821 869; x_wconf 91' lang='lat' dir='ltr'>ejus</span> <span class='ocrx_word' id='word_1_245' title='bbox 1849 816 1938 858; x_wconf 85' lang='lat' dir='ltr'>uni-</span> 
     </span>
     <span class='ocr_line' id='line_1_55' title="bbox 1106 872 1939 915; baseline -0.001 -1"><span class='ocrx_word' id='word_1_246' title='bbox 1106 874 1235 914; x_wconf 89' lang='lat' dir='ltr'>versa</span> <span class='ocrx_word' id='word_1_247' title='bbox 1262 878 1396 914; x_wconf 87' lang='lat' dir='ltr'>terra:</span> <span class='ocrx_word' id='word_1_248' title='bbox 1424 874 1448 900; x_wconf 91' lang='lat'>*</span> <span class='ocrx_word' id='word_1_249' title='bbox 1480 872 1614 915; x_wconf 84' lang='lat' dir='ltr'>dicite</span> <span class='ocrx_word' id='word_1_250' title='bbox 1645 873 1691 914; x_wconf 93' lang='lat' dir='ltr'>in</span> <span class='ocrx_word' id='word_1_251' title='bbox 1723 872 1939 914; x_wconf 85' lang='lat' dir='ltr'>Gentibus</span> 
     </span>
     <span class='ocr_line' id='line_1_56' title="bbox 1108 929 1690 981; baseline 0 -11"><span class='ocrx_word' id='word_1_252' title='bbox 1108 929 1211 981; x_wconf 90' lang='lat' dir='ltr'>quia</span> <span class='ocrx_word' id='word_1_253' title='bbox 1237 929 1454 970; x_wconf 86' lang='lat' dir='ltr'>Dominus</span> <span class='ocrx_word' id='word_1_254' title='bbox 1481 929 1690 981; x_wconf 78' lang='lat' dir='ltr'>regnavit.</span> 
     </span>
    </p>

    <p class='ocr_par' dir='ltr' id='par_1_17' title="bbox 1105 985 1938 1150">
     <span class='ocr_line' id='line_1_57' title="bbox 1159 985 1938 1027; baseline 0.001 -1"><span class='ocrx_word' id='word_1_255' title='bbox 1159 985 1337 1027; x_wconf 88' lang='lat' dir='ltr'>Etenim</span> <span class='ocrx_word' id='word_1_256' title='bbox 1377 985 1571 1027; x_wconf 84' lang='lat' dir='ltr'>correxit</span> <span class='ocrx_word' id='word_1_257' title='bbox 1611 985 1766 1027; x_wconf 90' lang='lat' dir='ltr'>orbem</span> <span class='ocrx_word' id='word_1_258' title='bbox 1807 989 1938 1027; x_wconf 89' lang='lat' dir='ltr'>terrae</span> 
     </span>
     <span class='ocr_line' id='line_1_58' title="bbox 1108 1041 1937 1094; baseline 0.001 -12"><span class='ocrx_word' id='word_1_259' title='bbox 1108 1042 1183 1094; x_wconf 93' lang='lat' dir='ltr'>qui</span> <span class='ocrx_word' id='word_1_260' title='bbox 1214 1055 1303 1083; x_wconf 93' lang='lat' dir='ltr'>non</span> <span class='ocrx_word' id='word_1_261' title='bbox 1331 1041 1695 1084; x_wconf 80' lang='lat' dir='ltr'>commovebitur:</span> <span class='ocrx_word' id='word_1_262' title='bbox 1727 1043 1751 1069; x_wconf 86' lang='lat'>*</span> <span class='ocrx_word' id='word_1_263' title='bbox 1779 1041 1937 1093; x_wconf 69' lang='lat' dir='ltr'>judica-</span> 
     </span>
     <span class='ocr_line' id='line_1_59' title="bbox 1105 1097 1711 1150; baseline -0.002 -11"><span class='ocrx_word' id='word_1_264' title='bbox 1105 1097 1171 1139; x_wconf 92' lang='lat' dir='ltr'>bit</span> <span class='ocrx_word' id='word_1_265' title='bbox 1198 1098 1390 1150; x_wconf 84' lang='lat' dir='ltr'>populos</span> <span class='ocrx_word' id='word_1_266' title='bbox 1418 1099 1462 1139; x_wconf 92' lang='lat' dir='ltr'>in</span> <span class='ocrx_word' id='word_1_267' title='bbox 1490 1098 1711 1150; x_wconf 73' lang='lat' dir='ltr'>aequitate.</span> 
     </span>
    </p>

    <p class='ocr_par' dir='ltr' id='par_1_18' title="bbox 1107 1153 1939 1374">
     <span class='ocr_line' id='line_1_60' title="bbox 1158 1153 1938 1204; baseline 0 -9"><span class='ocrx_word' id='word_1_268' title='bbox 1158 1154 1385 1196; x_wconf 87' lang='lat' dir='ltr'>Laetentur</span> <span class='ocrx_word' id='word_1_269' title='bbox 1405 1154 1516 1204; x_wconf 89' lang='lat' dir='ltr'>coeli,</span> <span class='ocrx_word' id='word_1_270' title='bbox 1537 1159 1582 1196; x_wconf 88' lang='lat' dir='ltr'>et</span> <span class='ocrx_word' id='word_1_271' title='bbox 1599 1153 1789 1195; x_wconf 82' lang='lat' dir='ltr'>exsultet</span> <span class='ocrx_word' id='word_1_272' title='bbox 1806 1158 1938 1195; x_wconf 87' lang='lat' dir='ltr'>terra:</span> 
     </span>
     <span class='ocr_line' id='line_1_61' title="bbox 1107 1210 1937 1263; baseline 0.001 -12"><span class='ocrx_word' id='word_1_273' title='bbox 1107 1213 1439 1252; x_wconf 69' lang='lat' dir='ltr'>commoveatur</span> <span class='ocrx_word' id='word_1_274' title='bbox 1465 1223 1601 1260; x_wconf 89' lang='lat' dir='ltr'>mare,</span> <span class='ocrx_word' id='word_1_275' title='bbox 1637 1215 1681 1252; x_wconf 90' lang='lat' dir='ltr'>et</span> <span class='ocrx_word' id='word_1_276' title='bbox 1706 1210 1937 1263; x_wconf 80' lang='lat' dir='ltr'>plenitudo</span> 
     </span>
     <span class='ocr_line' id='line_1_62' title="bbox 1108 1266 1939 1319; baseline 0 -12"><span class='ocrx_word' id='word_1_277' title='bbox 1108 1268 1216 1318; x_wconf 91' lang='lat' dir='ltr'>ejus:</span> <span class='ocrx_word' id='word_1_278' title='bbox 1236 1268 1260 1294; x_wconf 91' lang='lat'>*</span> <span class='ocrx_word' id='word_1_279' title='bbox 1278 1266 1533 1318; x_wconf 86' lang='lat' dir='ltr'>gaudebunt</span> <span class='ocrx_word' id='word_1_280' title='bbox 1555 1266 1710 1319; x_wconf 89' lang='lat' dir='ltr'>campi,</span> <span class='ocrx_word' id='word_1_281' title='bbox 1729 1271 1773 1308; x_wconf 92' lang='lat' dir='ltr'>et</span> <span class='ocrx_word' id='word_1_282' title='bbox 1792 1267 1939 1308; x_wconf 84' lang='lat' dir='ltr'>omnia</span> 
     </span>
     <span class='ocr_line' id='line_1_63' title="bbox 1108 1323 1511 1374; baseline 0.002 -11"><span class='ocrx_word' id='word_1_283' title='bbox 1108 1335 1208 1374; x_wconf 88' lang='lat' dir='ltr'>quae</span> <span class='ocrx_word' id='word_1_284' title='bbox 1236 1323 1280 1363; x_wconf 92' lang='lat' dir='ltr'>in</span> <span class='ocrx_word' id='word_1_285' title='bbox 1308 1323 1371 1364; x_wconf 91' lang='lat' dir='ltr'>eis</span> <span class='ocrx_word' id='word_1_286' title='bbox 1399 1328 1511 1364; x_wconf 89' lang='lat' dir='ltr'>sunt.</span> 
     </span>
    </p>

    <p class='ocr_par' dir='ltr' id='par_1_19' title="bbox 1105 1379 1939 1544">
     <span class='ocr_line' id='line_1_64' title="bbox 1159 1379 1939 1431; baseline 0.003 -12"><span class='ocrx_word' id='word_1_287' title='bbox 1159 1379 1285 1420; x_wconf 91' lang='lat' dir='ltr'>Tunc</span> <span class='ocrx_word' id='word_1_288' title='bbox 1319 1379 1600 1421; x_wconf 67' lang='lat' dir='ltr'>exsultabunt</span> <span class='ocrx_word' id='word_1_289' title='bbox 1637 1380 1782 1421; x_wconf 76' lang='lat' dir='ltr'>emnia</span> <span class='ocrx_word' id='word_1_290' title='bbox 1820 1379 1939 1431; x_wconf 83' lang='lat' dir='ltr'>ligna</span> 
     </span>
     <span class='ocr_line' id='line_1_65' title="bbox 1105 1434 1938 1488; baseline 0.001 -13"><span class='ocrx_word' id='word_1_291' title='bbox 1105 1434 1317 1476; x_wconf 78' lang='lat' dir='ltr'>silvarum</span> <span class='ocrx_word' id='word_1_292' title='bbox 1350 1448 1376 1476; x_wconf 91' lang='lat' dir='ltr'>a</span> <span class='ocrx_word' id='word_1_293' title='bbox 1408 1435 1520 1477; x_wconf 78' lang='lat' dir='ltr'>facie</span> <span class='ocrx_word' id='word_1_294' title='bbox 1546 1435 1648 1486; x_wconf 76' lang='lat' dir='ltr'>Dfii,</span> <span class='ocrx_word' id='word_1_295' title='bbox 1678 1436 1781 1488; x_wconf 89' lang='lat' dir='ltr'>quia</span> <span class='ocrx_word' id='word_1_296' title='bbox 1804 1435 1938 1477; x_wconf 89' lang='lat' dir='ltr'>venit:</span> 
     </span>
     <span class='ocr_line' id='line_1_66' title="bbox 1105 1491 1903 1544; baseline 0.001 -13"><span class='ocrx_word' id='word_1_297' title='bbox 1105 1492 1129 1518; x_wconf 84' lang='lat'>*</span> <span class='ocrx_word' id='word_1_298' title='bbox 1150 1491 1359 1543; x_wconf 87' lang='lat' dir='ltr'>quoniam</span> <span class='ocrx_word' id='word_1_299' title='bbox 1378 1491 1499 1533; x_wconf 86' lang='lat' dir='ltr'>venit</span> <span class='ocrx_word' id='word_1_300' title='bbox 1518 1491 1710 1544; x_wconf 75' lang='lat' dir='ltr'>judicare</span> <span class='ocrx_word' id='word_1_301' title='bbox 1729 1496 1903 1534; x_wconf 88' lang='lat' dir='ltr'>terram.</span> 
     </span>
    </p>

    <p class='ocr_par' dir='ltr' id='par_1_20' title="bbox 1104 1546 1938 1656">
     <span class='ocr_line' id='line_1_67' title="bbox 1156 1546 1937 1600; baseline 0.003 -13"><span class='ocrx_word' id='word_1_302' title='bbox 1156 1546 1381 1589; x_wconf 79' lang='lat' dir='ltr'>Judicabit</span> <span class='ocrx_word' id='word_1_303' title='bbox 1407 1548 1561 1590; x_wconf 90' lang='lat' dir='ltr'>orbem</span> <span class='ocrx_word' id='word_1_304' title='bbox 1586 1553 1718 1590; x_wconf 90' lang='lat' dir='ltr'>terrae</span> <span class='ocrx_word' id='word_1_305' title='bbox 1741 1548 1787 1589; x_wconf 94' lang='lat' dir='ltr'>in</span> <span class='ocrx_word' id='word_1_306' title='bbox 1805 1547 1937 1600; x_wconf 81' lang='lat' dir='ltr'>aequi-</span> 
     </span>
     <span class='ocr_line' id='line_1_68' title="bbox 1104 1604 1938 1656; baseline 0 -12"><span class='ocrx_word' id='word_1_307' title='bbox 1104 1604 1206 1654; x_wconf 75' lang='lat' dir='ltr'>tate,</span> <span class='ocrx_word' id='word_1_308' title='bbox 1225 1604 1250 1630; x_wconf 85' lang='lat'>*</span> <span class='ocrx_word' id='word_1_309' title='bbox 1276 1608 1320 1644; x_wconf 94' lang='lat' dir='ltr'>et</span> <span class='ocrx_word' id='word_1_310' title='bbox 1347 1604 1540 1656; x_wconf 84' lang='lat' dir='ltr'>populos</span> <span class='ocrx_word' id='word_1_311' title='bbox 1566 1604 1610 1645; x_wconf 93' lang='lat' dir='ltr'>in</span> <span class='ocrx_word' id='word_1_312' title='bbox 1634 1604 1821 1646; x_wconf 73' lang='lat' dir='ltr'>verita‘te</span> <span class='ocrx_word' id='word_1_313' title='bbox 1847 1616 1938 1645; x_wconf 85' lang='lat' dir='ltr'>sua.</span> 
     </span>
    </p>

    <p class='ocr_par' dir='ltr' id='par_1_21' title="bbox 1103 1659 1938 1814">
     <span class='ocr_line' id='line_1_69' title="bbox 1157 1659 1936 1711; baseline 0.004 -12"><span class='ocrx_word' id='word_1_314' title='bbox 1157 1659 1257 1699; x_wconf 89' lang='lat' dir='ltr'>Ant.</span> <span class='ocrx_word' id='word_1_315' title='bbox 1296 1660 1452 1702; x_wconf 88' lang='lat' dir='ltr'>Gaude</span> <span class='ocrx_word' id='word_1_316' title='bbox 1479 1660 1619 1702; x_wconf 88' lang='lat' dir='ltr'>Maria</span> <span class='ocrx_word' id='word_1_317' title='bbox 1645 1660 1803 1711; x_wconf 85' lang='lat' dir='ltr'>Virgo,</span> <span class='ocrx_word' id='word_1_318' title='bbox 1835 1673 1936 1702; x_wconf 90' lang='lat' dir='ltr'>cun-</span> 
     </span>
     <span class='ocr_line' id='line_1_70' title="bbox 1105 1714 1938 1758; baseline 0.002 -3"><span class='ocrx_word' id='word_1_319' title='bbox 1105 1719 1198 1756; x_wconf 89' lang='lat' dir='ltr'>ctas</span> <span class='ocrx_word' id='word_1_320' title='bbox 1235 1714 1427 1757; x_wconf 82' lang='lat' dir='ltr'>haereses</span> <span class='ocrx_word' id='word_1_321' title='bbox 1464 1716 1560 1758; x_wconf 89' lang='lat' dir='ltr'>sola</span> <span class='ocrx_word' id='word_1_322' title='bbox 1598 1715 1859 1758; x_wconf 84' lang='lat' dir='ltr'>interemisti</span> <span class='ocrx_word' id='word_1_323' title='bbox 1893 1715 1938 1757; x_wconf 92' lang='lat' dir='ltr'>in</span> 
     </span>
     <span class='ocr_line' id='line_1_71' title="bbox 1103 1770 1505 1814; baseline 0.01 -4"><span class='ocrx_word' id='word_1_324' title='bbox 1103 1770 1308 1812; x_wconf 90' lang='lat' dir='ltr'>universo</span> <span class='ocrx_word' id='word_1_325' title='bbox 1327 1771 1505 1814; x_wconf 90' lang='lat' dir='ltr'>mundo.</span> 
     </span>
    </p>

    <p class='ocr_par' dir='ltr' id='par_1_22' title="bbox 1103 1827 1937 1982">
     <span class='ocr_line' id='line_1_72' title="bbox 1158 1827 1937 1879; baseline 0.004 -12"><span class='ocrx_word' id='word_1_326' title='bbox 1158 1828 1257 1868; x_wconf 90' lang='lat' dir='ltr'>Ant.</span> <span class='ocrx_word' id='word_1_327' title='bbox 1296 1828 1490 1879; x_wconf 78' lang='lat' dir='ltr'>Dignare</span> <span class='ocrx_word' id='word_1_328' title='bbox 1518 1841 1589 1870; x_wconf 91' lang='lat' dir='ltr'>me</span> <span class='ocrx_word' id='word_1_329' title='bbox 1616 1829 1641 1855; x_wconf 85' lang='lat'>*</span> <span class='ocrx_word' id='word_1_330' title='bbox 1666 1827 1849 1870; x_wconf 68' lang='lat' dir='ltr'>laudere</span> <span class='ocrx_word' id='word_1_331' title='bbox 1875 1833 1937 1879; x_wconf 92' lang='lat' dir='ltr'>te,</span> 
     </span>
     <span class='ocr_line' id='line_1_73' title="bbox 1103 1882 1937 1933; baseline 0.001 -8"><span class='ocrx_word' id='word_1_332' title='bbox 1103 1882 1243 1933; x_wconf 89' lang='lat' dir='ltr'>Virgo</span> <span class='ocrx_word' id='word_1_333' title='bbox 1276 1886 1464 1925; x_wconf 77' lang='lat' dir='ltr'>sacrata:</span> <span class='ocrx_word' id='word_1_334' title='bbox 1501 1884 1558 1926; x_wconf 87' lang='lat' dir='ltr'>da</span> <span class='ocrx_word' id='word_1_335' title='bbox 1589 1884 1697 1926; x_wconf 92' lang='lat' dir='ltr'>mihi</span> <span class='ocrx_word' id='word_1_336' title='bbox 1729 1884 1937 1926; x_wconf 88' lang='lat' dir='ltr'>virtutem</span> 
     </span>
     <span class='ocr_line' id='line_1_74' title="bbox 1105 1938 1564 1982; baseline 0.007 -3"><span class='ocrx_word' id='word_1_337' title='bbox 1105 1943 1260 1980; x_wconf 86' lang='lat' dir='ltr'>contra</span> <span class='ocrx_word' id='word_1_338' title='bbox 1279 1938 1431 1982; x_wconf 90' lang='lat' dir='ltr'>hostes</span> <span class='ocrx_word' id='word_1_339' title='bbox 1450 1945 1564 1982; x_wconf 91' lang='lat' dir='ltr'>tuos.</span> 
     </span>
    </p>

    <p class='ocr_par' dir='ltr' id='par_1_23' title="bbox 1194 1996 1936 2152">
     <span class='ocr_line' id='line_1_75' title="bbox 1375 1996 1661 2037; baseline 0.003 -2"><span class='ocrx_word' id='word_1_340' title='bbox 1375 1996 1574 2037; x_wconf 86' lang='lat' dir='ltr'>Psalmus</span> <span class='ocrx_word' id='word_1_341' title='bbox 1594 1997 1661 2036; x_wconf 88' lang='lat'>96.</span> 
     </span>
     <span class='ocr_line' id='line_1_76' title="bbox 1194 2052 1936 2105; baseline 0.003 -11"><span class='ocrx_word' id='word_1_342' title='bbox 1194 2052 1366 2094; x_wconf 84' lang='lat' dir='ltr'>ominus</span> <span class='ocrx_word' id='word_1_343' title='bbox 1381 2054 1590 2105; x_wconf 77' lang='lat' dir='ltr'>regnavit,</span> <span class='ocrx_word' id='word_1_344' title='bbox 1602 2054 1792 2096; x_wconf 80' lang='lat' dir='ltr'>exsultet</span> <span class='ocrx_word' id='word_1_345' title='bbox 1805 2059 1936 2096; x_wconf 88' lang='lat' dir='ltr'>terra:</span> 
     </span>
     <span class='ocr_line' id='line_1_77' title="bbox 1215 2109 1814 2152; baseline 0.005 -3"><span class='ocrx_word' id='word_1_346' title='bbox 1215 2109 1239 2135; x_wconf 87' lang='lat'>*</span> <span class='ocrx_word' id='word_1_347' title='bbox 1258 2109 1462 2151; x_wconf 82' lang='lat' dir='ltr'>laetentur</span> <span class='ocrx_word' id='word_1_348' title='bbox 1480 2110 1634 2151; x_wconf 87' lang='lat' dir='ltr'>insulae</span> <span class='ocrx_word' id='word_1_349' title='bbox 1651 2110 1814 2152; x_wconf 82' lang='lat' dir='ltr'>multae.</span> 
     </span>
    </p>

    <p class='ocr_par' dir='ltr' id='par_1_24' title="bbox 1103 2164 1936 2317">
     <span class='ocr_line' id='line_1_78' title="bbox 1157 2164 1936 2219; baseline 0.004 -13"><span class='ocrx_word' id='word_1_350' title='bbox 1157 2164 1322 2215; x_wconf 86' lang='lat' dir='ltr'>Nubes,</span> <span class='ocrx_word' id='word_1_351' title='bbox 1341 2170 1385 2207; x_wconf 93' lang='lat' dir='ltr'>et</span> <span class='ocrx_word' id='word_1_352' title='bbox 1404 2165 1545 2216; x_wconf 86' lang='lat' dir='ltr'>caligo</span> <span class='ocrx_word' id='word_1_353' title='bbox 1564 2166 1607 2207; x_wconf 93' lang='lat' dir='ltr'>in</span> <span class='ocrx_word' id='word_1_354' title='bbox 1627 2166 1811 2208; x_wconf 92' lang='lat' dir='ltr'>circuitu</span> <span class='ocrx_word' id='word_1_355' title='bbox 1831 2167 1936 2219; x_wconf 85' lang='lat' dir='ltr'>ejus:</span> 
     </span>
     <span class='ocr_line' id='line_1_79' title="bbox 1103 2221 1934 2317; baseline 0.005 -56"><span class='ocrx_word' id='word_1_356' title='bbox 1103 2221 1322 2317; x_wconf 47' lang='lat' dir='ltr'>{justififfi</span> <span class='ocrx_word' id='word_1_357' title='bbox 1350 2226 1394 2262; x_wconf 88' lang='lat' dir='ltr'>et</span> <span class='ocrx_word' id='word_1_358' title='bbox 1410 2221 1616 2273; x_wconf 87' lang='lat' dir='ltr'>judicium</span> <span class='ocrx_word' id='word_1_359' title='bbox 1635 2223 1851 2265; x_wconf 89' lang='lat' dir='ltr'>correctio</span> <span class='ocrx_word' id='word_1_360' title='bbox 1870 2236 1934 2265; x_wconf 89' lang='lat' dir='ltr'>se-</span> 
     </span>
    </p>

    <p class='ocr_par' dir='ltr' id='par_1_25' title="bbox 1135 2289 1295 2328">
     <span class='ocr_line' id='line_1_80' title="bbox 1135 2289 1295 2328; baseline 0.013 -12"><span class='ocrx_word' id='word_1_361' title='bbox 1135 2289 1172 2317; x_wconf 82' lang='lat' dir='ltr'>is</span> <span class='ocrx_word' id='word_1_362' title='bbox 1192 2289 1295 2328; x_wconf 88' lang='lat' dir='ltr'>eJus.</span> 
     </span>
    </p>

    <p class='ocr_par' dir='ltr' id='par_1_26' title="bbox 1101 2332 1934 2443">
     <span class='ocr_line' id='line_1_81' title="bbox 1154 2332 1934 2388; baseline 0.006 -16"><span class='ocrx_word' id='word_1_363' title='bbox 1154 2332 1274 2384; x_wconf 87' lang='lat' dir='ltr'>Ignis</span> <span class='ocrx_word' id='word_1_364' title='bbox 1297 2337 1398 2374; x_wconf 91' lang='lat' dir='ltr'>ante</span> <span class='ocrx_word' id='word_1_365' title='bbox 1417 2333 1561 2386; x_wconf 90' lang='lat' dir='ltr'>ipsum</span> <span class='ocrx_word' id='word_1_366' title='bbox 1581 2334 1820 2388; x_wconf 83' lang='lat' dir='ltr'>praecedet,</span> <span class='ocrx_word' id='word_1_367' title='bbox 1838 2335 1862 2361; x_wconf 88' lang='lat'>*</span> <span class='ocrx_word' id='word_1_368' title='bbox 1890 2340 1934 2377; x_wconf 90' lang='lat' dir='ltr'>et</span> 
     </span>
     <span class='ocr_line' id='line_1_82' title="bbox 1101 2388 1932 2443; baseline 0.004 -14"><span class='ocrx_word' id='word_1_369' title='bbox 1101 2388 1344 2430; x_wconf 76' lang='lat' dir='ltr'>inflaffiabit</span> <span class='ocrx_word' id='word_1_370' title='bbox 1358 2389 1401 2429; x_wconf 92' lang='lat' dir='ltr'>in</span> <span class='ocrx_word' id='word_1_371' title='bbox 1416 2391 1601 2432; x_wconf 90' lang='lat' dir='ltr'>circuitu</span> <span class='ocrx_word' id='word_1_372' title='bbox 1615 2391 1815 2433; x_wconf 88' lang='lat' dir='ltr'>inimicos</span> <span class='ocrx_word' id='word_1_373' title='bbox 1831 2391 1932 2443; x_wconf 90' lang='lat' dir='ltr'>ejus.</span> 
     </span>
    </p>

    <p class='ocr_par' dir='ltr' id='par_1_27' title="bbox 1101 2444 1931 2551">
     <span class='ocr_line' id='line_1_83' title="bbox 1152 2444 1931 2499; baseline 0.004 -14"><span class='ocrx_word' id='word_1_374' title='bbox 1152 2444 1396 2486; x_wconf 83' lang='lat' dir='ltr'>IHuxerunt</span> <span class='ocrx_word' id='word_1_375' title='bbox 1419 2446 1590 2497; x_wconf 87' lang='lat' dir='ltr'>fulgura</span> <span class='ocrx_word' id='word_1_376' title='bbox 1612 2447 1703 2499; x_wconf 88' lang='lat' dir='ltr'>ejus</span> <span class='ocrx_word' id='word_1_377' title='bbox 1728 2446 1825 2488; x_wconf 91' lang='lat' dir='ltr'>orbi</span> <span class='ocrx_word' id='word_1_378' title='bbox 1847 2452 1931 2488; x_wconf 92' lang='lat' dir='ltr'>ter-</span> 
     </span>
     <span class='ocr_line' id='line_1_84' title="bbox 1101 2500 1905 2551; baseline 0.005 -11"><span class='ocrx_word' id='word_1_379' title='bbox 1101 2513 1177 2541; x_wconf 84' lang='lat' dir='ltr'>rae:</span> <span class='ocrx_word' id='word_1_380' title='bbox 1196 2501 1219 2526; x_wconf 90' lang='lat'>*</span> <span class='ocrx_word' id='word_1_381' title='bbox 1238 2500 1357 2551; x_wconf 88' lang='lat' dir='ltr'>vidit,</span> <span class='ocrx_word' id='word_1_382' title='bbox 1386 2506 1430 2542; x_wconf 87' lang='lat' dir='ltr'>et</span> <span class='ocrx_word' id='word_1_383' title='bbox 1449 2505 1671 2544; x_wconf 76' lang='lat' dir='ltr'>commeta</span> <span class='ocrx_word' id='word_1_384' title='bbox 1691 2507 1758 2544; x_wconf 85' lang='lat' dir='ltr'>est</span> <span class='ocrx_word' id='word_1_385' title='bbox 1776 2507 1905 2544; x_wconf 86' lang='lat' dir='ltr'>terra.</span> 
     </span>
    </p>

    <p class='ocr_par' dir='ltr' id='par_1_28' title="bbox 1098 2556 1931 2710">
     <span class='ocr_line' id='line_1_85' title="bbox 1152 2556 1931 2606; baseline 0.004 -9"><span class='ocrx_word' id='word_1_386' title='bbox 1152 2556 1345 2606; x_wconf 87' lang='lat' dir='ltr'>Montes,</span> <span class='ocrx_word' id='word_1_387' title='bbox 1383 2557 1496 2599; x_wconf 90' lang='lat' dir='ltr'>sicut</span> <span class='ocrx_word' id='word_1_388' title='bbox 1525 2571 1626 2600; x_wconf 88' lang='lat' dir='ltr'>cera</span> <span class='ocrx_word' id='word_1_389' title='bbox 1659 2558 1878 2600; x_wconf 88' lang='lat' dir='ltr'>fluxerunt</span> <span class='ocrx_word' id='word_1_390' title='bbox 1906 2572 1931 2600; x_wconf 89' lang='lat' dir='ltr'>a</span> 
     </span>
     <span class='ocr_line' id='line_1_86' title="bbox 1099 2611 1929 2656; baseline 0.004 -3"><span class='ocrx_word' id='word_1_391' title='bbox 1099 2611 1211 2653; x_wconf 77' lang='lat' dir='ltr'>facie</span> <span class='ocrx_word' id='word_1_392' title='bbox 1230 2613 1423 2654; x_wconf 75' lang='lat' dir='ltr'>Demini:</span> <span class='ocrx_word' id='word_1_393' title='bbox 1447 2615 1471 2639; x_wconf 86' lang='grc'>*</span> <span class='ocrx_word' id='word_1_394' title='bbox 1495 2627 1521 2655; x_wconf 91' lang='lat' dir='ltr'>a</span> <span class='ocrx_word' id='word_1_395' title='bbox 1545 2614 1655 2656; x_wconf 72' lang='lat' dir='ltr'>fucie</span> <span class='ocrx_word' id='word_1_396' title='bbox 1680 2615 1860 2656; x_wconf 85' lang='lat' dir='ltr'>Domini</span> <span class='ocrx_word' id='word_1_397' title='bbox 1885 2628 1929 2656; x_wconf 94' lang='lat'>0-</span> 
     </span>
     <span class='ocr_line' id='line_1_87' title="bbox 1098 2668 1359 2710; baseline 0.004 -2"><span class='ocrx_word' id='word_1_398' title='bbox 1098 2668 1211 2709; x_wconf 92' lang='lat' dir='ltr'>mnis</span> <span class='ocrx_word' id='word_1_399' title='bbox 1230 2673 1359 2710; x_wconf 86' lang='lat' dir='ltr'>terra.</span> 
     </span>
    </p>

    <p class='ocr_par' dir='ltr' id='par_1_29' title="bbox 1150 2725 1929 2779">
     <span class='ocr_line' id='line_1_88' title="bbox 1150 2725 1929 2779; baseline 0.005 -14"><span class='ocrx_word' id='word_1_400' title='bbox 1150 2725 1532 2767; x_wconf 86' lang='lat' dir='ltr'>Annuntiaverunt</span> <span class='ocrx_word' id='word_1_401' title='bbox 1576 2726 1677 2768; x_wconf 91' lang='lat' dir='ltr'>coeli</span> <span class='ocrx_word' id='word_1_402' title='bbox 1721 2728 1929 2779; x_wconf 86' lang='lat' dir='ltr'>justitiam</span> 
     </span>
    </p>
   </div>
   <div class='ocr_carea' id='block_1_8' title="bbox 158 155 1994 2831">
    <p class='ocr_par' dir='ltr' id='par_1_30' title="bbox 158 155 1994 2831">
     <span class='ocr_line' id='line_1_89' title="bbox 158 155 1994 2831; baseline 0 0"><span class='ocrx_word' id='word_1_403' title='bbox 158 155 1994 2831; x_wconf 95' lang='lat' dir='ltr'> </span> 
     </span>
    </p>
   </div>
  </div>
 </body>
</html>
