2066 2956
502 197 572 231 Die
602 197 648 230 115.
674 196 833 239 Aprilis.
880 195 915 230 S.
940 195 1142 230 Benedicti
1167 194 1333 239 Joscphi
1357 196 1482 230 Labre
1509 196 1617 230 Conf.

201 298 268 334 ter
295 291 525 340 invisebat,
557 304 696 343 prona
722 290 954 340 adorabat,
987 296 1030 332 et

202 348 403 391 omnibus
436 347 708 389 adorandum
740 347 1031 401 praedicabat:

201 404 316 447 unde
342 405 503 446 factum
525 409 609 454 est,
636 410 685 445 ut
703 404 843 453 Deus,
873 404 947 456 qui
970 404 1029 444 in-

201 462 328 502 firma
346 460 498 502 mundi
518 460 652 511 eligit,
677 460 886 502 humilem
903 460 1030 511 virgi-

201 531 301 559 nem
335 517 393 559 ad
430 516 780 569 promovendum
814 517 1031 558 sanctissi-

201 587 284 615 mae
320 573 610 615 Eucharistiae
648 573 813 615 cultum
849 573 1032 614 mirifice

202 630 491 671 inflammarit.
527 630 701 671 Etenim
726 642 876 671 coram
901 632 1031 681 augu-

202 692 271 728 sto
300 687 583 728 Sacramento
612 686 850 738 provoluta
880 685 1031 727 divini-

201 749 271 785 tus
289 742 516 792 intellexit,
541 742 854 784 instituendam
874 755 971 784 esse
990 742 1032 783 in

201 799 400 841 Ecclesia
416 799 680 850 singularem
697 799 908 851 Corporis
920 799 1035 840 Chri-

203 857 259 897 sti
283 855 617 897 solemnitatem.
653 855 783 906 Quod
808 868 907 896 cum
928 855 1034 896 viris

202 912 286 964 piis
319 917 362 953 et
395 911 537 953 doctis
571 912 856 959 declarasset,
888 911 950 960 hi,
985 925 1032 953 re

203 968 433 1019 diligenter
462 969 724 1018 examinata,
752 968 849 1021 ipsa
876 968 1032 1010 adhor—

202 1027 322 1066 tante
341 1025 365 1065 J
369 1025 528 1074 uliana,
556 1024 799 1067 Robertum
820 1024 1034 1067 Leodien—

203 1094 296 1122 sem
317 1084 575 1133 episcopum
595 1081 890 1130 adduxerunt,
919 1087 967 1123 ut
991 1082 1035 1122 in

204 1150 282 1178 sua
302 1138 483 1179 dioecesi
499 1138 583 1180 hoc
599 1138 758 1179 festum
773 1138 1035 1180 institueret:

205 1193 325 1245 quod
344 1196 501 1246 postea
522 1194 725 1236 Urbanus
746 1200 942 1245 quartus,
964 1197 1034 1235 an-

204 1255 276 1291 tea
311 1250 568 1292 Leodiensis
601 1250 864 1292 cathedralis
898 1251 1035 1292 archi-

205 1306 435 1356 diaconus,
480 1308 744 1349 auctoritate
790 1308 1036 1359 apostolica

204 1363 479 1416 adprobavit,
499 1368 542 1405 et
561 1363 618 1406 ad
633 1364 880 1405 universam
896 1365 1037 1406 Eccle-

204 1420 313 1461 siam
334 1420 541 1462 extendit.

249 1478 300 1529 R.
339 1476 543 1518 Dilexisti
571 1476 796 1528 justitiam,
831 1482 874 1518 et
902 1476 1036 1519 odisti

203 1532 494 1583 iniquitatem:
518 1535 542 1558 ²⁸
569 1533 811 1585 Propterea
839 1534 964 1575 unxit
991 1539 1035 1575 te

203 1588 343 1638 Deus,
393 1589 514 1631 Deus
563 1594 664 1630 tuus
716 1588 814 1630 oleo
860 1590 1034 1632 laetitiae.

198 1640 248 1691 V.
281 1646 470 1698 Propter
493 1646 739 1695 veritatem,
774 1651 816 1687 et
835 1659 1034 1688 mansue—

203 1701 409 1751 tudinem,
430 1707 474 1743 et
492 1703 711 1754 justitiam.
739 1702 993 1754 Propterea.

499 1757 652 1798 Lectio
673 1757 725 1797 vi.

309 1815 438 1854 ortuo
464 1814 699 1856 Leodiensi
725 1815 920 1857 antistite
947 1816 1034 1858 Ro-

325 1869 462 1920 berto⁷
482 1870 524 1910 in
543 1870 703 1912 multas
723 1876 767 1912 et
786 1884 943 1922 graves
962 1873 1034 1913 tri·

204 1925 454 1967 bulationes
492 1926 667 1968 devenit
703 1928 891 1969 Juliana:
935 1942 1036 1969 nam

204 1983 348 2034 impiis
368 1982 629 2024 factionibus
648 1985 916 2026 monasterio
936 1997 1035 2026 cum

205 2039 294 2079 suis
315 2038 544 2080 sororibus
564 2040 764 2091 expulsa,
782 2041 826 2081 in
845 2042 1034 2082 necessi-

204 2096 294 2136 tate
314 2098 510 2136 extrema
529 2096 803 2148 aliquamdiu
821 2097 939 2146 vixit,
959 2097 1034 2139 do—

205 2163 285 2192 nec
330 2151 373 2192 in
414 2151 678 2194 Salsiniense
723 2154 1034 2195 monasterium

206 2209 406 2259 excepta,
433 2207 538 2249 inibi
564 2221 588 2249 a
613 2209 884 2259 gravissimis
909 2211 1033 2252 malis

206 2263 521 2314 aliquantulum
547 2265 794 2317 respiravit.
833 2265 921 2307 Sed
947 2272 1033 2308 tur-

204 2318 308 2359 bata
334 2322 492 2361 iterum
518 2334 628 2373 pace
653 2335 708 2362 ex
731 2322 1033 2372 ingruentibus
1099 2333 1117 2344 ²

205 2373 330 2416 bellis
360 2381 403 2416 et
428 2375 629 2429 disperso
654 2378 753 2430 ipso
778 2379 1033 2420 Salsiniensi

206 2432 469 2473 monasterio
490 2433 532 2473 in
554 2434 769 2486 oppidum
788 2435 941 2476 Fossae
962 2435 1032 2477 de-

209 2485 357 2534 ducta,
384 2487 608 2539 aliquanto
628 2495 731 2542 post
749 2491 900 2533 lethali
920 2505 1032 2533 mor-

206 2541 263 2582 bo
289 2544 537 2595 corripitur‚
571 2559 657 2598 quo
683 2548 1032 2598 ingravescente,

207 2601 535 2642 sacrosanctum
555 2602 715 2644 Christi
736 2604 913 2645 Domini
939 2617 1032 2645 cor-

206 2667 290 2706 pus
322 2655 365 2695 in
401 2657 553 2708 oppidi
589 2659 774 2701 ecclesia
802 2660 1033 2711 collegiata

206 2711 393 2763 sumpsit
421 2712 463 2752 in
488 2713 709 2756 Viaticum
733 2718 914 2769 speciali
941 2731 1033 2759 eor-

1082 289 1150 331 dis
1170 289 1337 331 ardore.
1365 290 1479 331 Tum
1498 290 1540 330 in
1561 289 1763 332 cellulam
1776 290 1917 332 redux

1084 351 1127 388 et
1164 359 1291 387 sacro
1331 346 1431 388 oleo
1467 347 1662 396 inuncta,
1700 347 1839 388 oculis
1871 347 1915 388 in

1085 402 1408 444 sanctissimum
1442 402 1733 444 Eucharistiae
1766 403 1916 444 Sacra-

1084 460 1279 500 mentum
1303 458 1480 509 defixiS,
1513 471 1627 500 anno
1654 460 1801 500 aetatis
1826 472 1918 501 suae

1086 515 1362 566 sexagesimo
1395 520 1522 557 sexto
1547 515 1620 568 pie
1647 515 1919 558 obdormivit

1085 572 1129 612 in
1148 572 1352 613 Domino.
1380 572 1404 613 J
1407 571 1567 613 ulianae
1587 584 1750 625 corpus
1768 573 1813 613 in
1833 585 1919 614 coe-

1085 628 1267 670 nobium
1298 628 1563 670 Villariense
1599 629 1919 670 monachorum

1087 685 1460 734 Cisterciensium,
1478 690 1527 726 ut
1546 684 1643 737 ipsa
1663 687 1919 738 expetierat,

1086 741 1168 783 fuit
1187 741 1464 790 translatum,
1488 740 1563 782 ubi
1587 741 1808 782 miraculis
1834 741 1919 782 cla-

1087 798 1184 839 ruit.
1239 797 1291 850 Rz.
1322 797 1576 839 Afferentur
1594 798 1718 848 Regi.
1740 797 1852 850 [108]

1135 868 1179 902 In
1204 867 1269 902 ΠΙ.
1286 866 1398 902 Noct.
1422 866 1524 901 Lect.
1551 866 1590 900 in
1614 866 1760 910 Evang.
1786 866 1919 902 Simile

1089 916 1161 951 erit
1183 925 1355 959 regnum.
1377 915 1424 949 de
1450 915 1587 949 eodem
1604 914 1749 949 Comm.
1774 915 1801 949 1.
1818 915 1917 950 loco.

1089 963 1187 1008 [110]
1223 963 1266 997 In
1287 963 1479 1007 Quadrag.
1501 963 1603 998 Lect.
1629 963 1679 997 ix.
1705 962 1753 997 de
1774 962 1916 997 Homil.

1084 1011 1208 1046 Feriae
1234 1016 1270 1046 et
1294 1012 1377 1054 ejus
1403 1020 1599 1045 commem.
1625 1010 1664 1045 in
1688 1009 1808 1044 Laud.

1329 1100 1412 1141 Die
1432 1101 1492 1141 16.
1511 1100 1688 1154 Aprilis.

1141 1169 1184 1210 S.
1203 1169 1460 1210 Benedicti
1478 1169 1509 1209 J
1511 1169 1688 1219 osephi
1706 1169 1871 1210 Labre

1359 1223 1645 1265 Confessoris.

1418 1288 1584 1332 Duplex.

1138 1343 1276 1379 Omnia
1295 1344 1341 1378 de
1357 1343 1561 1379 Communi
1575 1344 1823 1382 confessoris
1840 1356 1919 1382 non

1083 1391 1284 1426 Pontificis
1313 1393 1386 1436 [84]
1405 1396 1547 1436 praeter
1564 1393 1777 1437 sequentia.

1426 1454 1590 1496 Oratio.

1178 1532 1273 1568 eus,
1303 1519 1378 1571 qui
1405 1523 1605 1560 sanctum
1629 1519 1924 1561 Benedictum

1195 1576 1219 1616 J
1222 1575 1438 1628 osephum
1463 1575 1775 1617 Confessorem
1799 1581 1923 1618 tuum

1088 1632 1348 1675 humilitatis
1378 1631 1546 1682 studio,
1575 1637 1619 1674 et
1646 1633 1921 1686 paupertatis

1091 1692 1240 1731 amore
1259 1689 1341 1730 tibi
1359 1689 1434 1730 uni
1450 1688 1677 1731 adhaerere
1692 1689 1847 1732 fecisti:
1866 1689 1923 1730 da

1090 1745 1236 1796 nobis,
1261 1746 1353 1797 ejus
1377 1744 1720 1796 suffragantibus
1743 1745 1922 1796 meritis,

1088 1803 1263 1844 terrena
1283 1807 1442 1843 cuncta
1461 1800 1708 1854 despicere,
1731 1807 1775 1844 et
1794 1801 1922 1844 coele-

1089 1859 1171 1900 stia
1192 1871 1366 1911 semper
1384 1858 1616 1910 inquirere.
1643 1858 1729 1900 Per
1746 1858 1875 1899 Dfim.

1136 1915 1180 1950 In
1211 1915 1238 1950 I.
1267 1915 1468 1950 Nocturno
1502 1915 1708 1950 Lectiones
1744 1917 1791 1951 de
1821 1917 1919 1953 Scri-

1085 1968 1196 2007 ptura
1215 1968 1450 1998 occurrente.
1493 1963 1537 1998 In
1559 1963 1751 2009 Quadrag.
1772 1964 1921 2003 JustuS.

1086 2011 1133 2046 de
1159 2011 1296 2046 eodem
1321 2011 1535 2046 Communi.
1562 2012 1589 2046 1.
1614 2013 1713 2048 loco.
1741 2014 1814 2058 [86]

1318 2081 1369 2121 In
1386 2081 1438 2120 11.
1458 2082 1684 2122 Nocturno.

1390 2145 1543 2187 Lectio
1564 2146 1618 2186 iv.

1098 2224 1137 2269 {41³}
1168 2226 1238 2269 ἵξῃ
1263 2212 1431 2265 oppido
1459 2215 1661 2255 Amettes
1685 2213 1920 2256 Bolonien-

1107 2270 1136 2328 ἢ
1165 2268 1198 2322 ³25,
1227 2269 1286 2310 sis
1312 2269 1517 2311 dioecesis
1541 2271 1584 2311 in
1606 2270 1748 2312 Gallia
1772 2284 1825 2312 ex
1844 2271 1919 2312 ho-

1113 2325 1131 2330 ”’
1160 2324 1191 2345 '²³
1227 2326 1362 2366 nestis
1398 2326 1696 2378 piissimisque
1733 2328 1920 2379 parenti-

1087 2381 1170 2422 bus
1191 2387 1313 2423 ortus
1333 2387 1399 2423 est
1419 2382 1686 2424 Benedictus
1701 2383 1724 2424 J
1729 2383 1921 2436 osephus

1088 2437 1240 2479 Labre.
1295 2438 1455 2479 Divina
1486 2439 1628 2489 gratia
1657 2441 1920 2492 praeventus,
1996 2483 1999 2486 Δ

1087 2507 1265 2544 gravem
1298 2500 1342 2536 et
1373 2507 1399 2535 a
1430 2495 1555 2545 nugis
1584 2495 1770 2537 alienam
1798 2495 1919 2538 indo-

1088 2550 1173 2591 lem
1206 2563 1230 2591 a
1262 2551 1420 2604 puerili
1454 2553 1586 2593 aetate
1620 2551 1834 2602 ostendit,
1877 2558 1920 2594 et

1088 2607 1176 2647 suis
1205 2607 1413 2649 fratribus
1442 2607 1624 2660 pietate,
1658 2608 1919 2659 obedientia,

1087 2663 1266 2705 solertia
1289 2664 1333 2704 in
1359 2663 1640 2705 addiscendis
1668 2665 1918 2706 christianae

1087 2719 1299 2762 doctrinae
1324 2733 1376 2761 ac
1395 2720 1639 2762 litterarum
1660 2721 1918 2764 rudimentis
