2066 2956
521 214 643 252 )1‘·))
680 214 741 250 ¹)¹5

600 239 707 253 ...a-71..-

277 215 347 249 Die
368 215 426 253 15.,
446 214 505 253 17.

758 215 809 248 24.
828 220 864 249 ct
880 216 931 249 26.
949 215 1049 255 Maii.
1063 215 1139 248 -27,
1158 216 1191 248 S.
1210 215 1372 248 Jounnis
1393 215 1415 247 l.
1435 215 1524 257 I'ap.
1544 219 1579 248 ct
1599 215 1701 247 Mart.

1796 219 1861 255 33*

431 312 514 354 Die
532 313 592 353 15.
610 311 722 364 Maii.

256 382 298 423 S.
326 379 510 423 Isidori
533 380 751 429 Agricolae
777 382 895 422 Conf.

495 444 657 488 Duplex.

220 498 354 532 Omnia
384 504 424 533 ut
451 500 549 534 inter
574 502 667 535 festa
700 513 767 545 pro
794 504 987 546 aliquibus

166 547 263 580 locis
288 547 420 581 eadem
447 548 518 582 die.

431 633 516 674 Die
535 633 593 673 17.
612 632 736 687 Maii..

188 702 230 744 S.
255 700 465 743 Joannis
486 699 826 752 Nepomuceni
848 699 970 739 Mart.

498 763 660 806 Duplex.

222 816 357 851 Omnia
384 823 423 852 ut
449 819 545 853 inter
570 820 665 853 festa
698 831 767 863 pro
794 822 987 864 aliquibus

166 865 262 899 locis
288 866 349 900 die
379 867 425 900 lss.
452 867 539 906 Maii
567 868 591 901 l.
618 869 712 902 loco.

432 952 516 993 Die
535 952 593 993 21.
611 951 726 1003 Maji.

215 1022 258 1064 S.
278 1021 457 1063 Felicis
477 1031 508 1062 a
528 1019 805 1062 Cantalicio
826 1021 945 1061 Conf.

451 1084 709 1128 Semiduplex.
810 1130 818 1134 .

220 1139 356 1174 Omnia
381 1145 421 1174 ut
446 1141 544 1175 inter
572 1142 667 1175 festa
699 1152 768 1184 pro
795 1142 989 1185 aliquibus

166 1188 263 1222 locis
289 1189 423 1223 eadem
449 1189 520 1223 die.

433 1269 517 1311 Die
535 1269 599 1309 22.
618 1268 729 1320 Maji.

237 1339 280 1381 S.
304 1337 565 1380 Paschalis
588 1336 785 1387 Baylon
807 1337 926 1377 Conf.

407 1401 571 1444 Duplex.
592 1399 650 1442 (m.
668 1403 691 1434 t.
707 1400 755 1442 V.)

221 1455 357 1491 Omnia
382 1462 422 1492 ut
447 1458 485 1491 in
506 1457 706 1491 Breviario
731 1458 791 1491 die
819 1458 866 1491 17.
892 1459 990 1501 Maji.

432 1540 517 1582 Die
535 1540 599 1581 23.
619 1539 730 1590 Maji.
780 1552 782 1554 ’

192 1609 235 1651 S.
252 1608 283 1650 J
285 1608 463 1650 oannis
481 1607 724 1656 Baptistae
743 1606 804 1647 de
822 1605 966 1647 Rossi

439 1657 727 1699 Confessoris.

499 1723 663 1766 Duplex.

222 1778 359 1814 Omnia
390 1784 430 1814 ut
455 1780 554 1814 inter
578 1780 677 1814 festa
702 1790 772 1823 pro
798 1779 993 1822 aliquibus

167 1826 265 1862 locis
291 1827 425 1862 eadem
450 1828 522 1862 die.

431 1913 515 1954 Die
533 1914 599 1954 24.
618 1912 730 1965 Maji.

375 1982 427 2023 B.
450 1982 627 2024 Mariae
646 1981 784 2032 Virg.

470 2035 550 2076 sub
571 2036 697 2077 titulo

231 2093 491 2135 Auxilium
512 2093 925 2136 Christianorum.

426 2151 578 2195 Duplex
604 2154 737 2193 maius.

224 2206 359 2241 Omnia
390 2211 429 2242 ut
454 2209 552 2242 inter
576 2208 673 2242 festa
698 2218 767 2251 pro
798 2206 992 2249 aliquibus

168 2254 266 2288 loeis
291 2255 424 2289 eadem
449 2256 520 2290 die.

433 2341 517 2382 Die
535 2342 602 2382 26.
620 2341 731 2391 Maii.

295 2409 338 2450 S.
355 2409 578 2460 Philippi
594 2408 731 2449 Nerii
758 2406 878 2446 Conf.

208 2468 333 2508 almae
354 2467 484 2508 Urbis
504 2468 678 2507 Patroni
701 2466 954 2507 secundarii.

395 2527 548 2569 Duplex
571 2527 601 2560 2.
625 2527 771 2565 elassss.

223 2583 358 2617 Omnia
384 2588 424 2617 ut
449 2584 486 2617 in
509 2584 709 2619 Breviario
734 2584 867 2616 euclem
894 2583 966 2616 die.

223 2635 265 2669 In
289 2636 314 2670 I.
337 2636 371 2670 N
376 2642 535 2671 oeturno
560 2638 659 2670 Lect.
687 2637 827 2671 Beatus
850 2634 921 2670 vir.
947 2635 993 2668 de

172 2682 374 2718 Communi
398 2686 506 2720 Conf.
530 2696 606 2720 non
632 2685 740 2719 Pont.
764 2686 793 2718 2.
819 2685 915 2718 loeo.

199 2872 289 2903 Propr.
306 2879 352 2903 pro
370 2871 445 2896 Clero
460 2871 534 2895 Rom.
564 2871 628 2894 Pars
645 2870 736 2894 Verna.

1302 314 1386 355 Die
1403 314 1468 355 27.
1485 314 1598 366 Maji.

1110 382 1152 423 S.
1172 381 1380 423 Joannis
1397 381 1434 423 Ι.
1462 384 1590 435 Papae
1612 388 1652 423 et
1675 383 1795 423 Mart.

1375 450 1535 492 Duplex.

1096 500 1230 533 Omnia
1262 500 1307 533 dc
1332 500 1474 532 Corum.
1500 499 1612 531 unius
1639 497 1743 530 Mart.
1774 503 1863 530 tem—

1044 558 1135 597 pore
1163 549 1295 581 l’asch.
1323 553 1461 590 practer
1486 546 1695 588 sequentia.

1096 597 1237 629 Oratio.
1264 596 1376 636 Deus,
1401 593 1467 637 qui
1489 603 1570 628 nos.

1095 648 1144 681 In-
1171 649 1195 681 Ι,
1231 648 1424 681 Nocturno
1462 646 1659 679 {metium-s
1693 645 1737 677 dc
1768 643 1863 676 Seri-

1044 702 1154 738 pturu
1182 703 1413 729 mecum-ente.

1096 753 1137 785 Iu
1162 753 1272 786 Fcrlu
1300 753 1342 786 ll,
1370 758 1403 785 et
1430 751 1489 783 IV.
1520 750 1730 791 lx‘wgatimn..
1768 748 1863 780 [κεί.

1046 801 1076 834 A
1099 797 1242 832 Mileto.
1268 802 1312 834 dc
1340 800 1472 833 emnium
1500 799 1641 830 (mmm.
1671 798 1695 829 l.
1722 796 1816 828 locu.

1267 863 1314 900 In
1342 862 1391 899 Π.
1421 860 1642 898 Noeturno.

1344 926 1378 965 L
1384 925 1494 965 cutim
1516 924 1569 961 iv.

1055 998 1090 1035 ‹42›
1118 993 1143 1029 ,e
1157 985 1319 1024 oannes
1342 983 1552 1024 Etruscus
1578 982 1864 1023 Constantino

1049 1027 1150 1093 1553}
1173 1045 1296 1092 patre
1307 1039 1490 1090 genitus,
1505 1041 1638 1080 totius
1650 1038 1755 1079 cler1
1765 1051 1864 1079 eon

1068 1108 1091 1111 ·“
1173 1098 1319 1146 sensu,
1356 1096 1399 1136 in
1434 1095 1578 1136 locum
1614 1094 1865 1135 Hormisdae

1044 1153 1133 1194 vita
1169 1153 1320 1202 functi,
1366 1165 1419 1193 ex
1459 1151 1716 1204 presbytero
1753 1150 1867 1191 tituli

1043 1209 1312 1250 Pammachii
1331 1208 1595 1258 subrogatus
1614 1208 1705 1248 fuit.
1739 1207 1763 1247 J
1765 1209 1865 1248 usti-

1044 1278 1100 1306 no
1121 1266 1293 1307 senidre
1313 1265 1576 1317 imperatore
1595 1264 1707 1305 rexit
1720 1263 1866 1304 Eccle-

1044 1322 1168 1371 siam,
1195 1321 1251 1363 ad
1274 1334 1403 1373 quem
1426 1321 1650 1373 profectus
1670 1325 1738 1361 est
1758 1320 1866 1361 Con-

1044 1377 1387 1431 stantinepolim,
1408 1377 1555 1418 auxilii
1575 1389 1720 1426 causa,
1749 1375 1867 1428 quod

1043 1434 1346 1476 Theodoricus
1378 1447 1456 1475 rex
1486 1433 1718 1474 haereticus
1750 1431 1865 1473 dive-

1044 1491 1177 1532 xabat
1213 1491 1394 1533 Italiam.
1455 1491 1584 1541 Cujus
1621 1489 1750 1530 etiam
1784 1489 1866 1530 iter

1043 1548 1164 1589 Deus
1201 1547 1420 1588 miraculis
1456 1546 1700 1587 illustravit.
1753 1545 1866 1586 Nam

1046 1617 1144 1645 cum
1177 1604 1216 1645 ei
1247 1604 1405 1645 nobilis
1433 1603 1499 1644 vir
1527 1603 1583 1644 ad.
1611 1601 1866 1643 Corinthum

1046 1674 1222 1712 equum,
1256 1673 1343 1711 quo
1376 1660 1465 1710 ejus
1498 1672 1607 1700 uxor
1639 1659 1865 1699 mansueto

1044 1717 1264 1766 utebatur,
1309 1716 1474 1758 itineris
1510 1728 1640 1757 causa
1677 1727 1865 1756 commo-

1046 1774 1210 1815 dasset:
1227 1774 1391 1814 factum
1411 1779 1477 1814 est
1492 1777 1539 1813 ut
1554 1771 1732 1813 d6min0
1748 1773 1866 1823 pdst—

1046 1843 1097 1871 ea
1130 1832 1336 1871 remissus
1366 1841 1504 1881 equus
1532 1828 1592 1869 ita
1619 1828 1743 1869 ferox
1770 1829 1865 1869 eva-

1046 1885 1179 1935 deret,
1198 1892 1246 1928 ut
1265 1886 1439 1927 fremitu
1458 1890 1500 1926 et
1519 1887 1654 1926 totius
1670 1883 1866 1936 c6rporis

1045 1943 1279 1994 agitatione
1305 1955 1478 1994 semper
1501 1941 1708 1993 deinceps
1732 1939 1866 1981 domi-

1044 2012 1145 2040 nam
1171 1998 1404 2051 expulerit,
1429 2003 1652 2049 tamquam
1674 1995 1865 2046 indigna-

1044 2057 1163 2096 retur
1195 2055 1422 2096 mulierem
1451 2056 1663 2106 recipere,
1695 2065 1749 2094 ex
1777 2064 1865 2103 quo

1045 2111 1232 2154 sedisset
1262 2112 1306 2151 in
1339 2123 1391 2153 eo
1424 2111 1527 2152 Jesu
1555 2109 1714 2151 Christi
1738 2108 1865 2152 Vica-

1044 2169 1144 2209 rius.
1178 2167 1471 2218 Quamobrem
1493 2166 1555 2207 illi
1578 2178 1738 2218 equum
1754 2164 1865 2206 Pon-

1043 2214 1150 2266 tifiel
1170 2223 1451 2266 donaverunt.

1101 2284 1151 2334 R
1172 2281 1268 2322 Lux
1291 2282 1506 2333 perpetua
1523 2277 1687 2320 lucebit
1705 2277 1866 2319 sanctis

1044 2337 1130 2378 tuis
1156 2337 1354 2386 DOmine,
1383 2337 1404 2360 *
1428 2335 1485 2376 Et
1514 2334 1732 2376 aeternitas
1759 2334 1864 2374 tem-

1043 2405 1215 2444 porum,
1243 2391 1430 2443 alleluja,
1457 2390 1639 2441 alleluja.
1671 2383 1865 2435 Y.Laet1'-

1043 2449 1105 2490 tia
1142 2448 1404 2500 sempiterna
1441 2447 1523 2488 erit
1556 2458 1688 2498 super
1721 2445 1866 2497 capita

1045 2506 1212 2546 ebrum:
1235 2503 1443 2555 gaudium
1466 2508 1510 2544 et
1532 2501 1867 2546 exsultatidnem

1045 2559 1316 2601 obtinebunt.
1342 2559 1409 2600 Et.

1358 2620 1507 2660 Lectio
1529 2632 1564 2657 v.

1113 2678 1169 2720 ed
1186 2677 1294 2719 illud
1311 2678 1447 2729 maius
1461 2676 1728 2726 miraculum,
1747 2674 1865 2727 quod

1128 2733 1518 2786 Constantin6p01i‚
1531 2733 1575 2774 in
1590 2731 1710 2774 aditu
1723 2734 1864 2784 portae

1640 2853 1662 2887 3
