2028 2892
757 165 958 198 Dominiea
983 164 1031 197 ad
1058 164 1230 197 Primam.

203 262 344 312 Quam
367 260 450 301 nisi
476 260 660 312 quisque
684 262 898 310 integram
916 259 975 299 in-

150 317 446 368 violatemque
475 316 732 365 servaverit,
759 316 782 341 *
811 315 976 368 absque

151 372 287 415 dubio
306 373 350 413 in
371 374 582 414 aeternum
600 371 770 425 peribit.

202 428 334 471 Fides
363 433 508 470 autem
537 428 753 470 catholica
776 427 871 469 haec
896 432 976 469 est:

150 485 175 512 *
196 490 246 527 ut
272 498 407 526 unum
434 485 577 526 Deum
604 485 649 525 in
675 485 906 533 Trinitate,
934 488 977 525 et

151 542 412 583 Trinitatem
431 542 476 582 in
495 542 660 583 unitate
680 542 945 582 veneremur.

202 602 359 655 Neque
379 601 694 644 confundentes
713 604 939 655 personas,
954 602 978 627 *

150 672 294 712 neque
314 658 604 700 substantiam
623 660 887 712 separantes.

203 719 304 761 Alia
319 724 386 761 est
401 720 515 761 enim
526 721 716 772 persona
726 719 879 768 Patris,
895 718 979 760 elia

152 776 263 827 Filii,
282 777 306 803 *
326 776 411 817 alia
429 776 617 829 Spiritus
637 775 790 817 sancti:

204 832 292 875 Sed
318 833 477 882 Patris,
506 837 549 874 et
576 832 687 882 Filii,
722 837 765 874 et
793 831 979 884 Spiritus

154 889 294 931 sancti
316 902 403 930 una
426 894 493 930 est
517 888 736 938 divinitas,
755 889 778 913 *
798 887 979 940 aequalis

153 945 303 997 gloria,
323 947 543 987 coaeterna
560 946 774 997 majestas.

207 1002 358 1053 Qualis
376 1002 522 1052 Pater,
547 1001 647 1043 talis
666 1001 818 1051 Filius,
837 1002 860 1027 *
880 1000 980 1042 talis

154 1059 342 1112 Spiritus
362 1064 550 1100 sanctus.

206 1116 432 1157 Increetus
442 1115 584 1164 Pater,
599 1114 818 1156 increatus
834 1113 980 1162 Filius,

154 1172 178 1198 *
197 1172 418 1213 increatus
437 1171 624 1224 Spiritus
645 1176 831 1212 sanctus.

206 1233 451 1274 Immensus
479 1232 626 1281 Pater,
654 1232 891 1272 immensus
915 1231 982 1271 Fi-

155 1288 255 1339 lius,
273 1290 297 1315 *
320 1289 558 1330 immensus
581 1288 770 1341 Spiritus
795 1291 981 1328 sanctus.

207 1350 417 1392 AEternus
444 1350 591 1398 Pater,
619 1351 809 1390 aeternus
837 1348 982 1397 Filius,

154 1406 179 1432 *
198 1408 387 1448 aeternus
406 1405 592 1458 Spiritus
612 1410 798 1446 sanctus.

206 1466 264 1508 Et
286 1471 433 1508 tamen
455 1478 543 1507 non
566 1471 656 1507 tres
676 1465 842 1514 aeterni,
860 1465 884 1490 *
904 1463 982 1505 sed

156 1535 267 1564 unus
286 1524 487 1564 aeternus.

208 1582 328 1624 Sicut
346 1596 434 1624 non
457 1588 548 1624 tres
567 1582 764 1631 increati,
789 1594 869 1623 nec
892 1586 982 1622 tres

155 1639 372 1689 immensi,
394 1640 419 1665 *
444 1638 523 1680 sed
546 1652 657 1680 unus
681 1639 915 1687 increatus,
940 1642 983 1678 et

157 1709 269 1737 unus
288 1696 535 1737 immensus.

205 1756 983 1809 SimiliteromnipotensPater,omni-

158 1817 316 1866 potens
341 1812 491 1862 Filius,
510 1813 533 1838 *
553 1814 829 1865 omnipotens
853 1811 982 1864 Spiri-

157 1874 228 1911 tus
250 1873 437 1910 sanctus.

209 1930 267 1971 Et
281 1934 427 1971 tamen
443 1941 530 1971 non
544 1934 635 1970 tres
651 1928 983 1981 omnipotentes,

157 1986 181 2011 *
201 1985 281 2027 sed.
299 1999 410 2027 unus
431 1987 719 2038 omnipotens.

209 2047 278 2088 Ita
306 2047 427 2088 Deus
455 2047 602 2095 Pater,
633 2046 754 2086 Deus
782 2045 932 2094 Filius,
960 2045 983 2070 *

158 2102 280 2144 Deus
299 2103 485 2155 Spiritus
505 2107 691 2143 sanctus.

209 2163 267 2204 Et
306 2167 452 2204 tamen
488 2175 576 2204 non
612 2167 702 2203 tres
733 2161 818 2202 Dii:
850 2161 873 2187 *
905 2160 984 2202 sed

159 2232 270 2260 unus
290 2224 358 2260 est
376 2220 508 2260 Deus.

164 2325 177 2330 ‚
210 2280 278 2321 Ita
296 2280 511 2321 Deminus
525 2280 666 2328 Pater,
684 2278 897 2319 Deminus
917 2278 983 2318 Fi·

159 2334 252 2386 lius,
272 2336 295 2361 *
314 2336 528 2377 Dominus
547 2334 732 2388 Spiritus
752 2339 936 2375 sanctus.

210 2397 267 2438 Et
285 2402 431 2438 tamen
446 2409 534 2438 non
548 2401 638 2437 tres
653 2395 843 2436 Demini:
862 2395 885 2419 *
905 2393 984 2435 sed

158 2465 271 2499 unus
291 2458 358 2494 est
376 2453 600 2494 Dominus.

212 2514 341 2564 Quia,
391 2513 502 2554 sicut
547 2512 794 2563 singillatim
838 2523 983 2551 unam—

162 2571 381 2622 quamque
404 2571 639 2622 persenam
662 2569 804 2609 Deum
828 2579 878 2607 ac
897 2566 983 2607 Do-

160 2625 324 2667 minum
343 2625 540 2667 confiteri
555 2624 788 2666 christiana
802 2622 984 2663 veritate

163 2681 478 2734 compellimur:
505 2682 528 2707 *
555 2681 616 2722 ita
646 2685 736 2721 tres
763 2679 883 2719 Deos
911 2682 985 2719 aut

1027 257 1242 298 Dominos
1258 257 1403 299 dicere
1418 257 1631 299 cathelica
1643 257 1849 308 religione

1029 313 1321 366 prohibemur.

1079 375 1210 416 Pater
1237 388 1262 415 a
1289 375 1407 416 nullo
1441 380 1507 416 est
1538 375 1691 416 factus:
1719 375 1742 399 *
1770 387 1849 415 nec

1029 432 1212 481 creatus,
1231 444 1311 473 nec
1329 431 1509 482 genitus.

1081 492 1214 533 Filius
1235 505 1260 533 a
1277 493 1406 533 Patre
1426 491 1521 533 solo
1547 496 1626 533 est:
1644 493 1667 517 *
1686 504 1773 532 non
1792 491 1848 531 fa-

1030 553 1136 598 ctus,
1155 562 1235 590 nec
1255 551 1437 598 creatus,
1458 547 1535 589 sed
1554 548 1732 598 genitus.

1082 610 1267 662 Spiritus
1288 615 1463 651 sanctus
1483 622 1507 649 a
1521 609 1649 650 Patre
1670 614 1712 649 et
1726 607 1848 648 Filio:

1030 666 1054 691 *
1073 679 1160 707 non
1179 666 1334 715 factus,
1362 679 1442 707 nec
1466 667 1651 714 creatus,
1678 677 1758 705 nec
1781 666 1850 714 ge-

1030 722 1156 772 nitus,
1177 722 1255 764 sed
1273 721 1526 775 procedens.

1083 783 1204 825 Unus
1220 795 1323 834 ergo
1334 783 1474 831 Pater,
1489 794 1576 823 non
1586 786 1675 822 tres
1685 781 1850 821 Patres:

1031 852 1142 880 unus
1166 839 1316 888 Filius,
1344 851 1429 880 non
1453 843 1542 879 tres
1567 837 1675 878 Filii:
1694 838 1717 862 *
1741 849 1850 877 unus

1032 896 1216 948 Spiritus
1237 900 1427 944 sanctus,
1450 907 1537 935 non
1559 899 1648 935 tres
1668 893 1851 945 Spiritus

1034 953 1181 993 sancti.

1084 1013 1140 1054 Et
1171 1013 1214 1053 in
1245 1012 1327 1054 hac
1354 1011 1566 1052 Trinitate
1598 1010 1701 1051 nihil
1732 1010 1851 1062 prius

1033 1074 1108 1111 aut
1135 1069 1368 1122 posterius,
1395 1067 1499 1108 nihil
1523 1068 1658 1118 majus
1684 1071 1756 1107 aut
1779 1066 1852 1106 mi-

1033 1139 1129 1167 nus:
1153 1126 1176 1151 *
1202 1125 1280 1167 sed
1306 1130 1411 1166 totae
1440 1130 1529 1165 tres
1556 1125 1756 1176 personae
1785 1134 1853 1163 co-

1034 1185 1210 1224 aeternae
1230 1181 1312 1223 sibi
1332 1186 1431 1222 sunt
1450 1186 1493 1221 et
1512 1178 1768 1231 coaequales.

1085 1244 1153 1284 Ita
1171 1248 1219 1284 ut
1233 1255 1311 1295 per
1328 1242 1481 1290 emnia,
1503 1241 1612 1281 sicut
1626 1241 1709 1291 jam
1725 1251 1854 1291 supra

1035 1299 1199 1341 dictum
1218 1304 1294 1348 est,
1309 1299 1332 1324 *
1349 1303 1391 1339 et
1410 1298 1551 1338 unitas
1570 1297 1613 1336 in
1632 1295 1853 1343 Trinitate,

1036 1361 1079 1397 et
1098 1356 1288 1397 Trinitas
1303 1355 1345 1395 in
1356 1354 1520 1395 unitate
1531 1351 1776 1394 veneranda
1790 1351 1854 1391 sit.

1087 1417 1169 1466 Qui
1194 1415 1285 1456 vult
1310 1427 1413 1465 ergo
1439 1414 1583 1454 salvus
1614 1425 1724 1460 esse,
1749 1412 1771 1436 *
1795 1412 1854 1451 ita

1035 1473 1089 1514 de
1109 1473 1322 1513 Trinitate
1343 1471 1509 1511 sentiat.

1085 1532 1172 1575 Sed
1187 1531 1481 1574 necessarium
1497 1534 1563 1571 est
1578 1528 1633 1570 ad
1649 1530 1853 1569 aeternam

1036 1590 1234 1638 salutem,
1258 1590 1281 1614 *
1309 1586 1726 1629 ut-Incarnationem
1752 1596 1852 1636 quo-

1037 1659 1120 1699 que
1140 1645 1315 1687 Domini
1338 1643 1476 1685 nostri
1500 1643 1523 1683 J
1527 1655 1603 1683 esu
1628 1641 1785 1682 Christi
1809 1640 1853 1679 fi-

1036 1702 1190 1744 deliter
1210 1700 1369 1743 credat.

1086 1763 1167 1804 Est
1195 1774 1299 1813 ergo
1327 1760 1437 1802 fides
1465 1763 1598 1807 recta,
1635 1762 1682 1798 ut
1709 1755 1854 1797 creda-

1035 1832 1132 1860 mus
1157 1824 1200 1860 et
1225 1818 1524 1864 confiteamur,
1543 1815 1567 1840 *
1587 1813 1686 1866 quia
1709 1812 1854 1853 Domi-

1035 1889 1116 1916 nus
1140 1880 1288 1916 noster
1311 1874 1336 1914 J
1339 1886 1438 1914 esus
1465 1871 1659 1913 Christus
1683 1869 1765 1909 Dei
1789 1868 1854 1908 Fi-

1035 1932 1129 1981 lius,
1147 1932 1267 1972 Deus
1288 1935 1331 1971 et
1349 1929 1481 1970 homo
1502 1931 1578 1969 est.

1087 1992 1208 2033 Deus
1245 1995 1311 2032 est
1347 2002 1401 2031 ex
1438 1985 1679 2029 substantia
1713 1982 1853 2024 Patris

1037 2053 1136 2089 ante
1174 2046 1333 2088 saecula
1368 2044 1552 2095 genitus:
1587 2043 1610 2067 *
1648 2045 1690 2082 et
1724 2040 1853 2080 homo

1037 2109 1104 2146 est
1128 2117 1182 2145 ex
1206 2101 1447 2144 substantia
1465 2099 1614 2140 matris
1633 2097 1675 2137 in
1694 2094 1853 2136 saeculo
1916 2143 1919 2145 ,

1035 2165 1173 2201 natus.

1087 2220 1310 2262 Perfectus
1324 2219 1455 2265 Deus,
1474 2215 1690 2268 perfectus
1708 2212 1853 2253 homo:

1036 2278 1059 2302 *
1092 2289 1145 2318 ex
1179 2276 1320 2316 anima
1352 2271 1562 2319 rationali,
1595 2274 1638 2310 et
1668 2268 1854 2309 humana

1038 2346 1165 2374 carne
1187 2331 1436 2373 subsistens.

1088 2392 1288 2445 AEqualis
1306 2389 1424 2432 Patri
1447 2384 1683 2428 secundum
1707 2382 1854 2425 divini-

1037 2452 1186 2491 tatem:
1221 2449 1244 2473 *
1279 2447 1418 2487 minor
1452 2443 1580 2483 Patre
1617 2438 1854 2481 secundum

1036 2504 1356 2546 humanitatem.

1090 2561 1182 2611 Qui,
1196 2560 1297 2600 licet
1310 2558 1429 2598 Deus
1445 2554 1500 2595 sit
1515 2558 1558 2594 et
1572 2552 1714 2600 homo,
1729 2552 1752 2576 *
1766 2562 1853 2591 non

1014 2621 1017 2625 '
1038 2617 1124 2658 duo
1143 2621 1301 2661 tamen,
1326 2610 1404 2652 sed
1428 2622 1537 2651 unus
1562 2613 1628 2650 est
1648 2607 1852 2648 Christus.

1087 2677 1208 2718 Unus
1253 2677 1396 2714 autem
1440 2683 1527 2711 non
1571 2666 1852 2709 conversi6ne
