2066 2904
202 164 275 208 [48]

505 254 656 294 Lectio
687 254 739 294 ix.

285 328 342 367 go
377 328 489 364 sum,
519 314 677 367 inquit,
709 314 812 356 vitis
844 326 961 355 vera:
991 318 1036 354 et

298 372 430 414 Pater
448 384 570 414 meus
585 371 778 422 agricola
798 376 873 413 est.
902 370 1034 411 Num—

204 428 309 481 quid
334 442 468 470 unum
495 433 596 470 sunt
622 428 816 480 agricola
843 433 887 469 et
910 425 1034 468 vitis?

203 485 454 527 Secundum
472 485 558 527 hoe
578 498 683 536 ergo
702 485 804 527 vitis
824 483 1035 532 Christus,

204 541 444 584 secundum
478 542 598 594 quod
630 543 706 583 ait:
738 542 870 583 Pater
897 540 1035 592 major

202 612 273 641 me
292 604 370 640 est.
397 598 647 640 Secundum
668 603 815 640 autem
836 597 893 647 id,
914 595 1035 648 quod

203 656 279 697 ait:
318 656 431 706 Ego,
470 660 514 697 et
541 656 672 697 Pater
704 668 839 696 unum
868 666 1035 703 sumus3

204 717 247 754 et
267 712 362 765 ipse
382 712 574 764 agricola
595 716 675 754 est:
697 724 778 753 nec
798 710 910 760 talis,
932 723 1033 762 qua-

203 769 268 810 les
288 774 400 819 sunt,
423 768 497 821 qui
517 770 789 810 extrinsecus
808 765 1035 820 operando

205 825 413 867 exhibent
431 825 736 875 ministerium3
756 823 836 866 sed
854 823 968 873 talis,
986 827 1035 864 ut

204 882 280 924 det
317 882 450 923 etiam
491 882 754 923 intrinsecus
795 881 1035 922 incremen-

202 944 306 980 tum.
349 939 463 980 Nam
495 951 638 991 neque
667 938 742 990 qui
769 937 943 990 plantat
969 941 1036 978 est

205 994 389 1047 aliquid,
417 1007 560 1048 neque
586 995 660 1047 qui
679 995 808 1045 rigat:
836 993 931 1044 sed,
961 993 1036 1046 qui

204 1053 522 1093 incrementum
547 1051 638 1101 dat,
666 1051 800 1093 Deus.
841 1050 929 1092 Sed
954 1050 1035 1091 uti-

206 1122 290 1161 que
309 1109 430 1150 Deus
456 1113 523 1150 est
548 1108 763 1158 Christus,
793 1107 895 1160 quia
913 1107 1035 1148 Deus

206 1170 299 1207 erat
317 1165 530 1206 Verbum:
558 1164 675 1206 unde
699 1165 812 1217 ipse,
841 1168 885 1205 et
903 1163 1036 1205 Pater

205 1235 339 1263 unum
358 1226 474 1262 sunt:
498 1226 556 1272 et,
580 1222 617 1263 si
636 1220 835 1263 Verbum
853 1232 956 1275 caro
978 1219 1036 1260 fa-

206 1283 325 1320 ctum
359 1283 441 1328 est,
472 1277 593 1331 quod
626 1290 714 1319 non
747 1282 856 1327 erat,
888 1281 1036 1317 manet

207 1334 327 1388 quod
351 1339 456 1376 erat.

258 1391 322 1433 Te
340 1391 484 1432 Deum
502 1390 743 1432 laudamus.
762 1392 821 1432 15.

469 1455 548 1496 Ad
573 1456 771 1498 Laudes

412 1514 460 1542 et
500 1519 596 1551 per
632 1509 826 1543 Horas.

260 1563 355 1601 Ant.
377 1563 405 1601 1.
434 1562 581 1603 Sancti
607 1562 671 1603 tui
695 1561 886 1603 D6mine
909 1562 932 1587 *
958 1561 1033 1602 flo-

207 1619 365 1660 re'bunt
386 1619 498 1660 sicut
517 1618 670 1668 lilium,
690 1618 875 1671 alleluja:
895 1623 939 1660 et
958 1618 1037 1659 sic-

207 1680 255 1717 ut
279 1675 391 1717 odor
414 1675 599 1717 balsami
624 1679 751 1717 erunt
771 1679 872 1716 ante
892 1679 951 1726 te,
980 1674 1037 1716 al-

207 1731 347 1785 leluja.

262 1788 414 1828 Psalm.
444 1788 657 1829 D6minus
679 1787 889 1838 regnavit.
913 1788 973 1829 16.

259 1846 294 1884 2.
317 1845 364 1884 ln
384 1844 639 1886 coelestibus
660 1844 805 1895 regnis
823 1844 847 1870 *
868 1846 1037 1885 sancte-

207 1913 305 1941 rum
334 1900 547 1942 habitatio
578 1905 660 1950 est,
695 1900 881 1951 alleluja:
921 1904 965 1941 et
994 1900 1037 1941 in

208 1958 421 1998 aeternum
439 1957 614 2009 requies
635 1959 798 2007 e6rum,
818 1955 1001 2009 alleluja.

259 2014 294 2053 3.
343 2015 390 2054 ln
435 2013 681 2055 velamento
725 2014 749 2040 *
791 2012 1038 2055 clamabant

208 2070 348 2111 saneti
380 2070 443 2111 tui
472 2070 677 2120 D6mine‚
714 2069 901 2121 alleluja,
939 2069 1037 2112 alle-

207 2126 304 2179 luja,
329 2126 511 2179 alleluja.

259 2185 296 2222 4.
325 2182 511 2236 Spiritus
535 2187 580 2224 et
604 2182 761 2224 einimae
781 2184 805 2209 *
825 2184 1037 2235 justerum

209 2238 416 2291 hymnum
447 2239 580 2281 dieite
608 2239 705 2281 Deo
732 2245 903 2291 nostro,
938 2241 1037 2282 alle-

209 2295 306 2347 luja,
329 2295 512 2348 alleluia.

260 2353 297 2391 5.
324 2352 572 2403 Fulgebunt
597 2352 698 2405 justi
716 2352 740 2378 *
761 2352 874 2394 sicut
900 2353 967 2395 sol
994 2354 1037 2394 in

211 2410 451 2461 conspeetu
471 2409 564 2459 Dei,
585 2408 768 2461 alleluja.

313 2465 573 2516 Capitulum.
775 2465 874 2516 Sap.
894 2465 931 2503 5.

282 2519 436 2562 tabunt
462 2522 562 2574 justi
588 2523 631 2563 in
654 2534 812 2573 magna
839 2525 1038 2564 constan-

299 2576 360 2617 tia
384 2577 594 2620 adversus
619 2592 712 2629 eos,
738 2578 812 2631 qui
835 2591 883 2620 se
909 2591 1039 2631 angu-

213 2632 464 2700 stiaverunt,
484 2640 527 2676 et
543 2636 616 2687 qui
633 2635 907 2677 abstulerunt
921 2635 1039 2677 labo-

212 2701 283 2730 res
303 2701 465 2731 eorum.

632 159 843 191 Commune
872 158 1079 199 Martyrum
1107 163 1277 201 tempore
1302 158 1492 192 Paschali.

1290 253 1372 293 Pro
1402 266 1487 293 uno
1518 253 1720 304 Martyre.

1401 324 1610 374 Hymnus.

1190 392 1336 432 nvicte
1355 390 1534 442 Martyr,
1553 389 1730 431 unicum

1216 447 1361 488 Patris
1381 450 1559 488 secutus
1578 446 1750 494 Filium,

1191 503 1334 545 Victis
1354 502 1601 556 triumphas
1619 501 1837 550 hestibus‚

1191 559 1349 602 Victor
1368 559 1517 601 fruens
1537 557 1807 601 coelestibus.

1141 627 1223 670 Tui
1242 631 1449 682 precatus
1468 631 1650 671 munere

1190 685 1406 727 Nostrum
1423 687 1595 727 rezitum
1615 684 1743 735 dilue,

1191 742 1363 784 Arcens
1382 742 1487 784 mali
1506 742 1770 793 contagium,

1191 799 1310 840 Vitae
1329 798 1550 852 repellens
1570 798 1765 840 taedium.

1140 869 1294 911 Soluta
1314 874 1417 910 sunt
1434 869 1519 922 jam
1538 868 1713 911 vincula

1191 925 1277 966 Tui
1298 925 1458 967 sacrati
1477 925 1694 978 c6rp0ris:

1191 981 1285 1023 Nos
1307 982 1427 1024 solve
1447 981 1601 1023 vinclis
1621 980 1782 1030 saeculi,

1192 1039 1324 1080 Dono
1345 1039 1524 1092 superni
1543 1037 1758 1079 Numinis.

1143 1112 1237 1153 Deo
1258 1112 1379 1154 Patri
1398 1112 1456 1153 sit
1474 1111 1626 1162 gleria‚

1192 1169 1250 1209 Et
1268 1168 1392 1218 Filio,
1413 1169 1487 1220 qui
1507 1181 1533 1209 a
1551 1167 1737 1209 mertuis

1192 1225 1402 1275 Surrexit,
1423 1237 1475 1266 ac
1492 1224 1726 1274 Paraelito,

1192 1282 1244 1322 In
1267 1281 1535 1334 sempiterna
1559 1280 1732 1323 saecula.
1766 1280 1921 1321 Amen.

1195 1366 1278 1406 Pro
1306 1365 1507 1417 pluribus
1536 1366 1814 1418 Martyribus.

1402 1435 1614 1486 Hymnus.

1232 1517 1287 1546 ex
1305 1504 1497 1556 gloriose
1517 1503 1770 1556 Mertyrum,

1247 1561 1423 1603 Corc'ma
1442 1561 1752 1610 confitentium,

1195 1619 1281 1669 Qui
1299 1619 1557 1671 respuentes
1576 1619 1721 1659 terrea

1194 1674 1407 1716 Perdueis
1426 1673 1483 1716 ad
1502 1674 1717 1716 coelestia:

1146 1747 1310 1787 Aurem
1328 1745 1563 1796 benignam
1581 1744 1782 1798 prdtinus

1194 1801 1380 1843 Intende
1398 1801 1560 1843 nostris
1579 1799 1779 1842 v6cibus:

1193 1858 1417 1911 Trophaea
1435 1870 1561 1900 sacra
1579 1857 1827 1911 pangimus:

1194 1915 1381 1965 Igndsce
1402 1914 1522 1968 quod
1545 1913 1820 1967 deliquimus,

1141 1985 1209 2026 Tu
1228 1985 1367 2026 vineis
1386 1985 1499 2027 inter
1518 1984 1747 2037 Martyres,

1194 2042 1435 2094 Parcisque
1454 2040 1806 2083 Confessdribus:

1195 2098 1265 2139 Tu
1283 2098 1411 2140 vince
1430 2102 1583 2140 nostra
1603 2097 1794 2148 cnfflna,

1194 2154 1398 2207 Largitor
1417 2153 1712 2206 indulgentiae.

1143 2226 1240 2266 Deo
1260 2224 1380 2266 Patri
1400 2224 1458 2266 sit
1475 2223 1628 2276 g16ria,

1195 2281 1252 2322 Et
1270 2280 1394 2330 Filio,
1416 2281 1491 2333 qui
1510 2294 1537 2322 a
1555 2280 1741 2322 mortuis

1195 2337 1403 2387 Surrexit,
1422 2349 1475 2379 ae
1492 2337 1726 2387 Paraclito⁷

1196 2394 1247 2434 In
1272 2393 1540 2446 sempiterna
1559 2393 1733 2435 saecula.
1769 2393 1924 2434 Amen.

1145 2454 1193 2505 V.
1234 2457 1435 2500 Preti6sa
1472 2458 1517 2498 in
1549 2459 1794 2511 conspectu
1826 2458 1923 2507 Dfii,

1093 2514 1204 2557 allel.
1226 2515 1276 2567 R.
1291 2514 1413 2556 Mors
1429 2516 1683 2556 sanetdrum
1699 2514 1801 2567 ejus,
1811 2513 1924 2556 allel.

1144 2580 1211 2621 Ad
1250 2579 1410 2621 Bened.
1452 2579 1551 2619 Ant.
1597 2578 1721 2621 Fssiae
1751 2579 1776 2620 J
1779 2582 1924 2621 enisa-

1093 2636 1195 2686 lem⁷
1222 2637 1246 2662 *
1273 2638 1419 2677 venite
1455 2641 1498 2677 et
1529 2635 1676 2677 videte
1706 2635 1924 2689 Martyres

1094 2706 1193 2734 cum
1213 2692 1399 2743 confinis,
1420 2691 1580 2745 quibus
1599 2693 1828 2734 coronavit
1847 2704 1939 2735 eos·
