2066 2956
613 195 789 229 Officium
814 196 990 230 votivum
1015 196 1062 230 de
1087 196 1238 230 Sanctis
1265 198 1436 239 Angelis.

221 291 258 330 5.
289 287 459 339 Angeli,
484 287 766 339 Archangeli,
785 288 810 314 *
833 287 1002 330 Throni

171 347 214 385 et
250 343 599 394 Dominatienes,
640 343 918 396 Principatus
957 348 1001 385 et

167 399 429 449 PotestateS,
448 399 647 441 Virtutes
667 399 892 449 coelerum,
910 399 998 441 lau-

169 454 272 497 date
290 455 530 497 Dominum
549 455 604 498 de
624 455 759 505 coeliS,
779 455 962 507 alleluja.

247 528 507 580 Capitulum.
651 529 863 569 1·]x0c1.2:3.
882 528 920 568 d.

249 597 326 627 cce
354 598 437 637 ego
465 586 636 628 mittam
664 585 883 638 Angelum
913 599 1000 628 me-

266 655 356 692 um,
377 643 451 694 qui
469 643 695 695 praecedat
713 648 773 693 te,
793 647 838 684 et
857 646 1000 685 custo-

169 695 290 739 diat
278 711 322 738 1n
340 698 427 748 via,
454 704 498 741 et
518 698 803 741 introducat'
792 712 836 739 1n
855 699 1002 740 locum

170 766 302 806 quem
319 755 485 807 paravi.
514 755 714 798 Observa
734 768 845 805 eum,
866 760 910 797 et
930 768 1000 796 au-

169 807 214 850 di
232 822 391 852 vocem
410 811 512 862 ejus

483 881 551 931 ΙΙ)
555 870 692 920 mnus.

250 938 403 991 hriste,
427 942 680 983 sanctorum
704 941 839 983 decus
858 942 1002 993 Ange-

223 1051 377 1094 Gentis
402 997 751 1095 humzinlssensator
769 1058 815 1095 et
833 1052 1000 1095 redem-

224 1165 431 1208 Cc'elitum
449 1115 595 1208 ηὲὶξῗέ
597 1165 763 1208 tribuas
782 1166 936 1208 beatas

378 1221 599 1264 Scandere
619 1222 760 1264 sedes

171 1290 366 1343 Angelus
385 1291 508 1344 pacis
526 1291 744 1333 Michael'
733 1305 778 1332 1n
796 1290 917 1334 aedes

222 1347 406 1389 Co'elitus
426 1353 600 1390 nostras
619 1348 776 1399 veniat,
796 1350 964 1390 serenae

222 1403 392 1445 Auctor
410 1408 459 1445 ut
477 1404 600 1456 pacis
621 1403 854 1446 lacrimosa
872 1404 917 1445 in
936 1416 1002 1445 or-

378 1472 699 1570 Bellgli‘ffieget.

171 1589 367 1640 Angelus
385 1590 510 1632 fortis
530 1590 722 1641 Gabriel,
741 1596 790 1633 ut
807 1591 960 1634 hostes

223 1645 365 1687 Pellat
384 1648 601 1698 antiquos
621 1652 665 1689 et
684 1649 825 1689 amica
844 1648 971 1698 coelo,

224 1702 334 1752 Quae
352 1702 647 1755 triumphator
666 1704 820 1746 statuit
838 1717 919 1756 per
936 1717 1002 1746 or-

379 1758 762 1867 Temz‘iffl'revisat.

173 1886 368 1938 Angelus
387 1891 553 1929 nostrae
572 1887 770 1929 medicus
790 1888 954 1938 salutis,

224 1943 356 1985 Adsit
375 1956 398 1985 e
419 1943 533 1985 coelo
552 1942 764 1996 RaphaeL
784 1948 832 1986 ut
851 1957 1004 1986 omnes

225 1999 358 2042 Sanet
376 2001 583 2051 aegrotos
603 1999 851 2052 dubiesque
869 2000 973 2043 vitae

380 2055 552 2106 Dirigat
571 2061 706 2098 actus.

172 2128 310 2179 Virgo
325 2127 415 2170 dux
428 2129 561 2180 pacis,
576 2129 866 2181 Genitrixque
881 2129 1001 2181 lucis,

225 2184 283 2226 Et
310 2196 434 2226 sacer
465 2184 595 2226 nobis
625 2185 786 2227 chorus
813 2185 1004 2236 Angele-

225 2296 409 2348 Semper
427 2252 614 2360 asgigsilat,
634 2296 763 2338 simul
783 2302 827 2339 et
844 2298 1004 2339 mican-

382 2356 653 2459 Regitzliscoeli.

176 2479 364 2518 Praestet
381 2475 468 2518 hoc
486 2477 614 2518 nobis
633 2477 787 2519 Deitas
806 2476 936 2518 beata

225 2532 380 2583 Patris,
399 2546 451 2575 ac
465 2533 580 2583 Nati,
599 2534 850 2586 pariterque
868 2534 1007 2574 sancti

228 2587 432 2640 Spiritus,
473 2590 596 2641 cujus
631 2590 808 2630 resonat
845 2601 926 2640 per
962 2601 1006 2630 o-

486 2657 633 2686 mnem

385 2699 539 2741 Gleria
556 2699 780 2741 mundum.
827 2700 980 2741 Amen.
1003 2721 1006 2725 ·

331 2838 396 2863 Pars
411 2839 505 2865 Vema.

1795 193 1886 238 [225]

1107 284 1158 337 V.
1170 290 1221 330 In
1237 291 1479 342 conspectu
1493 290 1766 341 Angelerum
1780 290 1887 343 psal-

1054 345 1142 386 lam
1166 345 1247 387 tibi
1272 346 1393 387 Deus
1418 359 1554 388 meus.
1600 349 1647 397 Rg.
1673 345 1887 388 Adorabo

1055 400 1112 443 ad
1125 401 1340 454 templum
1355 407 1557 444 sanctum
1571 407 1705 452 tuum,
1726 407 1770 444 et
1785 415 1885 444 con-

1055 457 1215 499 fitebor
1233 458 1399 499 nemini
1417 463 1505 500 tuo.

1112 516 1176 554 Ad
1218 515 1373 554 Heneti.
1424 516 1518 554 Ant.
1573 515 1778 566 Angelus,
1813 515 1888 567 qui

1054 569 1320 622 loquebatur
1337 570 1362 597 *
1381 571 1424 611 in
1444 583 1530 621 me,
1555 571 1784 612 suscitavit
1806 584 1888 620 me,

1056 626 1181 678 quasi
1214 627 1356 668 virum
1390 627 1464 679 qui
1497 627 1734 669 suscitatur
1767 640 1792 668 a
1821 640 1887 669 so-

1055 695 1158 724 mnO
1178 695 1269 724 SUO.

1403 737 1565 775 Oratio.

1058 791 1238 895 Deus,
1273 791 1348 843 qui
1375 791 1487 833 miro
1516 792 1671 834 erdine
1699 792 1888 843 Angele-

1155 860 1252 888 rum
1281 848 1539 898 ministeria,
1573 848 1888 901 hominumque

1056 903 1302 956 dispensas:
1324 905 1520 947 concede
1538 906 1772 958 propitius;
1796 910 1845 947 ut
1865 919 1890 947 a

1057 959 1215 1012 quibus
1238 960 1318 1002 tibi
1341 961 1689 1003 ministrantibus
1708 962 1753 1002 in
1773 962 1888 1003 coelo

1056 1029 1231 1069 semper
1258 1017 1495 1067 assistitur,
1528 1017 1583 1059 ab
1608 1018 1677 1059 his
1704 1018 1749 1058 in
1773 1023 1890 1060 terra

1056 1073 1146 1114 vita
1164 1077 1316 1114 nostra
1334 1074 1565 1115 muniatur.
1593 1074 1678 1116 Per
1696 1075 1824 1115 Dfim.

1329 1147 1397 1183 Ad
1420 1147 1623 1184 Tertiam.

1108 1202 1207 1242 Ant.
1244 1199 1423 1250 Angelis
1449 1199 1550 1241 suis.

1109 1258 1247 1309 Capit.
1276 1258 1392 1298 Eece
1412 1269 1507 1307 ego.
1538 1263 1583 1297 ut
1602 1270 1745 1308 supra.

1109 1319 1158 1369 Rg.
1192 1318 1252 1357 br.
1299 1317 1429 1360 Stetit
1465 1318 1660 1370 Angelus
1698 1320 1718 1341 ¹*
1759 1320 1890 1361 Juxta

1057 1385 1178 1414 aram
1213 1373 1378 1425 templi.
1423 1375 1563 1416 Stetit.
1623 1370 1670 1418 Y.
1708 1375 1890 1417 Habens

1055 1428 1325 1470 thuribulum
1358 1433 1539 1472 aureum
1571 1431 1614 1471 in
1642 1444 1774 1472 manu
1801 1445 1889 1473 sua.

1056 1485 1199 1526 Juxta.
1229 1485 1383 1527 (lleria
1400 1486 1531 1528 Patri.
1558 1487 1699 1529 Stetit.

1109 1540 1157 1590 δ”.
1183 1540 1397 1583 Ascendit
1416 1542 1559 1584 fumus
1580 1545 1826 1585 aromatum
1845 1544 1889 1584 in

1057 1599 1301 1650 conspectu
1331 1598 1520 1640 Demini.
1575 1601 1622 1649 Ιςι.
1657 1599 1725 1641 De
1757 1613 1890 1641 manu

1056 1653 1227 1705 Angeli.

1247 1717 1468 1766 Tempore
1493 1714 1699 1753 l'aschali.

1110 1774 1158 1825 R.
1180 1774 1241 1814 br.
1264 1773 1396 1815 Stetit
1414 1773 1611 1825 Angelus
1630 1775 1750 1826 juxta
1769 1787 1890 1816 aram

1057 1828 1228 1881 templi,
1252 1833 1273 1855 *
1300 1829 1502 1882 Alleluja,
1524 1830 1708 1883 alleluja.
1749 1831 1890 1872 Stetit.

1056 1884 1106 1932 V.
1135 1884 1316 1926 Habens
1343 1885 1615 1928 thuribulum
1639 1890 1821 1928 auteum
1846 1888 1890 1927 in

1056 1954 1188 1982 manu
1207 1954 1296 1982 sua.
1330 1942 1533 1994 Alleluja,
1561 1943 1743 1995 alleluja.
1785 1943 1883 1984 (ile-

1057 1998 1123 2038 ria
1140 1997 1271 2039 Patri.
1297 1998 1439 2040 Stetit.

1109 2050 1159 2099 V.
1206 2053 1422 2096 Ascendit
1463 2055 1607 2096 fumus
1643 2058 1890 2096 arematum

1057 2109 1102 2150 in
1112 2111 1353 2162 conspectu
1362 2110 1552 2160 Demini,
1563 2110 1745 2163 alleluia.
1763 2110 1810 2159 lx}-
1820 2111 1890 2152 De

1057 2179 1190 2207 manu
1207 2166 1377 2217 Angeli,
1396 2166 1578 2218 alleluja.

1337 2239 1404 2275 Ad
1427 2239 1614 2276 Sextam.

1112 2296 1212 2334 Ant.
1240 2295 1400 2346 Angeli
1418 2297 1581 2337 cerum.

1162 2362 1422 2413 Capitulum.
1540 2363 1676 2413 Apoc.
1694 2365 1730 2401 5.
1750 2379 1782 2403 c.

1058 2418 1255 2525 Aidivi
1273 2435 1428 2465 vocem
1443 2424 1715 2475 Angelerum
1733 2426 1888 2468 multe-

1170 2493 1267 2520 rum
1284 2480 1327 2520 in
1348 2480 1534 2521 circuitu
1552 2480 1717 2531 throni,
1737 2486 1782 2523 et
1801 2483 1887 2524 ani-

1058 2535 1258 2584 malium,
1284 2540 1328 2577 et
1353 2536 1590 2577 senierum:
1625 2542 1668 2579 et
1694 2543 1788 2579 erat
1813 2542 1888 2580 nu-

1058 2603 1204 2631 merus
1224 2593 1376 2632 eerum
1399 2591 1535 2633 millia
1552 2593 1750 2644 millium,
1778 2607 1888 2636 voce

1058 2659 1216 2697 magna
1249 2646 1500 2688 dicentium:
1533 2648 1659 2690 Salus
1686 2650 1785 2692 Deo
1812 2663 1887 2691 no-

1059 2706 1163 2743 stro.
