2066 2904
740 139 951 174 Commune
976 150 1053 174 non
1077 140 1290 182 virginum.

218 240 326 280 Haec
347 243 500 280 sancto
519 239 669 279 amere
689 237 847 286 saucia,

266 295 385 336 Dum
403 294 555 336 mundi
572 295 770 335 amerem
787 294 967 335 nexium

266 351 508 400 Horrescit,
529 350 586 391 ad
605 349 804 391 eoelestia

266 407 356 448 Iter
373 406 544 460 peregit
563 406 759 448 arduum.

212 476 400 517 Carnem
420 475 604 517 domans
623 475 800 527 jejuniis,

265 531 484 584 Dulcique
503 536 696 573 mentem
714 530 879 583 pabulo

268 588 489 630 Oratienis
509 588 715 638 nutriens,

268 644 379 686 Coeli
396 646 564 697 potitur
582 643 763 695 gaudiis.

218 714 312 754 Rex
332 713 502 755 Christe
520 713 659 754 virtus
679 712 867 761 senium,

268 770 352 820 Qui
370 782 529 820 magna
550 769 670 810 solus
690 768 837 818 efficis,

267 826 407 878 Hujus
426 827 623 878 precatu,
643 827 906 877 quaesumus,

267 882 385 923 Audi
404 882 618 933 benignus
638 881 871 934 supplices.

212 951 311 993 Deo
329 951 451 992 Patri
469 951 525 992 sit
542 950 692 1001 gleria,

265 1007 458 1059 Eiusque
478 1006 561 1048 soli
578 1006 702 1056 Filio,

268 1063 378 1104 Cum
394 1063 558 1115 Spiritu
574 1062 805 1111 Paraclito‚

265 1119 405 1169 Nunc,
424 1124 468 1160 et
486 1131 566 1171 per
583 1131 712 1160 omne
732 1117 951 1159 saeculum.

419 1175 574 1217 Amen.

209 1226 261 1278 V.
300 1231 471 1272 Diffusa
507 1236 574 1272 est
609 1231 750 1282 gratia
786 1231 830 1271 in
866 1230 992 1272 labiis

161 1288 259 1329 tuis.
305 1287 356 1340 Rz.
399 1288 642 1340 Propterea
681 1286 908 1328 benedixit
948 1291 992 1328 te

162 1345 284 1386 Deus
309 1344 355 1384 in
381 1346 606 1385 aeternum.

209 1409 282 1453 Ad
311 1409 474 1451 Bened.
515 1411 614 1450 Ant.
658 1410 774 1451 Date
809 1409 848 1450 ei
880 1409 904 1434 *
937 1409 992 1451 de

161 1464 307 1506 fructu
323 1466 532 1505 manuum
547 1465 735 1515 suarum,
755 1470 798 1506 et
813 1464 993 1507 laudent

162 1533 260 1563 eam
276 1521 321 1561 in
339 1520 480 1573 portis
501 1522 638 1573 epera
657 1521 758 1573 ejus.

261 1596 348 1637 Pro
377 1608 463 1636 una
487 1595 680 1647 Martyre
707 1600 888 1636 tantum.

496 1660 661 1701 Oratio.

249 1736 342 1773 0115,
371 1723 446 1775 qui
471 1723 585 1765 inter
609 1725 755 1765 cetera
779 1725 990 1776 potentiae

265 1784 354 1821 tuae
390 1779 603 1821 miracula
637 1780 770 1820 etiam
803 1780 847 1820 in
883 1793 992 1822 sexu

162 1835 306 1887 fragili
340 1836 571 1878 victeriam
606 1835 804 1888 martyrii
841 1842 992 1878 contu-

162 1891 265 1933 listi:
311 1891 506 1934 concede
546 1891 780 1944 propitius3
828 1896 877 1933 ut
918 1893 993 1945 qui

162 1946 307 1989 beatae
338 1950 391 1991 N.
427 1947 634 2000 Martyris
671 1952 761 1989 tuae
796 1948 994 1989 natalitia

165 2003 367 2053 c61imus,
402 2016 482 2056 per
515 2004 607 2056 ejus
635 2003 693 2045 ad
719 2009 763 2045 te
791 2003 994 2057 exempla

163 2059 426 2110 gradiamur.
461 2060 546 2101 Per
570 2060 820 2101 Deminum.

186 2134 273 2174 Pro
292 2133 489 2185 pluribus
508 2133 774 2185 Martyribus
793 2138 974 2174 tantum.

494 2198 658 2239 Oratio.

254 2268 279 2296 a
323 2255 468 2305 nobis,
515 2257 767 2307 quaesumus
805 2255 994 2298 Demine

270 2312 392 2353 Deus
414 2316 580 2361 noster,
609 2313 860 2352 sanctarum
882 2312 995 2353 Meir-

165 2371 311 2419 tyrum
331 2369 507 2409 tuarum
526 2367 578 2407 N.
602 2372 646 2408 et
662 2367 715 2407 N.
742 2368 911 2420 palmas
934 2369 995 2409 in-

167 2423 372 2465 cessabili
411 2423 648 2465 devotiene
688 2424 907 2465 venerari:
948 2430 997 2466 ut

167 2491 277 2531 quas
309 2479 442 2531 digna
472 2484 618 2521 mente
646 2492 735 2521 non
761 2481 997 2532 pessumus

168 2534 408 2585 celebrare,
448 2535 685 2577 humilibus
720 2535 877 2577 saltem
915 2535 996 2578 fre-

170 2592 428 2642 quentemus
456 2590 691 2644 obsequiis.
734 2592 820 2632 Per
847 2592 996 2632 Domi-

167 2659 273 2687 num
299 2648 510 2689 nostrum.

1096 238 1180 277 Pro
1205 250 1287 278 nec
1305 238 1487 288 Virgine
1513 250 1592 277 nec
1619 237 1821 289 Martyre.

1380 299 1546 339 Oratio.

1044 350 1259 456 Exaudi
1272 370 1354 399 nos
1364 358 1486 398 Deus
1502 357 1703 398 salutaris
1714 362 1879 399 noster:

1131 419 1190 464 ut,
1210 414 1324 455 sicut
1343 413 1398 455 de
1417 413 1561 455 beatae
1576 413 1627 453 N.
1642 413 1878 455 festivitate

1045 470 1302 522 gaudemus3
1326 470 1388 511 ita
1410 469 1496 522 piae
1516 469 1763 511 devotienis
1785 483 1878 512 eru-

1047 527 1219 569 diamur
1237 526 1409 568 affectu.
1436 526 1521 567 Per
1537 526 1787 567 Dominum.

1317 599 1386 635 Ad
1409 598 1612 635 Tertiam.

1097 657 1196 697 Ant.
1225 659 1279 697 In
1298 656 1495 698 oderem.

1203 719 1289 758 Pro
1318 717 1510 768 Martyre
1539 722 1719 757 tantum.

1096 778 1355 830 Capitulum.
1386 777 1656 819 Confitebor.
1676 778 1781 830 [126]

1094 839 1180 879 Pro
1206 852 1286 879 nec
1310 839 1491 888 Virgine
1514 851 1594 878 nec
1618 838 1823 889 Martyre.

1098 899 1283 951 Capitul.
1316 898 1547 939 Mulierem
1572 898 1743 940 fortem.
1774 899 1879 952 [126]

1095 957 1145 1008 lx‘g.
1167 956 1228 996 br.
1260 954 1415 1006 Specie
1434 959 1510 995 tua
1522 957 1544 981 *
1563 955 1621 996 Et
1638 955 1878 1007 pulchritu-

1047 1008 1148 1051 dine
1169 1014 1255 1050 tua.
1286 1010 1454 1062 Specie.
1484 1007 1533 1058 V.
1558 1011 1759 1061 Intende,
1779 1014 1878 1064 pre-

1046 1078 1175 1118 spere
1193 1065 1405 1118 procede,
1430 1071 1474 1108 et
1498 1079 1644 1117 regna.
1675 1067 1742 1108 Et.
1774 1068 1879 1109 Glo-

1046 1122 1110 1162 ria
1127 1122 1258 1162 Patri.
1285 1122 1455 1175 Specie.

1095 1173 1146 1225 V.
1187 1178 1428 1230 Adiuvabit
1463 1191 1561 1220 eam
1597 1179 1719 1220 Deus
1758 1180 1880 1222 vultu

1046 1247 1138 1275 suo.
1178 1236 1229 1287 R.
1256 1235 1378 1276 Deus
1406 1235 1452 1275 in
1479 1235 1626 1277 medio
1655 1237 1762 1287 ejus,
1790 1249 1878 1278 non

1046 1290 1406 1332 commovebitur.

1232 1359 1454 1410 Tempore
1482 1357 1695 1398 Paschali.

1079 1422 1130 1473 R.
1146 1420 1209 1461 br.
1227 1421 1383 1473 Specie
1398 1425 1474 1462 tua
1492 1426 1536 1462 et
1549 1421 1878 1474 pulchritudine

1045 1481 1140 1525 tua,
1175 1477 1198 1501 *
1228 1476 1433 1529 Alleluja,
1471 1477 1654 1529 alleluja.
1708 1478 1877 1531 Specie.

1044 1528 1095 1580 V.
1123 1533 1324 1589 Intende,
1351 1535 1567 1586 prespere
1594 1534 1804 1586 procede,
1833 1540 1878 1576 et

1044 1601 1189 1640 regna.
1239 1589 1447 1641 Alleluja,
1482 1590 1664 1642 alleluja.
1722 1591 1877 1632 Gleria

1045 1645 1175 1686 Patri.
1219 1646 1387 1698 Specie.

1098 1697 1150 1749 V.
1183 1702 1424 1754 Adiuvabit
1461 1715 1559 1743 eam
1595 1703 1717 1744 Deus
1751 1703 1876 1744 vultu

1045 1770 1142 1807 suo,
1175 1759 1359 1811 alleluja.
1418 1760 1467 1810 R.
1502 1760 1624 1800 Deus
1658 1759 1702 1800 in
1729 1759 1877 1801 medio

1046 1815 1153 1866 ejus,
1182 1828 1271 1857 non
1300 1815 1665 1866 commovebitur,
1694 1815 1878 1867 alleluja.

1320 1885 1389 1921 Ad
1415 1884 1603 1922 Sextam.

1097 1940 1197 1982 Ant.
1225 1942 1322 1982 Jam
1340 1942 1480 1983 hiems
1499 1943 1684 1984 transiit.

1204 2007 1291 2046 Pro
1319 2005 1512 2056 Martyre
1541 2008 1722 2044 tantum.

1150 2066 1410 2118 Capitulum.
1564 2064 1696 2104 Eecli.
1715 2065 1775 2103 51.

1046 2122 1307 2228 Liberasti
1330 2141 1401 2170 me
1425 2128 1668 2170 secundum
1687 2130 1879 2171 multitu-

1148 2183 1295 2226 dinem
1337 2184 1653 2226 misericordiae
1690 2186 1879 2227 neminis

1046 2239 1111 2280 tui
1142 2253 1168 2281 a
1198 2241 1488 2291 rugientibus,
1525 2242 1790 2293 praeparatis
1822 2243 1879 2284 ad

1047 2307 1212 2346 escam,
1259 2296 1314 2338 de
1350 2296 1552 2338 manibus
1589 2298 1879 2348 quaerentium

1048 2352 1238 2394 animam
1255 2366 1414 2402 meam,
1439 2357 1483 2394 et
1502 2352 1558 2394 de
1578 2353 1726 2394 multis
1744 2354 1879 2396 tribu-

1046 2406 1282 2451 lationibus
1294 2422 1393 2460 quae
1404 2408 1788 2452 circumdederunt
1797 2424 1879 2452 me.

1107 2475 1193 2515 Pro
1213 2487 1294 2515 nec
1313 2474 1494 2524 Virgine
1514 2485 1596 2513 nec
1615 2473 1818 2524 Martyre.

1151 2533 1410 2586 Capitulum.
1523 2533 1651 2572 Prov.
1665 2534 1724 2573 31.
1740 2545 1774 2573 c.

1046 2588 1286 2693 Manum
1314 2608 1438 2636 suam
1466 2597 1639 2649 aperuit
1666 2600 1807 2652 inopi,
1836 2605 1880 2642 et

1168 2651 1338 2703 palmas
1358 2665 1459 2693 suas
1480 2653 1679 2696 extendit
1698 2655 1755 2697 ad
1773 2659 1879 2708 pau-
