2028 2892
706 161 806 195 Infra
830 162 1011 196 Octavam
1036 163 1293 198 Pente-costes.

143 257 384 299 Nulldrum.
425 258 579 299 Omnia
607 260 741 311 Opera
768 259 881 300 mala
907 260 965 300 in-

145 314 272 356 venit.
312 313 543 364 Quomodo
572 327 676 366 ergo
706 314 883 367 quidam
909 316 965 358 fe-

146 372 296 412 cerunt
322 370 567 420 veritatem,
604 376 647 411 et
673 373 883 413 venerunt
911 372 967 413 ad

144 424 308 467 lucem?
337 426 392 467 Et
410 425 495 467 hoe
515 426 627 468 enim
647 427 855 479 sequitur:
884 429 967 478 Qui

145 487 289 523 autem
313 482 430 523 ¹facit
469 483 713 533 veritatem,
758 484 875 526 venit
911 484 967 526 ad

143 536 294 579 lucem.

199 605 247 657 Rv.
271 605 456 657 Spiritus
481 612 654 647 sanetus
678 606 922 659 procedens
942 621 966 648 a

143 660 312 711 throno,
334 661 649 714 ApostolOrum
668 664 847 714 pectora
862 663 964 704 invi-

144 716 325 758 sibiliter
356 718 599 770 penetravit
631 731 746 759 novo
780 720 964 761 sanctifi—

144 773 325 814 catidnis
351 773 490 823 signo:
514 775 535 797 *
555 774 613 815 Ut
640 774 683 814 in
711 787 786 816 ore
815 778 966 816 e6rum

144 828 334 869 Omnium
348 831 507 879 genera
521 832 800 872 nascerentur
812 831 966 882 lingua—

143 897 251 933 rum,
278 884 457 937 alleluja.
495 881 543 932 Υ
566 886 756 928 Advenit
775 887 884 938 ignis
905 887 963 929 di-

143 942 281 990 vinus,
307 954 393 982 non
414 941 688 991 comburens,
715 942 794 984 sed
813 943 963 985 illumi-

142 1009 265 1046 nans,
307 1003 350 1038 et
381 997 532 1039 tribuit
564 998 625 1039 eis
659 998 964 1042 charismatum

143 1050 267 1094 dona.
296 1053 354 1095 Ut
371 1054 424 1094 in.
457 1054 604 1095 Gldria
623 1055 751 1096 Patri.
779 1056 837 1097 Ut
856 1056 908 1097 in.

200 1119 356 1160 Bened.
387 1118 455 1159 Ad
474 1119 739 1161 societatem.

437 1195 587 1236 Lectio
608 1195 659 1235 iii.

142 1259 145 1263 ”
211 1256 266 1299 ed
291 1256 550 1307 dilexerunt,
578 1258 733 1310 inquit,
761 1261 964 1302 tenebras

219 1314 355 1365 magis
383 1327 511 1366 quam
536 1314 687 1355 lucem.
724 1315 790 1357 Ibi
818 1319 965 1369 p6suit

141 1371 239 1411 vim.
258 1370 381 1412 Multi
397 1371 509 1411 enim
525 1370 767 1413 dilexerunt
782 1377 964 1425 peccata

142 1439 237 1477 sua,
275 1426 397 1468 multi
434 1426 621 1468 confessi
654 1433 753 1469 sunt
782 1433 964 1481 peecata

142 1495 233 1523 sua:
277 1482 377 1535 quia
414 1483 488 1535 qui
520 1483 751 1524 confitetur
782 1488 964 1537 peccata

141 1547 235 1590 sua,
269 1542 519 1581 et'aecusat
546 1542 727 1592 peccata
757 1554 848 1591 sua,
879 1543 963 1594 jam

142 1608 239 1636 cum
258 1596 354 1637 Deo
374 1596 486 1637 facit.
515 1596 706 1638 Accusat
724 1597 844 1639 Deus
863 1612 961 1651 pec-

141 1655 237 1694 cata
256 1658 344 1694 tua:
374 1652 409 1693 si
433 1657 476 1694 et
498 1657 546 1693 tu
565 1656 761 1703 accusas,
790 1656 961 1707 conjun-

140 1709 254 1760 geris
286 1709 394 1751 Deo.
447 1709 580 1759 Quasi
614 1708 711 1751 duae
744 1723 814 1752 res
847 1718 962 1762 sunt,

141 1765 288 1816 homo,
325 1771 368 1807 et
402 1768 620 1819 peccator.
666 1766 794 1817 Quod
826 1768 962 1819 audis,

140 1822 284 1872 homo,
303 1823 422 1864 Deus
438 1822 552 1864 fecit:
572 1823 692 1875 quod
708 1823 843 1874 audis,
862 1838 960 1878 pec-

141 1881 273 1929 cator,
292 1879 386 1932 ipse
406 1879 537 1920 homo
558 1879 668 1921 fecit.
697 1880 821 1930 Dele‚
842 1882 962 1933 quod

140 1935 293 1985 fecisti,
318 1941 365 1978 ut
384 1936 504 1976 Deus
528 1935 681 1985 salvet,
708 1936 828 1988 quod
851 1938 961 1980 fecit.

142 1990 327 2044 Oportet
346 1997 392 2033 ut
412 1991 557 2033 6deris
578 1992 620 2032 in
638 1998 682 2034 te
703 2005 814 2045 opus
828 1999 961 2044 tuum,

128 2054 183 2089 -et
210 2061 328 2089 ames
356 2048 398 2088 in
425 2054 468 2090 te
494 2061 606 2101 opus
630 2049 722 2090 Dei.
758 2049 865 2090 Cum
890 2063 960 2091 au-

139 2109 227 2145 tem
261 2104 443 2156 coeperit
474 2104 554 2146 tibi
583 2103 812 2157 displicere
843 2106 961 2158 quod

139 2160 296 2210 fecisti,
324 2160 423 2202 inde
451 2161 660 2213 incipiunt
685 2160 801 2202 bona
827 2164 961 2215 Opera

139 2221 227 2266 tua,
255 2217 355 2268 quia
379 2220 558 2258 accusas
581 2217 694 2258 mala
718 2220 852 2270 (Spera
875 2224 960 2260 tua.

139 2273 311 2314 Initium
331 2276 513 2326 o'perum
536 2273 768 2321 b0n6rum,
796 2275 959 2316 confes-

139 2329 203 2370 sio
224 2335 289 2370 est
308 2332 490 2382 6perum
508 2329 731 2370 mal6rum.

195 2392 254 2431 Te
275 2390 415 2432 Deum
433 2390 672 2431 laudamus.
692 2391 750 2430 15.

190 2452 257 2493 Ad
284 2453 442 2495 Bened.
483 2458 578 2497 Ant.
615 2456 687 2496 Sic
710 2456 830 2496 Deus
858 2455 959 2497 dile-

138 2510 200 2552 xit
222 2511 446 2560 mundum,
471 2517 519 2552 ut
537 2511 694 2552 Filium
721 2525 846 2552 suum
871 2513 959 2552 uni-

138 2567 328 2616 genitum
351 2567 488 2609 daret:
516 2573 563 2609 ut
587 2569 740 2618 omnis,
771 2568 842 2620 qui
871 2581 966 2617 ere-x

1357 263 1518 302 Oratio.

1112 337 1199 376 eus,
1221 327 1293 379 qui
1309 327 1536 380 Apostolis
1545 329 1630 370 tuis
1645 336 1843 372 sanctum

1109 382 1269 424 dedisti
1279 383 1499 436 Spiritum:
1516 385 1708 428 concede
1724 387 1843 439 plebi

1017 445 1105 480 tuae
1122 439 1206 491 piae
1221 440 1443 492 petitidnis
1460 441 1675 493 effeetum;
1690 448 1737 484 ut
1753 444 1841 495 qui-

1017 495 1099 537 bus
1126 494 1285 537 dedisti
1311 496 1459 547 fidem,
1487 497 1682 548 largiaris
1707 505 1750 541 et
1768 513 1841 552 pa-

1019 566 1123 593 cem.
1163 553 1247 593 Per
1275 553 1510 594 D6minum
1610 555 1653 595 in
1679 557 1841 599 unitate

1019 609 1212 661 ejuSdem
1234 610 1430 663 Spiritus.

1079 680 1145 721 Ad
1167 682 1337 729 Magnif.
1378 683 1473 724 Ant.
1511 685 1552 725 Si
1581 686 1677 738 quis
1705 686 1843 737 diligit

1016 753 1100 789 me,
1129 744 1373 782 sermonem
1398 754 1542 782 meum
1566 742 1770 784 servabit:
1799 750 1842 785 et

1016 797 1146 838 Pater
1164 810 1287 838 meus
1309 797 1457 849 diliget
1477 811 1585 848 eum,
1606 804 1649 840 et
1669 798 1724 840 ad
1743 812 1841 840 eum

1016 853 1248 903 veniemus,
1266 860 1309 895 et
1324 855 1592 896 mansi6nem
1610 855 1727 908 apud
1743 868 1840 896 eum

1017 909 1233 959 faciemus,
1253 909 1432 961 alleluia.

1207 1048 1390 1084 Feria
1425 1048 1653 1086 Tertia.

1074 1103 1121 1152 V
1152 1109 1336 1162 Spiritus
1373 1110 1628 1161 Paraelitus,
1660 1112 1839 1163 alleluja.

1023 1164 1070 1215 Rg.
1085 1166 1273 1208 Docebit
1294 1180 1372 1207 vos
1394 1167 1547 1216 Omnia,
1568 1167 1748 1219 alleluja.

1075 1228 1196 1268 Pater
1215 1233 1374 1269 noster.

1074 1291 1316 1333 Absolutio.
1350 1295 1484 1345 Ipsius
1504 1295 1656 1345 pietas.

1071 1352 1231 1392 Bened.
1262 1353 1517 1403 Evangeliea
1536 1352 1677 1395 lectio.

1018 1434 1166 1475 Lectio
1190 1435 1327 1475 saneti
1350 1435 1574 1485 Evangelii
1597 1436 1837 1477 secundum

1314 1491 1338 1531 J
1341 1493 1537 1532 oannem.

1121 1560 1269 1600 Lectio
1291 1561 1313 1599 i.
1549 1563 1651 1614 Cap.
1674 1566 1734 1603 10.

1012 1620 1087 1727 In
1110 1625 1184 1666 illo
1209 1628 1421 1678 tempore:
1448 1627 1567 1668 Dixit
1586 1628 1610 1667 J
1613 1640 1713 1669 esus
1731 1628 1835 1681 pha-

1077 1682 1228 1723 risaeis:
1255 1683 1409 1733 Amen,
1434 1696 1557 1724 amen
1578 1683 1676 1726 dieo
1697 1685 1836 1727 vobis:

1014 1738 1087 1790 qui
1111 1752 1197 1779 non
1222 1739 1352 1781 intrat
1375 1752 1453 1792 per
1478 1740 1636 1781 Ostium
1659 1742 1701 1781 in
1722 1742 1835 1783 ovile

1013 1795 1176 1844 6vium,
1211 1795 1288 1836 sed
1317 1796 1512 1837 ascendit
1539 1796 1730 1847 aliunde,
1765 1798 1835 1840 ille

1013 1851 1079 1892 fur
1102 1858 1182 1901 est,
1211 1858 1253 1893 et
1271 1851 1395 1894 latro.
1433 1853 1515 1902 Qui
1539 1859 1683 1894 autem
1706 1854 1836 1896 intrat

1012 1920 1090 1960 per
1117 1907 1290 1957 ostium,
1319 1914 1470 1961 pastor
1496 1915 1561 1950 est
1587 1910 1743 1950 Ovium.
1781 1910 1835 1952 Et

1012 1963 1188 2016 reliqua.

1118 2046 1307 2087 Homilia
1334 2046 1474 2088 sancti
1498 2046 1731 2097 Augustini

1313 2103 1534 2155 Episcopi.

1105 2171 1228 2205 Tract.
1253 2173 1303 2205 45.
1331 2173 1366 2205 in
1392 2173 1528 2205 Joann.
1554 2178 1641 2214 post
1668 2171 1744 2204 init.

1016 2233 1313 2289 ,ῗὛ
1344 2233 1397 2275 de
1423 2246 1554 2283 grege
1580 2246 1670 2282 suo,
1705 2241 1748 2276 et
1778 2234 1832 2276 de

1025 2290 1028 2309 ¹
1052 2280 1114 2331 9³3³)
1161 2290 1274 2331 6stio
1302 2303 1388 2342 quo
1415 2290 1599 2330 intratur
1624 2289 1680 2330 ad
1707 2291 1832 2340 ovile,

1124 2345 1485 2387 *similitudinem
1521 2346 1752 2397 propdsuit
1789 2347 1831 2387 in

1010 2400 1220 2442 hodierna
1238 2402 1434 2443 lectic'me.
1462 2401 1619 2442 Dicant
1637 2414 1741 2452 ergo
1758 2416 1830 2456 pa·
1880 2435 1881 2441 ,

1010 2457 1122 2506 gani:
1147 2458 1266 2498 Bene
1286 2457 1479 2498 vivimus.
1513 2456 1556 2497 Si
1575 2470 1654 2508 per
1674 2459 1831 2500 ostium

1010 2525 1097 2553 non
1115 2513 1288 2562 intrant,
1310 2512 1414 2564 quid
1433 2511 1615 2564 prodest
1635 2514 1696 2554 eis
1716 2515 1830 2557 unde
1880 2535 1881 2538 ¹

1020 2280 1091 2367 „t

995 2567 1269 2618 gloriantur?
1316 2568 1387 2609 Ad
1429 2568 1514 2609 hoc
1550 2569 1663 2610 enim
1700 2570 1831 2614 debet

140 2620 202 2662 dit
223 2622 267 2662 in
289 2623 448 2675 ipsum,
477 2636 563 2664 non
587 2626 754 2676 pereat,
783 2623 861 2664 sed
886 2623 958 2664 ha·
1009 2625 1240 2676 unicuique
1276 2623 1487 2676 prodesse
1523 2624 1634 2667 bene
1669 2629 1830 2677 vivere,

139 2675 239 2720 beat
258 2678 389 2721 vitam
408 2681 625 2730 aeternam,
645 2680 824 2731 alleluja.
860 2693 861 2697 ¹

1009 2686 1056 2722 ut
1088 2680 1213 2722 detur
1244 2679 1304 2720 illi
1335 2692 1508 2733 semper
1539 2683 1699 2724 vivere:
1730 2696 1829 2724 nam
