<?xml version="1.0" encoding="UTF-8"?>
<!DOCTYPE html PUBLIC "-//W3C//DTD XHTML 1.0 Transitional//EN"
    "http://www.w3.org/TR/xhtml1/DTD/xhtml1-transitional.dtd">
<html xmlns="http://www.w3.org/1999/xhtml" xml:lang="en" lang="en">
 <head>
  <title>
</title>
<meta http-equiv="Content-Type" content="text/html;charset=utf-8" />
  <meta name='ocr-system' content='tesseract 3.04.00' />
  <meta name='ocr-capabilities' content='ocr_page ocr_carea ocr_par ocr_line ocrx_word'/>
</head>
<body>
  <div class='ocr_page' id='page_1' title='image "./p2breviariumroma00cathuoft_0807.png"; bbox 0 0 2066 2956; ppageno 0'>
   <div class='ocr_carea' id='block_1_1' title="bbox 0 2438 2 2956">
    <p class='ocr_par' dir='ltr' id='par_1_1' title="bbox 0 2438 2 2956">
     <span class='ocr_line' id='line_1_1' title="bbox 0 2438 2 2956; baseline 0 0"><span class='ocrx_word' id='word_1_1' title='bbox 0 2438 2 2956; x_wconf 95' lang='lat' dir='ltr'><strong> </strong></span> 
     </span>
    </p>
   </div>
   <div class='ocr_carea' id='block_1_2' title="bbox 501 181 1573 224">
    <p class='ocr_par' dir='ltr' id='par_1_2' title="bbox 501 181 1573 224">
     <span class='ocr_line' id='line_1_2' title="bbox 501 181 1573 224; baseline -0.002 -7"><span class='ocrx_word' id='word_1_2' title='bbox 501 183 679 217; x_wconf 81' lang='lat' dir='ltr'><strong>Officium</strong></span> <span class='ocrx_word' id='word_1_3' title='bbox 703 182 879 216; x_wconf 69' lang='lat' dir='ltr'><strong>votivum</strong></span> <span class='ocrx_word' id='word_1_4' title='bbox 906 182 953 215; x_wconf 81' lang='lat' dir='ltr'><strong>de</strong></span> <span class='ocrx_word' id='word_1_5' title='bbox 978 181 1014 215; x_wconf 83' lang='lat' dir='ltr'><strong>S.</strong></span> <span class='ocrx_word' id='word_1_6' title='bbox 1039 181 1186 224; x_wconf 82' lang='lat' dir='ltr'><strong>Joseph</strong></span> <span class='ocrx_word' id='word_1_7' title='bbox 1215 183 1368 224; x_wconf 67' lang='lat' dir='ltr'><strong>sponso</strong></span> <span class='ocrx_word' id='word_1_8' title='bbox 1396 183 1435 215; x_wconf 85' lang='lat' dir='ltr'><strong>B.</strong></span> <span class='ocrx_word' id='word_1_9' title='bbox 1461 182 1507 216; x_wconf 79' lang='lat' dir='ltr'><strong>M.</strong></span> <span class='ocrx_word' id='word_1_10' title='bbox 1531 182 1573 215; x_wconf 61' lang='lat' dir='ltr'><strong>Y.</strong></span> 
     </span>
    </p>
   </div>
   <div class='ocr_carea' id='block_1_3' title="bbox 393 277 793 318">
    <p class='ocr_par' dir='ltr' id='par_1_3' title="bbox 393 277 793 318">
     <span class='ocr_line' id='line_1_3' title="bbox 393 277 793 318; baseline -0.005 0"><span class='ocrx_word' id='word_1_11' title='bbox 393 280 443 318; x_wconf 92' lang='lat' dir='ltr'><strong>In</strong></span> <span class='ocrx_word' id='word_1_12' title='bbox 469 278 542 318; x_wconf 90' lang='lat' dir='ltr'><strong>III.</strong></span> <span class='ocrx_word' id='word_1_13' title='bbox 568 277 604 317; x_wconf 89' lang='lat' dir='ltr'>N</span> <span class='ocrx_word' id='word_1_14' title='bbox 606 278 793 317; x_wconf 79' lang='lat' dir='ltr'><strong>octurno.</strong></span> 
     </span>
    </p>
   </div>
   <div class='ocr_carea' id='block_1_4' title="bbox 177 340 1014 1820">
    <p class='ocr_par' dir='ltr' id='par_1_4' title="bbox 180 340 1013 674">
     <span class='ocr_line' id='line_1_4' title="bbox 231 340 756 393; baseline -0.008 -8"><span class='ocrx_word' id='word_1_15' title='bbox 231 344 331 385; x_wconf 86' lang='lat' dir='ltr'>Ant.</span> <span class='ocrx_word' id='word_1_16' title='bbox 363 340 560 385; x_wconf 75' lang='lat' dir='ltr'><strong>Audiens</strong></span> <span class='ocrx_word' id='word_1_17' title='bbox 578 341 603 381; x_wconf 91' lang='lat' dir='ltr'><strong>J</strong></span> <span class='ocrx_word' id='word_1_18' title='bbox 606 340 756 393; x_wconf 89' lang='lat' dir='ltr'><strong>oseph.</strong></span> 
     </span>
     <span class='ocr_line' id='line_1_5' title="bbox 450 403 739 444; baseline -0.003 0"><span class='ocrx_word' id='word_1_19' title='bbox 450 403 651 444; x_wconf 89' lang='lat' dir='ltr'><strong>Psalmus</strong></span> <span class='ocrx_word' id='word_1_20' title='bbox 680 405 739 444; x_wconf 83' lang='lat'><strong>14.</strong></span> 
     </span>
     <span class='ocr_line' id='line_1_6' title="bbox 194 462 1013 520; baseline -0.001 -16"><span class='ocrx_word' id='word_1_21' title='bbox 194 490 197 520; x_wconf 84' lang='lat'>:</span> <span class='ocrx_word' id='word_1_22' title='bbox 218 512 225 519; x_wconf 59' lang='lat'><strong>-,</strong></span> <span class='ocrx_word' id='word_1_23' title='bbox 315 463 458 505; x_wconf 82' lang='lat' dir='ltr'><strong>omine</strong></span> <span class='ocrx_word' id='word_1_24' title='bbox 496 463 594 515; x_wconf 89' lang='lat' dir='ltr'><strong>quis</strong></span> <span class='ocrx_word' id='word_1_25' title='bbox 626 462 843 514; x_wconf 80' lang='lat' dir='ltr'><strong>habitabit</strong></span> <span class='ocrx_word' id='word_1_26' title='bbox 874 463 919 503; x_wconf 92' lang='lat' dir='ltr'><strong>in</strong></span> <span class='ocrx_word' id='word_1_27' title='bbox 951 468 1013 504; x_wconf 90' lang='lat' dir='ltr'><strong>ta-</strong></span> 
     </span>
     <span class='ocr_line' id='line_1_7' title="bbox 193 518 1013 571; baseline 0 -11"><span class='ocrx_word' id='word_1_28' title='bbox 193 527 197 567; x_wconf 68' lang='lat'><em>}</em></span> <span class='ocrx_word' id='word_1_29' title='bbox 214 521 274 568; x_wconf 58' lang='grc' dir='ltr'><strong>,ῷῇ</strong></span> <span class='ocrx_word' id='word_1_30' title='bbox 339 519 578 562; x_wconf 77' lang='lat' dir='ltr'><strong>bernaculo</strong></span> <span class='ocrx_word' id='word_1_31' title='bbox 611 518 712 561; x_wconf 87' lang='lat' dir='ltr'><strong>tuo?</strong></span> <span class='ocrx_word' id='word_1_32' title='bbox 752 521 776 546; x_wconf 86' lang='lat'><strong>*</strong></span> <span class='ocrx_word' id='word_1_33' title='bbox 808 523 883 561; x_wconf 91' lang='lat' dir='ltr'><strong>aut</strong></span> <span class='ocrx_word' id='word_1_34' title='bbox 916 519 1013 571; x_wconf 84' lang='lat' dir='ltr'><strong>quis</strong></span> 
     </span>
     <span class='ocr_line' id='line_1_8' title="bbox 193 573 1012 628; baseline -0.001 -10"><span class='ocrx_word' id='word_1_35' title='bbox 193 573 298 603; x_wconf 44' lang='lat' dir='ltr'><strong>&#39;‘ss‘</strong></span> <span class='ocrx_word' id='word_1_36' title='bbox 339 577 589 628; x_wconf 88' lang='lat' dir='ltr'><strong>requiescet</strong></span> <span class='ocrx_word' id='word_1_37' title='bbox 613 576 658 617; x_wconf 91' lang='lat' dir='ltr'><strong>in</strong></span> <span class='ocrx_word' id='word_1_38' title='bbox 683 581 834 617; x_wconf 90' lang='lat' dir='ltr'><strong>monte</strong></span> <span class='ocrx_word' id='word_1_39' title='bbox 859 580 1012 617; x_wconf 88' lang='lat' dir='ltr'><strong>sancto</strong></span> 
     </span>
     <span class='ocr_line' id='line_1_9' title="bbox 180 636 279 674; baseline 0 0"><span class='ocrx_word' id='word_1_40' title='bbox 180 636 279 674; x_wconf 88' lang='lat' dir='ltr'><strong>tuo.</strong></span> 
     </span>
    </p>

    <p class='ocr_par' dir='ltr' id='par_1_5' title="bbox 182 688 1014 799">
     <span class='ocr_line' id='line_1_10' title="bbox 234 688 1014 740; baseline -0.001 -10"><span class='ocrx_word' id='word_1_41' title='bbox 234 690 319 740; x_wconf 87' lang='lat' dir='ltr'><strong>Qui</strong></span> <span class='ocrx_word' id='word_1_42' title='bbox 337 688 580 740; x_wconf 87' lang='lat' dir='ltr'><strong>ingreditur</strong></span> <span class='ocrx_word' id='word_1_43' title='bbox 600 689 692 731; x_wconf 90' lang='lat' dir='ltr'><strong>sine</strong></span> <span class='ocrx_word' id='word_1_44' title='bbox 711 688 899 738; x_wconf 77' lang='lat' dir='ltr'><strong>macula,</strong></span> <span class='ocrx_word' id='word_1_45' title='bbox 922 689 946 714; x_wconf 85' lang='lat'>*</span> <span class='ocrx_word' id='word_1_46' title='bbox 970 693 1014 729; x_wconf 86' lang='lat' dir='ltr'><strong>et</strong></span> 
     </span>
     <span class='ocr_line' id='line_1_11' title="bbox 182 746 634 799; baseline -0.004 -11"><span class='ocrx_word' id='word_1_47' title='bbox 182 748 393 799; x_wconf 78' lang='lat' dir='ltr'><strong>operatur</strong></span> <span class='ocrx_word' id='word_1_48' title='bbox 411 746 634 798; x_wconf 88' lang='lat' dir='ltr'><strong>justitiam:</strong></span> 
     </span>
    </p>

    <p class='ocr_par' dir='ltr' id='par_1_6' title="bbox 180 800 1013 966">
     <span class='ocr_line' id='line_1_12' title="bbox 235 800 1013 855; baseline -0.003 -11"><span class='ocrx_word' id='word_1_49' title='bbox 235 802 319 853; x_wconf 89' lang='lat' dir='ltr'><strong>Qui</strong></span> <span class='ocrx_word' id='word_1_50' title='bbox 341 802 537 855; x_wconf 82' lang='lat' dir='ltr'><strong>loquitur</strong></span> <span class='ocrx_word' id='word_1_51' title='bbox 554 802 787 843; x_wconf 81' lang='lat' dir='ltr'><strong>veritatem</strong></span> <span class='ocrx_word' id='word_1_52' title='bbox 809 801 853 842; x_wconf 92' lang='lat' dir='ltr'><strong>in</strong></span> <span class='ocrx_word' id='word_1_53' title='bbox 878 800 1013 842; x_wconf 91' lang='lat' dir='ltr'><strong>corde</strong></span> 
     </span>
     <span class='ocr_line' id='line_1_13' title="bbox 182 857 1013 911; baseline -0.002 -11"><span class='ocrx_word' id='word_1_54' title='bbox 182 871 281 908; x_wconf 88' lang='lat' dir='ltr'><strong>suo,</strong></span> <span class='ocrx_word' id='word_1_55' title='bbox 308 859 333 885; x_wconf 79' lang='lat'><strong>¹⁸¹</strong></span> <span class='ocrx_word' id='word_1_56' title='bbox 362 858 437 911; x_wconf 92' lang='lat' dir='ltr'><strong>qui</strong></span> <span class='ocrx_word' id='word_1_57' title='bbox 463 871 552 900; x_wconf 92' lang='lat' dir='ltr'><strong>non</strong></span> <span class='ocrx_word' id='word_1_58' title='bbox 577 859 666 910; x_wconf 88' lang='lat' dir='ltr'><strong>egit</strong></span> <span class='ocrx_word' id='word_1_59' title='bbox 691 857 842 900; x_wconf 92' lang='lat' dir='ltr'><strong>dolum</strong></span> <span class='ocrx_word' id='word_1_60' title='bbox 868 858 913 898; x_wconf 91' lang='lat' dir='ltr'><strong>in</strong></span> <span class='ocrx_word' id='word_1_61' title='bbox 937 857 1013 898; x_wconf 92' lang='lat' dir='ltr'><strong>lin-</strong></span> 
     </span>
     <span class='ocr_line' id='line_1_14' title="bbox 180 927 380 966; baseline 0 -10"><span class='ocrx_word' id='word_1_62' title='bbox 180 927 267 966; x_wconf 91' lang='lat' dir='ltr'><strong>gua</strong></span> <span class='ocrx_word' id='word_1_63' title='bbox 286 928 380 956; x_wconf 91' lang='lat' dir='ltr'><strong>sua:</strong></span> 
     </span>
    </p>

    <p class='ocr_par' dir='ltr' id='par_1_7' title="bbox 182 970 1013 1138">
     <span class='ocr_line' id='line_1_15' title="bbox 232 970 1013 1024; baseline -0.003 -11"><span class='ocrx_word' id='word_1_64' title='bbox 232 971 328 1013; x_wconf 90' lang='lat' dir='ltr'><strong>Nec</strong></span> <span class='ocrx_word' id='word_1_65' title='bbox 346 971 450 1013; x_wconf 91' lang='lat' dir='ltr'><strong>fecit</strong></span> <span class='ocrx_word' id='word_1_66' title='bbox 468 971 672 1024; x_wconf 77' lang='lat' dir='ltr'><strong>preximo</strong></span> <span class='ocrx_word' id='word_1_67' title='bbox 693 984 773 1012; x_wconf 92' lang='lat' dir='ltr'><strong>suo</strong></span> <span class='ocrx_word' id='word_1_68' title='bbox 792 970 971 1020; x_wconf 90' lang='lat' dir='ltr'><strong>malum,</strong></span> <span class='ocrx_word' id='word_1_69' title='bbox 990 971 1013 996; x_wconf 88' lang='lat'>*</span> 
     </span>
     <span class='ocr_line' id='line_1_16' title="bbox 182 1027 1012 1081; baseline -0.002 -11"><span class='ocrx_word' id='word_1_70' title='bbox 182 1032 226 1070; x_wconf 89' lang='lat' dir='ltr'><strong>et</strong></span> <span class='ocrx_word' id='word_1_71' title='bbox 249 1028 540 1081; x_wconf 83' lang='lat' dir='ltr'><strong>oppr6brium</strong></span> <span class='ocrx_word' id='word_1_72' title='bbox 562 1041 651 1069; x_wconf 91' lang='lat' dir='ltr'><strong>non</strong></span> <span class='ocrx_word' id='word_1_73' title='bbox 670 1028 841 1080; x_wconf 88' lang='lat' dir='ltr'><strong>accepit</strong></span> <span class='ocrx_word' id='word_1_74' title='bbox 860 1027 1012 1069; x_wconf 84' lang='lat' dir='ltr'><strong>adver-</strong></span> 
     </span>
     <span class='ocr_line' id='line_1_17' title="bbox 182 1085 637 1138; baseline 0 -12"><span class='ocrx_word' id='word_1_75' title='bbox 182 1097 256 1126; x_wconf 90' lang='lat' dir='ltr'><strong>sus</strong></span> <span class='ocrx_word' id='word_1_76' title='bbox 274 1085 503 1138; x_wconf 80' lang='lat' dir='ltr'><strong>proximos</strong></span> <span class='ocrx_word' id='word_1_77' title='bbox 523 1097 637 1126; x_wconf 90' lang='lat' dir='ltr'><strong>suos.</strong></span> 
     </span>
    </p>

    <p class='ocr_par' dir='ltr' id='par_1_8' title="bbox 182 1140 1013 1306">
     <span class='ocr_line' id='line_1_18' title="bbox 232 1140 1013 1183; baseline -0.003 -1"><span class='ocrx_word' id='word_1_78' title='bbox 232 1140 307 1183; x_wconf 93' lang='lat' dir='ltr'><strong>Ad</strong></span> <span class='ocrx_word' id='word_1_79' title='bbox 324 1141 507 1182; x_wconf 89' lang='lat' dir='ltr'><strong>nihilum</strong></span> <span class='ocrx_word' id='word_1_80' title='bbox 527 1141 743 1183; x_wconf 78' lang='lat' dir='ltr'><strong>deductus</strong></span> <span class='ocrx_word' id='word_1_81' title='bbox 764 1145 831 1182; x_wconf 89' lang='lat' dir='ltr'><strong>est</strong></span> <span class='ocrx_word' id='word_1_82' title='bbox 850 1141 894 1181; x_wconf 92' lang='lat' dir='ltr'><strong>in</strong></span> <span class='ocrx_word' id='word_1_83' title='bbox 914 1152 1013 1181; x_wconf 89' lang='lat' dir='ltr'><strong>con-</strong></span> 
     </span>
     <span class='ocr_line' id='line_1_19' title="bbox 182 1197 1013 1251; baseline -0.001 -13"><span class='ocrx_word' id='word_1_84' title='bbox 182 1199 338 1251; x_wconf 88' lang='lat' dir='ltr'><strong>spectu</strong></span> <span class='ocrx_word' id='word_1_85' title='bbox 366 1198 456 1250; x_wconf 89' lang='lat' dir='ltr'><strong>ejus</strong></span> <span class='ocrx_word' id='word_1_86' title='bbox 485 1198 721 1249; x_wconf 84' lang='lat' dir='ltr'><strong>malignus:</strong></span> <span class='ocrx_word' id='word_1_87' title='bbox 752 1197 776 1223; x_wconf 92' lang='lat'>*</span> <span class='ocrx_word' id='word_1_88' title='bbox 809 1197 1013 1238; x_wconf 89' lang='lat' dir='ltr'><strong>timentes</strong></span> 
     </span>
     <span class='ocr_line' id='line_1_20' title="bbox 182 1254 840 1306; baseline -0.002 -11"><span class='ocrx_word' id='word_1_89' title='bbox 182 1259 329 1296; x_wconf 88' lang='lat' dir='ltr'><strong>autem</strong></span> <span class='ocrx_word' id='word_1_90' title='bbox 347 1255 587 1296; x_wconf 84' lang='lat' dir='ltr'><strong>Dominum</strong></span> <span class='ocrx_word' id='word_1_91' title='bbox 606 1254 840 1306; x_wconf 83' lang='lat' dir='ltr'><strong>glorificat:</strong></span> 
     </span>
    </p>

    <p class='ocr_par' dir='ltr' id='par_1_9' title="bbox 179 1311 1013 1533">
     <span class='ocr_line' id='line_1_21' title="bbox 233 1311 1013 1364; baseline -0.003 -12"><span class='ocrx_word' id='word_1_92' title='bbox 233 1311 318 1362; x_wconf 91' lang='lat' dir='ltr'><strong>Qui</strong></span> <span class='ocrx_word' id='word_1_93' title='bbox 344 1312 457 1363; x_wconf 90' lang='lat' dir='ltr'><strong>jurat</strong></span> <span class='ocrx_word' id='word_1_94' title='bbox 482 1311 687 1364; x_wconf 83' lang='lat' dir='ltr'><strong>proximo</strong></span> <span class='ocrx_word' id='word_1_95' title='bbox 717 1323 817 1359; x_wconf 82' lang='lat' dir='ltr'><strong>suo,</strong></span> <span class='ocrx_word' id='word_1_96' title='bbox 850 1314 894 1351; x_wconf 89' lang='lat' dir='ltr'><strong>et</strong></span> <span class='ocrx_word' id='word_1_97' title='bbox 923 1322 1013 1350; x_wconf 93' lang='lat' dir='ltr'><strong>non</strong></span> 
     </span>
     <span class='ocr_line' id='line_1_22' title="bbox 181 1366 1013 1420; baseline -0.002 -12"><span class='ocrx_word' id='word_1_98' title='bbox 181 1366 360 1420; x_wconf 89' lang='lat' dir='ltr'><strong>decipit,</strong></span> <span class='ocrx_word' id='word_1_99' title='bbox 384 1368 408 1394; x_wconf 91' lang='lat'>*</span> <span class='ocrx_word' id='word_1_100' title='bbox 438 1368 512 1420; x_wconf 84' lang='lat' dir='ltr'><strong>qui</strong></span> <span class='ocrx_word' id='word_1_101' title='bbox 529 1367 763 1420; x_wconf 72' lang='lat' dir='ltr'>pecliniam</span> <span class='ocrx_word' id='word_1_102' title='bbox 782 1379 907 1407; x_wconf 87' lang='lat' dir='ltr'><strong>suam</strong></span> <span class='ocrx_word' id='word_1_103' title='bbox 926 1378 1013 1407; x_wconf 91' lang='lat' dir='ltr'><strong>non</strong></span> 
     </span>
     <span class='ocr_line' id='line_1_23' title="bbox 181 1422 1013 1475; baseline -0.004 -10"><span class='ocrx_word' id='word_1_104' title='bbox 181 1422 305 1465; x_wconf 85' lang='lat' dir='ltr'>dedit</span> <span class='ocrx_word' id='word_1_105' title='bbox 323 1423 381 1465; x_wconf 88' lang='lat' dir='ltr'><strong>ad</strong></span> <span class='ocrx_word' id='word_1_106' title='bbox 398 1427 592 1474; x_wconf 82' lang='lat' dir='ltr'><strong>usuram,</strong></span> <span class='ocrx_word' id='word_1_107' title='bbox 616 1428 660 1465; x_wconf 89' lang='lat' dir='ltr'><strong>et</strong></span> <span class='ocrx_word' id='word_1_108' title='bbox 678 1426 860 1464; x_wconf 83' lang='lat' dir='ltr'><strong>munera</strong></span> <span class='ocrx_word' id='word_1_109' title='bbox 880 1435 1013 1475; x_wconf 91' lang='lat' dir='ltr'><strong>super</strong></span> 
     </span>
     <span class='ocr_line' id='line_1_24' title="bbox 179 1479 766 1533; baseline -0.002 -12"><span class='ocrx_word' id='word_1_110' title='bbox 179 1479 460 1522; x_wconf 90' lang='lat' dir='ltr'><strong>innocentem</strong></span> <span class='ocrx_word' id='word_1_111' title='bbox 477 1492 565 1522; x_wconf 91' lang='lat' dir='ltr'><strong>non</strong></span> <span class='ocrx_word' id='word_1_112' title='bbox 585 1480 766 1533; x_wconf 88' lang='lat' dir='ltr'><strong>accepit.</strong></span> 
     </span>
    </p>

    <p class='ocr_par' dir='ltr' id='par_1_10' title="bbox 178 1535 1013 1635">
     <span class='ocr_line' id='line_1_25' title="bbox 232 1535 1013 1587; baseline -0.001 -9"><span class='ocrx_word' id='word_1_113' title='bbox 232 1537 317 1587; x_wconf 87' lang='lat' dir='ltr'><strong>Qui</strong></span> <span class='ocrx_word' id='word_1_114' title='bbox 334 1536 438 1578; x_wconf 88' lang='lat' dir='ltr'><strong>facit</strong></span> <span class='ocrx_word' id='word_1_115' title='bbox 456 1536 572 1583; x_wconf 80' lang='lat' dir='ltr'><strong>haec,</strong></span> <span class='ocrx_word' id='word_1_116' title='bbox 599 1538 629 1563; x_wconf 68' lang='lat'><strong>²⁸²</strong></span> <span class='ocrx_word' id='word_1_117' title='bbox 650 1549 740 1578; x_wconf 92' lang='lat' dir='ltr'><strong>non</strong></span> <span class='ocrx_word' id='word_1_118' title='bbox 763 1535 1013 1578; x_wconf 88' lang='lat' dir='ltr'><strong>movebitur</strong></span> 
     </span>
     <span class='ocr_line' id='line_1_26' title="bbox 178 1593 465 1635; baseline 0 -1"><span class='ocrx_word' id='word_1_119' title='bbox 178 1593 223 1634; x_wconf 91' lang='lat' dir='ltr'><strong>in</strong></span> <span class='ocrx_word' id='word_1_120' title='bbox 241 1594 465 1635; x_wconf 81' lang='lat' dir='ltr'><strong>aeternum.</strong></span> 
     </span>
    </p>

    <p class='ocr_par' dir='ltr' id='par_1_11' title="bbox 177 1651 1014 1820">
     <span class='ocr_line' id='line_1_27' title="bbox 233 1651 1014 1706; baseline 0 -12"><span class='ocrx_word' id='word_1_121' title='bbox 233 1653 334 1695; x_wconf 88' lang='lat' dir='ltr'><strong>Ant.</strong></span> <span class='ocrx_word' id='word_1_122' title='bbox 345 1653 541 1696; x_wconf 80' lang='lat' dir='ltr'><strong>Audiens</strong></span> <span class='ocrx_word' id='word_1_123' title='bbox 549 1653 574 1694; x_wconf 90' lang='lat' dir='ltr'><strong>J</strong></span> <span class='ocrx_word' id='word_1_124' title='bbox 576 1652 717 1706; x_wconf 91' lang='lat' dir='ltr'><strong>oseph</strong></span> <span class='ocrx_word' id='word_1_125' title='bbox 729 1651 851 1705; x_wconf 92' lang='lat' dir='ltr'><strong>quod</strong></span> <span class='ocrx_word' id='word_1_126' title='bbox 858 1652 1014 1694; x_wconf 89' lang='lat' dir='ltr'><strong>Arche-</strong></span> 
     </span>
     <span class='ocr_line' id='line_1_28' title="bbox 178 1709 1013 1763; baseline -0.002 -11"><span class='ocrx_word' id='word_1_127' title='bbox 178 1710 274 1752; x_wconf 77' lang='lat' dir='ltr'><strong>laus</strong></span> <span class='ocrx_word' id='word_1_128' title='bbox 288 1713 493 1762; x_wconf 81' lang='lat' dir='ltr'><strong>regnaret</strong></span> <span class='ocrx_word' id='word_1_129' title='bbox 507 1710 552 1751; x_wconf 92' lang='lat' dir='ltr'><strong>in</strong></span> <span class='ocrx_word' id='word_1_130' title='bbox 565 1710 590 1751; x_wconf 89' lang='lat' dir='ltr'>J</span> <span class='ocrx_word' id='word_1_131' title='bbox 591 1710 721 1751; x_wconf 83' lang='lat' dir='ltr'><strong>udaea</strong></span> <span class='ocrx_word' id='word_1_132' title='bbox 733 1722 817 1763; x_wconf 90' lang='lat' dir='ltr'><strong>pro</strong></span> <span class='ocrx_word' id='word_1_133' title='bbox 831 1709 1013 1751; x_wconf 84' lang='lat' dir='ltr'><strong>Herode</strong></span> 
     </span>
     <span class='ocr_line' id='line_1_29' title="bbox 177 1766 768 1820; baseline -0.002 -12"><span class='ocrx_word' id='word_1_134' title='bbox 177 1771 304 1820; x_wconf 89' lang='lat' dir='ltr'><strong>patre</strong></span> <span class='ocrx_word' id='word_1_135' title='bbox 324 1779 416 1817; x_wconf 88' lang='lat' dir='ltr'><strong>suo,</strong></span> <span class='ocrx_word' id='word_1_136' title='bbox 435 1767 579 1809; x_wconf 84' lang='lat' dir='ltr'>timuit</span> <span class='ocrx_word' id='word_1_137' title='bbox 597 1766 674 1808; x_wconf 90' lang='lat' dir='ltr'><strong>illo</strong></span> <span class='ocrx_word' id='word_1_138' title='bbox 693 1766 768 1808; x_wconf 90' lang='lat' dir='ltr'><strong>ire.</strong></span> 
     </span>
    </p>
   </div>
   <div class='ocr_carea' id='block_1_5' title="bbox 229 1827 882 1870">
    <p class='ocr_par' dir='ltr' id='par_1_12' title="bbox 229 1827 882 1870">
     <span class='ocr_line' id='line_1_30' title="bbox 229 1827 882 1870; baseline -0.003 -1"><span class='ocrx_word' id='word_1_139' title='bbox 229 1828 329 1870; x_wconf 88' lang='lat' dir='ltr'><strong>Ant.</strong></span> <span class='ocrx_word' id='word_1_140' title='bbox 362 1827 624 1870; x_wconf 76' lang='lat' dir='ltr'><strong>Admenitus</strong></span> <span class='ocrx_word' id='word_1_141' title='bbox 643 1828 688 1868; x_wconf 92' lang='lat' dir='ltr'><strong>in</strong></span> <span class='ocrx_word' id='word_1_142' title='bbox 707 1827 882 1870; x_wconf 91' lang='lat' dir='ltr'><strong>somnis.</strong></span> 
     </span>
    </p>
   </div>
   <div class='ocr_carea' id='block_1_6' title="bbox 179 1900 1014 2683">
    <p class='ocr_par' dir='ltr' id='par_1_13' title="bbox 181 1900 1013 2120">
     <span class='ocr_line' id='line_1_31' title="bbox 449 1900 741 1941; baseline -0.007 0"><span class='ocrx_word' id='word_1_143' title='bbox 449 1900 651 1941; x_wconf 87' lang='lat' dir='ltr'><strong>Psalmus</strong></span> <span class='ocrx_word' id='word_1_144' title='bbox 669 1901 741 1940; x_wconf 81' lang='lat'><strong>20.</strong></span> 
     </span>
     <span class='ocr_line' id='line_1_32' title="bbox 269 1965 1013 2022; baseline -0.003 -15"><span class='ocrx_word' id='word_1_145' title='bbox 269 1966 414 2007; x_wconf 81' lang='lat' dir='ltr'><strong>omine</strong></span> <span class='ocrx_word' id='word_1_146' title='bbox 436 1966 482 2022; x_wconf 88' lang='lat' dir='ltr'><strong>in</strong></span> <span class='ocrx_word' id='word_1_147' title='bbox 502 1965 665 2008; x_wconf 78' lang='lat' dir='ltr'><strong>virtute</strong></span> <span class='ocrx_word' id='word_1_148' title='bbox 690 1970 767 2007; x_wconf 90' lang='lat' dir='ltr'><strong>tua</strong></span> <span class='ocrx_word' id='word_1_149' title='bbox 790 1965 1013 2007; x_wconf 77' lang='lat' dir='ltr'><strong>laetabitur</strong></span> 
     </span>
     <span class='ocr_line' id='line_1_33' title="bbox 300 2022 1013 2075; baseline -0.001 -12"><span class='ocrx_word' id='word_1_150' title='bbox 300 2035 393 2064; x_wconf 85' lang='lat' dir='ltr'><strong>rex:</strong></span> <span class='ocrx_word' id='word_1_151' title='bbox 415 2023 440 2048; x_wconf 80' lang='grc'>*</span> <span class='ocrx_word' id='word_1_152' title='bbox 464 2027 509 2064; x_wconf 90' lang='lat' dir='ltr'><strong>et</strong></span> <span class='ocrx_word' id='word_1_153' title='bbox 526 2035 660 2075; x_wconf 91' lang='lat' dir='ltr'><strong>super</strong></span> <span class='ocrx_word' id='word_1_154' title='bbox 679 2022 869 2063; x_wconf 81' lang='lat' dir='ltr'><strong>salutare</strong></span> <span class='ocrx_word' id='word_1_155' title='bbox 888 2026 1013 2063; x_wconf 91' lang='lat' dir='ltr'><strong>tuum</strong></span> 
     </span>
     <span class='ocr_line' id='line_1_34' title="bbox 181 2078 728 2120; baseline 0 -1"><span class='ocrx_word' id='word_1_156' title='bbox 181 2078 418 2120; x_wconf 82' lang='lat' dir='ltr'><strong>exsultabit</strong></span> <span class='ocrx_word' id='word_1_157' title='bbox 435 2078 728 2120; x_wconf 88' lang='lat' dir='ltr'><strong>vehementer.</strong></span> 
     </span>
    </p>

    <p class='ocr_par' dir='ltr' id='par_1_14' title="bbox 180 2134 1014 2289">
     <span class='ocr_line' id='line_1_35' title="bbox 231 2134 1014 2187; baseline 0 -12"><span class='ocrx_word' id='word_1_158' title='bbox 231 2134 511 2176; x_wconf 89' lang='lat' dir='ltr'><strong>Desiderium</strong></span> <span class='ocrx_word' id='word_1_159' title='bbox 536 2135 683 2177; x_wconf 91' lang='lat' dir='ltr'><strong>cordis</strong></span> <span class='ocrx_word' id='word_1_160' title='bbox 708 2136 799 2187; x_wconf 91' lang='lat' dir='ltr'><strong>ejus</strong></span> <span class='ocrx_word' id='word_1_161' title='bbox 822 2134 1014 2176; x_wconf 83' lang='lat' dir='ltr'><strong>tribuisti</strong></span> 
     </span>
     <span class='ocr_line' id='line_1_36' title="bbox 181 2190 1012 2243; baseline -0.001 -11"><span class='ocrx_word' id='word_1_162' title='bbox 181 2191 234 2232; x_wconf 89' lang='lat' dir='ltr'><strong>ei:</strong></span> <span class='ocrx_word' id='word_1_163' title='bbox 248 2191 273 2217; x_wconf 90' lang='lat'>*</span> <span class='ocrx_word' id='word_1_164' title='bbox 288 2196 332 2232; x_wconf 94' lang='lat' dir='ltr'><strong>et</strong></span> <span class='ocrx_word' id='word_1_165' title='bbox 346 2190 571 2233; x_wconf 80' lang='lat' dir='ltr'><strong>voluntate</strong></span> <span class='ocrx_word' id='word_1_166' title='bbox 585 2191 803 2233; x_wconf 78' lang='lat' dir='ltr'><strong>labierum</strong></span> <span class='ocrx_word' id='word_1_167' title='bbox 818 2192 909 2243; x_wconf 90' lang='lat' dir='ltr'><strong>ejus</strong></span> <span class='ocrx_word' id='word_1_168' title='bbox 923 2203 1012 2233; x_wconf 94' lang='lat' dir='ltr'><strong>non</strong></span> 
     </span>
     <span class='ocr_line' id='line_1_37' title="bbox 180 2246 523 2289; baseline 0 -1"><span class='ocrx_word' id='word_1_169' title='bbox 180 2246 394 2289; x_wconf 78' lang='lat' dir='ltr'><strong>fraudasti</strong></span> <span class='ocrx_word' id='word_1_170' title='bbox 413 2260 523 2289; x_wconf 93' lang='lat' dir='ltr'><strong>eum.</strong></span> 
     </span>
    </p>

    <p class='ocr_par' dir='ltr' id='par_1_15' title="bbox 179 2303 1014 2525">
     <span class='ocr_line' id='line_1_38' title="bbox 232 2303 1012 2357; baseline -0.001 -12"><span class='ocrx_word' id='word_1_171' title='bbox 232 2304 449 2354; x_wconf 83' lang='lat' dir='ltr'><strong>Quoniam</strong></span> <span class='ocrx_word' id='word_1_172' title='bbox 471 2305 726 2357; x_wconf 87' lang='lat' dir='ltr'><strong>praevenisti</strong></span> <span class='ocrx_word' id='word_1_173' title='bbox 750 2317 850 2346; x_wconf 93' lang='lat' dir='ltr'><strong>eum</strong></span> <span class='ocrx_word' id='word_1_174' title='bbox 873 2304 917 2344; x_wconf 91' lang='lat' dir='ltr'><strong>in</strong></span> <span class='ocrx_word' id='word_1_175' title='bbox 939 2303 1012 2345; x_wconf 92' lang='lat' dir='ltr'><strong>be-</strong></span> 
     </span>
     <span class='ocr_line' id='line_1_39' title="bbox 179 2359 1014 2413; baseline -0.002 -12"><span class='ocrx_word' id='word_1_176' title='bbox 179 2360 502 2402; x_wconf 79' lang='lat' dir='ltr'><strong>nedictic&#39;mibus</strong></span> <span class='ocrx_word' id='word_1_177' title='bbox 516 2359 773 2402; x_wconf 85' lang='lat' dir='ltr'><strong>dulcedinis:</strong></span> <span class='ocrx_word' id='word_1_178' title='bbox 787 2361 811 2386; x_wconf 91' lang='lat'>*</span> <span class='ocrx_word' id='word_1_179' title='bbox 826 2359 1014 2413; x_wconf 84' lang='lat' dir='ltr'><strong>posuisti</strong></span> 
     </span>
     <span class='ocr_line' id='line_1_40' title="bbox 179 2415 1013 2469; baseline -0.001 -12"><span class='ocrx_word' id='word_1_180' title='bbox 179 2416 223 2457; x_wconf 92' lang='lat' dir='ltr'><strong>in</strong></span> <span class='ocrx_word' id='word_1_181' title='bbox 252 2416 396 2469; x_wconf 72' lang='lat' dir='ltr'><strong>capite</strong></span> <span class='ocrx_word' id='word_1_182' title='bbox 424 2417 516 2468; x_wconf 89' lang='lat' dir='ltr'><strong>ejus</strong></span> <span class='ocrx_word' id='word_1_183' title='bbox 544 2418 755 2458; x_wconf 86' lang='lat' dir='ltr'><strong>coronam</strong></span> <span class='ocrx_word' id='word_1_184' title='bbox 782 2416 838 2458; x_wconf 93' lang='lat' dir='ltr'><strong>de</strong></span> <span class='ocrx_word' id='word_1_185' title='bbox 865 2415 1013 2468; x_wconf 81' lang='lat' dir='ltr'><strong>lapide</strong></span> 
     </span>
     <span class='ocr_line' id='line_1_41' title="bbox 179 2473 388 2525; baseline -0.005 -11"><span class='ocrx_word' id='word_1_186' title='bbox 179 2473 388 2525; x_wconf 82' lang='lat' dir='ltr'><strong>pretioso.</strong></span> 
     </span>
    </p>

    <p class='ocr_par' dir='ltr' id='par_1_16' title="bbox 180 2527 1014 2683">
     <span class='ocr_line' id='line_1_42' title="bbox 231 2527 1014 2582; baseline -0.003 -12"><span class='ocrx_word' id='word_1_187' title='bbox 231 2529 382 2570; x_wconf 84' lang='lat' dir='ltr'><strong>Vitam</strong></span> <span class='ocrx_word' id='word_1_188' title='bbox 400 2529 527 2582; x_wconf 90' lang='lat' dir='ltr'><strong>petiit</strong></span> <span class='ocrx_word' id='word_1_189' title='bbox 546 2542 572 2570; x_wconf 88' lang='lat' dir='ltr'><strong>a</strong></span> <span class='ocrx_word' id='word_1_190' title='bbox 589 2534 648 2571; x_wconf 88' lang='lat' dir='ltr'><strong>te:</strong></span> <span class='ocrx_word' id='word_1_191' title='bbox 667 2530 690 2555; x_wconf 89' lang='lat'>*</span> <span class='ocrx_word' id='word_1_192' title='bbox 710 2534 754 2570; x_wconf 91' lang='lat' dir='ltr'><strong>et</strong></span> <span class='ocrx_word' id='word_1_193' title='bbox 767 2527 959 2570; x_wconf 85' lang='lat' dir='ltr'><strong>tribuisti</strong></span> <span class='ocrx_word' id='word_1_194' title='bbox 974 2527 1014 2568; x_wconf 93' lang='lat' dir='ltr'><strong>ei</strong></span> 
     </span>
     <span class='ocr_line' id='line_1_43' title="bbox 180 2584 1013 2636; baseline -0.001 -10"><span class='ocrx_word' id='word_1_195' title='bbox 180 2585 498 2636; x_wconf 79' lang='lat' dir='ltr'><strong>longitudinem</strong></span> <span class='ocrx_word' id='word_1_196' title='bbox 523 2585 692 2627; x_wconf 90' lang='lat' dir='ltr'><strong>dierum</strong></span> <span class='ocrx_word' id='word_1_197' title='bbox 719 2586 763 2625; x_wconf 92' lang='lat' dir='ltr'><strong>in</strong></span> <span class='ocrx_word' id='word_1_198' title='bbox 791 2584 1013 2633; x_wconf 80' lang='lat' dir='ltr'><strong>saeculum,</strong></span> 
     </span>
     <span class='ocr_line' id='line_1_44' title="bbox 182 2641 702 2683; baseline 0.002 -1"><span class='ocrx_word' id='word_1_199' title='bbox 182 2645 226 2682; x_wconf 90' lang='lat' dir='ltr'><strong>et</strong></span> <span class='ocrx_word' id='word_1_200' title='bbox 242 2641 287 2682; x_wconf 87' lang='lat' dir='ltr'><strong>in</strong></span> <span class='ocrx_word' id='word_1_201' title='bbox 306 2642 518 2683; x_wconf 82' lang='lat' dir='ltr'><strong>saeculum</strong></span> <span class='ocrx_word' id='word_1_202' title='bbox 541 2642 702 2683; x_wconf 70' lang='lat' dir='ltr'><strong>saeculi.</strong></span> 
     </span>
    </p>
   </div>
   <div class='ocr_carea' id='block_1_7' title="bbox 232 2694 1029 2749">
    <p class='ocr_par' dir='ltr' id='par_1_17' title="bbox 232 2694 1029 2749">
     <span class='ocr_line' id='line_1_45' title="bbox 232 2694 1029 2749; baseline -0.003 -11"><span class='ocrx_word' id='word_1_203' title='bbox 232 2697 393 2748; x_wconf 85' lang='lat' dir='ltr'><strong>Magna</strong></span> <span class='ocrx_word' id='word_1_204' title='bbox 417 2703 484 2740; x_wconf 91' lang='lat' dir='ltr'><strong>est</strong></span> <span class='ocrx_word' id='word_1_205' title='bbox 501 2698 642 2749; x_wconf 83' lang='lat' dir='ltr'><strong>gloria</strong></span> <span class='ocrx_word' id='word_1_206' title='bbox 661 2699 751 2749; x_wconf 91' lang='lat' dir='ltr'><strong>ejus</strong></span> <span class='ocrx_word' id='word_1_207' title='bbox 770 2697 813 2738; x_wconf 92' lang='lat' dir='ltr'><strong>in</strong></span> <span class='ocrx_word' id='word_1_208' title='bbox 834 2694 1029 2742; x_wconf 62' lang='lat' dir='ltr'><strong>salutari,</strong></span> 
     </span>
    </p>
   </div>
   <div class='ocr_carea' id='block_1_8' title="bbox 1811 173 1903 217">
    <p class='ocr_par' dir='ltr' id='par_1_18' title="bbox 1811 173 1903 217">
     <span class='ocr_line' id='line_1_46' title="bbox 1811 173 1903 217; baseline 0 0"><span class='ocrx_word' id='word_1_209' title='bbox 1811 173 1903 217; x_wconf 85' lang='lat'>[235]</span> 
     </span>
    </p>
   </div>
   <div class='ocr_carea' id='block_1_9' title="bbox 1065 270 1903 2746">
    <p class='ocr_par' dir='ltr' id='par_1_19' title="bbox 1067 270 1903 381">
     <span class='ocr_line' id='line_1_47' title="bbox 1067 270 1903 323; baseline -0.002 -10"><span class='ocrx_word' id='word_1_210' title='bbox 1067 276 1160 313; x_wconf 89' lang='lat' dir='ltr'><strong>tuo:</strong></span> <span class='ocrx_word' id='word_1_211' title='bbox 1174 271 1198 297; x_wconf 89' lang='lat'>*</span> <span class='ocrx_word' id='word_1_212' title='bbox 1213 271 1399 322; x_wconf 83' lang='lat' dir='ltr'><strong>gloriam</strong></span> <span class='ocrx_word' id='word_1_213' title='bbox 1414 277 1458 313; x_wconf 92' lang='lat' dir='ltr'><strong>et</strong></span> <span class='ocrx_word' id='word_1_214' title='bbox 1471 284 1680 323; x_wconf 86' lang='lat' dir='ltr'><strong>magnum</strong></span> <span class='ocrx_word' id='word_1_215' title='bbox 1695 270 1903 313; x_wconf 83' lang='lat' dir='ltr'><strong>decorem</strong></span> 
     </span>
     <span class='ocr_line' id='line_1_48' title="bbox 1067 328 1553 381; baseline 0.002 -13"><span class='ocrx_word' id='word_1_216' title='bbox 1067 328 1270 380; x_wconf 83' lang='lat' dir='ltr'><strong>impones</strong></span> <span class='ocrx_word' id='word_1_217' title='bbox 1290 341 1422 381; x_wconf 92' lang='lat' dir='ltr'><strong>super</strong></span> <span class='ocrx_word' id='word_1_218' title='bbox 1442 341 1553 370; x_wconf 90' lang='lat' dir='ltr'><strong>eum.</strong></span> 
     </span>
    </p>

    <p class='ocr_par' dir='ltr' id='par_1_20' title="bbox 1067 383 1902 595">
     <span class='ocr_line' id='line_1_49' title="bbox 1121 383 1901 435; baseline 0 -10"><span class='ocrx_word' id='word_1_219' title='bbox 1121 385 1339 435; x_wconf 77' lang='lat' dir='ltr'><strong>Queniam</strong></span> <span class='ocrx_word' id='word_1_220' title='bbox 1371 384 1497 426; x_wconf 89' lang='lat' dir='ltr'><strong>dabis</strong></span> <span class='ocrx_word' id='word_1_221' title='bbox 1528 397 1629 426; x_wconf 87' lang='lat' dir='ltr'><strong>eum</strong></span> <span class='ocrx_word' id='word_1_222' title='bbox 1654 385 1699 425; x_wconf 92' lang='lat' dir='ltr'><strong>in</strong></span> <span class='ocrx_word' id='word_1_223' title='bbox 1725 383 1901 425; x_wconf 85' lang='lat' dir='ltr'><strong>benedi-</strong></span> 
     </span>
     <span class='ocr_line' id='line_1_50' title="bbox 1069 439 1902 483; baseline 0 -1"><span class='ocrx_word' id='word_1_224' title='bbox 1069 441 1260 483; x_wconf 81' lang='lat' dir='ltr'><strong>cti6nem</strong></span> <span class='ocrx_word' id='word_1_225' title='bbox 1280 442 1325 482; x_wconf 88' lang='lat' dir='ltr'><strong>in</strong></span> <span class='ocrx_word' id='word_1_226' title='bbox 1345 441 1556 483; x_wconf 70' lang='lat' dir='ltr'><strong>saeculum</strong></span> <span class='ocrx_word' id='word_1_227' title='bbox 1579 441 1744 483; x_wconf 81' lang='lat' dir='ltr'><strong>saeculi:</strong></span> <span class='ocrx_word' id='word_1_228' title='bbox 1757 440 1781 466; x_wconf 86' lang='lat'>*</span> <span class='ocrx_word' id='word_1_229' title='bbox 1795 439 1902 482; x_wconf 87' lang='lat' dir='ltr'><strong>laeti-</strong></span> 
     </span>
     <span class='ocr_line' id='line_1_51' title="bbox 1067 496 1902 549; baseline 0 -11"><span class='ocrx_word' id='word_1_230' title='bbox 1067 497 1222 539; x_wconf 80' lang='lat' dir='ltr'><strong>ficabis</strong></span> <span class='ocrx_word' id='word_1_231' title='bbox 1251 511 1351 540; x_wconf 91' lang='lat' dir='ltr'><strong>eum</strong></span> <span class='ocrx_word' id='word_1_232' title='bbox 1382 498 1427 538; x_wconf 90' lang='lat' dir='ltr'><strong>in</strong></span> <span class='ocrx_word' id='word_1_233' title='bbox 1458 498 1620 549; x_wconf 84' lang='lat' dir='ltr'><strong>gaudio</strong></span> <span class='ocrx_word' id='word_1_234' title='bbox 1651 511 1751 539; x_wconf 90' lang='lat' dir='ltr'><strong>cum</strong></span> <span class='ocrx_word' id='word_1_235' title='bbox 1779 496 1902 538; x_wconf 85' lang='lat' dir='ltr'><strong>vultu</strong></span> 
     </span>
     <span class='ocr_line' id='line_1_52' title="bbox 1067 559 1157 595; baseline 0 0"><span class='ocrx_word' id='word_1_236' title='bbox 1067 559 1157 595; x_wconf 91' lang='lat' dir='ltr'><strong>tuo.</strong></span> 
     </span>
    </p>

    <p class='ocr_par' dir='ltr' id='par_1_21' title="bbox 1067 610 1902 766">
     <span class='ocr_line' id='line_1_53' title="bbox 1120 610 1902 662; baseline -0.001 -10"><span class='ocrx_word' id='word_1_237' title='bbox 1120 611 1337 661; x_wconf 83' lang='lat' dir='ltr'><strong>Quoniam</strong></span> <span class='ocrx_word' id='word_1_238' title='bbox 1362 623 1441 652; x_wconf 82' lang='lat' dir='ltr'><strong>rex</strong></span> <span class='ocrx_word' id='word_1_239' title='bbox 1465 615 1614 662; x_wconf 81' lang='lat' dir='ltr'><strong>sperat</strong></span> <span class='ocrx_word' id='word_1_240' title='bbox 1631 610 1675 650; x_wconf 90' lang='lat' dir='ltr'><strong>in</strong></span> <span class='ocrx_word' id='word_1_241' title='bbox 1694 611 1902 651; x_wconf 79' lang='lat' dir='ltr'><strong>Demino:</strong></span> 
     </span>
     <span class='ocr_line' id='line_1_54' title="bbox 1067 666 1899 709; baseline -0.001 -1"><span class='ocrx_word' id='word_1_242' title='bbox 1067 667 1091 692; x_wconf 85' lang='lat'>*</span> <span class='ocrx_word' id='word_1_243' title='bbox 1116 672 1159 708; x_wconf 89' lang='lat' dir='ltr'><strong>et</strong></span> <span class='ocrx_word' id='word_1_244' title='bbox 1182 667 1227 708; x_wconf 93' lang='lat' dir='ltr'><strong>in</strong></span> <span class='ocrx_word' id='word_1_245' title='bbox 1249 666 1551 709; x_wconf 67' lang='lat' dir='ltr'><strong>misericordia</strong></span> <span class='ocrx_word' id='word_1_246' title='bbox 1574 666 1791 707; x_wconf 89' lang='lat' dir='ltr'><strong>Altissimi</strong></span> <span class='ocrx_word' id='word_1_247' title='bbox 1813 679 1899 708; x_wconf 94' lang='lat' dir='ltr'><strong>non</strong></span> 
     </span>
     <span class='ocr_line' id='line_1_55' title="bbox 1068 723 1429 766; baseline -0.003 -1"><span class='ocrx_word' id='word_1_248' title='bbox 1068 723 1429 766; x_wconf 86' lang='lat' dir='ltr'><strong>commovebitur.</strong></span> 
     </span>
    </p>

    <p class='ocr_par' dir='ltr' id='par_1_22' title="bbox 1066 779 1903 946">
     <span class='ocr_line' id='line_1_56' title="bbox 1118 779 1902 822; baseline -0.001 -1"><span class='ocrx_word' id='word_1_249' title='bbox 1118 780 1372 822; x_wconf 79' lang='lat' dir='ltr'><strong>Inveniatur</strong></span> <span class='ocrx_word' id='word_1_250' title='bbox 1404 793 1559 821; x_wconf 91' lang='lat' dir='ltr'><strong>manus</strong></span> <span class='ocrx_word' id='word_1_251' title='bbox 1591 784 1667 821; x_wconf 89' lang='lat' dir='ltr'><strong>tua</strong></span> <span class='ocrx_word' id='word_1_252' title='bbox 1699 779 1902 821; x_wconf 84' lang='lat' dir='ltr'><strong>omnibus</strong></span> 
     </span>
     <span class='ocr_line' id='line_1_57' title="bbox 1066 836 1903 879; baseline -0.001 -1"><span class='ocrx_word' id='word_1_253' title='bbox 1066 837 1252 879; x_wconf 91' lang='lat' dir='ltr'><strong>inimicis</strong></span> <span class='ocrx_word' id='word_1_254' title='bbox 1267 838 1368 879; x_wconf 90' lang='lat' dir='ltr'><strong>tuis:</strong></span> <span class='ocrx_word' id='word_1_255' title='bbox 1383 838 1407 863; x_wconf 86' lang='lat'>*</span> <span class='ocrx_word' id='word_1_256' title='bbox 1423 837 1606 879; x_wconf 82' lang='lat' dir='ltr'><strong>dextera</strong></span> <span class='ocrx_word' id='word_1_257' title='bbox 1619 841 1696 878; x_wconf 89' lang='lat' dir='ltr'><strong>tua</strong></span> <span class='ocrx_word' id='word_1_258' title='bbox 1710 836 1903 878; x_wconf 88' lang='lat' dir='ltr'><strong>inveniat</strong></span> 
     </span>
     <span class='ocr_line' id='line_1_58' title="bbox 1068 893 1609 946; baseline -0.002 -11"><span class='ocrx_word' id='word_1_259' title='bbox 1068 906 1232 943; x_wconf 90' lang='lat' dir='ltr'><strong>omnes,</strong></span> <span class='ocrx_word' id='word_1_260' title='bbox 1253 895 1328 946; x_wconf 82' lang='lat' dir='ltr'><strong>qui</strong></span> <span class='ocrx_word' id='word_1_261' title='bbox 1346 899 1390 935; x_wconf 91' lang='lat' dir='ltr'><strong>te</strong></span> <span class='ocrx_word' id='word_1_262' title='bbox 1410 893 1609 935; x_wconf 91' lang='lat' dir='ltr'><strong>oderunt.</strong></span> 
     </span>
    </p>

    <p class='ocr_par' dir='ltr' id='par_1_23' title="bbox 1065 950 1902 1171">
     <span class='ocr_line' id='line_1_59' title="bbox 1118 950 1902 1001; baseline -0.001 -10"><span class='ocrx_word' id='word_1_263' title='bbox 1118 951 1264 992; x_wconf 91' lang='lat' dir='ltr'><strong>Pones</strong></span> <span class='ocrx_word' id='word_1_264' title='bbox 1293 963 1370 992; x_wconf 90' lang='lat' dir='ltr'><strong>eos</strong></span> <span class='ocrx_word' id='word_1_265' title='bbox 1397 955 1446 992; x_wconf 89' lang='lat' dir='ltr'><strong>ut</strong></span> <span class='ocrx_word' id='word_1_266' title='bbox 1474 950 1695 991; x_wconf 89' lang='lat' dir='ltr'><strong>clibanum</strong></span> <span class='ocrx_word' id='word_1_267' title='bbox 1722 950 1834 1001; x_wconf 87' lang='lat' dir='ltr'><strong>ignis</strong></span> <span class='ocrx_word' id='word_1_268' title='bbox 1857 950 1902 990; x_wconf 93' lang='lat' dir='ltr'><strong>in</strong></span> 
     </span>
     <span class='ocr_line' id='line_1_60' title="bbox 1066 1006 1902 1060; baseline -0.002 -12"><span class='ocrx_word' id='word_1_269' title='bbox 1066 1009 1267 1060; x_wconf 89' lang='lat' dir='ltr'><strong>tempore</strong></span> <span class='ocrx_word' id='word_1_270' title='bbox 1291 1007 1438 1048; x_wconf 89' lang='lat' dir='ltr'><strong>vultus</strong></span> <span class='ocrx_word' id='word_1_271' title='bbox 1462 1007 1540 1048; x_wconf 89' lang='lat' dir='ltr'><strong>tui:</strong></span> <span class='ocrx_word' id='word_1_272' title='bbox 1563 1007 1587 1032; x_wconf 86' lang='lat'>*</span> <span class='ocrx_word' id='word_1_273' title='bbox 1611 1007 1829 1047; x_wconf 84' lang='lat' dir='ltr'><strong>Dominus</strong></span> <span class='ocrx_word' id='word_1_274' title='bbox 1858 1006 1902 1046; x_wconf 90' lang='lat' dir='ltr'><strong>in</strong></span> 
     </span>
     <span class='ocr_line' id='line_1_61' title="bbox 1065 1062 1901 1112; baseline 0 -9"><span class='ocrx_word' id='word_1_275' title='bbox 1065 1063 1131 1104; x_wconf 85' lang='lat' dir='ltr'><strong>ira</strong></span> <span class='ocrx_word' id='word_1_276' title='bbox 1151 1076 1230 1104; x_wconf 88' lang='lat' dir='ltr'><strong>sua</strong></span> <span class='ocrx_word' id='word_1_277' title='bbox 1250 1062 1531 1105; x_wconf 79' lang='lat' dir='ltr'><strong>conturbabit</strong></span> <span class='ocrx_word' id='word_1_278' title='bbox 1551 1075 1639 1112; x_wconf 85' lang='lat' dir='ltr'><strong>eOS,</strong></span> <span class='ocrx_word' id='word_1_279' title='bbox 1659 1067 1703 1104; x_wconf 89' lang='lat' dir='ltr'><strong>et</strong></span> <span class='ocrx_word' id='word_1_280' title='bbox 1719 1062 1901 1104; x_wconf 80' lang='lat' dir='ltr'><strong>devora-</strong></span> 
     </span>
     <span class='ocr_line' id='line_1_62' title="bbox 1066 1119 1371 1171; baseline -0.003 -10"><span class='ocrx_word' id='word_1_281' title='bbox 1066 1119 1132 1161; x_wconf 93' lang='lat' dir='ltr'><strong>bit</strong></span> <span class='ocrx_word' id='word_1_282' title='bbox 1151 1132 1228 1161; x_wconf 93' lang='lat' dir='ltr'><strong>eos</strong></span> <span class='ocrx_word' id='word_1_283' title='bbox 1247 1120 1371 1171; x_wconf 86' lang='lat' dir='ltr'><strong>ignis.</strong></span> 
     </span>
    </p>

    <p class='ocr_par' dir='ltr' id='par_1_24' title="bbox 1066 1175 1902 1275">
     <span class='ocr_line' id='line_1_63' title="bbox 1118 1175 1902 1228; baseline -0.004 -10"><span class='ocrx_word' id='word_1_284' title='bbox 1118 1177 1331 1218; x_wconf 89' lang='lat' dir='ltr'><strong>Fructum</strong></span> <span class='ocrx_word' id='word_1_285' title='bbox 1351 1178 1505 1218; x_wconf 83' lang='lat' dir='ltr'><strong>eorum</strong></span> <span class='ocrx_word' id='word_1_286' title='bbox 1524 1175 1579 1217; x_wconf 88' lang='lat' dir='ltr'><strong>de</strong></span> <span class='ocrx_word' id='word_1_287' title='bbox 1594 1180 1713 1217; x_wconf 90' lang='lat' dir='ltr'><strong>terra</strong></span> <span class='ocrx_word' id='word_1_288' title='bbox 1726 1175 1902 1228; x_wconf 88' lang='lat' dir='ltr'><strong>perdes:</strong></span> 
     </span>
     <span class='ocr_line' id='line_1_64' title="bbox 1066 1232 1902 1275; baseline -0.004 0"><span class='ocrx_word' id='word_1_289' title='bbox 1066 1233 1089 1259; x_wconf 88' lang='lat'>*</span> <span class='ocrx_word' id='word_1_290' title='bbox 1107 1238 1151 1275; x_wconf 89' lang='lat' dir='ltr'><strong>et</strong></span> <span class='ocrx_word' id='word_1_291' title='bbox 1170 1246 1320 1275; x_wconf 89' lang='lat' dir='ltr'><strong>semen</strong></span> <span class='ocrx_word' id='word_1_292' title='bbox 1340 1235 1493 1275; x_wconf 86' lang='lat' dir='ltr'><strong>eorum</strong></span> <span class='ocrx_word' id='word_1_293' title='bbox 1508 1245 1534 1273; x_wconf 87' lang='lat' dir='ltr'><strong>a</strong></span> <span class='ocrx_word' id='word_1_294' title='bbox 1548 1232 1649 1273; x_wconf 87' lang='lat' dir='ltr'><strong>filiis</strong></span> <span class='ocrx_word' id='word_1_295' title='bbox 1664 1232 1902 1273; x_wconf 84' lang='lat' dir='ltr'><strong>hominum.</strong></span> 
     </span>
    </p>

    <p class='ocr_par' dir='ltr' id='par_1_25' title="bbox 1066 1289 1902 1456">
     <span class='ocr_line' id='line_1_65' title="bbox 1120 1289 1902 1340; baseline -0.003 -9"><span class='ocrx_word' id='word_1_296' title='bbox 1120 1290 1339 1340; x_wconf 84' lang='lat' dir='ltr'><strong>Quoniam</strong></span> <span class='ocrx_word' id='word_1_297' title='bbox 1390 1289 1722 1331; x_wconf 85' lang='lat' dir='ltr'><strong>declinaverunt</strong></span> <span class='ocrx_word' id='word_1_298' title='bbox 1765 1289 1811 1329; x_wconf 93' lang='lat' dir='ltr'><strong>in</strong></span> <span class='ocrx_word' id='word_1_299' title='bbox 1857 1293 1902 1329; x_wconf 91' lang='lat' dir='ltr'><strong>te</strong></span> 
     </span>
     <span class='ocr_line' id='line_1_66' title="bbox 1067 1345 1901 1397; baseline -0.002 -10"><span class='ocrx_word' id='word_1_300' title='bbox 1067 1346 1197 1387; x_wconf 88' lang='lat' dir='ltr'><strong>mala:</strong></span> <span class='ocrx_word' id='word_1_301' title='bbox 1215 1347 1238 1372; x_wconf 85' lang='lat'>*</span> <span class='ocrx_word' id='word_1_302' title='bbox 1259 1346 1565 1397; x_wconf 86' lang='lat' dir='ltr'><strong>cogitaverunt</strong></span> <span class='ocrx_word' id='word_1_303' title='bbox 1584 1345 1777 1394; x_wconf 85' lang='lat' dir='ltr'><strong>consilia,</strong></span> <span class='ocrx_word' id='word_1_304' title='bbox 1803 1358 1901 1397; x_wconf 83' lang='lat' dir='ltr'><strong>quae</strong></span> 
     </span>
     <span class='ocr_line' id='line_1_67' title="bbox 1066 1401 1641 1456; baseline -0.003 -13"><span class='ocrx_word' id='word_1_305' title='bbox 1066 1415 1155 1444; x_wconf 92' lang='lat' dir='ltr'><strong>non</strong></span> <span class='ocrx_word' id='word_1_306' title='bbox 1174 1405 1414 1456; x_wconf 91' lang='lat' dir='ltr'><strong>potuerunt</strong></span> <span class='ocrx_word' id='word_1_307' title='bbox 1434 1401 1641 1444; x_wconf 91' lang='lat' dir='ltr'><strong>stabilire.</strong></span> 
     </span>
    </p>

    <p class='ocr_par' dir='ltr' id='par_1_26' title="bbox 1065 1457 1903 1614">
     <span class='ocr_line' id='line_1_68' title="bbox 1119 1457 1902 1511; baseline -0.004 -11"><span class='ocrx_word' id='word_1_308' title='bbox 1119 1459 1336 1510; x_wconf 83' lang='lat' dir='ltr'><strong>Quoniam</strong></span> <span class='ocrx_word' id='word_1_309' title='bbox 1372 1471 1512 1511; x_wconf 92' lang='lat' dir='ltr'><strong>pones</strong></span> <span class='ocrx_word' id='word_1_310' title='bbox 1549 1471 1627 1499; x_wconf 89' lang='lat' dir='ltr'><strong>eos</strong></span> <span class='ocrx_word' id='word_1_311' title='bbox 1660 1457 1856 1498; x_wconf 89' lang='lat' dir='ltr'><strong>dorsum:</strong></span> <span class='ocrx_word' id='word_1_312' title='bbox 1879 1458 1902 1483; x_wconf 86' lang='lat'>*</span> 
     </span>
     <span class='ocr_line' id='line_1_69' title="bbox 1065 1513 1903 1568; baseline -0.002 -12"><span class='ocrx_word' id='word_1_313' title='bbox 1065 1516 1110 1556; x_wconf 87' lang='lat' dir='ltr'><strong>in</strong></span> <span class='ocrx_word' id='word_1_314' title='bbox 1127 1515 1324 1568; x_wconf 88' lang='lat' dir='ltr'><strong>reliquiis</strong></span> <span class='ocrx_word' id='word_1_315' title='bbox 1342 1516 1430 1557; x_wconf 88' lang='lat' dir='ltr'><strong>tuis</strong></span> <span class='ocrx_word' id='word_1_316' title='bbox 1444 1513 1718 1568; x_wconf 65' lang='lat' dir='ltr'><strong>praeparabis</strong></span> <span class='ocrx_word' id='word_1_317' title='bbox 1734 1513 1903 1555; x_wconf 90' lang='lat' dir='ltr'><strong>vultum</strong></span> 
     </span>
     <span class='ocr_line' id='line_1_70' title="bbox 1066 1574 1231 1614; baseline -0.006 0"><span class='ocrx_word' id='word_1_318' title='bbox 1066 1574 1231 1614; x_wconf 83' lang='lat' dir='ltr'><strong>eorum.</strong></span> 
     </span>
    </p>

    <p class='ocr_par' dir='ltr' id='par_1_27' title="bbox 1065 1622 1903 1733">
     <span class='ocr_line' id='line_1_71' title="bbox 1117 1622 1903 1666; baseline -0.004 -1"><span class='ocrx_word' id='word_1_319' title='bbox 1117 1624 1325 1666; x_wconf 77' lang='lat' dir='ltr'><strong>Exaltare</strong></span> <span class='ocrx_word' id='word_1_320' title='bbox 1335 1624 1434 1666; x_wconf 79' lang='lat' dir='ltr'><strong>Dfie</strong></span> <span class='ocrx_word' id='word_1_321' title='bbox 1447 1624 1491 1665; x_wconf 93' lang='lat' dir='ltr'><strong>in</strong></span> <span class='ocrx_word' id='word_1_322' title='bbox 1503 1624 1666 1665; x_wconf 81' lang='lat' dir='ltr'><strong>virtute</strong></span> <span class='ocrx_word' id='word_1_323' title='bbox 1676 1627 1766 1664; x_wconf 91' lang='lat' dir='ltr'><strong>tua:</strong></span> <span class='ocrx_word' id='word_1_324' title='bbox 1776 1622 1799 1648; x_wconf 87' lang='lat'>*</span> <span class='ocrx_word' id='word_1_325' title='bbox 1812 1635 1903 1663; x_wconf 88' lang='lat' dir='ltr'><strong>can-</strong></span> 
     </span>
     <span class='ocr_line' id='line_1_72' title="bbox 1065 1680 1902 1733; baseline -0.005 -11"><span class='ocrx_word' id='word_1_326' title='bbox 1065 1681 1257 1723; x_wconf 80' lang='lat' dir='ltr'><strong>tabimus</strong></span> <span class='ocrx_word' id='word_1_327' title='bbox 1276 1685 1319 1722; x_wconf 88' lang='lat' dir='ltr'><strong>et</strong></span> <span class='ocrx_word' id='word_1_328' title='bbox 1337 1680 1575 1733; x_wconf 80' lang='lat' dir='ltr'><strong>psallemus</strong></span> <span class='ocrx_word' id='word_1_329' title='bbox 1591 1680 1777 1721; x_wconf 80' lang='lat' dir='ltr'><strong>virtutes</strong></span> <span class='ocrx_word' id='word_1_330' title='bbox 1792 1683 1902 1720; x_wconf 91' lang='lat' dir='ltr'><strong>tuas.</strong></span> 
     </span>
    </p>

    <p class='ocr_par' dir='ltr' id='par_1_28' title="bbox 1065 1735 1902 2069">
     <span class='ocr_line' id='line_1_73' title="bbox 1119 1735 1902 1786; baseline -0.004 -8"><span class='ocrx_word' id='word_1_331' title='bbox 1119 1738 1220 1779; x_wconf 89' lang='lat' dir='ltr'><strong>Ant.</strong></span> <span class='ocrx_word' id='word_1_332' title='bbox 1255 1736 1522 1779; x_wconf 75' lang='lat' dir='ltr'><strong>Admenitus</strong></span> <span class='ocrx_word' id='word_1_333' title='bbox 1549 1737 1594 1777; x_wconf 90' lang='lat' dir='ltr'><strong>in</strong></span> <span class='ocrx_word' id='word_1_334' title='bbox 1622 1735 1802 1786; x_wconf 87' lang='lat' dir='ltr'><strong>somnis,</strong></span> <span class='ocrx_word' id='word_1_335' title='bbox 1830 1735 1855 1775; x_wconf 90' lang='lat' dir='ltr'><strong>J</strong></span> <span class='ocrx_word' id='word_1_336' title='bbox 1858 1747 1902 1776; x_wconf 96' lang='lat' dir='ltr'><strong>o-</strong></span> 
     </span>
     <span class='ocr_line' id='line_1_74' title="bbox 1066 1791 1902 1846; baseline -0.002 -12"><span class='ocrx_word' id='word_1_337' title='bbox 1066 1793 1177 1846; x_wconf 93' lang='lat' dir='ltr'><strong>seph</strong></span> <span class='ocrx_word' id='word_1_338' title='bbox 1197 1793 1379 1835; x_wconf 90' lang='lat' dir='ltr'><strong>secessit</strong></span> <span class='ocrx_word' id='word_1_339' title='bbox 1396 1794 1441 1834; x_wconf 90' lang='lat' dir='ltr'><strong>in</strong></span> <span class='ocrx_word' id='word_1_340' title='bbox 1459 1798 1609 1846; x_wconf 90' lang='lat' dir='ltr'><strong>partes</strong></span> <span class='ocrx_word' id='word_1_341' title='bbox 1630 1791 1838 1841; x_wconf 82' lang='lat' dir='ltr'><strong>Galilaeae,</strong></span> <span class='ocrx_word' id='word_1_342' title='bbox 1859 1795 1902 1832; x_wconf 88' lang='lat' dir='ltr'><strong>et</strong></span> 
     </span>
     <span class='ocr_line' id='line_1_75' title="bbox 1067 1848 1902 1899; baseline -0.005 -8"><span class='ocrx_word' id='word_1_343' title='bbox 1067 1850 1247 1891; x_wconf 89' lang='lat' dir='ltr'><strong>veniens</strong></span> <span class='ocrx_word' id='word_1_344' title='bbox 1275 1849 1491 1892; x_wconf 82' lang='lat' dir='ltr'><strong>habitavit</strong></span> <span class='ocrx_word' id='word_1_345' title='bbox 1521 1850 1566 1890; x_wconf 89' lang='lat' dir='ltr'><strong>in</strong></span> <span class='ocrx_word' id='word_1_346' title='bbox 1594 1848 1773 1890; x_wconf 80' lang='lat' dir='ltr'><strong>civitate</strong></span> <span class='ocrx_word' id='word_1_347' title='bbox 1802 1860 1902 1899; x_wconf 88' lang='lat' dir='ltr'><strong>quae</strong></span> 
     </span>
     <span class='ocr_line' id='line_1_76' title="bbox 1065 1904 1902 1957; baseline -0.004 -10"><span class='ocrx_word' id='word_1_348' title='bbox 1065 1908 1251 1948; x_wconf 81' lang='lat' dir='ltr'><strong>vocatur</strong></span> <span class='ocrx_word' id='word_1_349' title='bbox 1264 1906 1503 1957; x_wconf 73' lang='lat' dir='ltr'><strong>Nazareth3</strong></span> <span class='ocrx_word' id='word_1_350' title='bbox 1522 1911 1572 1948; x_wconf 91' lang='lat' dir='ltr'><strong>ut</strong></span> <span class='ocrx_word' id='word_1_351' title='bbox 1587 1904 1902 1957; x_wconf 81' lang='lat' dir='ltr'><strong>adimpleretur</strong></span> 
     </span>
     <span class='ocr_line' id='line_1_77' title="bbox 1067 1960 1901 2015; baseline -0.006 -11"><span class='ocrx_word' id='word_1_352' title='bbox 1067 1962 1188 2014; x_wconf 93' lang='lat' dir='ltr'><strong>quod</strong></span> <span class='ocrx_word' id='word_1_353' title='bbox 1222 1961 1388 2004; x_wconf 91' lang='lat' dir='ltr'><strong>dictum</strong></span> <span class='ocrx_word' id='word_1_354' title='bbox 1423 1968 1491 2004; x_wconf 92' lang='lat' dir='ltr'><strong>est</strong></span> <span class='ocrx_word' id='word_1_355' title='bbox 1523 1976 1604 2015; x_wconf 90' lang='lat' dir='ltr'><strong>per</strong></span> <span class='ocrx_word' id='word_1_356' title='bbox 1636 1960 1901 2013; x_wconf 83' lang='lat' dir='ltr'><strong>Prophetas:</strong></span> 
     </span>
     <span class='ocr_line' id='line_1_78' title="bbox 1067 2017 1805 2069; baseline -0.005 -9"><span class='ocrx_word' id='word_1_357' title='bbox 1067 2019 1285 2069; x_wconf 77' lang='lat' dir='ltr'><strong>Queniam</strong></span> <span class='ocrx_word' id='word_1_358' title='bbox 1303 2020 1544 2061; x_wconf 79' lang='lat' dir='ltr'><strong>Nazaraeus</strong></span> <span class='ocrx_word' id='word_1_359' title='bbox 1564 2017 1805 2061; x_wconf 84' lang='lat' dir='ltr'><strong>vocabitur.</strong></span> 
     </span>
    </p>

    <p class='ocr_par' dir='ltr' id='par_1_29' title="bbox 1120 2075 1632 2130">
     <span class='ocr_line' id='line_1_79' title="bbox 1120 2075 1632 2130; baseline 0.002 -15"><span class='ocrx_word' id='word_1_360' title='bbox 1120 2075 1219 2116; x_wconf 85' lang='lat' dir='ltr'><strong>Ant.</strong></span> <span class='ocrx_word' id='word_1_361' title='bbox 1243 2076 1353 2118; x_wconf 84' lang='lat' dir='ltr'><strong>Erat</strong></span> <span class='ocrx_word' id='word_1_362' title='bbox 1371 2081 1499 2130; x_wconf 90' lang='lat' dir='ltr'><strong>pater</strong></span> <span class='ocrx_word' id='word_1_363' title='bbox 1517 2077 1542 2117; x_wconf 87' lang='lat' dir='ltr'><strong>J</strong></span> <span class='ocrx_word' id='word_1_364' title='bbox 1545 2089 1632 2118; x_wconf 89' lang='lat' dir='ltr'><strong>esu.</strong></span> 
     </span>
    </p>

    <p class='ocr_par' dir='ltr' id='par_1_30' title="bbox 1066 2136 1900 2352">
     <span class='ocr_line' id='line_1_80' title="bbox 1336 2136 1628 2178; baseline -0.003 -1"><span class='ocrx_word' id='word_1_365' title='bbox 1336 2136 1535 2178; x_wconf 87' lang='lat' dir='ltr'><strong>Psalmus</strong></span> <span class='ocrx_word' id='word_1_366' title='bbox 1564 2137 1628 2176; x_wconf 84' lang='lat'><strong>23.</strong></span> 
     </span>
     <span class='ocr_line' id='line_1_81' title="bbox 1158 2184 1898 2238; baseline -0.005 -8"><span class='ocrx_word' id='word_1_367' title='bbox 1158 2188 1292 2229; x_wconf 79' lang='lat' dir='ltr'><strong>emini</strong></span> <span class='ocrx_word' id='word_1_368' title='bbox 1324 2193 1391 2230; x_wconf 89' lang='lat' dir='ltr'><strong>est</strong></span> <span class='ocrx_word' id='word_1_369' title='bbox 1419 2194 1556 2236; x_wconf 85' lang='lat' dir='ltr'><strong>terra,</strong></span> <span class='ocrx_word' id='word_1_370' title='bbox 1594 2191 1638 2228; x_wconf 91' lang='lat' dir='ltr'><strong>et</strong></span> <span class='ocrx_word' id='word_1_371' title='bbox 1668 2184 1898 2238; x_wconf 80' lang='lat' dir='ltr'><strong>plenitudo</strong></span> 
     </span>
     <span class='ocr_line' id='line_1_82' title="bbox 1171 2242 1900 2297; baseline -0.005 -11"><span class='ocrx_word' id='word_1_372' title='bbox 1171 2246 1278 2297; x_wconf 91' lang='lat' dir='ltr'><strong>ejus:</strong></span> <span class='ocrx_word' id='word_1_373' title='bbox 1297 2246 1321 2272; x_wconf 87' lang='lat'>*</span> <span class='ocrx_word' id='word_1_374' title='bbox 1347 2244 1467 2286; x_wconf 89' lang='lat' dir='ltr'><strong>orbis</strong></span> <span class='ocrx_word' id='word_1_375' title='bbox 1486 2245 1718 2292; x_wconf 77' lang='lat' dir='ltr'><strong>terrarum,</strong></span> <span class='ocrx_word' id='word_1_376' title='bbox 1748 2247 1792 2283; x_wconf 90' lang='lat' dir='ltr'><strong>et</strong></span> <span class='ocrx_word' id='word_1_377' title='bbox 1809 2242 1900 2282; x_wconf 92' lang='lat' dir='ltr'><strong>uni-</strong></span> 
     </span>
     <span class='ocr_line' id='line_1_83' title="bbox 1066 2300 1646 2352; baseline -0.002 -11"><span class='ocrx_word' id='word_1_378' title='bbox 1066 2301 1182 2341; x_wconf 90' lang='lat' dir='ltr'><strong>versi</strong></span> <span class='ocrx_word' id='word_1_379' title='bbox 1203 2301 1277 2352; x_wconf 94' lang='lat' dir='ltr'><strong>qui</strong></span> <span class='ocrx_word' id='word_1_380' title='bbox 1296 2300 1497 2342; x_wconf 74' lang='lat' dir='ltr'><strong>habitant</strong></span> <span class='ocrx_word' id='word_1_381' title='bbox 1516 2300 1560 2340; x_wconf 91' lang='lat' dir='ltr'><strong>in</strong></span> <span class='ocrx_word' id='word_1_382' title='bbox 1581 2312 1646 2341; x_wconf 92' lang='lat' dir='ltr'><strong>eo.</strong></span> 
     </span>
    </p>

    <p class='ocr_par' dir='ltr' id='par_1_31' title="bbox 1066 2354 1902 2510">
     <span class='ocr_line' id='line_1_84' title="bbox 1120 2354 1902 2409; baseline -0.003 -12"><span class='ocrx_word' id='word_1_383' title='bbox 1120 2357 1232 2406; x_wconf 86' lang='lat' dir='ltr'><strong>Quia</strong></span> <span class='ocrx_word' id='word_1_384' title='bbox 1254 2357 1351 2409; x_wconf 89' lang='lat' dir='ltr'><strong>ipse</strong></span> <span class='ocrx_word' id='word_1_385' title='bbox 1379 2369 1512 2408; x_wconf 88' lang='lat' dir='ltr'><strong>super</strong></span> <span class='ocrx_word' id='word_1_386' title='bbox 1536 2355 1675 2396; x_wconf 80' lang='lat' dir='ltr'><strong>maria</strong></span> <span class='ocrx_word' id='word_1_387' title='bbox 1700 2354 1902 2397; x_wconf 79' lang='lat' dir='ltr'><strong>fundavit</strong></span> 
     </span>
     <span class='ocr_line' id='line_1_85' title="bbox 1066 2412 1900 2465; baseline -0.002 -11"><span class='ocrx_word' id='word_1_388' title='bbox 1066 2426 1181 2454; x_wconf 86' lang='lat' dir='ltr'><strong>eum:</strong></span> <span class='ocrx_word' id='word_1_389' title='bbox 1207 2413 1231 2438; x_wconf 86' lang='lat'>*</span> <span class='ocrx_word' id='word_1_390' title='bbox 1256 2418 1300 2454; x_wconf 92' lang='lat' dir='ltr'><strong>et</strong></span> <span class='ocrx_word' id='word_1_391' title='bbox 1325 2425 1459 2465; x_wconf 88' lang='lat' dir='ltr'><strong>super</strong></span> <span class='ocrx_word' id='word_1_392' title='bbox 1479 2412 1658 2453; x_wconf 81' lang='lat' dir='ltr'><strong>flumina</strong></span> <span class='ocrx_word' id='word_1_393' title='bbox 1677 2412 1900 2464; x_wconf 77' lang='lat' dir='ltr'><strong>praepara—</strong></span> 
     </span>
     <span class='ocr_line' id='line_1_86' title="bbox 1066 2469 1261 2510; baseline -0.005 0"><span class='ocrx_word' id='word_1_394' title='bbox 1066 2469 1130 2510; x_wconf 87' lang='lat' dir='ltr'><strong>vit</strong></span> <span class='ocrx_word' id='word_1_395' title='bbox 1149 2481 1261 2510; x_wconf 91' lang='lat' dir='ltr'><strong>eum.</strong></span> 
     </span>
    </p>

    <p class='ocr_par' dir='ltr' id='par_1_32' title="bbox 1066 2522 1899 2633">
     <span class='ocr_line' id='line_1_87' title="bbox 1119 2522 1899 2575; baseline -0.003 -9"><span class='ocrx_word' id='word_1_396' title='bbox 1119 2525 1227 2575; x_wconf 84' lang='lat' dir='ltr'><strong>Quis</strong></span> <span class='ocrx_word' id='word_1_397' title='bbox 1248 2524 1457 2566; x_wconf 87' lang='lat' dir='ltr'><strong>ascendet</strong></span> <span class='ocrx_word' id='word_1_398' title='bbox 1475 2525 1520 2565; x_wconf 89' lang='lat' dir='ltr'><strong>in</strong></span> <span class='ocrx_word' id='word_1_399' title='bbox 1537 2529 1734 2566; x_wconf 93' lang='lat' dir='ltr'><strong>montem</strong></span> <span class='ocrx_word' id='word_1_400' title='bbox 1750 2522 1860 2565; x_wconf 79' lang='lat' dir='ltr'><strong>Dfii?</strong></span> <span class='ocrx_word' id='word_1_401' title='bbox 1875 2524 1899 2550; x_wconf 85' lang='lat'>*</span> 
     </span>
     <span class='ocr_line' id='line_1_88' title="bbox 1066 2579 1898 2633; baseline -0.001 -11"><span class='ocrx_word' id='word_1_402' title='bbox 1066 2586 1142 2623; x_wconf 92' lang='lat' dir='ltr'><strong>aut</strong></span> <span class='ocrx_word' id='word_1_403' title='bbox 1158 2581 1255 2633; x_wconf 90' lang='lat' dir='ltr'><strong>quis</strong></span> <span class='ocrx_word' id='word_1_404' title='bbox 1271 2581 1404 2623; x_wconf 90' lang='lat' dir='ltr'><strong>stabit</strong></span> <span class='ocrx_word' id='word_1_405' title='bbox 1422 2581 1467 2621; x_wconf 91' lang='lat' dir='ltr'><strong>in</strong></span> <span class='ocrx_word' id='word_1_406' title='bbox 1485 2580 1586 2622; x_wconf 93' lang='lat' dir='ltr'><strong>loco</strong></span> <span class='ocrx_word' id='word_1_407' title='bbox 1605 2586 1758 2622; x_wconf 90' lang='lat' dir='ltr'><strong>sancto</strong></span> <span class='ocrx_word' id='word_1_408' title='bbox 1780 2579 1898 2633; x_wconf 83' lang='lat' dir='ltr'><strong>ejus?</strong></span> 
     </span>
    </p>

    <p class='ocr_par' dir='ltr' id='par_1_33' title="bbox 1067 2635 1898 2746">
     <span class='ocr_line' id='line_1_89' title="bbox 1118 2635 1898 2680; baseline -0.004 1"><span class='ocrx_word' id='word_1_409' title='bbox 1118 2640 1336 2680; x_wconf 89' lang='lat' dir='ltr'><strong>Innocens</strong></span> <span class='ocrx_word' id='word_1_410' title='bbox 1385 2636 1588 2678; x_wconf 78' lang='lat' dir='ltr'><strong>manibus</strong></span> <span class='ocrx_word' id='word_1_411' title='bbox 1639 2642 1683 2678; x_wconf 90' lang='lat' dir='ltr'><strong>et</strong></span> <span class='ocrx_word' id='word_1_412' title='bbox 1733 2635 1898 2678; x_wconf 93' lang='lat' dir='ltr'><strong>mundo</strong></span> 
     </span>
     <span class='ocr_line' id='line_1_90' title="bbox 1067 2693 1898 2746; baseline -0.005 -9"><span class='ocrx_word' id='word_1_413' title='bbox 1067 2696 1216 2744; x_wconf 81' lang='lat' dir='ltr'><strong>corde,</strong></span> <span class='ocrx_word' id='word_1_414' title='bbox 1241 2695 1265 2720; x_wconf 83' lang='grc'>*</span> <span class='ocrx_word' id='word_1_415' title='bbox 1295 2694 1370 2746; x_wconf 90' lang='lat' dir='ltr'><strong>qui</strong></span> <span class='ocrx_word' id='word_1_416' title='bbox 1395 2706 1485 2735; x_wconf 94' lang='lat' dir='ltr'><strong>non</strong></span> <span class='ocrx_word' id='word_1_417' title='bbox 1513 2693 1685 2745; x_wconf 86' lang='lat' dir='ltr'><strong>accepit</strong></span> <span class='ocrx_word' id='word_1_418' title='bbox 1712 2693 1756 2734; x_wconf 92' lang='lat' dir='ltr'><strong>in</strong></span> <span class='ocrx_word' id='word_1_419' title='bbox 1783 2705 1898 2734; x_wconf 88' lang='lat' dir='ltr'><strong>vano</strong></span> 
     </span>
    </p>
   </div>
   <div class='ocr_carea' id='block_1_10' title="bbox 117 123 1958 2808">
    <p class='ocr_par' dir='ltr' id='par_1_34' title="bbox 117 123 1958 2808">
     <span class='ocr_line' id='line_1_91' title="bbox 117 123 1958 2808; baseline 0 0"><span class='ocrx_word' id='word_1_420' title='bbox 117 123 1958 2808; x_wconf 95' lang='lat' dir='ltr'><strong> </strong></span> 
     </span>
    </p>
   </div>
  </div>
 </body>
</html>
