2066 2904
616 160 688 195 Die
711 160 742 194 3.
766 159 867 200 Maii.
914 159 955 192 In
980 158 1206 192 Inventione
1231 156 1266 191 S.
1292 156 1437 191 Crucis.

171 262 261 299 tem
291 259 511 299 catervam
534 257 579 298 in
602 257 689 298 tuis
712 256 845 299 hodie
863 257 997 299 laudi-

171 314 254 356 bus
273 313 593 366 congregatam,
614 313 795 366 alleluja,
816 314 998 366 alleluja.

503 375 666 416 Oratio.

257 439 344 477 eus,
369 427 443 480 qui
466 427 511 468 in
530 427 743 480 praeclara
762 428 998 470 salutiferae

277 483 428 525 Crucis
469 484 736 535 inventione,
781 485 998 537 passionis

172 545 261 581 tuae
287 540 496 582 miracula
524 541 758 583 suscitasti:
787 541 998 592 concede:

172 601 220 638 ut
239 596 382 638 vitalis
400 597 505 648 ligni
522 598 678 650 pretio,
699 599 876 640 aeternae
896 598 999 640 vitae

174 651 379 708 suffragia
404 656 738 707 consequamur:
772 655 856 706 Qui
878 655 999 696 vivis.

223 717 270 751 Et
293 716 333 750 fit
358 725 553 750 commem.
579 713 742 757 praeced.

225 765 323 805 Ant.
346 763 383 804 O
403 763 574 806 Doctor
593 764 768 817 optime,
788 764 1000 806 Ecclesiae

175 824 338 862 sanctae
356 820 517 871 lumen,
536 820 666 863 beate
684 821 913 870 Athanasi‚
939 820 999 862 di-

174 879 287 918 vinae
310 876 419 928 legis
442 879 631 928 amator,
659 877 898 931 deprecare
918 890 1000 930 pro

174 933 302 975 nobis
320 933 478 975 Filium
495 934 590 985 Dei,
610 935 791 988 alleluja.

226 983 278 1036 V.
295 990 319 1031 J
321 995 467 1032 ustum
486 990 669 1034 deduxit
687 992 902 1033 Dominus
922 1004 1002 1044 per

174 1046 267 1088 vias
282 1051 436 1097 rectas,
456 1047 638 1100 alleluja.
664 1053 716 1103 R.
735 1049 791 1091 Et
811 1048 1003 1091 ostendit

175 1102 238 1144 illi
256 1116 438 1155 regnum
455 1103 551 1154 Dei,
570 1104 752 1157 alleluja.

225 1162 387 1204 Oratio.
417 1159 600 1203 Exaudi.
629 1169 675 1204 ut
694 1176 837 1216 supra.
869 1163 970 1202 480.

338 1243 426 1285 Ad.
451 1245 840 1288 matutinum.

225 1308 349 1350 Invit.
389 1306 610 1350 Christum
637 1309 808 1359 Regem
836 1304 1002 1347 crucifi-

177 1373 295 1410 xum,
318 1365 342 1390 *
363 1362 523 1406 Venite
547 1364 796 1414 adoremuS,
823 1361 1004 1412 alleluia.

228 1420 297 1461 Ps.
317 1421 483 1470 Venite,
501 1421 777 1463 exsultemus.
796 1420 832 1460 2.

403 1503 406 1509 ·
484 1482 694 1534 Hymnus.

311 1550 422 1588 ange
440 1538 587 1591 lingua
605 1539 786 1591 gloriosi

329 1594 547 1637 Lauream
566 1596 826 1645 certaminis,

281 1651 337 1693 Et
356 1665 488 1705 super
508 1653 659 1695 Crucis
678 1652 881 1706 trophaeo

279 1708 362 1750 Dic
380 1709 649 1762 triumphum
666 1709 873 1751 nobilem:

281 1765 478 1815 Qualiter
497 1766 771 1819 Redemptor
791 1766 909 1808 orbis

281 1821 536 1864 Immolatus
556 1823 720 1865 vicerit.

230 1886 297 1928 De
314 1887 513 1930 Parentis
533 1888 798 1941 protoplasti

242 1947 246 1951 ’
278 1943 451 1986 Fraude
468 1945 630 1987 Factor
650 1944 900 1995 condolens,

281 2000 467 2050 Quando
485 2002 606 2054 pomi
624 2001 811 2043 noxialis

281 2055 332 2096 In
350 2070 502 2099 necem
519 2071 670 2100 morsu
688 2057 791 2100 ruit:

283 2113 387 2165 Ipse
406 2114 571 2165 lignum
587 2121 691 2157 tunc
708 2116 888 2165 notavit,

281 2169 452 2212 Damna
469 2171 575 2223 ligni
593 2178 641 2214 ut
660 2173 862 2215 solveret.

233 2236 328 2277 Hoc
346 2249 458 2289 opus
476 2242 641 2279 nostrae
660 2237 813 2279 salutis

283 2293 405 2335 Ordo
426 2293 763 2347 depoposcerat3

281 2349 559 2392 Multiformis
578 2351 817 2404 proditoris

281 2406 367 2447 Ars
386 2411 434 2448 ut
453 2413 591 2450 artem
609 2409 791 2458 falleret,

276 2462 332 2504 Et
349 2463 566 2505 medelam
584 2465 717 2507 ferret
739 2464 850 2515 inde,

283 2519 435 2561 Hostis
453 2519 569 2562 unde
587 2521 772 2563 laeserat.

234 2584 424 2633 Quando
436 2586 555 2627 venit
574 2599 678 2637 ergo
699 2587 812 2627 sacri

283 2640 514 2683 Plenitudo
533 2643 756 2695 temporis,

285 2696 444 2739 Missus
463 2703 530 2740 est
548 2698 604 2740 ab
624 2712 724 2740 arce
742 2699 883 2740 Patris

1153 257 1307 307 Natus⁷
1327 257 1446 299 orbis
1468 258 1698 308 Conditor3

1154 312 1303 365 Atque
1322 319 1473 356 ventre
1493 314 1694 366 virginali

1155 369 1295 411 Carne
1315 372 1498 412 amictus
1517 370 1694 424 prodiit.

1108 435 1236 486 Vagit
1253 435 1394 476 infans
1412 435 1525 477 inter
1544 440 1665 478 arcta

1154 491 1367 534 Conditus
1386 493 1622 546 praesepia:

1155 549 1354 591 Membra
1371 550 1527 603 pannis
1546 550 1747 592 involuta

1154 606 1292 657 Virgo
1310 607 1452 648 Mater
1472 606 1635 658 alligat:

1154 664 1211 705 Et
1229 663 1313 705 Dei
1331 677 1485 706 manus
1503 665 1731 718 pedesque

1154 721 1313 762 Stricta
1333 721 1466 772 cingit
1484 721 1631 763 fascia.

1105 787 1378 840 Sempiterna
1397 788 1454 830 sit
1472 788 1616 830 beatae

1157 844 1361 886 Trinitati
1380 845 1529 896 gloria,

1157 901 1305 953 AEqua
1323 901 1454 952 Patri,
1474 902 1689 955 Filioque;

1156 958 1242 999 Par
1261 958 1396 1000 decus
1415 959 1650 1001 Paraclito:

1160 1015 1295 1057 Unius
1314 1015 1525 1068 Trinique
1545 1030 1704 1058 nomen

1158 1071 1328 1114 Laudet
1346 1073 1618 1114 universitas.
1645 1073 1797 1115 Amen.

1296 1143 1345 1182 In
1363 1144 1393 1182 I.
1417 1144 1453 1183 N
1454 1144 1640 1183 octurno.

1108 1209 1206 1249 Ant.
1238 1209 1431 1249 Inventae
1452 1208 1604 1250 Crucis
1630 1208 1742 1250 festa
1764 1211 1884 1250 reco-

1054 1264 1193 1314 limus,
1214 1265 1334 1316 cujus
1349 1265 1620 1318 praeconium
1635 1265 1887 1306 universum

1056 1334 1135 1373 per
1167 1320 1320 1362 orbem
1350 1322 1527 1363 micanti
1551 1322 1713 1363 lumine
1739 1322 1885 1373 fulget,

1057 1377 1237 1430 alleluja.

1108 1444 1253 1478 Psalmi
1282 1449 1322 1479 ut
1353 1445 1391 1478 in
1420 1444 1446 1479 Ι.
1473 1444 1581 1479 Noct.
1609 1445 1655 1479 de
1681 1445 1885 1479 Communi

1057 1493 1170 1526 unius
1194 1492 1386 1537 Martyris.
1409 1491 1478 1536 [25]

1107 1542 1159 1592 V.
1199 1545 1300 1586 Hoc
1337 1545 1508 1596 signum
1543 1545 1694 1586 Crucis
1728 1545 1810 1586 erit
1841 1544 1885 1584 in

1058 1601 1190 1650 coelo‚
1223 1601 1406 1654 alleluja.
1446 1603 1496 1655 Rz.
1529 1601 1639 1643 Cum
1670 1601 1885 1643 Dominus

1057 1658 1114 1699 ad
1132 1658 1413 1711 judicandum
1432 1659 1613 1709 venerit,
1633 1658 1814 1710 alleluja.

1056 1730 1125 1769 De
1152 1727 1354 1781 Epistola
1382 1727 1501 1769 beati
1526 1727 1652 1768 Pauli
1680 1727 1886 1780 Apostoli

1340 1784 1397 1827 ad
1417 1784 1610 1826 Galatas.

1152 1846 1304 1888 Lectio
1324 1847 1347 1887 i.
1581 1845 1684 1898 Cap.
1700 1846 1735 1884 3.
1752 1844 1790 1885 b.

1060 1906 1743 2006 Ὕᾳὲἓιξᾊὲῗέἆὲἒῒῗ
1775 1907 1884 2005 ὲῗιῗῗ

1057 2013 1138 2044 χ·
1156 2016 1177 2050 'T‘3
1197 2022 1417 2074 Scriptum
1450 2026 1517 2063 est
1544 2021 1672 2062 enim:
1707 2020 1884 2061 Maledi-

1057 2081 1151 2118 ctus
1180 2079 1338 2127 omnis‚
1376 2078 1450 2130 qui
1478 2077 1885 2129 nonpermanserit

1055 2133 1099 2173 in
1128 2134 1346 2184 omnibus,
1382 2147 1481 2187 quae
1515 2134 1679 2186 scripta
1713 2138 1815 2174 sunt
1842 2133 1884 2173 in

1056 2189 1189 2232 Libro
1218 2190 1326 2242 legis
1348 2196 1396 2233 ut
1418 2191 1547 2232 faciat
1567 2203 1628 2231 ea.
1670 2189 1885 2240 Quoniam

1057 2251 1203 2289 autem
1248 2248 1290 2288 in
1326 2248 1424 2299 lege
1460 2260 1590 2288 nemo
1627 2246 1885 2298 justificatur

1057 2303 1175 2356 apud
1193 2305 1352 2355 Deum,
1376 2304 1651 2345 manifestum
1675 2307 1756 2343 est:
1783 2303 1896 2354 quia·

1057 2361 1193 2411 iustus
1228 2374 1283 2402 ex
1317 2359 1406 2402 fide
1443 2360 1560 2401 vivit.
1612 2359 1706 2400 Lex
1738 2364 1884 2400 autem

1057 2430 1144 2458 non
1164 2423 1231 2459 est
1252 2430 1305 2459 ex
1324 2417 1427 2466 fide,
1451 2415 1530 2458 sed
1549 2415 1633 2465 Qui
1652 2415 1803 2457 fecerit
1822 2428 1884 2465 ea,

1057 2474 1174 2516 vivet
1191 2475 1235 2515 in
1253 2474 1348 2515 illis.
1378 2473 1576 2515 Christus
1595 2485 1676 2513 nos
1699 2471 1884 2514 redemit

1057 2530 1112 2572 de
1130 2530 1365 2572 maledicto
1383 2529 1510 2580 legis,
1536 2529 1675 2570 factus
1700 2541 1782 2581 pro
1809 2541 1882 2570 no-

1056 2587 1123 2629 bis
1141 2587 1435 2628 maledictum:
1456 2585 1558 2638 quia
1574 2586 1784 2638 scriptum
1804 2591 1884 2627 est:

1056 2643 1316 2685 Maledictus
1353 2642 1493 2683 omnis
1530 2641 1605 2694 qui
1640 2641 1805 2694 pendet
1840 2642 1884 2682 in

1057 2699 1190 2750 ligno:
1226 2704 1274 2740 ut
1311 2699 1354 2738 in
1385 2697 1600 2740 Gentibus
1634 2697 1883 2740 benedictio
