2066 2956
777 231 815 263 1η
844 230 1096 263 Dedicat-ione
1122 230 1317 263 Ecclesiae.

198 321 390 374 populus
409 333 548 369 meus,
573 333 706 373 super
726 333 838 373 quos
856 323 1030 363 invoca-

197 382 291 418 tum
311 381 379 417 est
397 389 557 417 nomen
576 389 738 426 meum,
766 377 1031 431 deprecatus

198 445 267 474 me
283 432 424 481 fuerit,
442 437 486 473 et
501 433 757 484 exquisierit
771 433 929 475 faciem
943 447 1030 475 me-

198 501 285 537 am,
321 492 365 529 et
398 489 535 538 egerit
563 489 869 540 poenitentiam
897 503 922 531 a
949 490 1030 531 viis

198 545 287 586 suis
305 545 523 597 pessimis:
548 550 592 586 et
615 557 697 595 ego
723 546 954 588 exaudiam
974 546 1029 588 de

197 601 324 650 coelo,
344 606 388 642 et
406 601 625 654 propitius
646 614 722 643 ero
743 603 939 655 peccatis
959 605 1030 644 eo-

197 670 304 706 rum,
318 662 362 698 et
373 657 538 699 sandbo
549 662 713 699 terram
723 660 886 699 eorum.
903 658 1030 700 Oculi

198 726 375 766 quoque
394 714 480 754 mei
500 719 627 755 erunt
651 715 808 767 aperti,
834 720 877 756 et
900 728 1028 756 aures

195 783 306 811 meae
326 771 485 811 erectae
502 770 560 811 ad
580 771 826 812 oraticnem
845 771 936 822 ejus
954 772 1030 823 qui

195 826 239 866 in
267 826 367 867 loco
394 826 480 867 isto
510 827 713 868 oraverit.
749 827 875 878 Elegi
902 827 1028 877 enim,

195 887 239 924 et
258 882 530 923 sanctificavi
554 882 701 923 locum
720 883 870 933 istum,
897 889 946 925 ut
971 884 1028 925 sit

195 951 355 980 nomen
378 951 525 979 meum
550 937 610 979 ibi
634 939 677 979 in
702 940 1027 992 sempiternum,

196 999 240 1036 et
274 996 562 1047 permaneant
598 995 715 1036 oculi
749 996 836 1037 mei
873 1001 916 1038 et
952 1009 1028 1037 cor

193 1064 340 1092 meum
359 1050 420 1092 ibi
439 1051 608 1092 cunctis
628 1051 794 1093 diebus.

252 1128 302 1179 R.
327 1123 522 1165 Benedic
547 1124 645 1165 Dfie
679 1124 861 1166 domum
880 1125 1027 1176 istam,

196 1192 327 1232 quam
365 1179 583 1221 aedificavi
618 1181 785 1221 n6mini
821 1186 913 1222 tuo:
956 1194 1026 1223 ve-

195 1236 406 1277 nientium
420 1236 463 1276 in
478 1235 578 1277 loco
594 1236 691 1285 isto,
706 1240 728 1263 *
742 1237 916 1278 Exaudi
930 1250 1026 1290 pre-

195 1304 268 1333 ces
304 1292 347 1332 in
386 1291 560 1333 excelso
598 1292 710 1334 solio
743 1292 895 1343 gloriae
926 1298 1026 1335 tuae.

199 1347 247 1398 δ”.
264 1348 465 1397 D6mine‚
485 1348 522 1388 si
542 1350 781 1390 conversus
801 1349 931 1390 fuerit
949 1351 1025 1402 po-

192 1403 322 1455 pulus
341 1408 459 1453 tuus,
479 1409 523 1444 et
543 1405 733 1446 oraverit
753 1404 809 1446 ad
829 1407 1025 1446 sanctua-

194 1459 306 1500 rium
329 1459 464 1500 tuum.
500 1459 685 1501 Exaudi.
725 1460 875 1503 Gloria
895 1461 1026 1502 Patri.

193 1514 375 1556 Exaudi.

431 1617 479 1655 In
499 1617 549 1655 11.
569 1618 792 1658 Nocturno.

252 1688 349 1728 Ant.
388 1689 487 1729 Non
520 1691 587 1728 est
619 1686 689 1728 hic
722 1686 856 1736 aliud,
888 1687 911 1712 *
943 1687 1026 1728 nisi

194 1742 352 1785 domus
370 1744 465 1792 Dei,
487 1748 530 1784 et
548 1748 679 1795 porta
696 1743 808 1784 coeli.

468 1821 667 1861 psalmus
697 1823 762 1861 83.

206 1890 217 1910 ³
231 1894 427 1983 ,2-3‘13311
453 1885 613 1950 dilecta
607 1885 922 1983 tdllbern*aCUIa
949 1891 1025 1954 tua

200 1973 204 1976 .
310 1993 312 1996 .
410 1955 526 1983 mme
540 1955 606 1983 V1r
677 1955 767 1983 um:
821 1954 1024 1995 concupl-

199 1999 216 2021 ⁷*
238 2000 279 2021 ἵ
339 1999 437 2047 scit,
466 2003 510 2039 et
534 1997 682 2039 deficit
701 1998 846 2039 anima
863 2011 962 2039 mea
980 1999 1025 2038 in

195 2055 305 2095 atria
323 2054 514 2095 D6mini.

247 2111 335 2151 Cor
353 2123 515 2159 meum,
535 2114 579 2151 et
599 2122 703 2151 caro
722 2122 822 2151 mea
840 2110 864 2136 *
884 2110 1024 2152 exsul·

193 2167 398 2207 taverunt
416 2167 460 2207 in
479 2167 624 2207 Deum
640 2166 799 2206 vivum.

246 2222 420 2264 Etenim
451 2234 605 2274 passer
636 2222 801 2263 invenit
834 2222 916 2264 sibi
949 2223 1025 2265 do-

194 2291 327 2319 mum:
351 2279 375 2304 *
398 2284 443 2320 et
469 2283 614 2320 turtur
641 2278 793 2320 nidum
818 2279 917 2328 sibi,
950 2279 1025 2321 ubi

193 2339 331 2385 ponat
350 2334 495 2387 pullos
515 2347 629 2375 suos.

246 2390 416 2431 Altaria
439 2396 516 2432 tua
534 2391 724 2432 D6mine
750 2391 976 2433 virtutum:
1001 2393 1024 2418 *

195 2457 272 2486 rex
290 2459 424 2495 meus,
444 2451 488 2488 et
507 2447 627 2488 Deus
646 2460 782 2488 meus.

248 2501 389 2550 Beati,
418 2503 492 2554 qui
510 2502 711 2544 habitant
730 2504 774 2544 in
796 2502 930 2545 domo
949 2509 1025 2545 tua

194 2555 396 2598 D6mine:
427 2560 451 2583 *
483 2559 527 2599 in
564 2559 726 2600 saecula
761 2559 1025 2601 saeculotum

196 2611 435 2654 laudabunt
453 2619 508 2655 te.

248 2667 412 2708 Beatus
444 2670 529 2718 vir,
562 2672 683 2722 cujus
716 2675 783 2712 est
816 2671 1024 2713 auxilium

196 2721 276 2763 abs
294 2727 353 2764 te:
372 2724 395 2748 ¹⁸¹
415 2727 695 2768 ascensiOnes
717 2728 761 2767 in
786 2728 920 2770 corde
945 2741 1024 2770 suo

1087 321 1324 374 disposuit,
1352 322 1396 363 in
1424 322 1538 364 valle
1565 323 1845 364 lacrimarum
1872 323 1915 364 in

1083 377 1195 427 loco,
1217 390 1347 429 quem
1366 379 1526 431 posuit.

1136 433 1310 475 Etenim
1333 433 1687 476 benedictionem
1713 434 1836 476 dabit
1857 434 1915 476 le-

1082 489 1281 540 gislator,
1310 490 1436 532 ibunt
1460 490 1516 532 de
1535 491 1696 532 virtute
1720 491 1765 531 in
1782 490 1915 532 virtu-

1081 550 1186 586 tem:
1209 546 1233 571 *
1259 546 1480 588 videbitur
1507 547 1629 588 Deus
1659 546 1844 588 dedrum
1871 546 1916 587 in

1081 601 1197 643 Sion.

1133 657 1323 699 D6mine
1355 659 1477 700 Deus
1509 658 1723 700 virtutum
1755 658 1915 700 exaudi

1083 713 1327 755 orati6nem
1352 727 1510 755 meam:
1530 714 1554 740 *
1573 714 1754 756 auribus
1776 715 1915 767 perci-

1081 782 1138 822 pe
1157 770 1279 811 Deus
1298 770 1450 811 Jacob.

1134 826 1368 867 Protector
1391 831 1543 868 noster
1566 826 1715 879 aspice
1737 826 1873 868 Deus:
1892 827 1917 854 *

1083 886 1127 923 et
1145 882 1316 934 respice
1334 882 1379 923 in
1397 882 1555 924 faciem
1575 882 1736 924 Christi
1754 883 1833 924 tui:

1135 938 1247 988 Quia
1265 938 1421 979 melior
1439 943 1506 980 est
1521 938 1616 981 dies
1634 951 1719 980 una
1734 938 1779 979 in
1794 938 1916 980 atriis

1081 993 1180 1043 tuis,
1199 994 1222 1019 *
1243 1006 1377 1046 super
1396 994 1543 1036 millia.

1132 1049 1258 1100 Elegi
1277 1049 1473 1102 abjectus
1493 1063 1590 1092 esse
1613 1050 1657 1091 in
1677 1050 1811 1092 domo
1831 1050 1916 1092 Dei

1081 1105 1182 1146 mei:
1200 1106 1224 1131 *
1243 1106 1382 1157 magis
1408 1119 1540 1159 quam
1563 1106 1762 1148 habitare
1784 1106 1830 1147 in
1852 1111 1915 1148 ta·
1980 1149 1987 1157 ,

1080 1160 1330 1202 bernaculis
1350 1164 1648 1214 peccatorum.

1135 1217 1246 1267 Quia
1255 1217 1615 1267 misericOrdiam,
1629 1223 1673 1260 et
1683 1217 1915 1259 veritatem

1081 1271 1221 1323 diligit
1238 1273 1375 1315 Deus:
1394 1275 1418 1300 *
1436 1274 1638 1325 gratiam,
1663 1279 1707 1315 et
1730 1273 1916 1325 gloriam

1081 1327 1203 1370 dabit
1221 1329 1451 1371 Deminus.

1132 1384 1234 1426 Non
1252 1386 1444 1438 privabit
1463 1386 1594 1428 bonis
1614 1398 1706 1436 eos,
1733 1385 1808 1438 qui
1827 1388 1914 1427 am-

1079 1440 1233 1483 bulant
1250 1442 1294 1482 in
1308 1442 1572 1484 innocentia:
1587 1443 1611 1469 *
1625 1442 1816 1484 Domine
1830 1442 1913 1483 vir-

1078 1500 1241 1548 tutum,
1273 1498 1431 1540 beatus
1463 1499 1619 1550 homo,
1656 1498 1732 1551 qui
1765 1503 1915 1551 sperat

1078 1554 1123 1594 in
1146 1558 1202 1595 te,

1139 1614 1239 1653 Ant.
1267 1612 1367 1653 Non
1394 1615 1461 1652 est
1478 1611 1550 1653 hic
1574 1611 1710 1663 aliud,
1737 1612 1820 1654 nisi
1838 1612 1914 1655 do-

1078 1679 1176 1708 mus
1195 1667 1289 1718 Dei,
1312 1673 1356 1709 et
1374 1673 1506 1720 porta
1524 1668 1636 1710 coeli.

1136 1724 1235 1764 Ant.
1260 1723 1384 1765 Vidit
1403 1723 1543 1766 Jacob
1563 1724 1738 1776 scalam,
1756 1725 1781 1751 ¹⁸¹
1800 1728 1913 1767 sum-

1078 1779 1207 1820 mitas
1236 1780 1327 1831 ejus
1355 1780 1494 1821 coelos
1521 1781 1748 1832 tangebat,
1777 1786 1822 1824 et
1841 1781 1913 1823 de·

1079 1834 1341 1877 scendentes
1356 1836 1564 1887 Angelos,
1585 1841 1629 1878 et
1649 1836 1775 1879 dixit:
1793 1837 1913 1879 Vere

1078 1890 1203 1932 locus
1222 1891 1306 1933 iste
1326 1897 1504 1933 sanctus
1525 1896 1601 1935 est.

1355 1947 1555 1989 Psalmus
1577 1950 1642 1989 86.

1082 1998 1435 2103 Fundamenta
1471 2005 1562 2056 ejus
1604 2005 1648 2045 in
1689 2004 1912 2047 montibus

1175 2060 1353 2101 sanctis:
1372 2062 1396 2087 *
1415 2060 1559 2111 diligit
1576 2061 1793 2102 Dominus
1812 2073 1912 2114 por·
1948 2082 1952 2086 ·

1078 2119 1145 2156 tas
1169 2115 1274 2157 Sion
1298 2129 1432 2169 super
1457 2117 1603 2158 omnia
1627 2117 1913 2159 tabernacula

1077 2171 1227 2213 Jacob.

1131 2227 1339 2269 Gloriosa
1357 2227 1475 2269 dicta
1495 2234 1596 2270 sunt
1617 2228 1673 2270 de
1692 2234 1748 2279 te,
1767 2229 1791 2255 ¹⁸¹
1811 2229 1911 2271 civi-

1078 2288 1147 2324 tas
1168 2284 1262 2325 Dei.

1130 2339 1301 2381 Memor
1319 2352 1395 2381 ero
1418 2340 1586 2389 Rahab,
1609 2344 1653 2382 et
1670 2339 1911 2392 Babylonis

1077 2395 1101 2420 *
1121 2395 1351 2437 scientium
1370 2408 1452 2437 me.

1131 2452 1246 2492 Ecce
1279 2451 1552 2502 alienigenae,
1589 2455 1634 2492 et
1666 2451 1830 2503 Tyrus,
1866 2457 1911 2493 et

1078 2507 1271 2559 p6pulus
1298 2507 1577 2560 AEthiopum,
1605 2508 1629 2533 *
1656 2507 1701 2548 hi
1735 2507 1911 2549 fuerunt

1078 2563 1178 2604 illic.

1130 2618 1357 2671 Numquid
1381 2618 1485 2660 Sion
1510 2618 1646 2660 dicet:
1674 2619 1838 2669 Homo,
1867 2625 1911 2662 et

1077 2674 1211 2716 homo
1232 2679 1359 2716 natus
1380 2679 1448 2715 est
1466 2675 1510 2714 in
1529 2687 1595 2715 ea:
1609 2675 1633 2700 *
1650 2674 1802 2732 etipse
1818 2675 1909 2716 fun-

1078 2729 1200 2771 davit
1219 2743 1317 2772 eam
1335 2728 1610 2771 Altissimus?
