2028 2892
562 194 662 227 Infra
688 194 984 227 llcbdomadam
1010 193 1072 227 llI.
1099 197 1188 235 post
1213 194 1293 226 Oct.
1320 192 1491 226 l’aschaz

174 286 247 328 xit.
268 283 324 332 V
361 287 446 337 Qui
467 300 550 340 pro
574 288 703 329 nobis
726 288 939 341 pependit
961 289 1005 328 in

172 342 302 392 ligno.
330 343 528 395 Alleluia,
548 343 730 396 alleluia.
757 344 911 385 (iloria
928 345 1005 385 Pa-

173 398 238 439 tri.
266 399 474 441 Surrexit.

224 451 273 502 Y.
302 455 498 498 Surrexit
520 457 737 498 Dominus
760 470 879 506 vere,
904 456 1004 497 alle-

172 510 269 607 }uja.
303 514 350 564 Ιῇ.
384 512 443 553 Et
467 513 673 565 apparuit
696 513 876 562 Simoni,
904 512 1004 554 alle-

189 580 217 607 u
234 580 269 607 a.

219 580 230 618 l
449 620 517 656 Ad
543 620 730 656 Sextam.

250 673 511 723 Capitulum.
657 678 683 714 1.
700 676 816 716 Petri
837 677 872 715 2.
890 689 922 716 c.

244 730 406 782 ubiecti
437 732 569 782 igitur
604 734 747 774 estote
781 733 900 774 omni
931 733 1005 774 hu·
1068 745 1087 760 ἱ

261 789 404 828 manae
420 791 633 829 creaturae
648 793 833 841 propter
846 789 1005 831 Deum:

173 843 265 883 sive
298 844 390 894 regi
426 844 550 895 quasi
586 844 876 897 praecellenti:
911 846 1004 887 sive

175 898 361 940 ducibus
385 904 610 952 tamquam
633 900 687 942 ab
708 913 762 942 eo
783 901 928 942 missis
949 901 1007 943 ad

173 954 413 996 vindictam
444 956 795 1007 malefactorum,
830 957 1006 999 laudem

173 1023 278 1052 vero
297 1011 528 1053 bonorum.

224 1071 273 1122 R'·
296 1071 355 1110 br.
387 1068 581 1110 Surrexit
599 1070 816 1111 Dominus
839 1082 959 1120 vere,
979 1077 1000 1098 ¹*

174 1122 380 1174 Alleluia,
409 1124 591 1176 alleluja.
627 1126 835 1167 Surrexit.
877 1122 924 1173 Υ’.
950 1127 1006 1167 Et

173 1180 379 1231 apparuit
397 1180 574 1222 Simoni.
603 1181 802 1233 Alleluia,
824 1182 1006 1234 alleluia.

174 1235 326 1289 (iloria
344 1236 474 1277 Patri.
502 1236 711 1278 Surrexit.

224 1292 273 1342 V.
299 1291 451 1333 Gavisi
470 1297 571 1334 sunt
590 1293 805 1345 discipuli,
825 1293 1006 1346 alleluia.

173 1354 222 1404 R.
246 1348 357 1389 Viso
378 1349 582 1399 Domino,
602 1349 783 1401 alleluia.
988 1352 989 1355 ’

452 1414 520 1450 Ad
544 1414 728 1450 Nonam.

251 1469 510 1520 Capitulum.
658 1471 686 1508 1.
704 1470 819 1509 Petri
841 1471 876 1509 2.
893 1483 925 1509 c.

251 1526 343 1567 ervi
381 1525 546 1567 subditi
574 1528 718 1567 estote
750 1526 793 1567 in
819 1527 936 1567 omni
957 1527 1003 1567 ti-

257 1584 381 1623 more
404 1582 606 1631 dominis,
629 1595 719 1624 non
741 1588 911 1624 tantum
929 1582 1005 1624 bo-

172 1639 239 1679 nis
256 1643 300 1679 et
314 1638 540 1688 modestis,
559 1638 639 1680 sed
653 1639 785 1680 etiam
801 1638 1005 1691 dyscolis.

173 1685 284 1735 Haec
321 1698 389 1735 est
424 1695 539 1735 enim
574 1695 716 1744 gratia
751 1695 797 1735 in
831 1695 1004 1736 Christo

171 1751 196 1791 J
199 1762 278 1792 esu
295 1750 488 1791 Domino
508 1755 673 1791 nostro.
924 1768 925 1771 ¹

228 1809 276 1859 Rv.
310 1808 371 1848 br.
407 1806 560 1847 Gavisi
592 1811 693 1847 sunt
725 1806 948 1871 discipuli,
981 1809 1003 1831 *

171 1862 376 1913 Alleluia,
401 1862 584 1913 alleluja,
621 1862 783 1903 Gavisi.
816 1864 866 1910 V.
893 1863 1004 1904 Viso

172 1918 377 1959 Domino.
409 1917 612 1970 Alleluia,
638 1918 819 1971 alleluja.
851 1919 1005 1960 Gloria

171 1974 302 2015 Patri.
331 1974 494 2015 Gavisi.

227 2027 276 2078 V.
303 2030 431 2071 Mane
459 2030 689 2071 nobiscum
716 2030 918 2080 Domine,
947 2030 1004 2072 al-

171 2085 311 2137 leluia.
350 2088 398 2139 1{·.
427 2086 644 2136 Quoniam
663 2086 1004 2139 advesperascit,

172 2141 354 2194 alleluia.

402 2201 481 2242 Ad
508 2202 774 2252 vesperas.

229 2258 314 2290 Ant.
340 2263 375 2290 ct
401 2257 460 2290 Ps.
487 2257 533 2291 de
560 2257 772 2291 Dominica.
797 2259 876 2294 107.

229 2306 365 2356 Capit.
393 2305 626 2347 Carissimi.
652 2307 747 2347 293.

230 2362 439 2412 Hymnus.
471 2361 540 2403 Ad
559 2362 702 2412 regias
721 2362 846 2412 Agni.
875 2364 961 2403 110.

230 2416 278 2463 V.
302 2417 431 2460 Mane
458 2418 689 2459 nobiscum
715 2418 919 2467 Domine,
948 2418 1005 2459 al-

174 2470 314 2522 leluia.
352 2476 399 2526 133.

173 2526 355 2580 alleluja.

232 2585 299 2625 Ad
321 2586 490 2634 Magnis.
516 2588 548 2625 A
559 2594 613 2626 nt.
648 2588 785 2627 Amen
810 2586 909 2627 dico
933 2600 1006 2627 vo-

175 2638 255 2688 bis,
275 2640 299 2666 *
315 2641 415 2692 quia
430 2642 661 2693 plorabitis
677 2647 721 2683 et
736 2642 896 2683 flebitis
912 2655 1006 2682 vos:

175 2694 365 2737 mundus
386 2703 531 2739 autem
553 2698 778 2748 gaudebit,
801 2711 881 2739 vos
900 2711 1005 2739 vero

429 2474 646 2525 Quoniam
665 2474 1006 2526 advesperascit,

1059 286 1437 331 contristabimini:
1456 286 1535 328 sed
1552 285 1730 327 tristitia
1744 290 1892 328 vestra

1059 345 1341 385 convertetur
1360 344 1404 384 in
1422 342 1641 393 gaudium,
1661 342 1843 394 alleluia.

1111 401 1318 435 Commem.
1344 402 1391 435 de
1415 402 1548 436 Cruee.
1573 402 1649 438 275.

1243 506 1408 543 Feria
1442 506 1705 543 Secunda.

1059 566 1127 605 De
1148 562 1262 605 libro
1281 562 1578 616 Apocalypsis
1600 562 1721 604 beati
1740 562 1765 603 J
1767 562 1891 604 oanis

1366 619 1584 671 Apostoli.

1162 680 1314 720 Lectio
1340 681 1361 719 i.
1627 681 1730 731 Cap.
1749 681 1785 720 2.

1133 743 1149 761 ‘1
1169 732 1299 782 ngelo
1318 731 1485 785 Ephesi
1500 731 1713 773 Ecclesiae
1733 732 1892 774 scribe:

1185 789 1298 830 Haec
1323 789 1445 838 dicit,
1475 788 1548 840 qui
1573 792 1695 829 tenet
1719 793 1892 841 septem

1060 844 1209 886 stellas
1228 845 1273 885 in
1293 844 1475 887 dextera
1493 857 1582 893 sua,
1604 844 1679 896 qui
1697 844 1894 886 ambulat

1059 900 1103 941 in
1133 900 1282 942 medio
1320 906 1491 954 septem
1527 900 1910 956 candelabrorum·

1061 960 1308 999 aureorum:
1329 958 1430 999 Scio
1451 960 1585 1010 opera
1604 962 1690 1007 tua,
1711 961 1755 999 et
1772 957 1892 999 labo-

1059 1026 1169 1063 rem,
1198 1018 1242 1055 et
1268 1014 1526 1066 patientiam
1552 1018 1690 1063 tuam,
1718 1018 1763 1055 et
1791 1014 1893 1066 quia

1059 1082 1148 1110 non
1169 1074 1298 1122 potes
1321 1070 1536 1111 sustinere
1555 1069 1711 1110 malos:
1739 1074 1784 1111 et
1801 1074 1892 1123 ten-

1058 1126 1164 1167 tasti
1187 1139 1280 1175 eos,
1307 1126 1381 1178 qui
1405 1139 1452 1167 se
1475 1124 1627 1167 dicunt
1645 1125 1892 1178 Apostolos

1060 1194 1173 1231 esse,
1198 1187 1242 1223 et
1264 1195 1353 1223 non
1377 1186 1493 1223 sunt:
1521 1186 1566 1223 et
1587 1181 1793 1223 invenisti
1815 1194 1893 1223 eos

1059 1237 1310 1279 mendaces:
1333 1242 1378 1279 et
1396 1238 1652 1290 patientiam
1670 1237 1824 1288 habes,
1849 1242 1894 1280 et

1059 1294 1305 1335 sustinuisti
1332 1298 1519 1346 propter
1546 1306 1708 1335 nomen
1734 1307 1892 1343 meum,

1060 1354 1104 1391 et
1122 1363 1211 1391 non
1229 1349 1441 1391 defecisti.
1469 1349 1558 1391 Sed
1574 1349 1720 1391 habeo
1740 1350 1892 1392 adver-

1060 1419 1157 1446 sum
1179 1410 1240 1455 te,
1267 1405 1389 1458 quod
1412 1406 1642 1447 caritatem
1663 1410 1786 1447 tuam
1805 1406 1892 1459 pri-

1059 1474 1175 1502 mam
1190 1462 1419 1514 reliquisti.
1446 1462 1618 1503 Memor
1631 1466 1728 1503 esto
1742 1464 1892 1515 itaque

1059 1517 1175 1559 unde
1214 1518 1448 1560 excideris:
1485 1522 1530 1559 et
1564 1530 1644 1568 age
1676 1518 1892 1571 poeniten-

1059 1574 1181 1624 tiam,
1209 1579 1254 1616 et
1276 1574 1418 1627 prima
1442 1576 1579 1626 opera
1601 1574 1681 1616 fac.
1721 1574 1797 1616 Sin
1820 1587 1891 1616 au-

1059 1634 1164 1679 tem,
1188 1631 1316 1671 venio
1337 1630 1433 1680 tibi,
1458 1635 1502 1671 et
1524 1630 1715 1672 movebo
1735 1630 1891 1672 cande-

1058 1686 1229 1728 labrum
1248 1692 1373 1728 tuum
1392 1687 1446 1728 de
1466 1686 1567 1728 loco
1589 1700 1681 1737 suo,
1699 1687 1783 1728 nisi
1800 1699 1892 1740 poe-

1058 1743 1285 1784 nitentiam
1313 1743 1468 1793 egeris
1514 1742 1603 1784 Sed
1629 1742 1716 1784 hoc
1743 1742 1892 1793 habes,

1061 1798 1163 1851 quia
1178 1798 1313 1840 odisti
1325 1799 1441 1840 facta
1449 1798 1779 1849 Nicolaitarum,
1791 1811 1891 1851 quae

1060 1859 1104 1896 et
1127 1868 1210 1905 ego
1237 1855 1322 1896 odi.
1363 1855 1448 1905 Qui
1470 1854 1606 1896 habet
1629 1867 1794 1903 aurem,
1819 1858 1892 1896 au-

1059 1910 1151 1952 diat
1181 1911 1287 1963 quid
1311 1912 1497 1964 Spiritus
1526 1910 1644 1953 dicat
1667 1911 1892 1953 Ecclesiis:

1058 1967 1265 2009 Vincenti
1284 1967 1401 2009 dabo
1421 1967 1552 2009 edere
1567 1966 1622 2008 de
1641 1966 1761 2018 ligno
1777 1968 1892 2018 vitae,

1060 2023 1182 2075 quod
1201 2028 1268 2064 est
1287 2024 1330 2064 in
1349 2022 1557 2076 paradiso
1577 2023 1661 2064 Dei
1680 2024 1776 2064 mei.

1114 2086 1164 2135 R.
1188 2079 1294 2121 Vidi
1313 2084 1488 2131 portam
1510 2079 1698 2121 civitatis
1721 2078 1778 2121 ad
1797 2079 1891 2121 Ori-

1059 2136 1205 2176 entem
1240 2135 1452 2187 positam,
1493 2139 1538 2176 et
1570 2134 1890 2188 Apostolorum

1059 2192 1236 2232 nomina
1255 2195 1299 2233 et
1313 2191 1429 2241 Agni
1448 2204 1580 2243 super
1597 2204 1693 2233 earn
1713 2191 1891 2243 scripta:

1062 2256 1083 2277 *
1101 2248 1159 2289 Et
1181 2260 1314 2300 super
1334 2260 1484 2288 muros
1509 2249 1599 2299 eius
1620 2247 1891 2297 Angelorum

1059 2303 1318 2352 custodiam,
1333 2303 1516 2354 alleluja.
1546 2302 1592 2352 ΥΤ.
1608 2302 1714 2345 Vidi
1729 2302 1890 2344 coelum

1058 2372 1238 2408 novum,
1266 2363 1310 2400 et
1334 2364 1498 2400 terram
1520 2372 1696 2407 novam,
1721 2363 1766 2399 et
1790 2359 1890 2399 civi-

1058 2418 1196 2457 tatem
1240 2428 1402 2456 novam
1447 2413 1789 2456 descendentem
1834 2413 1889 2455 de

1059 2471 1186 2513 coelo.
1228 2471 1286 2512 Et
1313 2482 1457 2523 super.

1369 2532 1521 2572 Lectio
1544 2533 1581 2571 ii.

1144 2591 1163 2628 t
1173 2586 1345 2636 Angelo
1353 2586 1550 2638 Smyrnae
1562 2585 1773 2627 Ecclesiae
1788 2587 1890 2627 scri-

1153 2642 1224 2684 be:
1244 2643 1355 2683 Haec
1370 2641 1476 2683 dicit
1491 2642 1669 2693 primus,
1687 2646 1732 2683 et
1746 2644 1889 2683 novis-

1059 2699 1212 2748 simus,
1242 2698 1317 2750 qui
1343 2698 1423 2739 fuit
1450 2699 1667 2746 mortuus,
1695 2702 1739 2738 et
1767 2698 1890 2739 vivit:
