2066 2956
253 222 323 255 Die
343 222 390 255 13.
410 222 509 262 Maii.
535 222 569 255 S.
588 222 769 255 Stunislai
789 223 854 265 Ep.
874 227 908 255 et
926 222 1056 255 Mart.—
1070 223 1117 256 14.
1144 224 1177 255 S.
1197 223 1395 256 paschalis
1417 224 1438 256 1.
1459 224 1545 265 I'ap.
1566 230 1600 256 ct
1620 224 1726 257 (lons.

166 313 286 366 quod
305 312 574 355 Christianus
594 319 726 363 esset,
756 327 810 355 ex
831 313 988 366 princi-

163 369 232 422 pis
258 370 404 411 edicto
429 375 602 422 captuS,
631 374 675 411 et
698 370 743 410 in
767 372 988 411 carcerem

165 427 394 478 conjectus,
414 425 578 468 ibidem
594 426 678 475 diu,
699 426 818 478 quod
837 439 863 467 a
881 426 987 468 chri-

164 482 317 524 stianae
349 480 454 523 fidei
481 482 755 535 professione
782 482 987 524 recedere

163 538 314 588 nollet,
343 537 546 580 detentus
575 543 652 581 est.
707 539 817 580 Cum
843 544 988 580 autem

163 595 335 636 vinctus
349 597 582 645 teneretur,
597 595 724 648 pueri
737 596 987 646 ministerio,

165 651 239 703 qui
274 651 414 692 facem
449 650 676 694 ardentem
713 652 987 704 praeferebat,

162 707 415 760 prodigiose
426 708 700 760 intempestae
711 709 853 761 noctis
864 708 987 750 sile'n-

163 764 243 814 tio,
275 777 299 806 e
325 766 502 806 carcere
530 764 587 805 ad
615 763 794 806 domum
822 766 988 815 Quirini

163 820 342 870 tribuni,
370 820 445 863 ubi
468 821 624 863 beatus
648 822 834 863 Hermes
859 822 988 863 Urbis

162 877 398 930 praefectus
430 877 563 930 paulo
600 883 700 919 ante
733 884 904 930 captus,
945 878 988 918 in

164 933 363 975 custodia
382 934 653 984 servabatur,
680 935 878 985 eductus,
903 935 988 988 pri-

163 1003 281 1031 mum
304 990 438 1031 filiam
462 992 552 1042 ejus
573 991 802 1032 Balbinam
826 1005 988 1043 aegram

164 1047 350 1097 sanavit,
379 1047 537 1089 deinde
565 1053 738 1100 patrem
761 1049 988 1098 Quirinum

163 1103 373 1145 miraculo
389 1104 631 1153 attonitum,
647 1110 690 1146 et
702 1104 758 1146 ad
770 1105 989 1146 Christum

163 1159 431 1211 traductum,
460 1174 559 1202 cum
584 1161 674 1202 filia
699 1161 907 1214 baptismi
930 1162 988 1203 la-

164 1217 297 1258 vacro
335 1216 483 1259 abluit.
535 1217 650 1260 Hinc
685 1231 790 1259 vero
827 1218 989 1259 factum

165 1276 242 1323 est,
260 1277 309 1315 ut
329 1273 533 1323 Quirinus
552 1274 604 1315 iis
625 1274 838 1324 omnibus,
864 1279 987 1326 quot-

166 1334 274 1381 quot
291 1343 374 1383 pro
392 1329 480 1372 fide
496 1330 654 1372 Christi
671 1331 841 1372 vinctos
860 1330 987 1372 habe-

164 1384 255 1435 bat,
280 1386 529 1429 libertatem
552 1386 741 1429 abeundi
764 1389 988 1429 concesse-

164 1442 232 1483 rit.
284 1443 421 1485 Erant
447 1443 560 1486 inter
586 1444 684 1486 illos
709 1445 916 1486 Eventius
946 1449 989 1486 et

164 1497 438 1550 Theodulus,
465 1500 539 1552 qui
562 1506 714 1542 sancto
735 1500 988 1542 Alexandro

165 1554 371 1607 adjuncti,
409 1559 527 1598 exire
564 1556 619 1598 de
656 1559 832 1598 carcere
868 1557 987 1598 nolu-

165 1611 308 1662 erunt,
335 1611 415 1654 sed
438 1613 535 1654 Deo
562 1612 714 1655 laudes
736 1613 987 1666 persolven-

164 1674 232 1711 tes
272 1670 468 1722 martyrii
507 1669 699 1722 palmam
740 1672 989 1712 constanter

165 1728 484 1778 exspectarunt.

214 1785 266 1838 R.
282 1781 335 1823 In
354 1783 493 1824 servis
513 1782 613 1832 suis,
633 1782 813 1835 alleluja,
835 1785 857 1808 *
878 1782 987 1824 Con-

165 1826 378 1880 solabitur
404 1839 541 1889 Deus,
570 1838 751 1891 alleluja
791 1840 840 1887 X.
868 1838 986 1879 Judi-

163 1893 279 1936 cabit
298 1895 513 1937 Dominus
538 1895 752 1949 populum
775 1908 917 1946 suum,
946 1901 989 1937 et

161 1949 206 1991 in
225 1951 363 1993 servis
383 1952 483 1993 suis.
512 1951 830 1994 Consolabitur.

463 2013 615 2054 Lectio
639 2014 687 2054 vi.

243 2077 271 2105 x
307 2063 374 2105 his
411 2068 588 2106 sanctus
620 2063 871 2106 Alexander
903 2064 986 2116 pri-

260 2133 380 2161 mum
411 2119 464 2162 ab
490 2120 729 2162 Aureliano
758 2119 899 2172 judice
927 2120 986 2160 in-

161 2178 411 2228 terrogatus
432 2176 486 2218 de
505 2175 751 2219 christianae
766 2176 987 2227 religionis

162 2233 394 2286 mysteriis,
415 2245 466 2274 ea
484 2234 680 2275 revelare
698 2233 852 2282 noluit,
873 2235 986 2274 asse-

161 2301 262 2331 rens
290 2294 488 2330 sanctum
516 2302 613 2331 esse
645 2289 764 2342 quod
792 2288 985 2335 Aurelia-

162 2358 243 2386 nus
273 2345 541 2386 manifestari
573 2345 791 2398 cupiebat,
824 2350 867 2386 et
898 2357 986 2386 non

162 2402 356 2455 permitti
390 2414 416 2443 a
448 2401 620 2444 Christo
659 2407 856 2443 sanctum
892 2400 986 2441 dari

163 2458 354 2499 canibus.
418 2457 485 2499 Ob
525 2471 624 2511 quae
660 2458 795 2500 verba
830 2457 985 2498 beatus

161 2514 364 2556 Pontifex
402 2514 445 2554 in
483 2515 717 2566 equuleum
755 2513 985 2566 impositus

164 2575 246 2620 est,
269 2571 440 2622 ungulis
459 2570 706 2620 dilaniatus,
732 2575 864 2621 atque
882 2569 984 2609 lam-

163 2626 350 2679 padibus
370 2626 558 2668 admotis
576 2626 830 2677 gravissime
846 2630 985 2674 ustus3

164 2695 350 2734 cumque
394 2683 556 2724 nullam
601 2682 786 2735 amplius
830 2693 986 2722 vocem

163 2740 396 2789 emitteret,
433 2740 724 2790 interrogatus
760 2737 814 2778 ab
850 2738 984 2778 Aure-

1795 222 1863 257 31*

1039 313 1156 355 liano
1173 327 1248 355 cur
1262 317 1438 365 taceret,
1458 316 1542 358 hoc
1558 317 1737 369 dignum
1751 320 1861 361 Mar-

1039 374 1109 421 tyr
1127 372 1387 423 responsum
1407 371 1541 414 dedit:
1567 374 1678 424 Quia
1696 377 1862 428 tempo-

1039 439 1086 468 re
1107 428 1314 468 orationis
1334 428 1465 470 homo
1484 430 1745 473 christianus
1765 446 1863 474 cum

1039 483 1136 524 Deo
1169 483 1372 536 loquitur.
1426 486 1642 539 Deposito
1675 488 1862 530 Alexan-

1041 539 1131 589 dro,
1147 540 1327 582 exhibiti
1340 547 1439 584 sunt
1450 543 1657 585 Eventius
1669 550 1712 586 et
1722 545 1861 587 Theo-

1041 595 1180 645 dulus,
1201 610 1311 648 quos
1331 611 1430 639 cum
1444 598 1703 641 Aurelianus
1718 601 1761 641 in
1775 601 1862 643 fide

1040 655 1292 695 constantes
1324 654 1576 705 invenisset,
1608 657 1731 708 jussit
1763 657 1862 700 Ale-

1040 709 1255 751 xandrum
1281 715 1324 751 et
1347 710 1576 753 Eventium
1604 712 1782 754 dorsum
1807 713 1862 755 ad

1041 765 1218 807 dorsum
1244 766 1438 817 ligatos
1426 781 1470 808 111
1496 768 1639 819 ignem
1664 771 1862 823 praecipi-

1040 823 1138 873 tari3
1157 822 1434 865 Theodulum
1449 837 1554 866 vero
1574 825 1736 867 ibidem
1750 829 1862 868 asta-

1040 892 1097 929 re,
1116 885 1165 921 ut
1184 881 1308 932 quasi
1328 883 1479 922 eorum
1494 883 1750 933 perterritus
1766 896 1861 935 pas-

1040 935 1172 985 sione,
1192 935 1248 977 ad
1268 937 1601 979 sacrificandum
1619 937 1747 980 idolis
1763 952 1861 980 con-

1041 995 1232 1034 sentiret.
1288 993 1397 1048 Cum
1429 999 1574 1036 autem
1606 994 1862 1037 Theodulus

1040 1054 1197 1102 sponte
1224 1050 1267 1090 in
1294 1051 1490 1092 flammas
1514 1051 1791 1104 prosiliisset,
1820 1058 1862 1093 et

1041 1119 1139 1147 cum
1166 1107 1273 1159 ipsis
1302 1106 1488 1159 hymnos
1513 1107 1782 1158 decantaret,
1812 1121 1862 1150 ac

1040 1162 1137 1204 Deo
1169 1163 1331 1213 gratias
1364 1166 1529 1214 ageret,
1570 1164 1671 1206 fecit
1706 1165 1862 1217 impius

1040 1215 1169 1283 judex
1184 1219 1483 1261 Alexandrum
1501 1221 1673 1272 punctis
1695 1221 1862 1262 creber—

1041 1275 1160 1316 rimis
1176 1288 1254 1327 per
1269 1277 1414 1317 omnia
1429 1276 1623 1318 membra
1638 1277 1862 1329 perforari,

1042 1345 1129 1383 quo
1168 1332 1253 1373 fine
1291 1333 1356 1373 vir
1395 1338 1569 1374 sanctus
1608 1333 1863 1384 martyrium

1041 1399 1167 1428 suum
1197 1388 1388 1439 gloriose
1421 1389 1669 1441 complevit.
1723 1390 1861 1441 Hujus

1042 1457 1201 1497 corpus
1229 1445 1358 1486 beata
1386 1446 1546 1486 Severa
1573 1446 1777 1497 religiosa
1804 1445 1861 1486 fe-

1040 1501 1156 1541 mina
1176 1501 1364 1551 sustulit,
1391 1507 1434 1543 et
1458 1515 1556 1543 cum
1581 1505 1767 1554 corpore
1790 1502 1860 1543 be-

1042 1557 1101 1598 ati
1128 1558 1301 1598 Eventii
1328 1558 1475 1608 gladio
1505 1558 1791 1600 consummati
1818 1558 1861 1598 in

1040 1626 1126 1654 uno
1160 1613 1401 1666 eodemque
1434 1614 1665 1667 sepulchro
1698 1614 1860 1666 posuit,

1040 1670 1110 1711 via
1127 1670 1403 1712 Nomentana
1422 1671 1465 1711 in
1483 1670 1652 1723 praedio
1673 1683 1766 1719 suo,
1786 1684 1860 1711 un-

1040 1726 1094 1767 de
1127 1729 1285 1779 postea
1313 1726 1369 1768 ad
1397 1727 1562 1769 Urbem
1589 1727 1860 1775 translatum,

1038 1783 1081 1823 in
1110 1783 1292 1825 ecclesia
1321 1789 1483 1825 sanctae
1512 1784 1683 1825 Sabinae
1711 1785 1860 1824 recon-

1038 1839 1176 1880 ditum
1195 1839 1284 1881 fuit.

1094 1910 1143 1961 R.
1166 1903 1287 1945 Filiae
1306 1903 1557 1945 Jerusalem.

1094 1976 1133 2009 In
1157 1976 1219 2009 HI.
1243 1976 1437 2009 Nocturno
1463 1975 1629 2009 Homilia
1657 1976 1691 2008 in
1717 1975 1858 2015 Evang.

1041 2024 1122 2065 Ego
1147 2030 1231 2055 sum
1252 2020 1343 2055 vitis
1363 2031 1465 2055 vera.
1491 2024 1535 2057 de
1562 2024 1694 2057 eodem
1715 2023 1856 2056 Comm.

1043 2072 1068 2105 1.
1091 2072 1187 2105 loco.

1302 2163 1385 2204 Die
1405 2163 1462 2203 13.
1481 2162 1592 2213 Maji.

1106 2231 1149 2272 S.
1173 2230 1408 2272 stanislai
1432 2233 1572 2283 Episc.
1600 2237 1642 2271 et
1673 2232 1793 2271 Mart.

1367 2303 1529 2347 Duplex.

1092 2365 1227 2399 Omnia
1257 2370 1296 2398 ut
1326 2364 1363 2397 in
1388 2364 1587 2398 Breviario
1620 2363 1681 2397 die
1704 2362 1733 2396 7.
1759 2362 1857 2405 Maii.

1299 2445 1382 2486 Die
1401 2445 1460 2485 14.
1479 2444 1591 2495 Maji.

1071 2513 1115 2554 S.
1140 2511 1396 2554 Paschalis
1421 2512 1457 2552 1.
1491 2514 1619 2563 Papae
1639 2518 1683 2553 ct
1703 2512 1823 2553 Conf.

1366 2583 1527 2625 Duplex,

1092 2646 1225 2679 Omnia
1258 2644 1303 2677 de
1337 2644 1534 2677 Communi

1038 2698 1178 2736 praeter
1202 2692 1410 2734 sequentia.

1090 2744 1230 2778 Oratio.
1257 2744 1324 2784 Da,
1348 2742 1580 2785 quaesumus.

1571 2642 1678 2676 Coris.
1710 2642 1856 2677 Pontif..
