<?xml version="1.0" encoding="UTF-8"?>
<!DOCTYPE html PUBLIC "-//W3C//DTD XHTML 1.0 Transitional//EN"
    "http://www.w3.org/TR/xhtml1/DTD/xhtml1-transitional.dtd">
<html xmlns="http://www.w3.org/1999/xhtml" xml:lang="en" lang="en">
 <head>
  <title>
</title>
<meta http-equiv="Content-Type" content="text/html;charset=utf-8" />
  <meta name='ocr-system' content='tesseract 3.04.00' />
  <meta name='ocr-capabilities' content='ocr_page ocr_carea ocr_par ocr_line ocrx_word'/>
</head>
<body>
  <div class='ocr_page' id='page_1' title='image "./p2breviariumroma00cathuoft_0845.png"; bbox 0 0 2066 2956; ppageno 0'>
   <div class='ocr_carea' id='block_1_1' title="bbox 425 198 1556 245">
    <p class='ocr_par' dir='ltr' id='par_1_1' title="bbox 425 198 1556 245">
     <span class='ocr_line' id='line_1_1' title="bbox 425 198 1556 245; baseline 0.004 -13"><span class='ocrx_word' id='word_1_1' title='bbox 425 198 601 232; x_wconf 82' lang='lat' dir='ltr'>Officium</span> <span class='ocrx_word' id='word_1_2' title='bbox 626 199 796 233; x_wconf 76' lang='lat' dir='ltr'>votivum</span> <span class='ocrx_word' id='word_1_3' title='bbox 825 200 870 234; x_wconf 76' lang='lat' dir='ltr'>de</span> <span class='ocrx_word' id='word_1_4' title='bbox 896 201 1142 235; x_wconf 71' lang='lat' dir='ltr'>Immaculata</span> <span class='ocrx_word' id='word_1_5' title='bbox 1170 203 1349 245; x_wconf 71' lang='lat' dir='ltr'>Concept.</span> <span class='ocrx_word' id='word_1_6' title='bbox 1380 204 1416 236; x_wconf 71' lang='grc' dir='ltr'>Β,</span> <span class='ocrx_word' id='word_1_7' title='bbox 1447 203 1488 236; x_wconf 60' lang='lat' dir='ltr'>ir.</span> <span class='ocrx_word' id='word_1_8' title='bbox 1519 204 1556 236; x_wconf 60' lang='lat' dir='ltr'>V.</span> 
     </span>
    </p>
   </div>
   <div class='ocr_carea' id='block_1_2' title="bbox 105 297 966 1719">
    <p class='ocr_par' dir='ltr' id='par_1_2' title="bbox 344 297 766 401">
     <span class='ocr_line' id='line_1_2' title="bbox 416 297 710 339; baseline -0.003 0"><span class='ocrx_word' id='word_1_9' title='bbox 416 297 495 339; x_wconf 81' lang='lat' dir='ltr'>Ad</span> <span class='ocrx_word' id='word_1_10' title='bbox 514 297 710 339; x_wconf 82' lang='lat' dir='ltr'>Laudes</span> 
     </span>
     <span class='ocr_line' id='line_1_3' title="bbox 344 358 766 401; baseline 0 -9"><span class='ocrx_word' id='word_1_11' title='bbox 344 368 364 392; x_wconf 92' lang='lat' dir='ltr'>e</span> <span class='ocrx_word' id='word_1_12' title='bbox 381 363 396 392; x_wconf 92' lang='lat' dir='ltr'>t</span> <span class='ocrx_word' id='word_1_13' title='bbox 433 368 458 401; x_wconf 92' lang='lat' dir='ltr'>p</span> <span class='ocrx_word' id='word_1_14' title='bbox 476 368 495 392; x_wconf 93' lang='lat' dir='ltr'>e</span> <span class='ocrx_word' id='word_1_15' title='bbox 512 368 531 391; x_wconf 93' lang='lat' dir='ltr'>r</span> <span class='ocrx_word' id='word_1_16' title='bbox 571 358 606 392; x_wconf 93' lang='lat' dir='ltr'>H</span> <span class='ocrx_word' id='word_1_17' title='bbox 624 368 647 392; x_wconf 89' lang='lat' dir='ltr'>o</span> <span class='ocrx_word' id='word_1_18' title='bbox 664 369 683 392; x_wconf 88' lang='lat' dir='ltr'>r</span> <span class='ocrx_word' id='word_1_19' title='bbox 699 369 720 392; x_wconf 89' lang='lat' dir='ltr'>a</span> <span class='ocrx_word' id='word_1_20' title='bbox 739 369 766 392; x_wconf 82' lang='lat' dir='ltr'>s.</span> 
     </span>
    </p>

    <p class='ocr_par' dir='ltr' id='par_1_3' title="bbox 141 410 966 519">
     <span class='ocr_line' id='line_1_4' title="bbox 192 410 966 464; baseline 0 -12"><span class='ocrx_word' id='word_1_21' title='bbox 192 413 292 454; x_wconf 85' lang='lat' dir='ltr'><strong>Ant.</strong></span> <span class='ocrx_word' id='word_1_22' title='bbox 311 413 340 452; x_wconf 93' lang='lat'>1.</span> <span class='ocrx_word' id='word_1_23' title='bbox 372 412 485 453; x_wconf 89' lang='lat' dir='ltr'>Tota</span> <span class='ocrx_word' id='word_1_24' title='bbox 507 410 691 464; x_wconf 90' lang='lat' dir='ltr'>pulchra</span> <span class='ocrx_word' id='word_1_25' title='bbox 710 413 733 438; x_wconf 85' lang='grc'>*</span> <span class='ocrx_word' id='word_1_26' title='bbox 754 424 800 453; x_wconf 88' lang='lat' dir='ltr'>es</span> <span class='ocrx_word' id='word_1_27' title='bbox 818 412 966 462; x_wconf 91' lang='lat' dir='ltr'>Maria,</span> 
     </span>
     <span class='ocr_line' id='line_1_5' title="bbox 141 468 966 519; baseline -0.001 -8"><span class='ocrx_word' id='word_1_28' title='bbox 141 474 185 511; x_wconf 90' lang='lat' dir='ltr'>et</span> <span class='ocrx_word' id='word_1_29' title='bbox 206 468 379 510; x_wconf 79' lang='lat' dir='ltr'>macula</span> <span class='ocrx_word' id='word_1_30' title='bbox 402 468 626 519; x_wconf 84' lang='lat' dir='ltr'>originalis</span> <span class='ocrx_word' id='word_1_31' title='bbox 648 480 738 509; x_wconf 90' lang='lat' dir='ltr'>non</span> <span class='ocrx_word' id='word_1_32' title='bbox 761 473 827 510; x_wconf 90' lang='lat' dir='ltr'>est</span> <span class='ocrx_word' id='word_1_33' title='bbox 848 468 892 509; x_wconf 89' lang='lat' dir='ltr'>in</span> <span class='ocrx_word' id='word_1_34' title='bbox 911 473 966 510; x_wconf 90' lang='lat' dir='ltr'>te.</span> 
     </span>
    </p>

    <p class='ocr_par' dir='ltr' id='par_1_4' title="bbox 191 524 805 577">
     <span class='ocr_line' id='line_1_6' title="bbox 191 524 805 577; baseline 0.002 -13"><span class='ocrx_word' id='word_1_35' title='bbox 191 524 260 565; x_wconf 84' lang='lat' dir='ltr'>Ps.</span> <span class='ocrx_word' id='word_1_36' title='bbox 286 525 499 567; x_wconf 76' lang='lat' dir='ltr'>Deminus</span> <span class='ocrx_word' id='word_1_37' title='bbox 518 525 727 577; x_wconf 79' lang='lat' dir='ltr'>regnavit.</span> <span class='ocrx_word' id='word_1_38' title='bbox 746 526 805 566; x_wconf 89' lang='grc'>16.</span> 
     </span>
    </p>

    <p class='ocr_par' dir='ltr' id='par_1_5' title="bbox 138 580 966 736">
     <span class='ocr_line' id='line_1_7' title="bbox 193 580 965 626; baseline 0.001 -6"><span class='ocrx_word' id='word_1_39' title='bbox 193 581 230 626; x_wconf 82' lang='lat'>2.</span> <span class='ocrx_word' id='word_1_40' title='bbox 262 581 581 623; x_wconf 90' lang='lat' dir='ltr'>Vestimentum</span> <span class='ocrx_word' id='word_1_41' title='bbox 611 586 735 623; x_wconf 91' lang='lat' dir='ltr'>tuum</span> <span class='ocrx_word' id='word_1_42' title='bbox 766 582 788 606; x_wconf 90' lang='lat'>*</span> <span class='ocrx_word' id='word_1_43' title='bbox 822 580 965 623; x_wconf 84' lang='lat' dir='ltr'>candi-</span> 
     </span>
     <span class='ocr_line' id='line_1_8' title="bbox 139 638 966 690; baseline -0.002 -10"><span class='ocrx_word' id='word_1_44' title='bbox 139 638 244 680; x_wconf 92' lang='lat' dir='ltr'>dum</span> <span class='ocrx_word' id='word_1_45' title='bbox 264 638 388 690; x_wconf 87' lang='lat' dir='ltr'>quasi</span> <span class='ocrx_word' id='word_1_46' title='bbox 407 638 497 688; x_wconf 83' lang='lat' dir='ltr'>nix,</span> <span class='ocrx_word' id='word_1_47' title='bbox 527 643 570 680; x_wconf 87' lang='lat' dir='ltr'>et</span> <span class='ocrx_word' id='word_1_48' title='bbox 594 638 728 680; x_wconf 84' lang='lat' dir='ltr'>facies</span> <span class='ocrx_word' id='word_1_49' title='bbox 754 643 830 679; x_wconf 90' lang='lat' dir='ltr'>tua</span> <span class='ocrx_word' id='word_1_50' title='bbox 855 638 966 679; x_wconf 91' lang='lat' dir='ltr'>sicut</span> 
     </span>
     <span class='ocr_line' id='line_1_9' title="bbox 138 694 514 736; baseline -0.003 0"><span class='ocrx_word' id='word_1_51' title='bbox 138 694 216 736; x_wconf 90' lang='lat' dir='ltr'>sol.</span> <span class='ocrx_word' id='word_1_52' title='bbox 512 710 514 713; x_wconf 92' lang='lat'>·</span> 
     </span>
    </p>

    <p class='ocr_par' dir='ltr' id='par_1_6' title="bbox 138 751 965 917">
     <span class='ocr_line' id='line_1_10' title="bbox 190 751 965 802; baseline 0.001 -10"><span class='ocrx_word' id='word_1_53' title='bbox 190 753 226 792; x_wconf 85' lang='lat'>3.</span> <span class='ocrx_word' id='word_1_54' title='bbox 255 753 323 793; x_wconf 93' lang='lat' dir='ltr'>Tu</span> <span class='ocrx_word' id='word_1_55' title='bbox 345 751 484 802; x_wconf 76' lang='lat' dir='ltr'>gleria</span> <span class='ocrx_word' id='word_1_56' title='bbox 502 751 761 802; x_wconf 90' lang='lat' dir='ltr'>Jerusalem,</span> <span class='ocrx_word' id='word_1_57' title='bbox 780 752 803 777; x_wconf 87' lang='lat'>*</span> <span class='ocrx_word' id='word_1_58' title='bbox 822 757 871 793; x_wconf 93' lang='lat' dir='ltr'>tu</span> <span class='ocrx_word' id='word_1_59' title='bbox 894 751 965 793; x_wconf 86' lang='lat' dir='ltr'>lae-</span> 
     </span>
     <span class='ocr_line' id='line_1_11' title="bbox 138 808 964 861; baseline -0.001 -11"><span class='ocrx_word' id='word_1_60' title='bbox 138 808 235 850; x_wconf 87' lang='lat' dir='ltr'>titia</span> <span class='ocrx_word' id='word_1_61' title='bbox 262 808 416 858; x_wconf 78' lang='lat' dir='ltr'>Israel,</span> <span class='ocrx_word' id='word_1_62' title='bbox 452 812 500 849; x_wconf 90' lang='lat' dir='ltr'>tu</span> <span class='ocrx_word' id='word_1_63' title='bbox 528 808 861 850; x_wconf 90' lang='lat' dir='ltr'>honorificentia</span> <span class='ocrx_word' id='word_1_64' title='bbox 889 810 964 861; x_wconf 76' lang='lat' dir='ltr'>pe-</span> 
     </span>
     <span class='ocr_line' id='line_1_12' title="bbox 138 864 397 917; baseline -0.008 -10"><span class='ocrx_word' id='word_1_65' title='bbox 138 864 230 917; x_wconf 87' lang='lat' dir='ltr'>puli</span> <span class='ocrx_word' id='word_1_66' title='bbox 248 865 397 906; x_wconf 84' lang='lat' dir='ltr'>nostri.</span> 
     </span>
    </p>

    <p class='ocr_par' dir='ltr' id='par_1_7' title="bbox 137 920 965 1087">
     <span class='ocr_line' id='line_1_13' title="bbox 188 920 964 972; baseline 0.001 -11"><span class='ocrx_word' id='word_1_67' title='bbox 188 922 227 962; x_wconf 85' lang='lat'>4.</span> <span class='ocrx_word' id='word_1_68' title='bbox 258 920 499 963; x_wconf 85' lang='lat' dir='ltr'>Benedicta</span> <span class='ocrx_word' id='word_1_69' title='bbox 523 934 569 963; x_wconf 86' lang='lat' dir='ltr'>es</span> <span class='ocrx_word' id='word_1_70' title='bbox 593 926 656 971; x_wconf 92' lang='lat' dir='ltr'>tu,</span> <span class='ocrx_word' id='word_1_71' title='bbox 674 922 697 947; x_wconf 88' lang='lat'>*</span> <span class='ocrx_word' id='word_1_72' title='bbox 716 921 856 972; x_wconf 88' lang='lat' dir='ltr'>Virgo</span> <span class='ocrx_word' id='word_1_73' title='bbox 876 921 964 962; x_wconf 92' lang='lat' dir='ltr'>Ma-</span> 
     </span>
     <span class='ocr_line' id='line_1_14' title="bbox 137 978 965 1030; baseline 0 -11"><span class='ocrx_word' id='word_1_74' title='bbox 137 979 217 1028; x_wconf 87' lang='lat' dir='ltr'>ria,</span> <span class='ocrx_word' id='word_1_75' title='bbox 251 991 276 1019; x_wconf 92' lang='lat' dir='ltr'>a</span> <span class='ocrx_word' id='word_1_76' title='bbox 309 978 500 1019; x_wconf 75' lang='lat' dir='ltr'>Dumino</span> <span class='ocrx_word' id='word_1_77' title='bbox 532 978 629 1019; x_wconf 91' lang='lat' dir='ltr'>Deo</span> <span class='ocrx_word' id='word_1_78' title='bbox 666 978 840 1019; x_wconf 85' lang='lat' dir='ltr'>excelso</span> <span class='ocrx_word' id='word_1_79' title='bbox 872 991 965 1030; x_wconf 89' lang='lat' dir='ltr'>prae</span> 
     </span>
     <span class='ocr_line' id='line_1_15' title="bbox 138 1034 965 1087; baseline -0.002 -11"><span class='ocrx_word' id='word_1_80' title='bbox 138 1034 339 1077; x_wconf 76' lang='lat' dir='ltr'>emnibus</span> <span class='ocrx_word' id='word_1_81' title='bbox 362 1034 618 1076; x_wconf 86' lang='lat' dir='ltr'>mulieribus</span> <span class='ocrx_word' id='word_1_82' title='bbox 642 1047 774 1087; x_wconf 91' lang='lat' dir='ltr'>super</span> <span class='ocrx_word' id='word_1_83' title='bbox 794 1040 965 1077; x_wconf 91' lang='lat' dir='ltr'>terram.</span> 
     </span>
    </p>

    <p class='ocr_par' dir='ltr' id='par_1_8' title="bbox 136 1091 966 1256">
     <span class='ocr_line' id='line_1_16' title="bbox 187 1091 964 1143; baseline 0.001 -12"><span class='ocrx_word' id='word_1_84' title='bbox 187 1092 225 1132; x_wconf 89' lang='lat'>5.</span> <span class='ocrx_word' id='word_1_85' title='bbox 260 1091 406 1133; x_wconf 93' lang='lat' dir='ltr'>Trahe</span> <span class='ocrx_word' id='word_1_86' title='bbox 434 1104 515 1133; x_wconf 88' lang='lat' dir='ltr'>nos</span> <span class='ocrx_word' id='word_1_87' title='bbox 542 1092 566 1118; x_wconf 87' lang='lat'>*</span> <span class='ocrx_word' id='word_1_88' title='bbox 593 1092 733 1143; x_wconf 88' lang='lat' dir='ltr'>Virgo</span> <span class='ocrx_word' id='word_1_89' title='bbox 761 1092 964 1133; x_wconf 93' lang='lat' dir='ltr'>immacu-</span> 
     </span>
     <span class='ocr_line' id='line_1_17' title="bbox 137 1146 966 1201; baseline -0.001 -12"><span class='ocrx_word' id='word_1_90' title='bbox 137 1147 243 1197; x_wconf 81' lang='lat' dir='ltr'>lata,</span> <span class='ocrx_word' id='word_1_91' title='bbox 267 1153 371 1201; x_wconf 88' lang='lat' dir='ltr'>post</span> <span class='ocrx_word' id='word_1_92' title='bbox 394 1152 438 1189; x_wconf 88' lang='lat' dir='ltr'>te</span> <span class='ocrx_word' id='word_1_93' title='bbox 464 1149 686 1189; x_wconf 90' lang='lat' dir='ltr'>curremus</span> <span class='ocrx_word' id='word_1_94' title='bbox 712 1148 755 1188; x_wconf 92' lang='lat' dir='ltr'>in</span> <span class='ocrx_word' id='word_1_95' title='bbox 783 1146 966 1190; x_wconf 79' lang='lat' dir='ltr'>oderem</span> 
     </span>
     <span class='ocr_line' id='line_1_18' title="bbox 136 1206 662 1256; baseline 0 -10"><span class='ocrx_word' id='word_1_96' title='bbox 136 1206 458 1256; x_wconf 69' lang='lat' dir='ltr'>unguentorum</span> <span class='ocrx_word' id='word_1_97' title='bbox 476 1206 662 1246; x_wconf 80' lang='lat' dir='ltr'>tuerum.</span> 
     </span>
    </p>

    <p class='ocr_par' dir='ltr' id='par_1_9' title="bbox 241 1271 858 1324">
     <span class='ocr_line' id='line_1_19' title="bbox 241 1271 858 1324; baseline 0 -11"><span class='ocrx_word' id='word_1_98' title='bbox 241 1271 499 1324; x_wconf 84' lang='lat' dir='ltr'>Capitulum.</span> <span class='ocrx_word' id='word_1_99' title='bbox 674 1272 799 1314; x_wconf 77' lang='lat' dir='ltr'>Prov.</span> <span class='ocrx_word' id='word_1_100' title='bbox 822 1274 858 1313; x_wconf 74' lang='lat'>8.</span> 
     </span>
    </p>

    <p class='ocr_par' dir='ltr' id='par_1_10' title="bbox 226 1336 963 1389">
     <span class='ocr_line' id='line_1_20' title="bbox 226 1336 963 1389; baseline -0.003 -10"><span class='ocrx_word' id='word_1_101' title='bbox 226 1337 397 1379; x_wconf 77' lang='lat' dir='ltr'>eminus</span> <span class='ocrx_word' id='word_1_102' title='bbox 429 1336 630 1389; x_wconf 90' lang='lat' dir='ltr'>possedit</span> <span class='ocrx_word' id='word_1_103' title='bbox 662 1350 733 1379; x_wconf 90' lang='lat' dir='ltr'>me</span> <span class='ocrx_word' id='word_1_104' title='bbox 766 1338 811 1378; x_wconf 93' lang='lat' dir='ltr'>in</span> <span class='ocrx_word' id='word_1_105' title='bbox 841 1337 963 1378; x_wconf 89' lang='lat' dir='ltr'>initio</span> 
     </span>
    </p>

    <p class='ocr_par' dir='ltr' id='par_1_11' title="bbox 105 1393 966 1719">
     <span class='ocr_line' id='line_1_21' title="bbox 234 1393 966 1446; baseline -0.003 -10"><span class='ocrx_word' id='word_1_106' title='bbox 234 1394 402 1436; x_wconf 81' lang='lat' dir='ltr'>viarum</span> <span class='ocrx_word' id='word_1_107' title='bbox 409 1396 596 1443; x_wconf 83' lang='lat' dir='ltr'>suarum,</span> <span class='ocrx_word' id='word_1_108' title='bbox 605 1396 841 1446; x_wconf 84' lang='lat' dir='ltr'>antequam</span> <span class='ocrx_word' id='word_1_109' title='bbox 851 1393 966 1446; x_wconf 91' lang='lat' dir='ltr'>quid-</span> 
     </span>
     <span class='ocr_line' id='line_1_22' title="bbox 105 1450 964 1504; baseline -0.001 -12"><span class='ocrx_word' id='word_1_110' title='bbox 105 1452 109 1455; x_wconf 76' lang='grc'><strong>”</strong></span> <span class='ocrx_word' id='word_1_111' title='bbox 138 1464 268 1504; x_wconf 91' lang='lat' dir='ltr'>quam</span> <span class='ocrx_word' id='word_1_112' title='bbox 295 1450 459 1492; x_wconf 83' lang='lat' dir='ltr'>faceret</span> <span class='ocrx_word' id='word_1_113' title='bbox 486 1463 512 1491; x_wconf 95' lang='lat' dir='ltr'>a</span> <span class='ocrx_word' id='word_1_114' title='bbox 539 1450 766 1503; x_wconf 91' lang='lat' dir='ltr'>principio.</span> <span class='ocrx_word' id='word_1_115' title='bbox 810 1450 880 1491; x_wconf 92' lang='lat' dir='ltr'>Ab</span> <span class='ocrx_word' id='word_1_116' title='bbox 910 1463 964 1491; x_wconf 87' lang='lat' dir='ltr'>ae-</span> 
     </span>
     <span class='ocr_line' id='line_1_23' title="bbox 135 1506 964 1559; baseline -0.002 -10"><span class='ocrx_word' id='word_1_117' title='bbox 135 1509 262 1549; x_wconf 91' lang='lat' dir='ltr'>terno</span> <span class='ocrx_word' id='word_1_118' title='bbox 281 1506 485 1549; x_wconf 82' lang='lat' dir='ltr'>ordinata</span> <span class='ocrx_word' id='word_1_119' title='bbox 502 1519 609 1557; x_wconf 87' lang='lat' dir='ltr'>sum,</span> <span class='ocrx_word' id='word_1_120' title='bbox 629 1512 672 1549; x_wconf 92' lang='lat' dir='ltr'>et</span> <span class='ocrx_word' id='word_1_121' title='bbox 691 1520 746 1548; x_wconf 82' lang='lat' dir='ltr'>ex</span> <span class='ocrx_word' id='word_1_122' title='bbox 765 1507 964 1559; x_wconf 82' lang='lat' dir='ltr'>antiquis,</span> 
     </span>
     <span class='ocr_line' id='line_1_24' title="bbox 137 1562 965 1617; baseline -0.002 -12"><span class='ocrx_word' id='word_1_123' title='bbox 137 1566 371 1617; x_wconf 80' lang='lat' dir='ltr'>antequam</span> <span class='ocrx_word' id='word_1_124' title='bbox 405 1567 524 1604; x_wconf 88' lang='lat' dir='ltr'>terra</span> <span class='ocrx_word' id='word_1_125' title='bbox 559 1563 694 1606; x_wconf 85' lang='lat' dir='ltr'>fieret.</span> <span class='ocrx_word' id='word_1_126' title='bbox 756 1562 965 1605; x_wconf 90' lang='lat' dir='ltr'>Nondum</span> 
     </span>
     <span class='ocr_line' id='line_1_25' title="bbox 137 1619 965 1672; baseline -0.004 -10"><span class='ocrx_word' id='word_1_127' title='bbox 137 1625 260 1662; x_wconf 90' lang='lat' dir='ltr'>erant</span> <span class='ocrx_word' id='word_1_128' title='bbox 281 1619 445 1672; x_wconf 73' lang='lat' dir='ltr'>abyssi,</span> <span class='ocrx_word' id='word_1_129' title='bbox 473 1623 517 1660; x_wconf 91' lang='lat' dir='ltr'>et</span> <span class='ocrx_word' id='word_1_130' title='bbox 543 1632 625 1671; x_wconf 86' lang='lat' dir='ltr'>ego</span> <span class='ocrx_word' id='word_1_131' title='bbox 645 1621 731 1672; x_wconf 80' lang='lat' dir='ltr'>iam</span> <span class='ocrx_word' id='word_1_132' title='bbox 749 1621 965 1672; x_wconf 88' lang='lat' dir='ltr'>concepta</span> 
     </span>
     <span class='ocr_line' id='line_1_26' title="bbox 138 1690 268 1719; baseline -0.008 0"><span class='ocrx_word' id='word_1_133' title='bbox 138 1690 268 1719; x_wconf 89' lang='lat' dir='ltr'>eram.</span> 
     </span>
    </p>
   </div>
   <div class='ocr_carea' id='block_1_3' title="bbox 444 1726 663 1782">
    <p class='ocr_par' dir='ltr' id='par_1_12' title="bbox 444 1726 663 1782">
     <span class='ocr_line' id='line_1_27' title="bbox 444 1726 663 1782; baseline -0.005 -11"><span class='ocrx_word' id='word_1_134' title='bbox 444 1726 663 1782; x_wconf 53' lang='lat' dir='ltr'>Hymnus}</span> 
     </span>
    </p>
   </div>
   <div class='ocr_carea' id='block_1_4' title="bbox 321 1799 833 1905">
    <p class='ocr_par' dir='ltr' id='par_1_13' title="bbox 321 1799 833 1905">
     <span class='ocr_line' id='line_1_28' title="bbox 321 1799 756 1852; baseline -0.002 -11"><span class='ocrx_word' id='word_1_135' title='bbox 321 1799 513 1850; x_wconf 67' lang='lat' dir='ltr'>gloriosa</span> <span class='ocrx_word' id='word_1_136' title='bbox 530 1800 756 1852; x_wconf 86' lang='lat' dir='ltr'>virginum,</span> 
     </span>
     <span class='ocr_line' id='line_1_29' title="bbox 321 1855 833 1905; baseline -0.002 -8"><span class='ocrx_word' id='word_1_137' title='bbox 321 1855 527 1899; x_wconf 79' lang='lat' dir='ltr'>Sublimis</span> <span class='ocrx_word' id='word_1_138' title='bbox 545 1857 659 1899; x_wconf 90' lang='lat' dir='ltr'>inter</span> <span class='ocrx_word' id='word_1_139' title='bbox 678 1856 833 1905; x_wconf 89' lang='lat' dir='ltr'>sidera,</span> 
     </span>
    </p>
   </div>
   <div class='ocr_carea' id='block_1_5' title="bbox 263 1911 858 2012">
    <p class='ocr_par' dir='ltr' id='par_1_14' title="bbox 263 1911 858 2012">
     <span class='ocr_line' id='line_1_30' title="bbox 264 1911 858 1966; baseline -0.003 -12"><span class='ocrx_word' id='word_1_140' title='bbox 264 1913 350 1962; x_wconf 89' lang='lat' dir='ltr'>Qui</span> <span class='ocrx_word' id='word_1_141' title='bbox 367 1918 411 1955; x_wconf 89' lang='lat' dir='ltr'>te</span> <span class='ocrx_word' id='word_1_142' title='bbox 430 1914 606 1963; x_wconf 83' lang='lat' dir='ltr'>creavit,</span> <span class='ocrx_word' id='word_1_143' title='bbox 626 1911 858 1966; x_wconf 86' lang='lat' dir='ltr'>parvulum</span> 
     </span>
     <span class='ocr_line' id='line_1_31' title="bbox 263 1968 798 2012; baseline 0 -3"><span class='ocrx_word' id='word_1_144' title='bbox 263 1968 474 2012; x_wconf 89' lang='lat' dir='ltr'>Lactente</span> <span class='ocrx_word' id='word_1_145' title='bbox 493 1970 633 2011; x_wconf 90' lang='lat' dir='ltr'>nutris</span> <span class='ocrx_word' id='word_1_146' title='bbox 652 1968 798 2010; x_wconf 89' lang='lat' dir='ltr'>ubere.</span> 
     </span>
    </p>
   </div>
   <div class='ocr_carea' id='block_1_6' title="bbox 214 2032 865 2246">
    <p class='ocr_par' dir='ltr' id='par_1_15' title="bbox 214 2032 865 2246">
     <span class='ocr_line' id='line_1_32' title="bbox 214 2032 854 2083; baseline 0 -9"><span class='ocrx_word' id='word_1_147' title='bbox 214 2032 347 2083; x_wconf 90' lang='lat' dir='ltr'>Quod</span> <span class='ocrx_word' id='word_1_148' title='bbox 364 2034 491 2076; x_wconf 87' lang='lat' dir='ltr'>Heva</span> <span class='ocrx_word' id='word_1_149' title='bbox 509 2034 645 2076; x_wconf 89' lang='lat' dir='ltr'>tristis</span> <span class='ocrx_word' id='word_1_150' title='bbox 665 2032 854 2082; x_wconf 84' lang='lat' dir='ltr'>abstulit,</span> 
     </span>
     <span class='ocr_line' id='line_1_33' title="bbox 264 2089 865 2142; baseline -0.002 -12"><span class='ocrx_word' id='word_1_151' title='bbox 264 2089 501 2138; x_wconf 85' lang='lat' dir='ltr'>Tureddis</span> <span class='ocrx_word' id='word_1_152' title='bbox 521 2090 636 2133; x_wconf 91' lang='lat' dir='ltr'>almo</span> <span class='ocrx_word' id='word_1_153' title='bbox 655 2089 865 2142; x_wconf 88' lang='lat' dir='ltr'>germine:</span> 
     </span>
     <span class='ocr_line' id='line_1_34' title="bbox 266 2145 837 2195; baseline 0 -9"><span class='ocrx_word' id='word_1_154' title='bbox 266 2146 434 2189; x_wconf 88' lang='lat' dir='ltr'>Intrent</span> <span class='ocrx_word' id='word_1_155' title='bbox 452 2151 501 2189; x_wconf 93' lang='lat' dir='ltr'>ut</span> <span class='ocrx_word' id='word_1_156' title='bbox 520 2152 638 2189; x_wconf 89' lang='lat' dir='ltr'>astra</span> <span class='ocrx_word' id='word_1_157' title='bbox 660 2145 837 2195; x_wconf 88' lang='lat' dir='ltr'>flebiles,</span> 
     </span>
     <span class='ocr_line' id='line_1_35' title="bbox 264 2203 816 2246; baseline -0.005 -1"><span class='ocrx_word' id='word_1_158' title='bbox 264 2203 376 2245; x_wconf 87' lang='lat' dir='ltr'>Coeli</span> <span class='ocrx_word' id='word_1_159' title='bbox 394 2203 585 2246; x_wconf 90' lang='lat' dir='ltr'>recludis</span> <span class='ocrx_word' id='word_1_160' title='bbox 605 2203 816 2245; x_wconf 80' lang='lat' dir='ltr'>cardines.</span> 
     </span>
    </p>
   </div>
   <div class='ocr_carea' id='block_1_7' title="bbox 211 2266 923 2766">
    <p class='ocr_par' dir='ltr' id='par_1_16' title="bbox 211 2266 923 2766">
     <span class='ocr_line' id='line_1_36' title="bbox 211 2266 666 2320; baseline 0.002 -13"><span class='ocrx_word' id='word_1_161' title='bbox 211 2266 281 2309; x_wconf 91' lang='lat' dir='ltr'>Tu</span> <span class='ocrx_word' id='word_1_162' title='bbox 299 2269 414 2319; x_wconf 85' lang='lat' dir='ltr'>regis</span> <span class='ocrx_word' id='word_1_163' title='bbox 433 2268 510 2310; x_wconf 84' lang='lat' dir='ltr'>alti</span> <span class='ocrx_word' id='word_1_164' title='bbox 530 2270 666 2320; x_wconf 80' lang='lat' dir='ltr'>janua,</span> 
     </span>
     <span class='ocr_line' id='line_1_37' title="bbox 263 2322 764 2374; baseline -0.004 -9"><span class='ocrx_word' id='word_1_165' title='bbox 263 2324 320 2366; x_wconf 86' lang='lat' dir='ltr'>Et</span> <span class='ocrx_word' id='word_1_166' title='bbox 339 2323 437 2365; x_wconf 80' lang='lat' dir='ltr'>aula</span> <span class='ocrx_word' id='word_1_167' title='bbox 455 2324 566 2366; x_wconf 89' lang='lat' dir='ltr'>lucis</span> <span class='ocrx_word' id='word_1_168' title='bbox 585 2322 764 2374; x_wconf 79' lang='lat' dir='ltr'>fulgida:</span> 
     </span>
     <span class='ocr_line' id='line_1_38' title="bbox 262 2378 923 2433; baseline -0.006 -11"><span class='ocrx_word' id='word_1_169' title='bbox 262 2381 413 2422; x_wconf 84' lang='lat' dir='ltr'>Vitam</span> <span class='ocrx_word' id='word_1_170' title='bbox 432 2379 580 2423; x_wconf 91' lang='lat' dir='ltr'>datam</span> <span class='ocrx_word' id='word_1_171' title='bbox 598 2393 679 2433; x_wconf 88' lang='lat' dir='ltr'>per</span> <span class='ocrx_word' id='word_1_172' title='bbox 697 2378 923 2429; x_wconf 81' lang='lat' dir='ltr'>Virginem</span> 
     </span>
     <span class='ocr_line' id='line_1_39' title="bbox 266 2433 918 2488; baseline -0.006 -10"><span class='ocrx_word' id='word_1_173' title='bbox 266 2436 430 2479; x_wconf 84' lang='lat' dir='ltr'>Gentes</span> <span class='ocrx_word' id='word_1_174' title='bbox 450 2436 692 2488; x_wconf 72' lang='lat' dir='ltr'>redemptae</span> <span class='ocrx_word' id='word_1_175' title='bbox 711 2433 918 2487; x_wconf 79' lang='lat' dir='ltr'>plaudite.</span> 
     </span>
     <span class='ocr_line' id='line_1_40' title="bbox 211 2500 670 2552; baseline -0.002 -11"><span class='ocrx_word' id='word_1_176' title='bbox 211 2500 234 2540; x_wconf 90' lang='lat' dir='ltr'>J</span> <span class='ocrx_word' id='word_1_177' title='bbox 238 2513 326 2550; x_wconf 86' lang='lat' dir='ltr'>esu,</span> <span class='ocrx_word' id='word_1_178' title='bbox 343 2502 426 2543; x_wconf 91' lang='lat' dir='ltr'>tibi</span> <span class='ocrx_word' id='word_1_179' title='bbox 445 2502 501 2542; x_wconf 91' lang='lat' dir='ltr'>sit</span> <span class='ocrx_word' id='word_1_180' title='bbox 519 2501 670 2552; x_wconf 78' lang='lat' dir='ltr'>gleria,</span> 
     </span>
     <span class='ocr_line' id='line_1_41' title="bbox 264 2555 846 2607; baseline -0.007 -9"><span class='ocrx_word' id='word_1_181' title='bbox 264 2557 347 2607; x_wconf 90' lang='lat' dir='ltr'>Qui</span> <span class='ocrx_word' id='word_1_182' title='bbox 366 2562 492 2598; x_wconf 90' lang='lat' dir='ltr'>natus</span> <span class='ocrx_word' id='word_1_183' title='bbox 513 2570 560 2598; x_wconf 91' lang='lat' dir='ltr'>es</span> <span class='ocrx_word' id='word_1_184' title='bbox 580 2556 635 2598; x_wconf 91' lang='lat' dir='ltr'>de</span> <span class='ocrx_word' id='word_1_185' title='bbox 654 2555 846 2604; x_wconf 87' lang='lat' dir='ltr'>Virgine,</span> 
     </span>
     <span class='ocr_line' id='line_1_42' title="bbox 264 2609 918 2663; baseline -0.006 -10"><span class='ocrx_word' id='word_1_186' title='bbox 264 2613 374 2654; x_wconf 87' lang='lat' dir='ltr'>Cum</span> <span class='ocrx_word' id='word_1_187' title='bbox 393 2614 535 2663; x_wconf 91' lang='lat' dir='ltr'>Patre,</span> <span class='ocrx_word' id='word_1_188' title='bbox 555 2617 599 2654; x_wconf 87' lang='lat' dir='ltr'>et</span> <span class='ocrx_word' id='word_1_189' title='bbox 618 2611 733 2653; x_wconf 56' lang='lat' dir='ltr'>alm-0</span> <span class='ocrx_word' id='word_1_190' title='bbox 753 2609 918 2662; x_wconf 89' lang='lat' dir='ltr'>Spiritu</span> 
     </span>
     <span class='ocr_line' id='line_1_43' title="bbox 262 2665 788 2722; baseline -0.006 -14"><span class='ocrx_word' id='word_1_191' title='bbox 262 2668 313 2708; x_wconf 90' lang='lat' dir='ltr'>In</span> <span class='ocrx_word' id='word_1_192' title='bbox 333 2669 598 2722; x_wconf 88' lang='lat' dir='ltr'>sempiterna</span> <span class='ocrx_word' id='word_1_193' title='bbox 616 2665 788 2708; x_wconf 81' lang='lat' dir='ltr'>saecula.</span> 
     </span>
     <span class='ocr_line' id='line_1_44' title="bbox 444 2725 598 2766; baseline -0.006 -1"><span class='ocrx_word' id='word_1_194' title='bbox 444 2725 598 2766; x_wconf 91' lang='lat' dir='ltr'>Amen.</span> 
     </span>
    </p>
   </div>
   <div class='ocr_carea' id='block_1_8' title="bbox 288 2866 454 2890">
    <p class='ocr_par' dir='ltr' id='par_1_17' title="bbox 288 2866 454 2890">
     <span class='ocr_line' id='line_1_45' title="bbox 288 2866 454 2890; baseline -0.006 0"><span class='ocrx_word' id='word_1_195' title='bbox 288 2866 352 2890; x_wconf 80' lang='lat' dir='ltr'>Pars</span> <span class='ocrx_word' id='word_1_196' title='bbox 394 2873 454 2890; x_wconf 83' lang='lat' dir='ltr'>erna</span> 
     </span>
    </p>
   </div>
   <div class='ocr_carea' id='block_1_9' title="bbox 1018 294 1845 759">
    <p class='ocr_par' dir='ltr' id='par_1_18' title="bbox 1018 294 1845 454">
     <span class='ocr_line' id='line_1_46' title="bbox 1072 294 1845 352; baseline 0.005 -15"><span class='ocrx_word' id='word_1_197' title='bbox 1072 294 1122 345; x_wconf 65' lang='lat' dir='ltr'>V.</span> <span class='ocrx_word' id='word_1_198' title='bbox 1166 296 1451 339; x_wconf 79' lang='lat' dir='ltr'>Immaculata</span> <span class='ocrx_word' id='word_1_199' title='bbox 1487 300 1728 352; x_wconf 90' lang='lat' dir='ltr'>Conceptio</span> <span class='ocrx_word' id='word_1_200' title='bbox 1770 305 1845 341; x_wconf 89' lang='lat' dir='ltr'>tua</span> 
     </span>
     <span class='ocr_line' id='line_1_47' title="bbox 1018 353 1845 410; baseline 0.005 -17"><span class='ocrx_word' id='word_1_201' title='bbox 1018 353 1102 394; x_wconf 92' lang='lat' dir='ltr'>Dei</span> <span class='ocrx_word' id='word_1_202' title='bbox 1131 353 1331 395; x_wconf 80' lang='lat' dir='ltr'>Genitrix</span> <span class='ocrx_word' id='word_1_203' title='bbox 1357 355 1508 406; x_wconf 87' lang='lat' dir='ltr'>Virgo.</span> <span class='ocrx_word' id='word_1_204' title='bbox 1546 359 1594 410; x_wconf 63' lang='lat' dir='ltr'>Iit-</span> <span class='ocrx_word' id='word_1_205' title='bbox 1624 355 1845 397; x_wconf 87' lang='lat' dir='ltr'>Gaudium</span> 
     </span>
     <span class='ocr_line' id='line_1_48' title="bbox 1019 410 1706 454; baseline 0.006 -4"><span class='ocrx_word' id='word_1_206' title='bbox 1019 410 1290 452; x_wconf 75' lang='lat' dir='ltr'>annuntiavit</span> <span class='ocrx_word' id='word_1_207' title='bbox 1308 412 1512 453; x_wconf 89' lang='lat' dir='ltr'>universo</span> <span class='ocrx_word' id='word_1_208' title='bbox 1532 412 1706 454; x_wconf 92' lang='lat' dir='ltr'>mundo.</span> 
     </span>
    </p>

    <p class='ocr_par' dir='ltr' id='par_1_19' title="bbox 1018 482 1844 759">
     <span class='ocr_line' id='line_1_49' title="bbox 1073 482 1844 524; baseline 0 -2"><span class='ocrx_word' id='word_1_209' title='bbox 1073 482 1144 523; x_wconf 87' lang='lat' dir='ltr'>Ad</span> <span class='ocrx_word' id='word_1_210' title='bbox 1178 483 1339 523; x_wconf 84' lang='lat' dir='ltr'>Bcned.</span> <span class='ocrx_word' id='word_1_211' title='bbox 1380 484 1478 524; x_wconf 80' lang='lat' dir='ltr'>Ant.</span> <span class='ocrx_word' id='word_1_212' title='bbox 1528 482 1599 523; x_wconf 85' lang='lat' dir='ltr'>Ait</span> <span class='ocrx_word' id='word_1_213' title='bbox 1630 482 1844 523; x_wconf 78' lang='lat' dir='ltr'>Deminus</span> 
     </span>
     <span class='ocr_line' id='line_1_50' title="bbox 1019 535 1843 590; baseline 0.001 -13"><span class='ocrx_word' id='word_1_214' title='bbox 1019 537 1141 578; x_wconf 89' lang='lat' dir='ltr'>Deus</span> <span class='ocrx_word' id='word_1_215' title='bbox 1167 538 1191 565; x_wconf 89' lang='lat'>*</span> <span class='ocrx_word' id='word_1_216' title='bbox 1216 535 1273 579; x_wconf 92' lang='lat' dir='ltr'>ad</span> <span class='ocrx_word' id='word_1_217' title='bbox 1302 539 1565 590; x_wconf 76' lang='lat' dir='ltr'>serpentem:</span> <span class='ocrx_word' id='word_1_218' title='bbox 1592 538 1843 579; x_wconf 84' lang='lat' dir='ltr'>Inimicitias</span> 
     </span>
     <span class='ocr_line' id='line_1_51' title="bbox 1019 594 1843 645; baseline 0.001 -11"><span class='ocrx_word' id='word_1_219' title='bbox 1019 606 1182 645; x_wconf 91' lang='lat' dir='ltr'>ponam</span> <span class='ocrx_word' id='word_1_220' title='bbox 1200 594 1312 635; x_wconf 89' lang='lat' dir='ltr'>inter</span> <span class='ocrx_word' id='word_1_221' title='bbox 1331 598 1375 635; x_wconf 85' lang='lat' dir='ltr'>te</span> <span class='ocrx_word' id='word_1_222' title='bbox 1396 599 1439 635; x_wconf 92' lang='lat' dir='ltr'>et</span> <span class='ocrx_word' id='word_1_223' title='bbox 1457 594 1697 644; x_wconf 88' lang='lat' dir='ltr'>mulierem,</span> <span class='ocrx_word' id='word_1_224' title='bbox 1718 599 1761 635; x_wconf 92' lang='lat' dir='ltr'>et</span> <span class='ocrx_word' id='word_1_225' title='bbox 1781 607 1843 635; x_wconf 89' lang='lat' dir='ltr'>se-</span> 
     </span>
     <span class='ocr_line' id='line_1_52' title="bbox 1018 651 1843 704; baseline 0.001 -14"><span class='ocrx_word' id='word_1_226' title='bbox 1018 662 1118 691; x_wconf 87' lang='lat' dir='ltr'>men</span> <span class='ocrx_word' id='word_1_227' title='bbox 1132 655 1256 691; x_wconf 85' lang='lat' dir='ltr'>tuum</span> <span class='ocrx_word' id='word_1_228' title='bbox 1272 655 1315 691; x_wconf 89' lang='lat' dir='ltr'>et</span> <span class='ocrx_word' id='word_1_229' title='bbox 1330 663 1478 704; x_wconf 83' lang='lat' dir='ltr'>semen</span> <span class='ocrx_word' id='word_1_230' title='bbox 1493 651 1622 692; x_wconf 91' lang='lat' dir='ltr'>illius:</span> <span class='ocrx_word' id='word_1_231' title='bbox 1637 651 1733 703; x_wconf 87' lang='lat' dir='ltr'>ipsa</span> <span class='ocrx_word' id='word_1_232' title='bbox 1745 652 1843 691; x_wconf 75' lang='lat' dir='ltr'>cen-</span> 
     </span>
     <span class='ocr_line' id='line_1_53' title="bbox 1019 707 1638 759; baseline 0.003 -12"><span class='ocrx_word' id='word_1_233' title='bbox 1019 711 1132 747; x_wconf 87' lang='lat' dir='ltr'>teret</span> <span class='ocrx_word' id='word_1_234' title='bbox 1151 711 1283 759; x_wconf 89' lang='lat' dir='ltr'>caput</span> <span class='ocrx_word' id='word_1_235' title='bbox 1300 712 1435 757; x_wconf 91' lang='lat' dir='ltr'>tuum,</span> <span class='ocrx_word' id='word_1_236' title='bbox 1457 707 1638 759; x_wconf 90' lang='lat' dir='ltr'>alleluja.</span> 
     </span>
    </p>
   </div>
   <div class='ocr_carea' id='block_1_10' title="bbox 1352 773 1515 814">
    <p class='ocr_par' dir='ltr' id='par_1_20' title="bbox 1352 773 1515 814">
     <span class='ocr_line' id='line_1_54' title="bbox 1352 773 1515 814; baseline 0.006 -1"><span class='ocrx_word' id='word_1_237' title='bbox 1352 773 1515 814; x_wconf 84' lang='lat' dir='ltr'>Oratio.</span> 
     </span>
    </p>
   </div>
   <div class='ocr_carea' id='block_1_11' title="bbox 1016 831 1845 1333">
    <p class='ocr_par' dir='ltr' id='par_1_21' title="bbox 1016 831 1845 1333">
     <span class='ocr_line' id='line_1_55' title="bbox 1020 831 1843 937; baseline 0.006 -60"><span class='ocrx_word' id='word_1_238' title='bbox 1020 831 1193 937; x_wconf 90' lang='lat' dir='ltr'>Deus,</span> <span class='ocrx_word' id='word_1_239' title='bbox 1214 838 1287 890; x_wconf 93' lang='lat' dir='ltr'>qui</span> <span class='ocrx_word' id='word_1_240' title='bbox 1306 851 1386 891; x_wconf 90' lang='lat' dir='ltr'>per</span> <span class='ocrx_word' id='word_1_241' title='bbox 1405 839 1733 881; x_wconf 80' lang='lat' dir='ltr'>Immaculatam</span> <span class='ocrx_word' id='word_1_242' title='bbox 1747 841 1843 882; x_wconf 90' lang='lat' dir='ltr'>Vir-</span> 
     </span>
     <span class='ocr_line' id='line_1_56' title="bbox 1112 894 1844 947; baseline 0.004 -13"><span class='ocrx_word' id='word_1_243' title='bbox 1112 894 1222 945; x_wconf 84' lang='lat' dir='ltr'>ginis</span> <span class='ocrx_word' id='word_1_244' title='bbox 1235 894 1578 947; x_wconf 76' lang='lat' dir='ltr'>Conceptienem</span> <span class='ocrx_word' id='word_1_245' title='bbox 1593 895 1770 947; x_wconf 86' lang='lat' dir='ltr'>dignum</span> <span class='ocrx_word' id='word_1_246' title='bbox 1778 898 1844 937; x_wconf 88' lang='lat' dir='ltr'>Fi-</span> 
     </span>
     <span class='ocr_line' id='line_1_57' title="bbox 1018 949 1844 1008; baseline 0.004 -18"><span class='ocrx_word' id='word_1_247' title='bbox 1018 949 1077 990; x_wconf 91' lang='lat' dir='ltr'>lio</span> <span class='ocrx_word' id='word_1_248' title='bbox 1118 955 1196 992; x_wconf 87' lang='lat' dir='ltr'>tuo</span> <span class='ocrx_word' id='word_1_249' title='bbox 1236 950 1533 993; x_wconf 80' lang='lat' dir='ltr'>habitaculum</span> <span class='ocrx_word' id='word_1_250' title='bbox 1569 954 1844 1008; x_wconf 83' lang='lat' dir='ltr'>praeparasti:</span> 
     </span>
     <span class='ocr_line' id='line_1_58' title="bbox 1022 1009 1843 1062; baseline 0.005 -15"><span class='ocrx_word' id='word_1_251' title='bbox 1022 1009 1286 1058; x_wconf 75' lang='lat' dir='ltr'>quaesumus3</span> <span class='ocrx_word' id='word_1_252' title='bbox 1312 1014 1375 1058; x_wconf 89' lang='lat' dir='ltr'>ut,</span> <span class='ocrx_word' id='word_1_253' title='bbox 1403 1009 1476 1061; x_wconf 93' lang='lat' dir='ltr'>qui</span> <span class='ocrx_word' id='word_1_254' title='bbox 1502 1021 1555 1050; x_wconf 79' lang='lat' dir='ltr'>ex</span> <span class='ocrx_word' id='word_1_255' title='bbox 1574 1015 1716 1051; x_wconf 89' lang='lat' dir='ltr'>morte</span> <span class='ocrx_word' id='word_1_256' title='bbox 1737 1011 1843 1062; x_wconf 88' lang='lat' dir='ltr'>ejus-</span> 
     </span>
     <span class='ocr_line' id='line_1_59' title="bbox 1020 1063 1845 1117; baseline 0.004 -13"><span class='ocrx_word' id='word_1_257' title='bbox 1020 1063 1120 1104; x_wconf 91' lang='lat' dir='ltr'>dem</span> <span class='ocrx_word' id='word_1_258' title='bbox 1135 1064 1233 1104; x_wconf 91' lang='lat' dir='ltr'>Filii</span> <span class='ocrx_word' id='word_1_259' title='bbox 1246 1065 1310 1106; x_wconf 90' lang='lat' dir='ltr'>tui</span> <span class='ocrx_word' id='word_1_260' title='bbox 1329 1067 1516 1117; x_wconf 81' lang='lat' dir='ltr'>praevisa</span> <span class='ocrx_word' id='word_1_261' title='bbox 1538 1079 1634 1107; x_wconf 91' lang='lat' dir='ltr'>eam</span> <span class='ocrx_word' id='word_1_262' title='bbox 1654 1066 1708 1107; x_wconf 90' lang='lat' dir='ltr'>ab</span> <span class='ocrx_word' id='word_1_263' title='bbox 1728 1067 1845 1107; x_wconf 91' lang='lat' dir='ltr'>omni</span> 
     </span>
     <span class='ocr_line' id='line_1_60' title="bbox 1016 1119 1843 1175; baseline 0.005 -15"><span class='ocrx_word' id='word_1_264' title='bbox 1016 1119 1115 1161; x_wconf 91' lang='lat' dir='ltr'>labe</span> <span class='ocrx_word' id='word_1_265' title='bbox 1130 1122 1422 1172; x_wconf 82' lang='lat' dir='ltr'>praeservasti,</span> <span class='ocrx_word' id='word_1_266' title='bbox 1437 1135 1518 1163; x_wconf 87' lang='lat' dir='ltr'>nos</span> <span class='ocrx_word' id='word_1_267' title='bbox 1535 1135 1710 1175; x_wconf 92' lang='lat' dir='ltr'>quoque</span> <span class='ocrx_word' id='word_1_268' title='bbox 1725 1136 1843 1164; x_wconf 92' lang='lat' dir='ltr'>mun-</span> 
     </span>
     <span class='ocr_line' id='line_1_61' title="bbox 1020 1176 1844 1231; baseline 0.004 -14"><span class='ocrx_word' id='word_1_269' title='bbox 1020 1176 1100 1218; x_wconf 92' lang='lat' dir='ltr'>dos</span> <span class='ocrx_word' id='word_1_270' title='bbox 1131 1177 1220 1228; x_wconf 80' lang='lat' dir='ltr'>ejus</span> <span class='ocrx_word' id='word_1_271' title='bbox 1249 1177 1561 1219; x_wconf 82' lang='lat' dir='ltr'>intercessiene</span> <span class='ocrx_word' id='word_1_272' title='bbox 1593 1178 1649 1220; x_wconf 92' lang='lat' dir='ltr'>ad</span> <span class='ocrx_word' id='word_1_273' title='bbox 1676 1183 1720 1220; x_wconf 91' lang='lat' dir='ltr'>te</span> <span class='ocrx_word' id='word_1_274' title='bbox 1749 1192 1844 1231; x_wconf 89' lang='lat' dir='ltr'>per-</span> 
     </span>
     <span class='ocr_line' id='line_1_62' title="bbox 1018 1233 1844 1277; baseline 0.002 -3"><span class='ocrx_word' id='word_1_275' title='bbox 1018 1236 1165 1275; x_wconf 88' lang='lat' dir='ltr'>venire</span> <span class='ocrx_word' id='word_1_276' title='bbox 1186 1233 1412 1276; x_wconf 76' lang='lat' dir='ltr'>concedas.</span> <span class='ocrx_word' id='word_1_277' title='bbox 1439 1235 1523 1276; x_wconf 90' lang='lat' dir='ltr'>Per</span> <span class='ocrx_word' id='word_1_278' title='bbox 1539 1235 1742 1277; x_wconf 89' lang='lat' dir='ltr'>eumdem</span> <span class='ocrx_word' id='word_1_279' title='bbox 1757 1236 1844 1276; x_wconf 79' lang='lat' dir='ltr'>De-</span> 
     </span>
     <span class='ocr_line' id='line_1_63' title="bbox 1016 1289 1408 1333; baseline 0.003 -3"><span class='ocrx_word' id='word_1_280' title='bbox 1016 1289 1182 1332; x_wconf 91' lang='lat' dir='ltr'>minum</span> <span class='ocrx_word' id='word_1_281' title='bbox 1199 1296 1408 1333; x_wconf 85' lang='lat' dir='ltr'>nostrum.</span> 
     </span>
    </p>
   </div>
   <div class='ocr_carea' id='block_1_12' title="bbox 1017 1378 1841 1551">
    <p class='ocr_par' dir='ltr' id='par_1_22' title="bbox 1017 1378 1841 1551">
     <span class='ocr_line' id='line_1_64' title="bbox 1288 1378 1578 1414; baseline -0.003 0"><span class='ocrx_word' id='word_1_282' title='bbox 1288 1378 1356 1414; x_wconf 91' lang='lat' dir='ltr'>Ad</span> <span class='ocrx_word' id='word_1_283' title='bbox 1379 1378 1578 1414; x_wconf 89' lang='lat' dir='ltr'>Primam.</span> 
     </span>
     <span class='ocr_line' id='line_1_65' title="bbox 1069 1436 1841 1493; baseline 0.006 -14"><span class='ocrx_word' id='word_1_284' title='bbox 1069 1440 1118 1479; x_wconf 88' lang='lat' dir='ltr'>In</span> <span class='ocrx_word' id='word_1_285' title='bbox 1139 1440 1189 1491; x_wconf 69' lang='lat' dir='ltr'>R.</span> <span class='ocrx_word' id='word_1_286' title='bbox 1210 1440 1271 1481; x_wconf 87' lang='lat' dir='ltr'>br.</span> <span class='ocrx_word' id='word_1_287' title='bbox 1293 1440 1449 1482; x_wconf 86' lang='lat' dir='ltr'>dicitur</span> <span class='ocrx_word' id='word_1_288' title='bbox 1469 1436 1518 1488; x_wconf 59' lang='lat' dir='ltr'>V.</span> <span class='ocrx_word' id='word_1_289' title='bbox 1546 1443 1628 1493; x_wconf 88' lang='lat' dir='ltr'>Qui</span> <span class='ocrx_word' id='word_1_290' title='bbox 1649 1449 1775 1484; x_wconf 90' lang='lat' dir='ltr'>natus</span> <span class='ocrx_word' id='word_1_291' title='bbox 1795 1456 1841 1484; x_wconf 90' lang='lat' dir='ltr'>es</span> 
     </span>
     <span class='ocr_line' id='line_1_66' title="bbox 1017 1500 1441 1551; baseline 0 -9"><span class='ocrx_word' id='word_1_292' title='bbox 1017 1500 1071 1542; x_wconf 90' lang='lat' dir='ltr'>de</span> <span class='ocrx_word' id='word_1_293' title='bbox 1090 1500 1228 1541; x_wconf 91' lang='lat' dir='ltr'>Maria</span> <span class='ocrx_word' id='word_1_294' title='bbox 1249 1500 1441 1551; x_wconf 88' lang='lat' dir='ltr'>Virgine.</span> 
     </span>
    </p>
   </div>
   <div class='ocr_carea' id='block_1_13' title="bbox 1285 1587 1575 1623">
    <p class='ocr_par' dir='ltr' id='par_1_23' title="bbox 1285 1587 1575 1623">
     <span class='ocr_line' id='line_1_67' title="bbox 1285 1587 1575 1623; baseline 0 0"><span class='ocrx_word' id='word_1_295' title='bbox 1285 1587 1353 1623; x_wconf 92' lang='lat' dir='ltr'>Ad</span> <span class='ocrx_word' id='word_1_296' title='bbox 1373 1587 1575 1623; x_wconf 89' lang='lat' dir='ltr'>Tertiam.</span> 
     </span>
    </p>
   </div>
   <div class='ocr_carea' id='block_1_14' title="bbox 1070 1654 1815 1707">
    <p class='ocr_par' dir='ltr' id='par_1_24' title="bbox 1070 1654 1815 1707">
     <span class='ocr_line' id='line_1_68' title="bbox 1070 1654 1815 1707; baseline 0 -13"><span class='ocrx_word' id='word_1_297' title='bbox 1070 1654 1326 1706; x_wconf 85' lang='lat' dir='ltr'>Capitulum.</span> <span class='ocrx_word' id='word_1_298' title='bbox 1356 1654 1579 1695; x_wconf 75' lang='lat' dir='ltr'>Deminus.</span> <span class='ocrx_word' id='word_1_299' title='bbox 1608 1660 1815 1707; x_wconf 84' lang='lat' dir='ltr'>utsupra.</span> 
     </span>
    </p>
   </div>
   <div class='ocr_carea' id='block_1_15' title="bbox 1015 1717 1841 1997">
    <p class='ocr_par' dir='ltr' id='par_1_25' title="bbox 1015 1717 1841 1997">
     <span class='ocr_line' id='line_1_69' title="bbox 1068 1717 1839 1772; baseline 0.005 -17"><span class='ocrx_word' id='word_1_300' title='bbox 1068 1718 1119 1769; x_wconf 67' lang='lat' dir='ltr'>R.</span> <span class='ocrx_word' id='word_1_301' title='bbox 1140 1717 1200 1757; x_wconf 88' lang='lat' dir='ltr'>br.</span> <span class='ocrx_word' id='word_1_302' title='bbox 1230 1719 1351 1760; x_wconf 87' lang='lat' dir='ltr'>Deus</span> <span class='ocrx_word' id='word_1_303' title='bbox 1378 1721 1654 1772; x_wconf 88' lang='lat' dir='ltr'>omnipotens</span> <span class='ocrx_word' id='word_1_304' title='bbox 1680 1719 1701 1742; x_wconf 86' lang='lat'>*</span> <span class='ocrx_word' id='word_1_305' title='bbox 1726 1719 1839 1759; x_wconf 85' lang='lat' dir='ltr'>Prae-</span> 
     </span>
     <span class='ocr_line' id='line_1_70' title="bbox 1017 1775 1839 1827; baseline 0 -13"><span class='ocrx_word' id='word_1_306' title='bbox 1017 1775 1152 1816; x_wconf 86' lang='lat' dir='ltr'>cinxit</span> <span class='ocrx_word' id='word_1_307' title='bbox 1182 1788 1252 1816; x_wconf 89' lang='lat' dir='ltr'>me</span> <span class='ocrx_word' id='word_1_308' title='bbox 1281 1775 1452 1817; x_wconf 85' lang='lat' dir='ltr'>virtute.</span> <span class='ocrx_word' id='word_1_309' title='bbox 1494 1775 1616 1817; x_wconf 90' lang='lat' dir='ltr'>Deus</span> <span class='ocrx_word' id='word_1_310' title='bbox 1645 1776 1839 1827; x_wconf 87' lang='lat' dir='ltr'>omnipo-</span> 
     </span>
     <span class='ocr_line' id='line_1_71' title="bbox 1016 1825 1841 1884; baseline -0.001 -12"><span class='ocrx_word' id='word_1_311' title='bbox 1016 1835 1125 1872; x_wconf 89' lang='lat' dir='ltr'>tens.</span> <span class='ocrx_word' id='word_1_312' title='bbox 1170 1825 1220 1875; x_wconf 63' lang='lat' dir='ltr'>V.</span> <span class='ocrx_word' id='word_1_313' title='bbox 1251 1831 1308 1873; x_wconf 89' lang='lat' dir='ltr'>Et</span> <span class='ocrx_word' id='word_1_314' title='bbox 1338 1831 1487 1884; x_wconf 70' lang='lat' dir='ltr'>posuit</span> <span class='ocrx_word' id='word_1_315' title='bbox 1518 1830 1841 1872; x_wconf 82' lang='lat' dir='ltr'>immaculatam</span> 
     </span>
     <span class='ocr_line' id='line_1_72' title="bbox 1016 1887 1839 1929; baseline 0 -2"><span class='ocrx_word' id='word_1_316' title='bbox 1016 1887 1131 1928; x_wconf 92' lang='lat' dir='ltr'>viam</span> <span class='ocrx_word' id='word_1_317' title='bbox 1149 1900 1302 1929; x_wconf 89' lang='lat' dir='ltr'>meam.</span> <span class='ocrx_word' id='word_1_318' title='bbox 1326 1887 1571 1929; x_wconf 85' lang='lat' dir='ltr'>Praecinxit.</span> <span class='ocrx_word' id='word_1_319' title='bbox 1596 1887 1748 1928; x_wconf 69' lang='lat' dir='ltr'>Gloria</span> <span class='ocrx_word' id='word_1_320' title='bbox 1762 1887 1839 1927; x_wconf 90' lang='lat' dir='ltr'>Pa-</span> 
     </span>
     <span class='ocr_line' id='line_1_73' title="bbox 1015 1943 1542 1997; baseline 0 -13"><span class='ocrx_word' id='word_1_321' title='bbox 1015 1944 1082 1984; x_wconf 92' lang='lat' dir='ltr'>tri.</span> <span class='ocrx_word' id='word_1_322' title='bbox 1110 1943 1231 1985; x_wconf 88' lang='lat' dir='ltr'>Deus</span> <span class='ocrx_word' id='word_1_323' title='bbox 1251 1946 1542 1997; x_wconf 87' lang='lat' dir='ltr'>omnipotens.</span> 
     </span>
    </p>
   </div>
   <div class='ocr_carea' id='block_1_16' title="bbox 1014 2001 1839 2174">
    <p class='ocr_par' dir='ltr' id='par_1_26' title="bbox 1014 2001 1839 2174">
     <span class='ocr_line' id='line_1_74' title="bbox 1066 2001 1839 2061; baseline -0.004 -10"><span class='ocrx_word' id='word_1_324' title='bbox 1066 2001 1117 2052; x_wconf 66' lang='lat' dir='ltr'>V·</span> <span class='ocrx_word' id='word_1_325' title='bbox 1141 2009 1193 2050; x_wconf 93' lang='lat' dir='ltr'>In</span> <span class='ocrx_word' id='word_1_326' title='bbox 1211 2009 1296 2051; x_wconf 91' lang='lat' dir='ltr'>hoc</span> <span class='ocrx_word' id='word_1_327' title='bbox 1315 2009 1518 2060; x_wconf 66' lang='lat' dir='ltr'>cognovi,</span> <span class='ocrx_word' id='word_1_328' title='bbox 1543 2008 1748 2061; x_wconf 75' lang='lat' dir='ltr'>queniam</span> <span class='ocrx_word' id='word_1_329' title='bbox 1767 2020 1839 2049; x_wconf 85' lang='lat' dir='ltr'>vo-</span> 
     </span>
     <span class='ocr_line' id='line_1_75' title="bbox 1014 2062 1838 2117; baseline -0.002 -11"><span class='ocrx_word' id='word_1_330' title='bbox 1014 2065 1133 2107; x_wconf 88' lang='lat' dir='ltr'>luisti</span> <span class='ocrx_word' id='word_1_331' title='bbox 1151 2078 1232 2107; x_wconf 91' lang='lat' dir='ltr'>me.</span> <span class='ocrx_word' id='word_1_332' title='bbox 1264 2065 1316 2117; x_wconf 66' lang='lat' dir='ltr'>Rz.</span> <span class='ocrx_word' id='word_1_333' title='bbox 1342 2065 1558 2116; x_wconf 77' lang='lat' dir='ltr'>Queniam</span> <span class='ocrx_word' id='word_1_334' title='bbox 1576 2077 1663 2105; x_wconf 91' lang='lat' dir='ltr'>non</span> <span class='ocrx_word' id='word_1_335' title='bbox 1681 2062 1838 2115; x_wconf 88' lang='lat' dir='ltr'>gaude-</span> 
     </span>
     <span class='ocr_line' id='line_1_76' title="bbox 1014 2121 1688 2174; baseline -0.004 -11"><span class='ocrx_word' id='word_1_336' title='bbox 1014 2121 1080 2163; x_wconf 92' lang='lat' dir='ltr'>bit</span> <span class='ocrx_word' id='word_1_337' title='bbox 1098 2122 1296 2163; x_wconf 86' lang='lat' dir='ltr'>inimicus</span> <span class='ocrx_word' id='word_1_338' title='bbox 1315 2135 1438 2163; x_wconf 89' lang='lat' dir='ltr'>meus</span> <span class='ocrx_word' id='word_1_339' title='bbox 1457 2134 1590 2174; x_wconf 90' lang='lat' dir='ltr'>super</span> <span class='ocrx_word' id='word_1_340' title='bbox 1608 2132 1688 2161; x_wconf 88' lang='lat' dir='ltr'>me.</span> 
     </span>
    </p>
   </div>
   <div class='ocr_carea' id='block_1_17' title="bbox 1204 2191 1651 2245">
    <p class='ocr_par' dir='ltr' id='par_1_27' title="bbox 1204 2191 1651 2245">
     <span class='ocr_line' id='line_1_77' title="bbox 1204 2191 1651 2245; baseline -0.007 -11"><span class='ocrx_word' id='word_1_341' title='bbox 1204 2194 1423 2245; x_wconf 88' lang='lat' dir='ltr'>Tempore</span> <span class='ocrx_word' id='word_1_342' title='bbox 1444 2191 1651 2233; x_wconf 87' lang='lat' dir='ltr'>Paschali.</span> 
     </span>
    </p>
   </div>
   <div class='ocr_carea' id='block_1_18' title="bbox 981 2257 1838 2771">
    <p class='ocr_par' dir='ltr' id='par_1_28' title="bbox 1012 2257 1838 2528">
     <span class='ocr_line' id='line_1_78' title="bbox 1065 2257 1838 2312; baseline -0.009 -8"><span class='ocrx_word' id='word_1_343' title='bbox 1065 2258 1116 2310; x_wconf 67' lang='grc' dir='ltr'>Βι-</span> <span class='ocrx_word' id='word_1_344' title='bbox 1135 2257 1197 2299; x_wconf 88' lang='lat' dir='ltr'>br·</span> <span class='ocrx_word' id='word_1_345' title='bbox 1221 2261 1341 2303; x_wconf 88' lang='lat' dir='ltr'>Deus</span> <span class='ocrx_word' id='word_1_346' title='bbox 1361 2262 1636 2312; x_wconf 86' lang='lat' dir='ltr'>omnipotens</span> <span class='ocrx_word' id='word_1_347' title='bbox 1656 2259 1838 2309; x_wconf 85' lang='lat' dir='ltr'>praecin-</span> 
     </span>
     <span class='ocr_line' id='line_1_79' title="bbox 1013 2313 1838 2366; baseline -0.01 -5"><span class='ocrx_word' id='word_1_348' title='bbox 1013 2320 1076 2361; x_wconf 86' lang='lat' dir='ltr'>xit</span> <span class='ocrx_word' id='word_1_349' title='bbox 1100 2333 1171 2361; x_wconf 93' lang='lat' dir='ltr'>me</span> <span class='ocrx_word' id='word_1_350' title='bbox 1189 2319 1366 2366; x_wconf 87' lang='lat' dir='ltr'>virtute,</span> <span class='ocrx_word' id='word_1_351' title='bbox 1384 2315 1407 2340; x_wconf 83' lang='lat'>*</span> <span class='ocrx_word' id='word_1_352' title='bbox 1428 2316 1629 2366; x_wconf 74' lang='lat' dir='ltr'>Alleluia,</span> <span class='ocrx_word' id='word_1_353' title='bbox 1656 2313 1838 2365; x_wconf 89' lang='lat' dir='ltr'>alleluja.</span> 
     </span>
     <span class='ocr_line' id='line_1_80' title="bbox 1013 2367 1838 2425; baseline -0.008 -9"><span class='ocrx_word' id='word_1_354' title='bbox 1013 2376 1145 2417; x_wconf 88' lang='lat' dir='ltr'>Deus.</span> <span class='ocrx_word' id='word_1_355' title='bbox 1182 2367 1231 2418; x_wconf 69' lang='lat' dir='ltr'>V·</span> <span class='ocrx_word' id='word_1_356' title='bbox 1259 2374 1316 2414; x_wconf 87' lang='lat' dir='ltr'>Et</span> <span class='ocrx_word' id='word_1_357' title='bbox 1342 2373 1491 2425; x_wconf 77' lang='lat' dir='ltr'>pesuit</span> <span class='ocrx_word' id='word_1_358' title='bbox 1516 2370 1838 2412; x_wconf 80' lang='lat' dir='ltr'>immaculatam</span> 
     </span>
     <span class='ocr_line' id='line_1_81' title="bbox 1012 2425 1837 2479; baseline -0.007 -7"><span class='ocrx_word' id='word_1_359' title='bbox 1012 2431 1128 2472; x_wconf 87' lang='lat' dir='ltr'>viam</span> <span class='ocrx_word' id='word_1_360' title='bbox 1141 2443 1294 2471; x_wconf 92' lang='lat' dir='ltr'>meam.</span> <span class='ocrx_word' id='word_1_361' title='bbox 1318 2428 1515 2479; x_wconf 76' lang='lat' dir='ltr'>Alleluia,</span> <span class='ocrx_word' id='word_1_362' title='bbox 1530 2426 1711 2478; x_wconf 89' lang='lat' dir='ltr'>alleluja.</span> <span class='ocrx_word' id='word_1_363' title='bbox 1737 2425 1837 2467; x_wconf 74' lang='lat' dir='ltr'>Gle-</span> 
     </span>
     <span class='ocr_line' id='line_1_82' title="bbox 1013 2486 1384 2528; baseline -0.008 0"><span class='ocrx_word' id='word_1_364' title='bbox 1013 2488 1078 2528; x_wconf 91' lang='lat' dir='ltr'>ria</span> <span class='ocrx_word' id='word_1_365' title='bbox 1096 2486 1226 2528; x_wconf 89' lang='lat' dir='ltr'>Patri.</span> <span class='ocrx_word' id='word_1_366' title='bbox 1252 2486 1384 2526; x_wconf 91' lang='lat' dir='ltr'>Deus.</span> 
     </span>
    </p>

    <p class='ocr_par' dir='ltr' id='par_1_29' title="bbox 1011 2545 1837 2715">
     <span class='ocr_line' id='line_1_83' title="bbox 1064 2545 1835 2600; baseline -0.004 -11"><span class='ocrx_word' id='word_1_367' title='bbox 1064 2545 1115 2597; x_wconf 67' lang='lat' dir='ltr'>V.</span> <span class='ocrx_word' id='word_1_368' title='bbox 1141 2553 1192 2592; x_wconf 89' lang='lat' dir='ltr'>In</span> <span class='ocrx_word' id='word_1_369' title='bbox 1211 2551 1296 2591; x_wconf 92' lang='lat' dir='ltr'>hoc</span> <span class='ocrx_word' id='word_1_370' title='bbox 1316 2548 1518 2600; x_wconf 76' lang='lat' dir='ltr'>cognevi,</span> <span class='ocrx_word' id='word_1_371' title='bbox 1538 2546 1743 2599; x_wconf 77' lang='lat' dir='ltr'>queniam</span> <span class='ocrx_word' id='word_1_372' title='bbox 1762 2559 1835 2587; x_wconf 90' lang='lat' dir='ltr'>vo-</span> 
     </span>
     <span class='ocr_line' id='line_1_84' title="bbox 1012 2603 1837 2657; baseline -0.008 -8"><span class='ocrx_word' id='word_1_373' title='bbox 1012 2607 1130 2649; x_wconf 90' lang='lat' dir='ltr'>luisti</span> <span class='ocrx_word' id='word_1_374' title='bbox 1148 2620 1228 2657; x_wconf 92' lang='lat' dir='ltr'>me,</span> <span class='ocrx_word' id='word_1_375' title='bbox 1249 2606 1430 2657; x_wconf 76' lang='lat' dir='ltr'>alleluJa.</span> <span class='ocrx_word' id='word_1_376' title='bbox 1451 2605 1501 2644; x_wconf 86' lang='lat' dir='ltr'>R·.</span> <span class='ocrx_word' id='word_1_377' title='bbox 1519 2603 1734 2654; x_wconf 81' lang='lat' dir='ltr'>Queniam</span> <span class='ocrx_word' id='word_1_378' title='bbox 1749 2615 1837 2643; x_wconf 93' lang='lat' dir='ltr'>non</span> 
     </span>
     <span class='ocr_line' id='line_1_85' title="bbox 1011 2662 1837 2715; baseline -0.01 -9"><span class='ocrx_word' id='word_1_379' title='bbox 1011 2663 1219 2715; x_wconf 85' lang='lat' dir='ltr'>gaudebit</span> <span class='ocrx_word' id='word_1_380' title='bbox 1240 2662 1437 2702; x_wconf 87' lang='lat' dir='ltr'>inimicus</span> <span class='ocrx_word' id='word_1_381' title='bbox 1459 2673 1581 2702; x_wconf 91' lang='lat' dir='ltr'>meus</span> <span class='ocrx_word' id='word_1_382' title='bbox 1607 2671 1738 2711; x_wconf 92' lang='lat' dir='ltr'>super</span> <span class='ocrx_word' id='word_1_383' title='bbox 1756 2671 1837 2706; x_wconf 85' lang='lat' dir='ltr'>me,</span> 
     </span>
    </p>

    <p class='ocr_par' dir='ltr' id='par_1_30' title="bbox 981 2713 1193 2771">
     <span class='ocr_line' id='line_1_86' title="bbox 981 2713 1193 2771; baseline -0.009 -10"><span class='ocrx_word' id='word_1_384' title='bbox 981 2713 1193 2771; x_wconf 82' lang='lat' dir='ltr'>l&#39;alleluja.</span> 
     </span>
    </p>
   </div>
   <div class='ocr_carea' id='block_1_19' title="bbox 78 134 1901 2827">
    <p class='ocr_par' dir='ltr' id='par_1_31' title="bbox 78 134 1901 2827">
     <span class='ocr_line' id='line_1_87' title="bbox 78 134 1901 2827; baseline 0 0"><span class='ocrx_word' id='word_1_385' title='bbox 78 134 1901 2827; x_wconf 95' lang='lat' dir='ltr'> </span> 
     </span>
    </p>
   </div>
  </div>
 </body>
</html>
