2066 2904
214 182 283 226 [54]

271 280 363 316 λιιι.
399 278 641 328 Tamquam
666 288 820 316 aurum
843 275 867 300 *
892 275 936 315 in
960 274 1043 315 for-

214 336 321 374 nace
341 332 547 385 probavit
566 331 730 373 electos
749 331 979 372 Dominus:
1000 335 1043 371 et

215 389 338 442 quasi
379 389 637 431 holocausta
679 388 849 441 accepit
885 400 961 429 eos
998 387 1040 427 in

213 447 436 487 aeternum.

501 526 693 566 psalmus-
715 528 748 565 2.

214 576 403 697 Quare
430 593 699 634 fremuerunt
727 592 912 640 Gentes,
938 591 962 615 *
997 595 1041 631 et

314 649 466 702 populi
484 648 682 690 meditati
703 653 802 689 sunt
820 645 987 688 inania?

265 706 510 747 Astiterunt
533 717 659 755 reges
683 709 829 753 terrae,
858 708 902 745 et
925 705 1039 756 prin-

213 763 333 816 cipes
362 763 658 803 eonvenerunt
685 761 729 801 in
757 773 890 801 unum
916 761 939 785 *
967 759 1039 801 ad-

211 821 364 860 versus
378 818 625 867 Dominum,
644 822 687 858 et
703 816 913 858 adversus
929 816 1041 858 Chri-

211 880 326 917 stum
345 876 446 927 ejus.

263 932 574 984 Dirumpamus
606 930 778 971 vincula
815 932 983 972 eorum:
1015 930 1039 955 *

211 993 254 1030 et
278 988 557 1041 projiciamus
587 999 612 1028 a
640 986 767 1028 nobis
799 987 946 1038 jugum
978 987 1038 1039 ip-

211 1057 368 1086 sorum.

263 1101 346 1152 Qui
376 1100 545 1142 habitat
577 1101 619 1140 in
654 1100 797 1149 coelis,
839 1098 1039 1140 irridebit

212 1171 302 1199 eos:
316 1158 339 1183 *
356 1162 399 1198 et
412 1157 627 1198 Dominus
648 1155 932 1198 subsannabit
951 1168 1039 1197 eos.

262 1214 386 1255 Tunc
406 1214 610 1266 loquetur
630 1212 686 1254 ad
705 1226 782 1254 eos
802 1213 845 1253 in
864 1213 928 1253 ira
950 1225 1038 1262 sua,

210 1271 233 1295 *
258 1275 301 1312 et
319 1271 362 1310 in
383 1270 529 1311 furore
549 1282 628 1311 suo
650 1268 931 1311 conturbabit
950 1281 1039 1310 eos.

262 1327 357 1377 Ego
381 1332 528 1367 autem
548 1325 810 1368 constitutus
830 1339 926 1366 sum
942 1325 1039 1366 Rex

211 1383 265 1424 ab
286 1396 339 1424 eo
360 1395 491 1435 super
505 1383 608 1424 Sion
627 1387 821 1424 montem
841 1386 1039 1423 sanctum

211 1440 311 1490 ejus,
331 1440 354 1464 *
382 1439 627 1492 praedicans
646 1441 918 1492 praeceptum
938 1439 1039 1490 ejus.

262 1496 475 1537 Dominus
507 1495 616 1537 dixit
648 1495 705 1537 ad
735 1509 821 1537 me:
849 1496 873 1521 *
902 1494 1038 1536 Filius

210 1565 332 1593 meus
353 1565 400 1594 es
421 1558 479 1603 tu,
509 1565 590 1603 ego
610 1552 741 1594 hodie
761 1552 891 1603 genui
910 1557 964 1593 te.

261 1608 441 1650 Postula
456 1622 481 1650 a
495 1622 576 1658 me,
593 1614 636 1650 et
651 1608 766 1650 dabo
782 1608 861 1650 tibi
873 1608 1038 1650 Gentes

211 1664 514 1707 haereditatem
534 1670 664 1714 tuam,
684 1666 707 1690 *
728 1670 771 1707 et
797 1665 1038 1718 possessio-

211 1734 311 1762 nem
329 1727 448 1763 tuam
468 1722 678 1763 terminos
698 1727 840 1763 terrae.

263 1779 408 1829 Reges
435 1791 510 1819 eos
539 1778 581 1818 in
599 1779 732 1830 “virga
758 1778 915 1826 ferrea,
943 1778 966 1803 *
996 1783 1039 1819 et

210 1839 433 1886 tamquam
452 1848 528 1875 vas
549 1834 669 1885 figuli
689 1835 935 1885 confringes
951 1847 1038 1876 eos.

262 1891 319 1932 Et
342 1903 455 1932 nunc
479 1903 605 1942 reges
629 1890 871 1941 intelligite:
895 1891 918 1916 *
945 1904 1038 1932 eru-

213 1946 361 1988 dimini
384 1947 457 1999 qui
476 1947 675 1998 judicatis
693 1952 867 1989 terram.

262 2004 431 2045 Servite
458 2003 648 2044 Domino
677 2003 720 2044 in
747 2004 920 2045 timore:
946 2004 969 2029 *
996 2009 1039 2046 et

212 2059 426 2101 exsultate
447 2060 486 2101 ei
505 2073 604 2101 cum
623 2062 825 2101 tremore.

262 2115 594 2169 Apprehendite
632 2115 924 2169 disciplinam,
969 2130 1038 2158 ne-

213 2172 387 2225 quando
424 2172 637 2214 irascatur
675 2173 908 2223 Dominus,
936 2174 959 2198 *
996 2179 1039 2215 et

211 2229 401 2280 pereatis
430 2228 485 2271 de
510 2229 580 2270 via
606 2229 728 2281 justa.

264 2285 371 2326 Cum
400 2286 613 2327 exarserit
637 2285 681 2326 in
705 2285 829 2327 brevi
852 2285 916 2326 ira
938 2286 1038 2337 ejus,

214 2342 236 2367 *
255 2341 371 2382 beati
392 2354 554 2391 omnes,
576 2342 649 2394 qui
668 2341 894 2383 confidunt
912 2342 955 2383 in
974 2355 1038 2384 eo.

267 2410 361 2448 Ant.
379 2411 620 2461 Tamquam
635 2422 788 2451 aurum
804 2410 847 2450 in
861 2410 1038 2453 fornace
1094 2442 1096 2457 i
1127 2399 1150 2463 Ᾰζ
1170 2416 1193 2449 f:

214 2465 417 2516 probavit
434 2466 597 2508 electos
612 2467 841 2508 Dominus:
857 2472 901 2508 et
917 2468 1039 2520 quasi

214 2520 467 2563 holocausta
483 2523 652 2583 accepit
667 2536 744 2565 eos
758 2523 801 2564 in
817 2525 1038 2566 aeternum.

269 2586 363 2624 Ant.
397 2587 440 2627 Si
463 2599 611 2629 coram
635 2588 883 2630 hominibus
906 2589 930 2614 *
953 2594 1039 2631 tor-

215 2643 360 2683 menta
384 2643 501 2694 passi
528 2650 644 2694 sunt,
672 2658 773 2698 spes
800 2645 1039 2686 electorum

215 2703 282 2739 est
308 2698 564 2740 immortalis
591 2701 634 2740 in
662 2703 884 2743 aeternum.

443 181 650 212 ‹Iomniuiic
679 178 927 219 plurimorum]
957 178 1162 218 Martyrum
1189 183 1295 209 extra
1322 184 1472 218 tempus
1502 176 1695 211 l'aschulc.

1382 271 1578 311 lr'salmus
1599 274 1634 310 33.

1183 333 1327 375 omine
1365 333 1471 385 quid
1512 332 1788 385 multiplicati
1824 336 1925 374 sunt

1199 390 1273 442 qui
1297 390 1507 432 tribulant
1533 388 1629 431 me?
1658 390 1681 414 *
1710 388 1833 430 multi
1862 388 1923 429 in-

1094 448 1278 497 surgunt
1305 446 1539 488 adversum
1566 458 1648 487 me.

1145 502 1270 544 Multi
1291 502 1441 545 dicunt
1460 503 1617 544 animae
1632 502 1799 543 meae:.*
1822 500 1924 543 Non

1093 563 1160 600 est
1179 559 1296 600 salus
1315 559 1399 612 ipsi
1417 559 1460 600 in
1480 559 1577 601 Deo
1598 560 1698 611 ejus.

1144 615 1213 657 Tu
1263 621 1409 658 autem
1453 615 1642 657 Domine
1693 616 1924 668 susceptor

1091 685 1215 714 meus
1236 685 1294 722 es,
1317 674 1340 698 *
1367 672 1507 724 gloria
1526 685 1634 723 mea,
1663 677 1706 714 et
1725 671 1922 714 exaltans

1092 734 1225 782 caput
1245 742 1403 771 meum.

1143 786 1268 827 Voce
1286 799 1385 827 mea
1400 785 1457 827 ad
1470 785 1710 827 Dominum
1724 784 1923 827 clamavi:

1090 843 1115 869 *
1130 847 1174 884 et
1192 842 1416 884 exaudivit
1434 854 1505 883 me
1525 840 1580 883 de
1601 846 1751 883 monte
1769 846 1923 883 sancto

1091 911 1183 940 suo.

1142 954 1238 1006 Ego
1265 954 1467 1006 dormivi,
1496 960 1540 996 et
1559 956 1794 1007 soporatus
1813 966 1924 995 sum:

1090 1011 1113 1036 *
1136 1016 1179 1053 et
1199 1011 1440 1062 exsurrexi,
1470 1011 1571 1064 quia
1594 1010 1808 1052 Dominus
1833 1023 1923 1052 sus-

1091 1068 1207 1120 cepit
1225 1081 1306 1109 me.

1142 1124 1243 1165 Non
1286 1124 1450 1166 timebo
1489 1123 1623 1165 millia
1659 1123 1813 1177 populi
1844 1123 1922 1165 cir-

1091 1180 1337 1223 cumdantis
1361 1194 1447 1222 me:
1471 1182 1495 1207 *
1519 1184 1705 1232 exsurge
1724 1180 1924 1230 Domine,

1092 1237 1261 1278 salvum
1279 1250 1350 1279 me
1369 1237 1448 1287 fac,
1476 1237 1598 1278 Deus
1617 1249 1752 1278 meus.

1144 1295 1360 1344 Quoniam
1396 1299 1444 1336 tu
1475 1293 1733 1347 percussisti
1770 1305 1922 1335 omnes

1091 1350 1376 1392 adversantes
1395 1350 1501 1391 mihi
1515 1350 1608 1391 sine
1628 1362 1776 1391 causa:
1790 1349 1814 1375 *
1829 1348 1925 1391 den-

1090 1412 1157 1449 tes
1181 1409 1467 1460 peccatorum
1486 1406 1742 1448 contrivisti.

1142 1464 1321 1505 Domini
1347 1469 1414 1506 est
1439 1463 1570 1505 salus:
1589 1464 1613 1490 *
1633 1467 1677 1505 et
1696 1475 1828 1515 super
1846 1464 1923 1516 po-

1091 1520 1242 1573 pulum
1260 1526 1383 1562 tuum
1406 1519 1653 1562 benedictio
1672 1524 1758 1561 tua.

1149 1579 1245 1619 Ant.
1287 1582 1334 1622 Si
1367 1594 1517 1623 coram
1550 1579 1799 1622 hominibus
1835 1584 1923 1622 tor-

1090 1640 1237 1680 menta
1260 1638 1381 1691 passi
1405 1642 1520 1687 sunt,
1554 1650 1657 1690 spes
1681 1636 1922 1679 electorum

1092 1701 1159 1737 est
1177 1694 1436 1736 immortalis
1454 1695 1498 1735 in
1517 1696 1739 1736 aeternum.

1146 1749 1196 1801 V.
1222 1756 1452 1798 Laetamini
1478 1755 1522 1796 in
1545 1755 1754 1804 Domino,
1782 1759 1826 1796 et
1852 1766 1922 1796 ex-

1092 1812 1252 1855 sultate
1280 1812 1391 1864 justi.
1435 1814 1482 1854 R·.
1518 1812 1576 1854 Et
1602 1811 1849 1863 gloriamini
1878 1823 1922 1852 o-

1091 1882 1214 1911 mnes
1234 1869 1343 1911 recti
1360 1868 1506 1910 corde.

1150 1932 1275 1972 Pater
1294 1934 1455 1972 noster.

1147 1991 1389 2032 Absolutio
1416 1989 1588 2032 Exaudi
1606 1989 1805 2067 Domine.

1149 2049 1196 2098 Y.
1221 2053 1246 2094 J
1248 2052 1334 2094 ube
1354 2051 1524 2093 domne.

1149 2105 1307 2146 ssened.
1337 2103 1645 2145 Benedictione
1665 2103 1890 2155 perpetua.

1096 2182 1159 2220 De
1187 2177 1388 2232 Epistola
1412 2176 1532 2219 beati
1563 2175 1688 2218 Pauli
1716 2176 1922 2230 Apostoli

1345 2233 1402 2276 ad
1426 2234 1665 2276 Romanos.

1197 2302 1347 2342 Lectio
1370 2303 1392 2341 i.
1611 2303 1715 2354 Cap.
1730 2303 1767 2341 8.
1784 2315 1817 2342 c.

1096 2378 1098 2389 s
1129 2369 1367 2406 ratres
1396 2364 1632 2406 Debitores
1658 2377 1808 2405 sumus
1833 2377 1922 2405 non

1163 2442 1197 2475 .‚:
1236 2421 1370 2471 carni,
1404 2426 1452 2463 ut
1477 2420 1719 2462 secundum
1745 2430 1921 2462 carnem

1168 2479 1203 2508 ³¹
1236 2477 1444 2519 vivamus.
1480 2477 1525 2518 Si
1546 2477 1660 2518 enim
1679 2475 1920 2518 seeundum

1092 2546 1267 2575 carnem
1285 2533 1491 2583 vixeritis,
1509 2533 1769 2575 moriemini:
1794 2533 1830 2574 si
1849 2546 1920 2574 au-

1090 2595 1181 2631 tem
1204 2590 1362 2643 spiritu
1385 2589 1500 2631 facta
1523 2589 1665 2631 carnis
1686 2589 1920 2631 mortifica-

1092 2647 1260 2696 veritis,
1293 2646 1458 2688 vivetis.
1504 2646 1778 2698 Quicumque
1806 2646 1921 2687 enim

1093 2703 1248 2755 spiritu
1259 2703 1343 2744 Dei
1356 2706 1555 2755 aguntur,
1573 2702 1603 2743 ii
1618 2708 1717 2744 sunt
1735 2702 1812 2743 filii
1827 2703 1920 2744 Dei.
