2066 2956
677 226 717 259 Iu
744 225 870 259 Festis
897 226 936 259 B.
963 225 1095 259 Murice
1121 225 1164 258 V.
1191 235 1258 267 per
1284 236 1435 260 annum.

204 320 349 361 cellas:
373 320 397 345 *
425 324 527 361 ante
554 319 711 361 faciem
738 320 914 371 frigoris
942 320 1033 372 ejus

205 376 301 427 quis
321 374 574 417 sustinebit?

254 432 437 473 Emittet
455 431 639 473 verbum
663 445 804 482 suum,
834 437 878 474 et
899 433 1033 485 lique—

203 487 333 529 faciet
361 500 427 529 ea:
446 488 470 514 *
495 488 618 530 flabit
648 489 828 541 spiritus
856 489 962 540 ejus,
991 493 1035 530 et

204 544 340 585 fluent
359 557 498 596 aquae.

256 600 340 650 Qui
362 601 591 641 annuntiat
613 600 797 642 verbum
821 615 947 642 suum
965 601 990 642 J
992 614 1034 642 a·

204 655 303 697 cob:
313 657 337 682 *
347 656 543 708 justitias,
559 661 603 698 et
616 656 775 708 judicia
791 670 870 698 sua
886 657 1035 698 Israel.

255 711 357 753 Non
380 712 483 754 fecit
505 712 651 754 taliter
674 714 794 754 omni
811 714 992 754 nationi:
1010 714 1034 740 *

205 773 247 809 et
266 768 426 819 judicia
445 781 523 810 sua
542 781 630 810 non
648 769 943 811 manifestavit
962 770 1035 811 eis.

258 834 358 872 Ant.
386 829 599 880 Speciesa
621 829 737 870 facta
756 842 803 870 es
824 834 868 871 et
887 830 1035 870 suavis

204 886 249 924 in
277 884 446 925 deliciis
473 885 578 935 tuis,
611 890 764 926 saneta
793 886 877 927 Dei
907 885 1035 927 Geni-

205 940 303 981 trix.

310 1008 570 1059 Capitulum.
662 1008 794 1048 Eeeli.
809 1010 874 1048 24.
891 1009 930 1049 b.

279 1072 308 1114 b
336 1073 460 1114 initio
490 1078 534 1115 et
560 1078 662 1115 ante
696 1074 860 1115 saecula
888 1076 1037 1115 ereata

316 1142 422 1178 sum,
445 1134 489 1171 et
508 1142 648 1181 usque
668 1130 725 1171 ad
743 1130 938 1171 futurum
959 1132 1036 1170 sae-

207 1185 352 1226 culum
375 1198 464 1226 non
491 1185 704 1235 desinam,
735 1191 778 1228 et
802 1187 845 1227 in
871 1186 1036 1227 habita-

207 1241 328 1282 ti6ne
344 1246 495 1283 saneta
510 1254 660 1282 coram
674 1242 771 1294 ipso
782 1242 1037 1284 ministravi.

453 1323 455 1326 ’
517 1314 726 1364 Hymnus.

415 1387 469 1416 ve
487 1375 620 1416 maris
640 1375 777 1425 stella,

458 1431 543 1472 Dei
561 1431 703 1472 Mater
723 1431 848 1482 alma,

389 1487 538 1538 Atque
558 1500 732 1540 semper
750 1488 903 1539 Virgo,

389 1543 513 1584 Felix
531 1543 634 1584 coeli
651 1548 792 1596 porta.

327 1613 522 1652 -Sumens
541 1611 650 1653 illud
668 1613 766 1654 Ave

392 1667 613 1709 Gabrielis
633 1681 722 1718 ore,

389 1723 544 1764 Funda
563 1736 645 1764 nos
664 1724 708 1765 in
727 1738 849 1777 pace,

389 1779 564 1820 Mutans
583 1780 723 1822 Hevae
742 1793 912 1823 nomen.

340 1847 472 1888 Solve
491 1848 635 1889 vinela
653 1849 750 1899 reis,

390 1903 546 1945 Profer
565 1904 712 1946 lumen
732 1905 872 1956 eaecis,

392 1959 508 2000 Mala
526 1965 677 2001 nostra
695 1961 823 2013 pelle,

390 2015 516 2057 Bona
535 2021 692 2058 cuneta
710 2030 859 2070 posce.

338 2085 537 2126 Monstra
555 2089 600 2126 te
619 2097 716 2126 esse
733 2090 930 2135 matrem,

391 2139 543 2181 Sumat
560 2153 641 2193 per
659 2145 703 2182 te
721 2154 888 2194 preceS,

392 2196 478 2246 Qui
495 2209 577 2249 pro
596 2196 723 2238 nobis
742 2202 880 2247 natus,

392 2252 514 2295 Tulit
533 2265 631 2294 esse
650 2257 763 2294 tuus.

342 2321 478 2372 Virgo
499 2321 743 2373 singularis,

392 2377 513 2418 Inter
533 2390 686 2419 omnes
705 2377 834 2427 mitis,

393 2432 488 2474 Nos
508 2433 648 2486 culpis
668 2433 839 2475 solutos

393 2489 523 2530 Mites
542 2489 611 2530 fae
632 2494 676 2531 et
696 2494 855 2530 castos.

346 2555 495 2597 Vitam
512 2562 677 2609 praesta
694 2570 861 2610 puram,

396 2612 486 2653 Iter
504 2626 611 2665 para
628 2619 783 2663 tutum,

395 2667 454 2708 Ut
473 2669 671 2711 videntes
691 2670 715 2710 J
718 2682 852 2719 esum,

396 2722 578 2776 Semper
598 2725 879 2768 collaetemur.

1212 322 1281 365 Sit
1299 323 1395 364 laus
1414 323 1512 365 Deo
1532 324 1665 374 Patri,

1267 378 1447 421 Summo
1468 379 1642 422 Christo
1665 380 1812 430 decus,

1267 435 1448 487 Spiritui
1468 442 1632 486 sancto,

1267 491 1430 532 Tribus
1449 492 1593 534 honor
1610 506 1735 534 unus.
1763 493 1917 534 Amen.

1142 550 1193 602 V.
1214 555 1408 607 Dignare
1432 569 1503 598 me
1528 557 1709 599 laudare
1734 562 1795 607 te,
1820 557 1918 599 Vir-

1087 623 1143 662 go
1173 614 1356 653 sacrata.
1401 613 1451 664 R.
1480 613 1550 654 Da
1576 613 1683 654 mihi
1710 614 1918 655 virtutem

1087 671 1242 708 contra
1259 667 1411 710 hostes
1432 674 1544 710 tuos.

1141 734 1213 775 Ad
1239 735 1412 785 Magnis.
1454 735 1554 774 Ant.
1592 734 1753 789 Sancta
1779 734 1919 775 Maria

1087 788 1111 813 *
1131 791 1339 830 succurre
1360 790 1550 839 miseris,
1576 791 1675 842 juva
1697 789 1919 843 pusillani-

1087 857 1196 894 mes,
1228 845 1378 886 refove
1406 845 1592 896 flebiles,
1627 858 1705 887 ora
1733 859 1816 899 pro
1844 848 1921 899 po-

1087 900 1210 953 pulo,
1236 901 1452 942 interveni
1469 915 1552 954 pro
1578 902 1715 952 clero,
1739 903 1922 944 interce-

1089 956 1144 998 de
1163 969 1247 1009 pro
1273 957 1437 999 devoto
1463 958 1651 999 femineo
1677 970 1799 999 sexu:
1827 960 1922 999 sen-

1088 1013 1200 1054 tiant
1232 1026 1385 1055 omnes
1417 1019 1541 1055 tuum
1573 1015 1792 1066 juvamen,
1832 1015 1922 1067 qui·

1090 1072 1278 1121 cumque
1311 1070 1535 1112 celebrant
1566 1076 1687 1112 tuam
1725 1075 1922 1112 sanctam

1090 1125 1385 1167 festivitatem.
1398 1146 1404 1152 ·

1427 1189 1591 1230 Oratio.

1092 1246 1336 1353 Concede
1355 1263 1436 1292 nos
1456 1251 1643 1293 famulos
1663 1257 1780 1302 tuos,
1807 1253 1923 1304 quae-

1190 1320 1340 1348 sumus
1374 1307 1564 1349 D6mine
1594 1308 1735 1358 Deus,
1769 1309 1923 1361 perpe-

1090 1368 1167 1404 tua
1206 1363 1366 1404 mentis
1408 1368 1452 1405 et
1493 1364 1693 1416 corporis
1735 1364 1924 1406 sanitate

1091 1419 1298 1471 gaudere:
1323 1424 1367 1461 et
1390 1419 1583 1471 glori6sa
1604 1419 1748 1462 beatae
1771 1420 1924 1462 Mariae

1091 1488 1267 1528 semper
1298 1475 1493 1526 Virginis
1530 1476 1862 1526 intercessione,
1898 1489 1925 1517 a

1091 1532 1302 1584 praesenti
1321 1531 1499 1573 liberari
1517 1532 1710 1582 tristitia,
1734 1537 1778 1574 et
1799 1534 1924 1574 aeter-

1091 1601 1148 1629 na
1171 1587 1338 1640 perfrui
1362 1588 1527 1629 laetitia.
1566 1588 1653 1630 Per
1674 1588 1924 1630 Dominum.

1141 1652 1204 1686 Ad
1230 1652 1535 1695 Completorium
1565 1656 1601 1687 et
1625 1652 1754 1687 Horas
1779 1653 1819 1687 in
1847 1652 1922 1687 fine

1091 1700 1333 1744 Hymnorum
1357 1699 1513 1734 dicitur:

1144 1757 1167 1796 J
1170 1769 1259 1806 esu,
1278 1755 1359 1797 tibi
1378 1755 1434 1796 sit
1452 1755 1602 1806 gloria,

1197 1812 1283 1862 Qui
1300 1816 1431 1853 natus
1451 1824 1499 1853 es
1521 1812 1576 1854 de
1593 1814 1788 1865 Virgine,

1197 1869 1305 1910 Cum
1325 1870 1468 1919 Patre,
1488 1873 1532 1911 et
1550 1870 1665 1911 almo
1684 1870 1860 1923 Spiritu,

1197 1927 1248 1967 In
1271 1925 1541 1978 sempiterna
1563 1926 1736 1967 saecula.
1771 1926 1925 1967 Amen.

1256 2014 1344 2055 Ad.
1370 2013 1762 2055 Matutinum.

1146 2085 1270 2125 Invit.
1314 2084 1474 2126 Sancta
1507 2083 1646 2125 Maria
1680 2083 1763 2125 Dei
1797 2083 1924 2126 Geni-

1093 2141 1180 2183 trix
1198 2140 1355 2191 Virgo,
1371 2143 1393 2166 *
1421 2139 1654 2182 Intercede
1678 2152 1760 2193 pro
1785 2139 1925 2182 nobis.

1144 2197 1211 2237 Ps.
1250 2197 1416 2247 Venite,
1445 2196 1724 2238 exsultemus.
1750 2197 1787 2237 2.

1404 2262 1615 2312 Hymnus.

1232 2333 1334 2362 uem
1352 2325 1480 2370 terra,
1499 2325 1673 2373 pontus,
1693 2319 1839 2362 sidera

1251 2376 1421 2426 Colunt,
1449 2376 1646 2426 adorant,
1670 2375 1926 2429 praedicant,

1198 2433 1380 2474 Trinam
1399 2434 1624 2482 regentem
1641 2431 1900 2481 machinam,

1199 2488 1447 2529 Claustrum
1466 2488 1618 2528 Mariae
1636 2487 1811 2539 bajulat.

1138 2558 1227 2599 ‘Cui
1246 2557 1359 2606 luna,
1379 2556 1456 2606 sol,
1476 2561 1521 2597 et
1541 2556 1687 2597 Omnia

1198 2612 1464 2655 Deserviunt
1483 2624 1564 2664 per
1583 2613 1795 2664 tempora,

1200 2669 1383 2711 Perfusa
1403 2668 1505 2709 coeli
1523 2667 1676 2718 gratia,

1200 2725 1390 2767 Gestant
1411 2723 1572 2777 puellae
1591 2725 1771 2765 viscera.
