2066 2956
551 214 622 249 Dic
646 216 675 248 6.
702 215 859 258 Aprilis.
905 216 939 250 S.
966 215 1081 258 Xysti
1106 216 1131 249 Ι,
1158 216 1274 258 Papae
1300 221 1335 250 et
1361 216 1466 250 Mart.

1792 212 1857 247 21*

161 308 221 350 lio
241 311 413 359 coacto,
441 311 658 361 praesente
677 309 983 352 Valentiniano

161 365 443 418 imperatore,
490 378 588 406 cum
624 366 828 407 universo
866 366 983 408 clero

163 426 294 474 atque
327 423 496 471 senatu,
536 422 705 474 Xystus
739 422 984 464 declaratus

163 483 229 519 est
247 480 469 527 innocens,
488 478 652 519 Bassus
672 491 776 520 vero
798 484 841 520 et
858 479 984 520 Mari-

161 535 313 575 nianus
342 534 676 577 calumniatores
704 535 897 576 damnati
926 540 984 576 at-

163 602 248 642 que
293 592 545 644 proscripti,
598 591 726 633 bonis
771 594 986 644 praeterea

161 646 289 688 Bassi
321 647 519 689 ecclosiae
552 647 824 699 adjudicatis:
858 661 987 700 quem

161 703 274 744 intra
307 708 398 745 tres
430 717 604 746 menses
643 704 788 746 divina
822 704 987 746 ultione

163 759 432 810 defunctum,
460 761 630 812 Xystus
658 760 846 802 reddens
870 760 987 802 bona

162 830 244 870 pro
278 816 418 867 malis,
459 830 558 858 cum
589 817 910 859 linteaminibus
944 815 1005 859 et*

163 874 450 923 aromatibus,
475 874 676 915 manibus
698 875 794 926 ipse
820 875 987 915 contre-

164 934 298 980 ctans,
305 929 563 979 recondidit,
572 930 861 983 sepelivitque
872 929 989 982 apud

162 987 342 1029 beatum
359 987 538 1029 Petrum
557 986 836 1040 Apostolum,
860 987 905 1027 in
923 999 986 1028 se-

163 1043 350 1097 pulchro
368 1044 581 1096 majorum
600 1046 789 1085 suorum.

220 1103 271 1154 R.
295 1100 431 1142 Posui
463 1099 725 1151 adjutorium
755 1112 886 1152 super
912 1112 988 1152 po-

164 1158 348 1207 tantem,
394 1162 437 1199 et
478 1156 667 1199 exaltavi
707 1156 895 1198 electum
935 1154 990 1197 de

164 1212 294 1266 plebe
334 1226 447 1255 mea:
487 1214 509 1238 *
542 1214 698 1255 Manus
740 1213 853 1254 enim
893 1224 991 1253 mea

166 1269 444 1312 auxiliabitur
478 1270 528 1312 ei.
582 1266 631 1316 V.
667 1269 820 1311 Inveni
846 1268 991 1310 David

166 1338 341 1368 servum
371 1340 532 1376 meum,
574 1326 672 1368 oleo
707 1331 858 1367 sancto
890 1337 989 1366 meo

166 1382 271 1424 unxi
295 1396 404 1425 eum.
440 1383 607 1424 Manus.

470 1438 621 1479 Lectio
642 1438 693 1478 vi.
785 1464 795 1472 -

170 1491 503 1598 Venerandus
538 1496 609 1537 hic
645 1495 842 1548 pontifex
878 1507 992 1536 com-

270 1553 398 1605 plura
421 1553 465 1594 in
487 1552 606 1594 Urbe
629 1551 861 1603 magnifica
885 1553 993 1604 prae—

169 1610 296 1660 stitit;
321 1622 423 1651 nam
446 1611 652 1660 argentea
675 1613 719 1650 et
738 1611 870 1649 aurea
889 1620 994 1648 vasa

168 1666 560 1719 possessionesque
584 1664 833 1717 complures
859 1663 992 1705 eccle-

168 1723 245 1764 siis
259 1722 452 1764 contulit.
476 1721 646 1763 Refecit
660 1720 885 1762 basilicam
899 1733 993 1760 san-

168 1783 254 1820 ctae
284 1779 436 1820 Mariae
472 1778 648 1830 majo-ris
685 1776 741 1818 ad
772 1777 994 1829 Praesepe,

169 1848 302 1888 quam
326 1840 370 1877 et
392 1834 579 1876 metallis
604 1833 746 1875 aureis
771 1835 994 1884 sacrisque
1050 1831 1213 1876 ⁸5⁰

169 1891 429 1943 imaginibus
455 1890 692 1933 decoravit.
729 1889 853 1930 Fecit
881 1894 924 1930 et
951 1889 994 1929 in
1050 1886 1206 1937 (⁹:125

170 1948 527 1990 Constantiniana
561 1946 740 1988 basilica
771 1946 994 1987 ornamen-

170 2009 264 2046 tum
279 2016 413 2056 supra
425 2003 602 2053 fontem,
623 2001 743 2055 quod
762 2004 889 2043 antea
907 2013 994 2042 non

171 2065 278 2110 erat3
313 2073 414 2101 nam
445 2061 689 2101 marmorea
720 2057 922 2111 epistylia
952 2062 995 2098 et

170 2116 505 2170 porphyreticas
520 2115 755 2164 coffimnas,
772 2126 880 2166 quas
893 2113 996 2154 Con-

171 2175 389 2215 stantinus
433 2173 658 2223 Augustus
708 2171 995 2221 congregatas

173 2230 407 2279 dimiserat,
428 2229 534 2280 erigi
552 2228 719 2270 curavit
733 2239 785 2268 ac
798 2225 995 2268 versibus

175 2286 414 2328 exornavit.
450 2286 553 2338 Ejus
581 2285 686 2326 item
709 2284 882 2334 rogatu,
910 2281 994 2323 Va-

172 2342 435 2384 lentinianus
478 2342 702 2392 Augastus
745 2339 997 2389 argenteum

173 2397 394 2449 fastigium
417 2410 443 2438 a
468 2396 666 2439 barbaris
690 2394 924 2443 sublatum,
952 2393 996 2433 in

174 2453 330 2496 eadem
350 2453 707 2495 Constantiniana
729 2450 909 2493 basilica
932 2461 995 2490 re—

175 2510 330 2552 stituit:
355 2510 475 2561 cujus
498 2507 774 2561 imperatoris
795 2511 838 2547 et
856 2504 996 2546 Theo-

176 2565 290 2607 dosii
312 2565 559 2618 principatu
578 2565 746 2615 Xystus
771 2562 885 2603 viam
909 2561 997 2601 uni-

175 2623 314 2663 versae
342 2622 484 2663 carnis
515 2621 734 2671 ingressus
763 2617 929 2669 quievit
955 2616 998 2656 in

175 2678 386 2727 Domino,
416 2677 702 2729 sepultusque
735 2679 801 2715 est
831 2673 902 2720 via
929 2672 999 2712 Ti-

176 2733 360 2784 burtina,
378 2734 423 2774 in
440 2738 591 2785 crypta
605 2733 725 2784 juxta
738 2741 898 2781 corpus
914 2741 1000 2769 san-

227 2867 319 2898 Propr.
335 2873 382 2898 pro
399 2866 475 2890 clero
491 2866 566 2890 Rom.
599 2865 662 2889 Pars
679 2864 772 2888 Verna.

1036 311 1095 353 cti
1119 310 1339 352 Laurentii
1363 310 1578 362 Martyris.
1618 310 1713 352 Una
1743 308 1855 350 ordi-

1035 367 1210 408 natione
1239 379 1390 408 mense
1421 366 1656 408 Decembri
1691 365 1856 407 creavit

1036 423 1320 476 presbyteros
1340 423 1490 474 viginti
1510 427 1627 471 octo,
1647 421 1857 463 diaconos

1038 479 1286 529 duodecim,
1315 481 1550 532 episcopos
1578 491 1657 531 per
1687 476 1859 519 diversa

1039 536 1138 578 loca
1169 536 1481 587 quinquaginta
1513 534 1641 584 duos,
1673 539 1716 575 et
1748 533 1860 575 rexit

1038 592 1282 634 Ecclesiam
1311 604 1448 633 annos
1476 596 1661 643 septem,
1688 602 1860 631 menses

1038 648 1252 690 undecim.

1095 711 1145 762 Rg.
1165 709 1256 750 Iste
1276 713 1342 750 est
1362 708 1446 760 qui.

1095 771 1137 804 In
1162 771 1224 804 ΙΙΙ.
1250 770 1447 803 Nocturno
1479 768 1617 801 Homil.
1650 769 1686 801 in
1717 769 1861 812 Evam-z.

1043 818 1166 851 Homo
1182 817 1352 860 peregre.
1374 817 1418 851 de
1438 816 1571 850 codem
1590 816 1693 850 Com.
1721 817 1746 850 1.
1766 817 1861 851 loco.

1096 870 1226 905 Lectio
1245 870 1293 904 ix.
1319 870 1365 904 de
1388 869 1536 911 Honiil„
1562 875 1597 902 et
1620 871 1712 902 cciii.
1732 869 1862 903 Fcriae.

1296 943 1504 970 ὴ-ἠο-ῷω

1111 1018 1117 1026 “
1179 1014 1408 1075 FESTA
1442 1015 1747 1077 APRILIS.

1284 1130 1366 1172 Die
1387 1131 1425 1171 6.
1444 1129 1619 1182 Aprilis.

1133 1198 1176 1238 S.
1200 1198 1350 1249 Xysti
1371 1199 1406 1239 1.
1436 1199 1565 1250 Papae
1592 1203 1634 1238 ct
1659 1198 1779 1238 Mart.

1374 1262 1535 1306 Duplex.

1101 1317 1235 1351 Omnia
1261 1318 1307 1353 de
1333 1319 1475 1353 Comm.
1504 1320 1615 1353 unius
1642 1319 1763 1353 Mart..
1796 1329 1864 1361 pro

1046 1371 1259 1408 temporum
1277 1368 1476 1408 varietate,
1499 1373 1637 1410 praeter
1657 1367 1864 1409 sequentia.

1097 1416 1238 1451 Oratio.
1264 1415 1535 1451 Infirmitatem.

1098 1469 1144 1503 Et
1173 1470 1212 1503 fit
1235 1480 1428 1506 commem.
1460 1473 1581 1506 Fcriae
1612 1473 1647 1505 in
1676 1471 1864 1512 Quadrag.

1098 1522 1140 1555 In
1171 1521 1197 1554 Ι.
1230 1522 1436 1558 Nocturno.
1471 1525 1509 1558 In
1545 1525 1733 1565 Quadrag.
1766 1524 1865 1557 Lcct.

1046 1572 1082 1605 A
1102 1571 1242 1610 Mileto.
1272 1573 1317 1606 de
1343 1573 1477 1606 codem
1502 1573 1644 1607 Comm.
1672 1573 1697 1605 l.
1722 1572 1817 1605 loco.

1099 1624 1191 1659 Post
1203 1625 1352 1659 Pascha
1370 1625 1415 1659 de
1428 1626 1622 1668 Scriptura
1637 1629 1865 1659 occurrente.

1279 1696 1326 1734 In
1345 1695 1395 1733 ΙΙ.
1415 1695 1635 1734 Nocturno.

1346 1760 1498 1801 Lectio
1518 1761 1570 1800 iv.

1201 1938 1214 1964 ³³³
1236 1939 1364 1989 gione
1388 1937 1519 1980 Urbis
1544 1937 1742 1989 septima,
1769 1948 1865 1987 quae

1046 1997 1131 2038 Via
1156 1995 1245 2037 lata
1273 1994 1391 2036 dicta
1419 1998 1499 2043 est,
1533 1999 1657 2045 patre
1683 1992 1865 2032 Pastore

1046 2052 1228 2103 genitus,
1245 2051 1289 2091 in
1306 2050 1451 2092 locum
1467 2048 1707 2090 Alexandri
1726 2047 1866 2100 primi,

1046 2106 1474 2155 RomaniPontificis,
1484 2103 1755 2146 nobilissimo
1766 2115 1869 2143 mar-

1046 2164 1160 2216 tyrio
1188 2162 1402 2211 coronati,
1429 2163 1563 2202 totius
1588 2159 1693 2201 cleri
1719 2158 1868 2199 suffra-

1047 2220 1128 2271 giis
1143 2219 1360 2268 suffectus,
1380 2218 1584 2270 supremo
1600 2215 1675 2256 illo
1689 2217 1867 2256 munere

1049 2276 1220 2327 egregie
1247 2279 1289 2316 et
1314 2286 1481 2315 summa
1505 2285 1603 2313 cum
1623 2269 1754 2312 laude
1772 2282 1868 2322 per-

1048 2333 1222 2374 functus
1242 2335 1309 2372 est
1327 2329 1448 2371 annis
1464 2340 1631 2377 novem,
1649 2325 1868 2367 mensibus

1050 2388 1212 2436 decem,
1232 2385 1385 2428 dicbus
1405 2389 1516 2434 octo,
1537 2383 1617 2425 sub
1635 2383 1867 2434 imperato-

1048 2444 1169 2485 ribus
1206 2441 1400 2483 Adriano
1441 2445 1485 2482 et
1526 2440 1748 2480 Antonino
1788 2438 1867 2480 Pio

1048 2498 1271 2550 Augastis.

1105 2560 1156 2610 R.
1176 2559 1421 2599 Honcstum
1447 2556 1548 2597 fecit
1574 2554 1696 2596 illum
1720 2553 1867 2595 Domi-

1049 2628 1147 2665 nuS,
1168 2619 1211 2658 et
1229 2611 1465 2655 custodivit
1484 2623 1581 2652 eum
1601 2609 1655 2652 ab
1674 2609 1867 2658 inimicis,

1051 2677 1094 2713 et
1121 2684 1146 2711 a
1174 2667 1476 2711 seductoribus
1502 2666 1659 2708 tutavit
1685 2665 1819 2706 illum:
1847 2667 1869 2688 *

1050 2727 1107 2768 Et
1140 2724 1260 2767 dedit
1290 2724 1352 2764 illi
1386 2722 1625 2764 claritatem
1652 2723 1868 2763 aeternam.

1621 2843 1665 2875 2*
