2028 2892
787 157 845 190 Aci
871 158 1185 201 (flompletorium.

200 245 419 295 Quoniam
436 244 649 286 fortitudo
668 257 781 294 mea,
806 250 849 286 et
868 246 978 287 refu-

147 302 266 352 gium
283 314 430 342 meum
450 314 498 342 es
516 305 578 342 tu:
596 301 620 326 *
640 305 684 342 et
701 306 885 354 propter
902 314 978 343 no-

147 370 248 399 men
267 361 390 399 tuum
410 356 603 399 deduces
622 370 704 406 me,
724 362 768 399 et
787 359 978 399 enatries

148 426 231 455 me.

200 469 377 511 Edaces
395 483 466 512 me
487 469 542 511 de
557 469 718 522 laqueo
732 470 829 520 hoc,
850 484 979 523 quem

147 525 475 567 absconderunt
501 525 621 567 mihi:
645 527 668 553 *
699 527 904 579 quoniam
932 532 979 568 tu

148 595 196 624 es
214 584 443 635 protector
460 595 596 624 meus.

199 639 250 679 In
273 651 429 680 manus
452 643 550 680 tuas
575 638 837 680 commendo
858 639 978 691 spiri-

146 699 241 736 tum
258 708 419 736 meum:
429 695 452 721 *
464 694 689 736 redemisti
706 708 777 736 me
790 695 979 736 Domine

147 752 270 793 Deus
289 752 497 793 veritatis.

416 813 613 853 Ps1lmus
634 815 704 853 (Ν)

234 864 279 905 ui
302 864 472 906 habitat
499 864 543 904 in
568 863 785 916 adjutorio
810 864 979 905 Altissi-

251 921 326 970 mi,
346 921 437 961 *in
463 921 740 973 protectione
767 921 851 962 Dei
879 920 980 962 coeli

149 977 505 1019 commorabitur.

199 1034 330 1075 Dicet
353 1034 562 1075 Domino:
589 1034 829 1086 Susceptor
855 1047 980 1075 meus

149 1102 197 1131 es
224 1094 287 1140 tu,
315 1094 359 1132 et
387 1090 603 1142 refugium
630 1103 791 1132 meum:
810 1091 834 1116 *
859 1091 979 1132 Deus

147 1154 272 1188 meus
293 1146 483 1199 sperabo
503 1147 547 1187 in
567 1160 676 1188 eum.

201 1203 419 1253 Quoniam
436 1204 533 1256 ipse
548 1202 750 1244 liberavit
766 1216 836 1244 me
851 1202 907 1244 de
921 1203 979 1244 la-

150 1271 265 1311 queo
273 1259 566 1309 venantium*
576 1264 619 1301 et
630 1259 799 1301 averbo
809 1261 980 1311 aspero.

199 1315 401 1368 Scapulis
426 1316 515 1357 suis
540 1315 821 1357 obumbrabit
844 1315 937 1356 tibi:
956 1316 979 1341 *

149 1374 194 1412 et
211 1371 293 1413 sub
312 1372 468 1424 pennis
489 1372 580 1423 ejus
600 1371 811 1424 sperabis.

199 1427 334 1469 Scuto
347 1427 637 1469 circumdabit
645 1432 690 1468 te
700 1427 862 1468 veritas
874 1427 979 1479 ejus:

150 1483 172 1509 *
190 1496 280 1525 non
298 1483 472 1525 timebis
493 1496 518 1524 a
535 1484 694 1525 timore
712 1486 941 1532 nocturno,

201 1541 243 1581 A
261 1538 422 1591 sagitta
439 1539 617 1581 volante
636 1540 681 1580 in
700 1539 782 1589 die,
803 1552 829 1580 a
847 1541 978 1590 nego-

147 1597 210 1638 tio
229 1595 563 1649 perambulante
586 1596 630 1636 in
653 1595 860 1637 tenebris:
879 1596 903 1621 *
923 1595 977 1636 ab

147 1654 336 1703 incursu,
356 1657 400 1694 et
419 1652 639 1694 daemonio
658 1651 913 1694 meridiano.

201 1708 371 1751 Cadent
389 1721 415 1750 a
433 1708 570 1750 latere
589 1713 667 1750 tuo
686 1708 819 1757 mille,
844 1712 888 1749 et
907 1707 977 1749 de-

147 1778 245 1808 cem
269 1765 406 1806 millia
433 1778 459 1806 a
487 1764 654 1807 dextris
681 1765 784 1806 tuis:
802 1765 826 1790 *
851 1764 907 1806 ad
934 1769 978 1806 te

147 1826 294 1864 autem
311 1834 401 1863 non
421 1820 806 1874 appropinquabit.

197 1879 516 1921 Verumtamen
531 1877 669 1919 oculis
683 1877 769 1918 tuis
781 1876 977 1918 conside-

147 1934 280 1977 rabis:
299 1934 323 1961 *
343 1939 387 1976 et
414 1933 747 1976 retributionem
773 1935 976 1986 peccato-

147 2003 244 2032 rum
262 1990 445 2033 videbis.

199 2047 416 2098 Quoniam
436 2051 485 2088 tu
509 2059 556 2088 es
575 2047 673 2088 Dfie
697 2058 799 2098 spes
821 2058 934 2087 mea:
953 2045 977 2071 *

146 2102 976 2156 Altissimumposuistirefugiumtuum.

197 2160 300 2201 Non
328 2159 510 2201 accedet
538 2159 595 2200 ad
622 2164 666 2212 te
693 2157 870 2199 malum:
888 2157 912 2183 *
933 2162 977 2198 et

146 2216 367 2267 flagellum
393 2228 483 2257 non
512 2213 888 2268 appropinquabit
914 2218 975 2254 ta-

145 2272 385 2314 bernaculo
403 2277 493 2313 tuo.

198 2329 416 2379 Quoniam
433 2327 615 2379 Angelis
639 2327 728 2368 suis
751 2325 976 2367 mandavit

146 2383 202 2425 de
224 2388 283 2426 te:
301 2384 326 2410 *
344 2388 393 2425 ut
421 2383 671 2425 custodiant
697 2387 741 2424 te
769 2383 813 2422 in
841 2381 974 2422 omni—

144 2439 228 2481 bus
247 2440 328 2481 viis
347 2440 445 2481 tuis.

196 2497 248 2536 In
279 2495 482 2538 manibus
514 2494 755 2548 portabunt
789 2498 846 2534 te:
871 2492 894 2518 *
918 2504 974 2532 ne

147 2551 260 2593 forte
288 2551 486 2593 offendas
514 2550 570 2592 ad
598 2549 790 2603 lapidem
814 2547 974 2600 pedem

145 2612 348 2716 tugldlper
376 2662 594 2715 aspidem,
644 2666 688 2703 et
722 2659 974 2702 basiliscum

1795 151 1856 186 127

1031 245 1292 287 ambulabis:
1323 247 1347 272 *
1379 251 1422 288 et
1458 247 1736 289 conculcabis
1769 247 1855 289 leo-

1029 315 1131 343 nem
1151 307 1194 343 et
1213 302 1460 344 draconem.

1083 358 1301 408 Quoniam
1319 359 1363 399 in
1382 372 1451 400 me
1472 361 1678 412 speravit,
1703 360 1855 402 libera-

1030 413 1089 455 bo
1106 427 1219 455 eum:
1238 415 1261 440 *
1280 417 1510 467 protegam
1525 429 1633 465 eum,
1652 417 1856 468 quoniam

1033 471 1240 521 cognovit
1258 484 1417 512 nomen
1436 485 1591 513 meum.

1085 526 1301 568 Clamabit
1332 527 1388 568 ad
1421 541 1506 577 me,
1541 533 1584 570 et
1617 541 1696 579 ego
1730 531 1856 569 exau-

1032 583 1150 624 diam
1174 595 1287 624 eum:
1306 584 1330 609 *
1356 597 1455 624 cum
1478 585 1574 637 ipso
1602 598 1697 625 sum
1719 585 1762 624 in
1785 585 1855 625 tri-

1032 639 1271 680 bulatione:
1302 641 1483 692 eripiam
1508 654 1606 682 eum
1632 646 1675 682 et
1697 640 1854 691 glorifi-

1034 695 1145 736 cabo
1166 709 1276 737 eum.

1083 752 1378 803 Longitudine
1403 753 1526 795 dieru
1545 753 1724 806 replebo
1746 766 1858 794 eum:

1033 808 1057 834 *
1082 812 1126 850 et
1150 808 1380 850 ostendam
1404 809 1465 850 illi
1490 810 1679 851 salutare
1704 822 1858 850 meum.

1300 874 1492 914 l'salmus
1517 876 1597 914 1233.

1030 931 1194 1035 Ecce
1214 942 1328 970 nunc
1346 928 1591 971 benedicite
1611 929 1858 977 Dominum,

1126 985 1150 1010 *
1172 998 1323 1027 omnes
1344 986 1458 1027 servi
1476 986 1666 1026 Domini:

1086 1041 1170 1090 Qui
1192 1042 1317 1082 statis
1340 1042 1383 1081 in
1410 1041 1542 1083 domo
1562 1042 1752 1091 Domini,
1772 1042 1795 1067 *
1814 1041 1857 1081 in

1034 1098 1154 1138 atriis
1174 1097 1331 1139 domus
1350 1098 1434 1139 Dei
1452 1098 1602 1147 nostri,

1084 1154 1135 1194 In
1153 1153 1356 1195 noctibus
1387 1154 1581 1195 extollite
1608 1166 1761 1193 manus
1789 1165 1857 1193 ve-

1033 1214 1147 1251 stras
1157 1211 1201 1250 in
1212 1211 1405 1260 sancta,*
1418 1215 1460 1252 et
1474 1209 1719 1252 benedicite
1733 1209 1858 1249 Dnm.

1084 1266 1325 1308 Benedicat
1353 1272 1396 1308 te
1420 1267 1634 1308 Dominus
1666 1279 1719 1307 ex
1744 1265 1857 1312 Sion,

1033 1323 1056 1349 *
1077 1323 1151 1375 qui
1169 1323 1271 1364 fecit
1291 1323 1452 1364 coelum
1472 1328 1514 1364 et
1532 1327 1705 1364 terram.

1088 1383 1182 1421 Ant.
1220 1379 1431 1420 Miserere
1454 1379 1558 1419 mihi
1580 1378 1782 1425 Domine,
1815 1380 1858 1416 et

1033 1435 1191 1476 exaudi
1210 1436 1453 1476 orationem
1471 1448 1623 1476 meam.

1080 1492 1230 1543 Temp.
1271 1492 1476 1532 Paschali.
1523 1492 1617 1529 Ant.
1663 1488 1856 1539 Allell'lja,

1032 1547 1214 1599 alleluja,
1242 1547 1425 1599 alleluJa.

1338 1613 1546 1663 Hymnus.

1110 1686 1134 1714 e
1153 1673 1262 1714 lucis
1281 1677 1381 1714 ante
1399 1672 1641 1718 terminum,

1134 1729 1301 1770 Rerum
1321 1729 1503 1770 Creator
1522 1727 1754 1779 poscimus,

1082 1786 1142 1827 Ut
1160 1798 1242 1838 pro
1262 1790 1337 1826 tua
1356 1783 1584 1826 clementia

1082 1842 1150 1883 Sis
1169 1841 1332 1894 praesul
1352 1845 1396 1882 et
1415 1839 1624 1881 custodia.

1032 1906 1194 1947 Procul
1213 1905 1422 1947 recedant
1441 1905 1619 1953 somnia,

1082 1963 1139 2003 Et
1158 1963 1353 2003 noctium
1370 1960 1693 2013 phantasmata3

1082 2019 1357 2069 Hostemque
1382 2021 1579 2057 nostrum
1604 2014 1852 2066 comprime,

1081 2074 1150 2115 Ne
1168 2074 1418 2126 polluantur
1438 2074 1635 2124 corpora.

1033 2142 1208 2187 Praesta,
1226 2138 1357 2178 Pater
1375 2137 1578 2189 piissime,

1081 2195 1288 2246 Patrique
1309 2205 1488 2245 compar
1507 2191 1652 2239 Unice,

1086 2251 1195 2291 Cum
1213 2250 1378 2302 Spiritu
1395 2246 1611 2288 Paraclito

1081 2307 1288 2356 Regnans
1308 2317 1386 2400 ΡΞ·
1405 2315 1532 2344 omne
1555 2300 1774 2342 saeculum

1383 2371 1493 2399 men.

1085 2425 1340 2476 Capitulum.
1510 2422 1527 2458 ,Ι
1538 2434 1664 2460 erem.
1687 2422 1741 2459 14.
1765 2419 1799 2458 b.

1107 2504 1135 2531 u
1155 2494 1298 2531 autem
1317 2488 1359 2528 in
1378 2485 1505 2527 nobis
1524 2498 1572 2527 es
1590 2485 1697 2533 Dfie,
1715 2488 1758 2525 et
1776 2495 1849 2523 no-

1127 2559 1227 2587 men
1247 2548 1442 2585 sanctum
1460 2547 1582 2582 tuum
1601 2541 1850 2581 invocatum

994 2620 998 2625 ·
1029 2607 1096 2644 est
1118 2613 1249 2653 super
1271 2612 1366 2647 nos,
1394 2611 1448 2638 ne
1473 2596 1750 2647 derelinquas
1768 2606 1849 2634 nos

1026 2658 1124 2699 Dne
1142 2657 1263 2697 Deus
1282 2658 1441 2695 noster.
1486 2656 1531 2706 l<
1558 2653 1655 2693 Deo
1675 2650 1847 2701 gratias.
