2028 2892
750 160 921 196 Sabbato
946 162 996 196 ad
1019 162 1256 197 Matutinum.

200 248 258 290 Et
275 248 474 290 fecerunt
492 249 678 290 vitulum
699 250 744 290 in
762 251 931 293 Horeb:
949 253 974 279 *

148 308 192 346 et
211 304 509 346 adoraverunt
526 305 741 357 sculptile.

198 360 256 402 Et
279 361 560 402 mutaverunt
586 361 772 412 gloriam
799 375 922 403 suam
950 364 974 390 *

146 416 191 456 in
209 416 541 458 similitudinem
559 417 685 458 vituli
703 418 973 460 comedentis

144 471 322 513 foenum.

199 527 337 569 Obliti
364 533 467 570 sunt
492 529 651 578 Deum,
685 529 759 580 qui
786 530 972 571 salvavit

147 595 241 633 eos,
260 585 284 610 *
304 584 379 635 qui
406 584 511 626 fecit
537 584 755 635 magnalia
779 585 823 626 in
841 587 973 638 AEgy-

146 643 236 691 pto,
254 639 473 681 mirabilia
489 641 534 680 in
549 645 668 682 terra
683 640 834 682 Cham:
850 642 973 683 terri-

146 694 253 736 bilia
270 696 314 736 in
332 696 445 737 Mari
465 696 611 738 rubro.

197 752 254 793 Et
274 751 386 793 dixit
409 757 458 793 ut
483 751 761 804 disperderet
786 765 875 793 eos:
894 755 918 780 *
937 754 974 794 si

146 819 234 848 non
255 807 434 860 Moyses
463 808 628 850 electus
658 809 748 858 ejus
777 811 973 850 stetisset

146 863 191 904 in
215 863 518 905 confractione
541 864 585 904 in
607 866 849 916 conspectu
868 866 972 916 ejus:

171 919 232 962 Ut
251 921 473 962 averteret
491 920 602 961 iram
621 922 712 973 ejus
731 933 786 961 ne
807 920 972 973 disper-

147 975 272 1017 deret
298 988 388 1017 eos:
415 978 439 1004 *
465 981 509 1018 et
535 989 618 1028 pro
647 976 783 1017 nihilo
811 976 973 1018 habue-

145 1036 247 1073 runt
264 1036 427 1073 terram
448 1032 800 1074 desiderabilem:

195 1088 297 1129 Non
325 1088 608 1130 crediderunt
626 1088 763 1130 verbo
793 1090 901 1141 ejus,
929 1093 973 1130 et

144 1146 529 1186 murmuraverunt
581 1145 625 1185 in
676 1144 972 1186 tabernaculis

145 1200 251 1260 suis:
264 1201 289 1228 *
304 1212 393 1241 non
413 1199 702 1242 exaudierunt
720 1212 875 1242 vocem
884 1201 971 1241 Do-

144 1265 261 1293 mim.

194 1308 253 1349 Et
281 1308 469 1350 elevavit
495 1320 672 1349 manum
695 1320 819 1349 suam
839 1321 973 1360 super

145 1376 238 1405 eos:
261 1365 286 1392 *
313 1368 362 1406 ut
389 1365 694 1416 prosterneret
722 1376 799 1406 eos
828 1365 873 1404 in
901 1364 971 1406 de-

144 1421 279 1461 serto:

195 1476 254 1517 Et
276 1480 325 1517 ut
349 1475 558 1527 dejiceret
580 1487 731 1517 semen
754 1478 908 1517 eorum
928 1476 972 1516 in

144 1531 410 1573 nationibus:
429 1532 454 1559 *
473 1536 517 1573 et
537 1531 812 1584 dispergeret
831 1544 908 1573 eos
927 1532 972 1572 in

145 1587 410 1638 regionibus.

196 1644 254 1685 Et
276 1643 436 1684 initiati
459 1647 560 1684 sunt
578 1643 868 1696 Beelphegor:
885 1644 909 1671 *
928 1648 972 1685 et

146 1699 434 1741 comederunt
452 1699 667 1741 sacrificia
685 1702 972 1741 mortuorum.

197 1756 256 1797 Et
273 1756 558 1797 irritaverunt
581 1767 681 1796 eum
703 1755 748 1796 in
767 1755 972 1797 adinven-

146 1810 342 1853 ti6nibus
361 1812 466 1852 suis:
485 1812 509 1839 *
529 1815 573 1853 et
591 1810 883 1863 multiplicata
907 1816 973 1852 est

146 1867 191 1907 in
210 1867 274 1908 eis
293 1869 427 1908 ruina.

197 1923 255 1964 Et
280 1923 404 1965 stetit
426 1922 629 1973 Phinees,
654 1927 698 1964 et
721 1922 930 1975 placavit:
949 1924 973 1950 *

148 1983 192 2021 et
212 1979 400 2020 cessavit
422 1979 657 2031 quassatio.

199 2036 255 2076 Et
273 2037 526 2087 reputatum
545 2039 612 2076 est
633 2034 673 2076 ei
691 2035 735 2074 in
753 2034 972 2085 justitiam,

147 2091 228 2131 *in
242 2091 572 2141 generati6nem
587 2094 631 2132 et
644 2090 972 2140 generationem

147 2159 287 2198 usque
306 2147 351 2187 in
370 2147 697 2199 sempiternum.

199 2203 257 2244 Et
289 2202 574 2243 irritaverunt
607 2214 707 2243 eum
739 2200 796 2242 ad.
820 2200 972 2251 Aquas

148 2258 532 2299 contradictit'mis:
560 2258 584 2285 *
612 2262 656 2298 et
687 2258 872 2298 vexatus
906 2260 973 2296 est

147 2314 324 2365 Moyses
348 2318 532 2366 propter
559 2325 651 2354 eos:
680 2313 782 2364 quia
799 2323 971 2353 exacer-

148 2368 364 2411 baverunt
382 2370 586 2422 spiritum
605 2369 706 2420 ejus.

198 2425 257 2466 Et
280 2425 479 2466 distinxit
502 2425 546 2466 in
569 2424 697 2466 labiis
722 2424 824 2464 suis:
844 2423 867 2449 *
886 2434 974 2462 non

150 2480 509 2532 disperdiderunt
528 2481 705 2530 Gentes,
734 2491 842 2531 quas
863 2477 974 2519 dixit

150 2536 364 2577 Deminus
383 2536 478 2577 illis.

201 2592 259 2633 Et
287 2593 506 2634 commisti
532 2596 635 2633 sunt
659 2592 773 2632 inter
797 2589 973 2637 Gentes,

151 2651 195 2688 et
214 2647 463 2690 didicerunt
483 2650 618 2700 Opera
640 2649 805 2689 eerum:
830 2649 874 2686 et
887 2654 973 2685 ser=

1025 253 1198 294 vierunt
1237 253 1510 305 sculptilibus
1552 257 1719 296 eorum:
1752 256 1776 282 *
1804 260 1847 296 et

1026 308 1190 349 factum
1207 313 1274 350 est
1292 308 1378 350 illis
1396 310 1442 349 in
1459 310 1723 352 scandalum.

1078 365 1135 405 Et
1152 365 1488 407 immolaverunt
1507 366 1621 407 filios
1638 378 1750 415 suOS,
1766 368 1789 393 *
1804 372 1847 408 et

1026 420 1139 460 filias
1158 433 1260 461 suas
1280 420 1519 462 daemoniis.

1077 476 1134 516 Et
1162 475 1408 518 effuderunt
1440 477 1692 528 sanguinem
1726 479 1845 520 inno-

1027 533 1213 572 centem:
1230 534 1254 559 *
1270 533 1523 583 sanguinem
1542 533 1730 574 fili6rum
1750 537 1846 575 suo-

1025 599 1122 627 rum
1143 592 1187 628 et
1214 587 1401 628 filiarum
1428 591 1618 637 suarum,
1647 601 1754 639 quas
1782 603 1845 630 sa-

1026 643 1333 684 crificaverunt
1348 643 1621 696 sculptilibus
1634 644 1846 685 Chanaan.

1078 699 1135 740 Et
1157 699 1318 740 infecta
1342 705 1409 740 est
1434 704 1552 740 terra
1570 700 1614 739 in
1634 702 1846 751 sanguini-

1027 753 1124 803 bus,
1153 760 1196 795 et
1225 755 1520 796 contaminata
1549 760 1616 796 est
1644 756 1687 796 in
1708 757 1844 807 operi-

1025 809 1108 850 bus
1137 813 1303 851 eorum:
1328 812 1351 838 *
1376 815 1419 852 et
1447 811 1647 851 fornicati
1674 816 1773 852 sunt
1803 812 1846 851 in

1026 865 1409 907 adinventionibus
1429 866 1530 907 suis.

1076 922 1133 962 Et
1153 922 1291 963 iratus
1311 927 1378 963 est
1403 922 1549 963 furore
1567 922 1782 962 Dominus
1802 922 1846 962 in

1024 977 1238 1029 populum
1270 991 1414 1018 suum:
1442 979 1466 1004 *
1494 982 1538 1018 et
1569 977 1845 1018 abominatus

1026 1038 1093 1074 est
1112 1033 1416 1075 haereditatem
1435 1046 1568 1074 suam.

1070 1090 1127 1130 Et
1158 1089 1342 1130 tradidit
1374 1101 1450 1130 eos
1481 1089 1525 1129 in
1555 1101 1708 1129 manus
1735 1089 1844 1129 Gen-

1025 1145 1149 1186 tium:
1180 1146 1204 1172 *
1239 1150 1283 1186 et
1316 1145 1527 1186 dominati
1563 1149 1664 1185 sunt
1695 1146 1846 1185 cotum

1026 1201 1102 1252 qui
1121 1201 1310 1242 oderunt
1329 1213 1415 1242 eos.

1076 1257 1134 1298 Et
1156 1256 1477 1298 tribulaverunt
1501 1269 1577 1298 eos
1595 1255 1756 1296 inimici
1776 1257 1845 1296 eo-

1025 1325 1137 1361 rum,
1166 1317 1209 1353 et
1236 1312 1451 1353 humiliati
1480 1317 1581 1353 sunt
1609 1311 1689 1352 sub
1713 1311 1845 1351 mani-

1023 1367 1106 1408 bus
1126 1370 1292 1408 cotum:
1310 1369 1334 1395 *
1353 1380 1472 1420 saepe
1491 1367 1693 1409 liberavit
1712 1379 1797 1407 eos.

1075 1423 1169 1475 Ipsi
1188 1428 1335 1464 autem
1357 1423 1729 1464 exacerbaverunt
1748 1434 1845 1462 eum

1024 1479 1069 1518 in
1088 1478 1272 1519 consilio
1292 1491 1388 1519 suo:
1407 1480 1430 1505 *
1450 1483 1493 1520 et
1511 1477 1727 1519 humiliati
1744 1480 1845 1517 sunt

1024 1535 1069 1574 in
1087 1534 1393 1586 iniquitatibus
1412 1535 1512 1575 suis.

1075 1591 1133 1631 Et
1155 1589 1266 1631 vidit
1289 1602 1388 1630 cum
1413 1589 1740 1631 tribularentur:
1757 1590 1781 1616 *
1801 1594 1845 1630 et

1025 1645 1193 1687 audivit
1212 1645 1456 1686 orationem
1475 1647 1636 1686 eerum.

1077 1702 1134 1742 Et
1152 1713 1321 1742 memor
1343 1701 1426 1742 fuit
1448 1700 1698 1742 testamenti
1721 1700 1803 1740 sui:

1026 1762 1069 1799 et
1088 1757 1296 1809 poenituit
1321 1769 1420 1798 eum
1443 1756 1683 1797 secundum
1704 1755 1844 1796 multi-

1025 1813 1223 1854 tudinem
1241 1811 1555 1853 mis'ericordiae
1574 1824 1675 1852 suae.

1078 1869 1136 1910 Et
1163 1867 1286 1909 dedit
1314 1880 1390 1909 eos
1418 1867 1462 1908 in
1479 1865 1802 1923 misericordias
1821 1867 1844 1892 *

1025 1925 1070 1965 in
1106 1925 1348 1976 conspectu
1385 1923 1577 1964 omnium
1614 1922 1688 1973 qui
1722 1922 1843 1972 cepe-

1025 1985 1123 2021 rant
1144 1992 1230 2020 eos.

1077 2035 1230 2076 Salvos
1249 2047 1330 2075 nos
1348 2034 1416 2075 fac
1430 2033 1617 2074 Domine
1631 2034 1751 2074 Deus
1770 2043 1843 2072 no-

1026 2096 1130 2133 ster:
1152 2092 1177 2118 *
1201 2094 1245 2132 et
1272 2091 1490 2140 cengrega
1515 2101 1596 2130 nos
1624 2088 1678 2129 de
1706 2087 1842 2127 natio-

1024 2147 1167 2188 nibus:

1075 2202 1135 2243 Ut
1171 2201 1456 2242 confiteamur
1491 2197 1655 2239 nomini
1689 2202 1842 2238 sancto

1024 2262 1118 2298 tuo:
1179 2261 1223 2298 et
1241 2257 1476 2307 gloriemur
1496 2254 1539 2294 in
1557 2252 1685 2293 laude
1705 2257 1791 2293 tua.

1076 2312 1342 2353 Benedictus
1353 2309 1565 2351 Dominus
1576 2308 1696 2348 Deus
1705 2307 1842 2348 Israel

1024 2381 1050 2409 a
1067 2367 1230 2409 saeculo
1251 2372 1295 2408 et
1314 2377 1450 2417 usque
1468 2364 1512 2404 in
1531 2362 1843 2403 saeculum:*et

1026 2423 1143 2465 dicet
1162 2423 1303 2464 omnis
1322 2419 1525 2474 populus:
1543 2418 1652 2468 Fiat,
1670 2418 1757 2459 fiat.

1279 2477 1474 2517 Psalmus
1495 2476 1586 2514 106.

1104 2531 1344 2575 onfitemini
1395 2529 1586 2570 Demino
1639 2527 1842 2579 queniam

1116 2589 1275 2630 bonus:
1291 2588 1316 2614 *
1335 2585 1541 2636 quoniam
1564 2584 1609 2625 in
1634 2583 1840 2624 saeculum

1023 2642 1324 2685 misericordia
1342 2641 1442 2691 ejus.
