2060 2886
512 312 602 371 DE
640 309 830 371 ANNO
874 308 965 368 ET
1007 305 1175 378 EJUS
1221 299 1591 364 PARTIBUS.

999 399 1092 414 0080·
1116 406 1124 407 ff
1141 405 1147 407 -

259 547 311 571 ‘⁴³¹2
336 552 350 579 j
370 558 435 577 vero
454 554 588 577 trecentos
606 550 745 583 sexaginta
763 550 897 583 quinque,
919 554 946 576 et
968 550 1025 577 fere

217 599 265 618 sex
282 592 377 619 horas:
395 596 471 619 tanto
488 592 560 619 enim
575 592 705 626 temporis
719 592 862 619 intervallo
875 592 916 619 sol
931 593 1025 620 Zodia-

217 642 279 660 cum
303 634 458 668 perlustrat.
501 635 604 667 Quater
627 639 717 661 autem
743 643 790 661 sex
814 635 889 662 horae
913 636 1026 670 singulis

218 677 357 711 quaternis
381 678 458 704 annis
482 678 554 704 diem
579 678 759 704 constituunt:
783 678 846 704 hinc
870 686 958 705 annus
982 678 1026 705 ille

218 720 395 754 intercalaris,
413 721 562 754 Bissextus‚
581 720 624 747 vel
641 720 795 747 Bissextilis
813 720 920 748 dicitur.

217 791 262 821 De
286 790 358 820 anni
381 790 590 827 correctione,
611 789 744 828 ejusque
761 788 961 826 necessitate,
984 798 1019 818 ac

401 836 597 867 kalendario
620 837 835 874 Gregoriano.

263 887 317 914 uod
342 887 444 914 dictum
471 891 526 920 est,
552 895 654 914 aunum
678 888 817 914 continere
841 891 977 914 trecentos
1000 891 1028 915 et

217 892 255 964 Q
277 931 416 964 sexaginta
430 930 551 964 quinque
565 930 632 962 dies,
649 934 676 956 et
691 930 747 956 fere
763 938 810 956 sex
823 930 914 962 horaS.
932 931 1027 958 intelli-

219 974 336 1007 gendum
361 977 401 999 est
424 980 471 999 sex
494 973 577 998 horas
599 980 654 999 non
672 980 731 998 esse
750 972 882 1006 integras,
906 981 967 1000 cum
992 974 1027 1001 ad

219 1024 313 1043 earum
331 1015 557 1049 complementum
577 1014 667 1048 aliqua
686 1014 790 1042 minuta
808 1016 943 1043 deficiant.

270 1063 311 1089 Ex
330 1070 446 1096 quorum
466 1062 634 1088 minutorum
648 1062 769 1095 neglectu
784 1070 959 1096 progressum
978 1067 1027 1097 est,

219 1113 250 1132 ac
272 1104 295 1131 si
319 1112 408 1131 annus
429 1104 500 1131 ultra
523 1103 581 1130 dies
603 1103 652 1130 365
670 1105 822 1131 contineret
839 1105 958 1139 integras
979 1115 1027 1134 sex

224 1149 319 1182 horas,
337 1151 364 1174 et
382 1148 483 1174 factum
503 1151 552 1181 est,
570 1151 600 1174 ut
613 1147 725 1181 minuta,
743 1157 805 1182 quae
824 1149 895 1176 ultra
908 1150 1028 1177 debitam

221 1191 401 1225 quantitatem
419 1191 498 1217 annis
512 1191 624 1224 singulis
639 1191 838 1225 tribuebantur,
856 1197 944 1220 tractu
964 1197 1029 1220 tem-

221 1235 297 1268 poris
315 1235 352 1261 ita
366 1235 544 1268 excreverint,
562 1238 592 1261 ut
606 1235 721 1261 invicem
735 1235 825 1268 juncta
838 1237 1029 1263 constituerint

221 1277 280 1303 dies
297 1277 403 1304 decem:
425 1277 473 1311 qui
490 1285 600 1304 causam
619 1277 753 1304 dederunt
774 1282 805 1305 ut
822 1279 1028 1313 AEquinoctium

223 1327 337 1346 vernum
355 1321 446 1347 sedem
465 1329 542 1348 suam
561 1321 715 1348 mutaverit.

273 1368 324 1395 Cui
347 1368 418 1395 malo
440 1376 586 1396 occurrens
604 1368 754 1403 Gregorius
772 1369 850 1396 ΧῙΠ.
868 1378 923 1397 11011
941 1370 1029 1397 80111111

221 1411 427 1444 AEquinoctium
446 1419 560 1438 vernum
579 1412 697 1439 restituit
720 1412 748 1439 in
766 1413 910 1447 pristinam
929 1414 1030 1447 sedem,

221 1461 236 1480 a
252 1462 305 1488 qua
321 1454 373 1487 jam
393 1462 409 1480 a
422 1454 543 1481 Concilio
557 1455 678 1489 Nicaeno,
696 1455 789 1482 decem
807 1456 915 1483 circiter
933 1456 1030 1483 diebus

221 1496 249 1522 in
273 1503 344 1522 anno
367 1497 542 1523 correctionis
567 1498 646 1531 1582,
669 1499 849 1532 praecedendo
873 1503 1030 1532 recesserat,

222 1540 296 1573 quod
314 1547 330 1566 a
348 1539 469 1567 Concilio
487 1541 521 1567 ad
536 1541 580 1567 xii.
595 1541 735 1568 Kalendas
747 1541 852 1575 Aprilis
866 1542 956 1569 fuerat
969 1550 1030 1569 con—

222 1583 356 1616 stitutum,
373 1587 400 1609 et
414 1584 467 1610 xiv.
482 1583 588 1610 Lunam
602 1584 761 1611 Paschalem
776 1593 827 1611 suo
839 1586 867 1612 in
880 1586 940 1612 loco
954 1594 1030 1620 repo-

223 1625 290 1659 suit;
313 1626 362 1652 sed
385 1626 456 1653 viam
480 1635 590 1660 quoque
613 1627 738 1661 tradidit,
762 1631 788 1654 et
806 1628 952 1661 rationem,
976 1637 1030 1663 qua

223 1672 367 1695 caveretur
383 1672 413 1695 ut
431 1669 459 1695 in
477 1673 615 1703 posterum
639 1673 665 1696 et
683 1670 889 1704 AEquinoctium
908 1678 1031 1704 vernum,

223 1715 250 1738 et
267 1712 321 1738 xiV.
339 1711 418 1738 Luna
433 1713 572 1739 Pascbalis
590 1721 606 1740 a
624 1713 743 1747 propriis
761 1713 872 1740 sedibus
890 1722 1031 1748 nunquam

222 1758 436 1782 removerentur.

274 1802 312 1829 Ut
330 1803 401 1829 enim
420 1803 625 1838 AEquinoetium
644 1812 759 1832 vernum
777 1807 812 1833 ad
831 1804 876 1830 xii.
891 1804 1031 1832 Kalendas

223 1844 327 1878 Aprilis
345 1846 545 1881 restitueretur,
567 1849 662 1875 statuit
685 1853 714 1876 ut
732 1850 796 1877 dicti
814 1852 908 1879 decem
926 1853 985 1879 dies
1003 1853 1030 1879 in

224 1894 316 1913 mense
341 1888 467 1916 Octobris
490 1889 575 1924 ipsius
599 1892 662 1918 anni
688 1893 753 1920 1582
776 1894 973 1930 eximerentur3
1001 1899 1031 1923 ut

225 1936 286 1965 post
295 1938 421 1966 quartam
431 1934 502 1961 diem
513 1935 640 1962 Octobris
653 1941 747 1963 sancto
758 1938 903 1965 Franciseo
916 1947 1031 1972 sacram,

1075 467 1192 494 sequens
1215 459 1274 486 dies
1297 466 1353 484 non
1378 461 1449 484 esset
1471 457 1579 491 quinta,
1603 457 1652 483 sed
1670 456 1776 483 decima
1794 456 1891 490 quinta

1076 503 1209 530 Octobris.
1242 502 1277 529 Et
1294 502 1332 528 ita
1350 509 1436 534 error,
1454 501 1502 535 qui
1521 501 1549 527 in
1563 501 1734 535 praeteritum
1753 503 1890 527 101011110-

1075 554 1136 573 rum
1160 546 1269 572 circulis
1293 545 1454 580 irrepserat,
1478 544 1506 570 in
1525 546 1664 570 momento
1682 542 1815 577 temporis
1839 541 1892 569 fuit

1075 592 1223 616 correctus.

1127 644 1164 670 Ut
1183 647 1274 670 autem
1294 643 1323 669 in
1339 646 1480 676 posterum
1499 641 1572 668 idem
1591 647 1670 667 error
1687 640 1835 673 vitaretur,
1857 647 1893 667 ne

1076 687 1110 714 ad
1130 687 1175 714 xii.
1190 686 1330 713 Kalendas
1343 684 1447 719 Aprilis
1460 683 1667 718 AEquinoctium
1686 690 1802 709 vernum
1821 690 1894 710 rece-

1077 731 1167 763 deret,
1193 729 1289 756 statuit
1315 729 1388 755 idem
1416 727 1581 761 Gregorius,
1608 726 1766 753 Bissextum
1792 730 1894 760 quarto

1077 781 1188 808 quoque
1201 773 1339 809 anno-(uti
1353 780 1414 799 mos
1427 774 1479 804 est)
1493 769 1648 797 continuari
1658 770 1767 803 debere,
1780 773 1894 804 praeter-

1077 825 1161 851 quam
1178 817 1206 843 in
1224 815 1380 843 centesimis
1404 814 1495 842 annis:
1518 813 1565 848 qui
1588 813 1716 847 quamvis
1733 813 1894 840 Bissextiles

1077 863 1158 888 antea
1167 867 1276 894 semper
1286 858 1396 891 fuerint,
1410 857 1518 892 qualem
1533 856 1615 883 etiam
1625 863 1685 882 esse
1694 856 1782 883 voluit
1791 863 1894 883 annum

1079 904 1153 936 1600,
1171 910 1244 929 anno
1257 901 1436 928 correctionis
1447 899 1613 934 proximum,
1631 902 1694 933 post
1712 907 1775 926 eum
1794 902 1895 934 tamen,

1078 947 1126 981 qui
1150 946 1278 979 deinceps
1301 947 1517 978 consequentur,
1540 942 1695 976 centesimi,
1718 950 1775 969 non
1799 950 1895 970 omnes

1078 989 1237 1016 Bissextiles
1260 990 1363 1020 essent,
1385 987 1434 1013 sed
1456 986 1483 1012 in
1507 986 1715 1020 quadringentis
1737 986 1896 1021 quibusque

1079 1032 1157 1059 annis
1181 1031 1263 1066 primi
1290 1030 1412 1065 quinque
1439 1033 1496 1056 tres
1519 1029 1660 1056 centesimi
1684 1030 1743 1057 sine
1766 1029 1895 1058 Bissexto

1079 1075 1309 1108 transigerentur,
1341 1076 1456 1107 quartus
1483 1080 1550 1099 vero
1581 1073 1698 1107 quisque
1729 1072 1896 1100 centesimus

1079 1121 1151 1145 esset
1165 1117 1326 1150 Bissextilis,
1344 1117 1382 1143 ita
1399 1120 1430 1143 ut
1449 1124 1537 1143 annus
1556 1117 1631 1150 1700,
1651 1117 1725 1151 1800,
1744 1116 1820 1150 1900,
1837 1115 1896 1143 Bis-

1080 1161 1190 1188 sextiles
1204 1169 1259 1187 non
1274 1161 1336 1194 sint,
1354 1169 1426 1187 anno
1440 1168 1506 1187 vero
1520 1161 1588 1187 2000
1601 1167 1678 1187 more
1691 1164 1824 1188 consueto
1837 1160 1896 1187 dies

1080 1205 1222 1231 Bissextus
1240 1203 1424 1237 intercaletur,
1441 1203 1593 1230 Februario
1606 1203 1666 1230 dies
1678 1204 1712 1230 29
1725 1203 1896 1239 contineute;

1081 1248 1209 1282 idemque
1227 1247 1296 1274 ordo
1314 1246 1512 1273 intermittendi
1536 1246 1772 1280 intercalandique
1788 1246 1898 1273 Bissex-

1081 1294 1139 1318 tum
1158 1290 1230 1318 diem
1249 1291 1277 1317 in
1295 1290 1502 1324 quadringentis
1520 1290 1677 1324 quibusque
1699 1289 1779 1316 annis
1801 1296 1898 1324 perpe-

1081 1338 1129 1361 tuo
1147 1337 1366 1361 conservaretur.

1314 1399 1461 1437 Quatuor
1483 1400 1656 1441 Tempora.

1079 1455 1118 1529 Q
1127 1463 1227 1486 uatuor
1236 1459 1376 1494 Tempora
1384 1459 1559 1486 celebrantur
1567 1463 1667 1494 quarta
1681 1462 1708 1487 et
1722 1462 1801 1487 sexta
1809 1459 1899 1494 Feriis,

1141 1510 1172 1529 ae
1195 1502 1316 1530 Sabbato
1338 1507 1401 1537 post
1423 1503 1532 1530 tertiam
1550 1503 1725 1530 Dominicam
1745 1502 1899 1536 Adventus,

1082 1550 1144 1580 post
1159 1546 1275 1580 primam
1292 1546 1464 1573 Dominicam
1475 1546 1708 1580 Quadragesimoe,
1726 1549 1790 1580 post
1803 1545 1900 1573 Domi-

1082 1589 1171 1616 nicam
1182 1590 1364 1623 pentecostes,
1373 1593 1436 1624 post
1445 1590 1558 1617 Festum
1567 1588 1750 1617 Exaltationis
1759 1587 1786 1616 S.
1793 1588 1899 1616 Crucis.

1078 1659 1205 1700 Nuptiae
1227 1660 1359 1700 quando
1383 1661 1537 1693 celebrari
1562 1671 1626 1694 non
1649 1663 1779 1704 possint
1801 1664 1893 1704 juxta

1209 1708 1382 1740 Decretum
1405 1709 1585 1742 Tridentini
1610 1710 1760 1743 Concilii.

1080 1766 1123 1826 Α
1141 1766 1286 1793 Dominica
1308 1766 1396 1800 prima
1414 1766 1561 1794 Adventus
1582 1775 1671 1801 usque
1692 1767 1721 1794 in
1744 1766 1817 1794 diem
1836 1766 1899 1801 Epi-

1150 1810 1271 1844 phaniae,
1294 1814 1322 1837 et
1345 1817 1360 1836 a
1378 1809 1459 1836 Feria
1481 1814 1579 1844 quarta
1602 1811 1733 1838 Cinerum
1757 1817 1847 1844 usque
1870 1809 1899 1837 ln

1083 1854 1215 1881 Octavam
1234 1853 1375 1880 Paschatis
1397 1854 1542 1887 inclusive,
1564 1857 1659 1880 sancta
1676 1853 1807 1888 Synodus
1828 1853 1897 1880 sole

1083 1897 1210 1924 mnitates
1225 1897 1390 1931 Nuptiarum
1409 1897 1543 1931 prohibet.
1580 1898 1612 1924 In
1631 1897 1691 1924 aliis
1710 1905 1777 1924 vero
1795 1901 1899 1932 tempo-

1083 1941 1160 1967 ribus
1179 1941 1296 1975 Nuptias
1314 1941 1472 1968 solemniter
1489 1941 1622 1968 celebrari
1640 1941 1783 1975 permittit.
