2066 2904
603 170 673 204 Die
696 170 748 204 26.
775 170 875 211 Maii.
923 170 958 203 s,
985 169 1158 212 Philippi
1183 169 1290 203 Nerii
1317 169 1425 204 Conf.

508 267 672 306 Oratio.

223 328 502 367 nfirmitatem
518 330 731 366 nostram
758 322 930 375 respice
958 334 1001 362 o-

238 385 488 449 mnipotens
516 382 652 422 Deus:
685 385 729 420 et
762 379 863 431 quia
895 390 1001 430 pon-

174 439 256 479 dus
276 438 468 491 prepriae
486 436 671 478 actionis
689 439 858 486 gravat,
883 433 1001 475 beati

174 494 412 536 Eleutherii
432 493 637 545 Martyris
656 492 720 533 tui
740 496 873 543 atque
891 490 1001 530 Pon-

172 551 302 592 tificis
322 549 576 592 intercessio
595 548 788 599 gloriosa
806 559 887 587 nos
903 547 1002 597 pro-

172 612 303 657 tegat.
331 607 414 647 Per
432 605 681 646 Dominum.

227 661 269 694 In
300 660 325 694 1.
355 660 554 693 Nocturno
586 659 790 693 Lectiones
823 658 870 692 de
903 658 1002 692 Scri-

175 715 286 752 ptura
312 712 544 741 occurrente.

410 770 460 807 In
478 769 528 807 Π.
548 768 771 807 Nocturno.

476 828 660 869 Lectio
650 841 702 867 iv.

181 911 184 939 .·
289 868 479 937 [filippus
499 883 669 932 Nerius,
688 882 771 935 piis
790 882 1002 923 honestis-

182 982 184 984 ,
308 954 391 993 que
410 939 665 994 parentibus
680 938 916 980 Florentiae
930 951 1002 978 na-

180 996 183 1000 ’
308 1003 393 1047 tus,
435 996 490 1038 ab
527 997 624 1048 ipsa
658 995 834 1036 ineunte
871 996 1003 1036 aetate

173 1067 260 1094 non
289 1053 479 1094 obscara
508 1051 630 1093 dedit
663 1051 820 1092 futurae
848 1050 1003 1092 saneti-

173 1110 276 1150 tatis
313 1108 483 1150 indicia.
529 1107 821 1155 Adolescens,
857 1106 1003 1158 ampla

172 1165 316 1217 patrui
332 1164 592 1205 haereditate
609 1163 799 1210 dimissa,
815 1163 1003 1203 Romam

172 1233 218 1261 se
239 1220 439 1264 eontulit:
463 1219 537 1260 ubi
562 1218 843 1271 philosophia
867 1231 919 1259 ac
939 1231 1002 1258 sa-

172 1277 255 1317 cris
271 1276 426 1317 litteris
442 1275 650 1324 eruditus,
665 1280 807 1316 totum
823 1287 870 1315 se
883 1273 1001 1314 Chri-

102 1352 105 1353 ⁷
171 1338 240 1373 sto
261 1332 433 1373 dicavit.
468 1332 532 1372 Ea
551 1331 630 1372 fuit
649 1330 928 1379 abstinentia,
954 1331 1010 1370 ut'

171 1401 290 1440 saepe
309 1389 474 1439 jejanus
493 1387 687 1429 triduum
702 1386 1002 1438 permanserit.

170 1444 342 1494 Vigiliis
392 1450 435 1485 et
481 1443 754 1485 orationibus
799 1443 1001 1492 intentus,

171 1506 342 1552 septem
363 1499 493 1541 Urbis
518 1499 726 1541 ecclesias
751 1498 1002 1550 frequenter

171 1556 369 1605 visitans,
398 1555 517 1608 apud
545 1555 846 1597 coemeterium
876 1554 1001 1596 Calli-

171 1613 226 1653 sti
245 1613 287 1652 in
308 1612 552 1653 coelestium
570 1625 716 1653 rerum
734 1611 1001 1663 contempla-

171 1668 290 1709 tione
309 1671 571 1720 pernoctare
591 1667 829 1708 consuevit.
853 1667 1001 1708 Sacer-

172 1724 254 1765 dos
275 1737 328 1765 ex
349 1723 599 1765 obedientia
614 1723 764 1772 faetus,
784 1723 826 1763 in
842 1723 1001 1764 anima-

172 1793 267 1820 rum
292 1780 434 1821 salate
458 1779 737 1831 procuranda
761 1785 882 1820 totus
906 1779 1001 1828 fuit3

173 1841 216 1876 et
243 1836 287 1875 in
315 1835 664 1877 confessionibus
692 1834 920 1876 audiendis
945 1834 1002 1876 ad

173 1893 415 1932 extremum
460 1904 600 1943 usque
647 1891 762 1932 diem
799 1893 1000 1943 perseve-

172 1959 291 1995 rans,
319 1947 569 1988 innameros
597 1960 709 1999 pene
738 1947 853 1988 filios
883 1946 1000 1987 Chri-

172 2008 240 2043 sto
264 2003 454 2055 peperit3
482 2016 593 2054 quos
613 2002 735 2044 verbi
754 2003 837 2044 Dei
862 2003 1001 2054 quoti-

173 2058 303 2100 diano
324 2059 504 2110 pabulo,
528 2061 901 2100 sacramentorum
920 2059 1000 2100 fre-

174 2115 360 2167 quentia,
381 2115 591 2156 orationis
608 2115 877 2164 assiduitate,
897 2115 1002 2156 aliis-

173 2183 258 2222 que
288 2171 372 2223 piis
406 2170 795 2212 exercitationibus
822 2171 1000 2211 enutriri

173 2227 371 2278 cupiens,
401 2226 594 2268 Oratorii
615 2227 1000 2276 congregationem

173 2283 367 2323 instituit.

231 2340 279 2390 Rf.
303 2341 549 2393 Honestum
574 2339 678 2380 fecit
704 2338 828 2379 illum
853 2339 1000 2379 Domi-

174 2408 265 2443 nus,
288 2401 331 2436 et
351 2394 590 2437 custodivit
611 2408 710 2436 eum
730 2395 784 2436 ab
804 2395 1001 2444 inimicis,

175 2456 218 2491 et
246 2463 270 2490 a
296 2451 604 2492 seductoribus
629 2451 790 2492 tutavit
814 2451 951 2491 illum:
981 2455 1003 2478 *

175 2506 231 2546 Et
259 2506 380 2547 dedit
414 2507 475 2547 illi
509 2507 753 2549 claritatem
782 2508 1001 2556 aeternam,

175 2561 356 2612 alleluja.
390 2557 440 2607 V.
456 2563 628 2605 Justum
650 2562 834 2604 deduxit
852 2563 1001 2603 Domi-

174 2630 256 2657 nus
276 2630 354 2669 per
375 2619 466 2658 vias
486 2625 644 2667 rectas,
669 2624 711 2660 et
731 2619 924 2660 ostendit
940 2619 1002 2659 illi

175 2685 356 2723 regnum
375 2673 467 2714 Dei.
495 2675 550 2716 Et
567 2674 700 2716 dedit.

1365 265 1518 305 Lectio
1539 278 1577 304 v.

1133 323 1289 364 aritate
1317 322 1401 364 Dei
1428 322 1681 364 vulneratus
1713 323 1887 373 langue·

1149 377 1227 419 bat
1253 378 1427 429 jugiter,
1453 381 1666 430 tantoque
1693 391 1771 419 cor
1796 379 1888 430 ejus

1057 434 1274 475 aestuabat
1299 433 1475 483 ardore,
1502 439 1552 476 ut
1576 447 1676 476 cum
1701 435 1815 476 intra
1840 434 1887 475 fi-

1056 503 1133 531 nes
1159 502 1264 531 suos
1291 490 1506 531 contineri
1530 503 1619 532 non
1646 496 1814 543 posset,
1842 490 1888 531 il-

1055 546 1139 588 lius
1159 546 1320 595 sinum,
1348 546 1584 589 confractis
1608 551 1742 599 atque
1761 546 1888 588 elatis

1056 602 1230 644 duabus
1250 602 1443 651 costulis,
1464 601 1721 644 mirabiliter
1739 602 1888 644 Domi-

1056 672 1138 700 nus
1163 658 1451 711 ampliaverit.
1488 658 1672 699 Sacrum
1695 670 1802 700 vero
1828 658 1887 699 fa-

1057 715 1188 764 ciens,
1208 720 1283 756 aut
1302 714 1542 756 ferventius
1561 726 1703 764 orans,
1722 714 1766 755 in
1787 716 1890 755 aera

1057 771 1325 823 quandoque
1343 770 1553 820 sublatus,
1570 770 1682 811 mira
1695 769 1890 823 undique
1919 810 1922 818 ,

1056 827 1154 869 luce
1179 827 1347 878 fulgere
1371 827 1491 868 visus
1515 826 1607 868 fuit.
1644 827 1822 877 Egenos
1846 832 1891 868 et

1056 887 1277 936 pauperes
1293 883 1411 924 omni
1426 882 1622 924 caritatis
1638 882 1784 924 officio
1798 895 1892 935 pro-

1057 939 1342 991 sequebatur:
1365 937 1538 990 dignus,
1559 938 1633 991 qui
1655 944 1699 980 et
1718 938 1890 990 Angelo

1057 996 1101 1035 in
1137 995 1287 1048 speeie
1319 995 1530 1047 pauperis
1565 995 1892 1046 eleemosynam

1057 1053 1276 1102 erogaret;
1305 1055 1350 1091 et
1375 1050 1481 1092 dum
1505 1050 1733 1101 egentibus
1755 1055 1893 1092 noctu

1057 1120 1217 1159 panem
1237 1107 1445 1156 deferret,
1472 1107 1516 1147 in
1535 1107 1711 1148 foveam
1728 1106 1892 1159 lapsus,

1056 1163 1159 1205 inde
1185 1163 1352 1216 pariter
1377 1163 1433 1204 ab
1457 1162 1630 1213 Angelo
1657 1162 1890 1204 incolumis

1058 1219 1311 1271 eriperetur.
1330 1219 1579 1260 Humilitati
1599 1218 1814 1268 addictus,
1834 1218 1890 1261 ab

1056 1275 1300 1317 honoribus
1338 1288 1513 1328 semper
1546 1274 1792 1324 abhorruit,
1829 1280 1889 1316 at-

1057 1345 1143 1383 que
1158 1331 1481 1373 ecclesiasticas
1496 1330 1743 1382 dignitates,
1758 1331 1890 1372 etiam

1056 1388 1305 1440 primarias,
1337 1400 1426 1429 non
1459 1387 1595 1428 semel
1626 1387 1743 1429 ultro
1772 1387 1886 1429 dela-

1055 1450 1135 1493 tas,
1157 1444 1510 1486 constantissime
1530 1444 1760 1485 recusavit.

1110 1503 1161 1554 Rt·
1200 1500 1379 1541 Amavit
1422 1513 1523 1541 eum
1564 1500 1802 1549 Dominus,
1845 1505 1890 1542 et

1056 1558 1228 1599 ornavit
1248 1570 1366 1598 eum:
1394 1557 1555 1598 stolam
1573 1556 1727 1607 gloriae
1750 1532 1890 1598 in'duit

1056 1627 1167 1663 eum,
1188 1617 1211 1641 *
1227 1614 1284 1656 Et
1303 1614 1361 1656 ad
1378 1618 1532 1666 portas
1551 1612 1747 1666 paradisi
1765 1625 1888 1655 coro-

1054 1670 1175 1711 navit
1195 1683 1308 1719 eum,
1333 1669 1517 1720 alleluja.
1549 1665 1601 1718 V.
1621 1668 1770 1710 Induit
1788 1681 1889 1711 eum

1054 1726 1270 1767 Dominus
1293 1701 1477 1768 ioricam
1500 1725 1621 1775 fidei,
1650 1730 1694 1767 et
1716 1726 1889 1767 ornavit

1055 1795 1166 1823 eum.
1194 1783 1251 1824 Et
1270 1782 1327 1823 ad
1346 1787 1510 1835 portas.

1359 1838 1511 1880 Lectio
1533 1838 1586 1879 vi.

1057 1889 1356 1996 Prophetiae
1381 1889 1499 1931 dono
1523 1890 1605 1931 fuit
1623 1889 1821 1939 illastris‚
1844 1894 1889 1931 et

1149 1946 1194 1986 in
1235 1946 1481 1987 animorum
1522 1945 1723 1987 sensibus
1758 1958 1888 1998 pene·

1055 2002 1227 2044 trandis
1251 2002 1435 2044 mirifice
1455 2002 1621 2044 enituit.
1652 2001 1887 2052 Virginita-

1054 2065 1143 2100 tem
1180 2061 1396 2112 perpetuo
1433 2058 1646 2100 illibatam
1679 2058 1889 2099 servavit:

1054 2114 1188 2167 idque
1220 2119 1449 2157 assecatus
1484 2114 1566 2164 est,
1602 2120 1650 2156 ut
1683 2127 1777 2164 eos,
1815 2114 1889 2166 qui

1054 2172 1292 2224 puritatem
1313 2171 1530 2219 colerent,
1554 2183 1608 2212 ex
1629 2169 1785 2220 odore,
1814 2170 1889 2222 qui

1055 2240 1159 2268 vero
1180 2240 1319 2276 secus,
1344 2240 1399 2269 ex
1418 2227 1578 2269 foetore
1598 2225 1888 2278 dignosceret.

1054 2283 1325 2325 Absentibus
1343 2283 1564 2324 interdum
1583 2282 1799 2336 apparuit,
1817 2282 1887 2323 iis-

1055 2352 1140 2391 que
1190 2339 1541 2391 periclitantibus
1591 2351 1727 2391 opem
1779 2338 1888 2379 tulit.

1053 2396 1268 2446 AEgrotos
1291 2395 1505 2447 plurimos
1530 2399 1574 2436 et
1591 2394 1723 2436 morti
1743 2394 1887 2446 proxi·

1053 2464 1151 2493 mos
1191 2451 1366 2493 sanitati
1404 2450 1606 2492 restituit.
1664 2450 1887 2491 Mortuum

1056 2520 1233 2560 quoque
1252 2507 1309 2548 ad
1329 2507 1463 2548 vitam
1482 2506 1718 2547 revocavit.
1748 2505 1886 2547 Coele-

1054 2565 1185 2604 stium
1204 2563 1445 2615 spirituum,
1465 2567 1509 2603 et
1527 2562 1665 2614 ipsius
1680 2562 1886 2614 Deiparae

1055 2619 1248 2670 Virginis
1259 2619 1511 2671 frequenter
1522 2618 1602 2659 fuit
1610 2618 1887 2670 apparitione

1054 2674 1277 2726 dignatus,
1309 2687 1361 2716 ac
1392 2674 1685 2727 plurimorum
1718 2674 1887 2714 animas
