2066 2956
577 211 646 245 Die
676 211 723 245 19.
750 211 857 244 Febr.
905 210 939 245 S.
966 211 1134 245 Conradi
1158 210 1369 244 Placentini
1396 210 1502 244 Cous.

404 308 465 349 In
485 307 546 349 11.
566 306 815 357 vesperis.

249 377 384 411 Omnia
408 380 449 410 ut
473 376 511 409 in
532 375 559 409 1.
583 375 698 418 Vesp.
730 372 832 416 [291]·‚
853 378 992 417 praeter

248 428 319 470 Ad
354 427 525 478 Magnif.
573 428 671 467 Ant.
729 424 919 466 Audiens
951 425 977 465 J
979 437 1021 466 o-

202 481 327 535 seph,
356 480 474 533 quod
493 480 734 522 Archelaus
758 483 961 532 regnaret
978 482 1022 521 in

201 537 354 579 Judaea
379 549 462 590 pro
490 537 669 579 Herede
696 542 821 589 patre
850 550 946 587 suo,
973 540 1021 578 ti-

200 594 308 636 muit
331 593 407 635 illo
430 594 508 643 ire,
543 598 587 635 et
617 593 863 635 admenitus
887 594 1022 648 inso-

199 650 326 699 mnis,
359 651 542 692 secessit
568 650 611 691 in
638 655 786 702 partes
813 650 1023 700 Galilaeae,

202 711 245 749 et
280 707 457 748 veniens
496 706 711 748 habitavit
751 707 796 747 in
833 707 1023 756 civitate,

203 776 300 816 quae
315 765 498 805 vocatur
509 763 740 813 Nazareth,
755 768 803 804 ut
818 763 1022 815 adimple-

201 822 329 869 retur,
352 819 471 871 quod
485 819 649 861 dictum
664 824 731 861 est
743 833 822 872 per
836 819 1021 872 prophe-

201 881 283 918 tas:
306 876 521 928 Queniam
534 876 772 918 Nazaraeus
786 876 1024 918 vocabitur.

249 934 296 969 Et
320 933 359 968 fit
385 944 578 986 commem.
605 933 736 966 Feriae.

405 1019 489 1061 Die
508 1020 566 1060 19.
584 1019 819 1062 Februarii.

250 1083 292 1124 S.
317 1083 532 1125 conradi
554 1083 832 1125 Placentini
854 1083 972 1123 Conf.

482 1149 740 1192 Semiduplex.

254 1207 388 1242 Omnia
420 1206 465 1240 de
497 1206 639 1240 Comm.
672 1205 779 1240 Cons.
811 1215 887 1238 non
911 1204 1018 1238 Pont.

202 1255 273 1299 [84]
292 1261 431 1298 practer
455 1264 559 1297 sequ.

532 1302 694 1341 Oratio.

279 1359 405 1400 desto
459 1359 645 1400 Demine
699 1360 1022 1412 supplicati6ni-

303 1415 385 1457 bus
404 1416 575 1465 nostris,
595 1429 702 1468 quas
721 1416 765 1456 in
782 1415 900 1458 beati
914 1416 1022 1456 Con-

201 1471 297 1513 radi
334 1471 607 1513 Confesseris
648 1473 711 1514 tui
747 1472 1022 1514 solemnitate

202 1527 453 1569 deferimus:
482 1533 530 1570 ut
559 1528 632 1580 qui
659 1534 823 1570 nostrae
850 1529 1023 1580 justitiae

201 1583 407 1626 fiduciam
432 1597 520 1626 non
547 1583 774 1635 habemus,
812 1586 917 1636 ejus,
950 1585 1024 1636 qui

201 1640 281 1682 tibi
310 1640 493 1692 placuit,
525 1641 729 1692 precibus
761 1640 1023 1693 adjuvemur.

199 1698 285 1739 Per
302 1697 548 1739 Deminum.
767 1703 786 1726 θ

251 1761 298 1796 Et
322 1761 362 1795 fit
386 1770 580 1795 commem.
604 1759 738 1794 Feriae.

250 1822 293 1856 In
311 1822 335 1856 Ι.
353 1821 550 1856 Nocturno
572 1820 774 1854 Lectiones
792 1820 934 1854 Beatus
953 1819 1022 1854 vir.

201 1870 247 1904 de
273 1870 407 1905 eodem
433 1869 575 1904 Comm.
601 1868 630 1902 2.
655 1869 752 1902 loco.
777 1867 846 1911 [94]

423 1935 471 1973 In
499 1934 549 1972 11.
577 1933 797 1972 Nocturno.

498 1997 648 2038 Lectio
670 1998 721 2037 iv.

323 2052 514 2094 onradus
537 2052 772 2093 Placentiae
796 2051 932 2093 nebili
953 2054 1023 2103 ge-

338 2121 443 2150 nere
457 2113 595 2158 natus,
611 2120 662 2149 ac
676 2108 895 2149 venatieni
909 2120 1023 2149 cum-

340 2165 490 2217 primis
501 2163 685 2214 deditus,
698 2164 822 2216 jussit
833 2164 1023 2216 aliquan-

204 2220 261 2263 do
281 2234 454 2274 vepres,
477 2220 552 2263 ubi
574 2220 678 2262 ferae
697 2220 905 2270 latebant,
931 2232 1023 2261 5116-

203 2276 342 2327 cendi;
362 2277 441 2318 sed
455 2276 569 2319 ultra
585 2289 714 2329 quam
730 2276 878 2326 veluit,
892 2281 1023 2317 vento

202 2334 396 2386 perlatus
427 2333 538 2384 ignis
569 2333 771 2385 prexima
802 2331 922 2373 foedo
954 2345 1024 2373 va-

203 2391 333 2432 stavit
356 2389 571 2432 incendio.
608 2390 706 2440 Quo
727 2389 837 2438 viso,
866 2389 1025 2430 Conra-

204 2446 284 2488 dus
309 2447 353 2488 in
380 2446 534 2488 urbem
560 2445 744 2487 latenter
772 2450 838 2487 est
864 2445 1023 2495 ingres-

204 2515 292 2544 sus:
317 2502 396 2545 sed
418 2515 522 2544 mox
544 2501 600 2543 ad
623 2503 861 2554 praeterem
881 2500 1026 2542 delata

204 2571 266 2608 re,
286 2559 533 2611 emisseque
552 2557 773 2607 satellitio,
792 2557 1026 2598 homancu-

204 2614 271 2655 lus
294 2615 454 2656 infimae
479 2614 620 2667 plebis
646 2619 868 2665 tamquam
885 2613 1026 2654 incen-

205 2669 264 2711 dii
298 2675 448 2712 auctor
481 2670 820 2723 comprehensus
853 2674 934 2718 est,
967 2669 1026 2709 vi-

206 2738 290 2778 que
316 2729 634 2769 tormenterum
660 2725 768 2767 falsa
792 2725 1025 2767 6011165510-

212 2063 230 2082 ;-”
260 2060 307 2087 'fij—s

209 2060 299 2117 (3⁰¹2
311 2105 314 2117 1

209 2124 211 2139 2
238 2109 255 2150 ς.

210 2141 291 2191 Nx:-

213 2176 247 2191 *⁴5⁷
259 2174 314 2191 MA.

1805 201 1896 245 [297]

1073 314 1128 343 ne
1148 303 1372 354 expressa,
1401 300 1630 342 damnatus
1657 300 1713 342 ad
1737 299 1897 353 suppli-

1074 358 1189 399 cium
1221 357 1483 410 rapiebatur.
1523 356 1636 398 Tum
1669 356 1897 398 Conradus

1075 414 1340 456 conscientia
1376 414 1587 455 excitatus
1623 413 1898 454 innocentem

1074 470 1385 512 homunculum
1413 482 1436 511 e
1461 469 1675 511 carnificis
1696 468 1897 510 manibus

1075 527 1246 579 eripuit,
1276 538 1410 578 seque
1437 538 1558 567 reum
1586 526 1809 567 confessus
1838 523 1897 566 di-

1075 582 1261 624 venditis
1292 582 1418 624 bonis
1451 582 1571 623 illata
1598 582 1756 623 damna
1784 594 1897 623 com-

1074 639 1291 692 pensavit3
1326 638 1613 689 humanisque
1650 638 1781 679 rebus
1813 651 1899 679 una

1076 708 1174 737 cum
1192 697 1330 736 uxere
1348 695 1545 736 nuntium
1564 695 1739 735 remisit.

1127 754 1175 792 R·
1209 752 1455 793 Honestum
1475 751 1576 793 fecit
1594 751 1714 792 illum
1733 751 1836 800 Dns,
1857 755 1900 791 et

1077 807 1313 850 custodivit
1332 821 1430 849 eum
1449 807 1503 849 ab
1523 808 1716 856 inimicis,
1734 812 1776 848 et
1792 820 1817 848 a
1836 820 1898 848 56-

1078 864 1332 907 ducteribus
1358 865 1516 906 tutavit
1542 863 1676 905 illum:
1696 865 1717 887 *
1747 864 1803 904 Et
1829 862 1899 904 de-

1077 922 1140 963 dit
1162 921 1223 962 illi
1249 921 1490 963 claritatem
1514 922 1733 962 aeternam.
1761 916 1810 967 Y.
1831 920 1901 960 Ju-
1944 936 1945 939 ¹

1079 984 1193 1020 stum
1213 977 1395 1019 deduxit
1417 977 1511 1018 Dfis
1533 990 1612 1029 per
1635 977 1728 1018 vias
1746 981 1901 1026 rectas,

1078 1040 1122 1077 et
1150 1034 1343 1076 ostendit
1368 1034 1430 1075 1111
1456 1046 1637 1084 regnum
1664 1033 1757 1074 Dei.
1802 1033 1870 1074 Et.

1384 1094 1533 1134 Lectio
1554 1108 1589 1132 v.

1078 1148 1225 1255 Cum
1250 1151 1398 1200 itaque
1423 1159 1533 1188 uxor
1561 1159 1733 1187 sacrum
1755 1145 1901 1187 velum

1170 1207 1399 1257 sumptura
1409 1203 1644 1244 Placentiae
1659 1204 1900 1251 mansisset,
1945 1209 1946 1212 ’

1075 1262 1169 1314 ipse
1189 1260 1295 1302 abiit
1313 1261 1356 1301 in
1371 1260 1594 1311 regienem
1609 1259 1900 1309 longinquam,

1078 1323 1121 1359 et
1138 1316 1418 1358 Franciscani
1439 1315 1617 1365 erdinis,
1641 1315 1714 1367 qui
1734 1315 1900 1356 Tertia-

1077 1374 1241 1415 rierum
1273 1373 1446 1422 dicitur,
1477 1375 1703 1424 assumpto
1737 1370 1900 1419 habitu,

1075 1431 1263 1471 Romam
1291 1429 1491 1482 pervenit
1519 1440 1667 1469 sacras
1696 1425 1814 1468 aedes
1841 1427 1899 1467 vi-

1076 1486 1294 1527 sitaturus.
1331 1484 1438 1526 Inde
1462 1485 1505 1525 in
1528 1483 1717 1526 Siciliam
1739 1483 1795 1524 ad
1815 1483 1899 1524 Ne-

1075 1545 1190 1584 tinos
1211 1542 1331 1591 abiit,
1357 1540 1431 1582 ubi
1453 1539 1720 1593 aliquamdiu
1742 1539 1786 1579 in
1805 1552 1899 1580 san-

1076 1599 1134 1640 cti
1151 1598 1325 1640 Martini
1348 1596 1623 1639 xenodochio
1644 1596 1899 1646 diversatus,

1075 1655 1118 1696 in
1145 1654 1427 1697 solitudinem
1451 1653 1649 1702 secessit,
1675 1653 1719 1693 in
1744 1665 1829 1704 qua
1852 1664 1899 1693 se

1075 1711 1235 1761 inedia,
1268 1716 1312 1752 et
1341 1709 1546 1763 precibus
1577 1709 1792 1750 afflictans
1819 1721 1899 1761 per

1077 1780 1213 1809 annos
1243 1765 1529 1820 quadraginta
1555 1765 1676 1806 humi
1701 1764 1899 1814 cubabat,

1076 1837 1190 1865 nunc
1217 1823 1312 1865 solo
1341 1835 1470 1875 pane,
1498 1835 1611 1863 nunc
1638 1821 1786 1863 herbis
1810 1826 1900 1862 tan-

1076 1886 1170 1922 tum
1185 1882 1424 1930 contentus,
1445 1884 1487 1921 et
1507 1878 1623 1920 dono
1643 1877 1901 1930 prophetiae,

1076 1936 1385 1988 miraculisque
1409 1935 1563 1977 clarus.
1601 1934 1787 1976 Crebras
1811 1946 1900 1974 car-

1077 1993 1143 2034 nis
1163 2005 1214 2034 ac
1233 1992 1446 2034 daemonis
1464 1991 1745 2040 tentatienes,
1770 1989 1900 2041 gulae—

1079 2061 1163 2101 que
1181 2047 1415 2091 blanditias
1439 2048 1639 2100 corporis
1659 2046 1899 2087 3161613110-

1077 2118 1148 2152 116,
1176 2110 1306 2157 atque
1330 2104 1506 2147 assiduo
1526 2102 1735 2156 precandi
1754 2100 1900 2143 studio

1077 2167 1168 2203 tam
1187 2162 1359 2213 egregie
1378 2161 1496 2211 vicit,
1520 2165 1567 2202 ut
1586 2159 1656 2201 vel
1679 2158 1901 2200 esculenta

1078 2218 1350 2268 munuscula,
1384 2231 1482 2270 quae
1507 2217 1561 2258 ab
1586 2215 1735 2257 amicis
1759 2215 1900 2256 mitte-

1079 2276 1241 2324 rentur,
1260 2287 1347 2316 non
1365 2274 1486 2326 prius
1505 2275 1751 2323 attingeret,
1772 2284 1902 2324 quam

1077 2330 1254 2383 putrida
1277 2332 1361 2382 jam
1384 2334 1427 2371 et
1446 2328 1665 2371 vermibus
1690 2328 1902 2369 scatentia

1079 2399 1230 2428 sensus
1253 2387 1348 2439 ipse
1372 2386 1601 2436 refugeret.
1638 2384 1751 2435 Quin
1771 2384 1901 2427 etiam

1078 2443 1225 2484 11111163
1251 2442 1395 2495 pesita
1422 2441 1588 2482 tamdiu
1611 2439 1753 2482 nudos
1782 2445 1900 2481 artus

1078 2499 1122 2539 in
1156 2500 1339 2551 vepreto
1375 2497 1618 2547 volutabat,
1662 2496 1808 2549 quoad
1845 2497 1899 2538 ef-

1079 2556 1239 2597 fluente
1265 2554 1472 2605 sanguine
1500 2552 1657 2595 edendi
1681 2552 1812 2594 ardor
1831 2566 1900 2594 ex-

1079 2612 1380 2663 stingueretur.

1131 2669 1180 2708 R.
1207 2667 1382 2709 Amavit
1401 2679 1500 2708 eum
1518 2666 1747 2716 Deminus,
1771 2670 1815 2707 et
1835 2678 1900 2707 or-

1078 2712 1196 2766 navit
1228 2736 1339 2765 eum:
1386 2722 1544 2765 stolam
1581 2722 1731 2774 gleriae
1762 2720 1901 2764 induit
