2028 2892
736 168 847 203 Fcria
873 176 982 204 sexta
1007 170 1057 204 ad
1075 170 1277 213 Vesperas.

206 258 358 311 Temp.
396 259 607 299 Paschali.
649 261 748 301 Ant.
787 261 983 314 Alleluia,

154 316 338 369 alleluja,
365 316 547 368 alleluja.

206 381 346 425 Capit,
375 382 568 426 Hymnus,
594 378 655 424 V,
680 384 907 427 Antiphona
932 385 982 419 ad

152 428 383 473 Magnificat‚
409 435 446 465 ct
468 430 600 465 Oratio
627 442 696 474 pro
714 432 916 476 Tempore,
942 438 982 467 ut

152 477 192 511 in
216 477 402 521 Vesperis
427 478 551 513 Feriae
575 479 620 514 ΙΙ.
650 481 722 516 112.

206 529 362 574 Preces,
395 531 428 565 si
460 532 635 566 dicendae
667 533 758 575 sint,
793 534 982 567 habentur

151 588 270 621 supra
294 578 334 612 in
353 578 470 623 Vesp.
493 580 575 615 Fer.
599 580 646 614 II.
670 582 743 617 112.

515 666 777 695 w·—

225 762 375 803 Feria
396 761 544 804 sexta
563 763 629 804 ad.
644 763 908 813 vesperas.

202 838 302 878 Ant.
330 838 385 878 In
405 840 656 891 conspectu.

203 906 355 958 Temp.
376 907 589 947 Paschali.
619 908 720 948 Ant.
750 907 948 960 AlleluJa.

417 985 615 1026 Psalmus
636 986 720 1025 137.

156 1054 489 1112 >musitekmrtijgi
512 1054 592 1097 tibi
611 1054 799 1096 Domine
823 1054 868 1095 in
886 1058 981 1097 toto

288 1111 423 1153 corde
447 1124 563 1153 meo:
586 1111 609 1137 *
631 1111 838 1164 quoniam
863 1111 981 1153 audi-

161 1167 180 1187 '·
246 1165 255 1188 ³·
287 1168 343 1209 sti
361 1167 497 1210 verba
517 1167 605 1210 oris
623 1168 719 1210 mei.

202 1224 254 1264 In
286 1226 530 1277 conspectu
562 1224 835 1276 Angelorum
868 1225 980 1277 psal-

149 1280 238 1321 lam
270 1280 365 1322 tibi:
392 1281 417 1307 *
449 1280 647 1323 adorabo
679 1280 737 1323 ad
769 1281 982 1334 templum

150 1340 351 1379 sanctum
376 1341 517 1388 tuum,
553 1341 598 1379 et
629 1337 874 1379 confitebor
906 1340 979 1379 no-

149 1393 257 1434 mini
274 1397 363 1435 tuo.

201 1449 342 1503 Super
363 1450 667 1492 misericordia
690 1454 782 1500 tua,
811 1455 855 1492 et
872 1452 980 1493 veri-

148 1508 241 1548 tate
276 1510 370 1548 tua:
397 1506 422 1532 *
450 1507 658 1559 queniam
692 1507 981 1558 magnificasti

149 1575 283 1615 super
302 1575 441 1614 omne,
459 1575 620 1605 nomen
635 1567 834 1604 sanctum
846 1568 980 1605 tuum.

201 1619 253 1660 In
268 1622 545 1672 quacumque
559 1619 630 1661 die
645 1620 911 1662 invocavero
925 1625 980 1671 te,

150 1675 312 1718 exaudi
335 1688 420 1718 me:
438 1676 463 1703 *
485 1675 798 1729 multiplicabis
822 1676 867 1717 in
892 1677 979 1718 ani-

149 1744 222 1773 ma
239 1745 338 1774 mea
355 1732 573 1774 virtutem.

203 1788 504 1831 Confiteantur
522 1789 602 1831 tibi
619 1789 808 1831 Domine
828 1801 979 1832 omnes

148 1856 276 1896 reges
303 1850 449 1887 terrae:
477 1846 501 1872 *
530 1846 633 1898 quia
669 1845 903 1888 audierunt
936 1849 979 1888 ό-

148 1902 267 1943 mnia
285 1902 421 1944 verba
440 1902 530 1944 oris
548 1902 627 1944 tui:

200 1958 258 2000 Et
277 1962 453 2000 cantent
470 1959 515 1999 in
534 1959 616 2000 viis
630 1959 858 2000 D6mini:*
874 1961 978 2012 quo-

148 2014 267 2056 niam
284 2028 444 2067 magna
463 2019 530 2057 est
548 2015 689 2066 gloria
706 2015 896 2056 Domini.

201 2071 419 2121 Queniam
447 2071 646 2114 excelsus
670 2071 902 2121 Dominus,
935 2076 979 2113 et

146 2126 328 2168 humilia
350 2128 545 2181 respicit:
568 2128 592 2154 *
617 2132 661 2170 et
685 2127 773 2169 alta
797 2140 823 2168 a
846 2127 977 2179 longe

150 2184 390 2234 cognescit.

199 2239 245 2281 Si
264 2240 548 2282 ambulavero
567 2241 612 2282 in
633 2240 780 2282 medio
799 2239 975 2281 tribula-

147 2295 300 2346 tionis,
335 2296 578 2338 vivificabis
605 2310 690 2339 me:
717 2298 742 2323 *
770 2301 814 2338 et
844 2309 976 2349 super

145 2351 256 2393 iram
274 2352 549 2394 inimicorum
566 2356 765 2395 meorum
785 2352 975 2394 extendi-

147 2408 204 2449 sti
221 2422 398 2450 manum
416 2414 552 2459 tuam,
578 2415 622 2452 et
640 2410 809 2451 salvum
827 2421 897 2450 me
916 2408 974 2450 fe-

147 2464 206 2506 cit
224 2464 406 2507 dextera
423 2470 509 2507 tua.

198 2519 414 2563 Deminus
459 2522 672 2564 retribuet
711 2534 794 2574 pro
834 2533 918 2562 me:
949 2521 974 2546 *

145 2577 335 2620 Domine
353 2578 654 2620 misericordia
676 2583 752 2620 tua
773 2578 817 2618 in
838 2579 972 2618 saecu-

145 2632 254 2674 lum:
290 2637 427 2687 opera
462 2636 670 2676 manuum
710 2636 882 2675 tuarum
917 2646 972 2675 ne

147 2686 378 2742 despicias.

1091 265 1190 304 Ant.
1230 266 1279 305 ln
1318 269 1555 319 conspectu
1590 268 1862 319 Angelorum

1035 319 1222 370 psallam
1239 320 1318 362 tibi
1336 322 1457 364 Deus
1475 337 1609 365 meus.

1090 377 1187 417 Ant.
1218 378 1415 420 Domine.

1300 433 1497 472 Psalmus
1523 434 1602 470 13:24.

1127 490 1271 531 omine
1295 491 1494 543 probasti
1517 505 1602 542 me,
1631 498 1674 534 et
1701 506 1858 545 cogno-

1139 547 1240 587 visti
1266 560 1351 588 me:
1375 548 1399 573 *
1423 553 1471 589 tu
1499 550 1743 599 cognovisti
1771 563 1858 592 ses-

1036 600 1204 643 sienem
1231 616 1389 653 meam,
1426 609 1470 646 et
1497 606 1859 648 resurrectionem

1034 670 1188 699 meam.

1086 719 1344 762 Intellexisti
1364 722 1650 772 cogitationes
1665 735 1784 777 meas
1804 723 1858 765 de

1034 774 1178 826 longe:
1197 777 1220 802 *
1241 778 1440 819 semitam
1458 791 1611 828 meam,
1637 783 1679 820 et
1698 779 1857 821 funicu-

1034 830 1124 872 lum
1142 845 1287 874 meum
1305 834 1587 885 investigasti.

1086 888 1143 929 Et
1168 901 1319 931 omnes
1343 891 1437 932 vias
1460 903 1580 932 meas
1604 891 1858 943 praevidisti:

1034 943 1058 969 *
1092 945 1193 997 quia
1228 959 1316 988 non
1351 951 1418 989 est
1454 959 1597 989 sermo
1635 948 1678 988 in
1714 948 1858 999 lingua

1033 1013 1142 1042 mea.

1085 1058 1202 1100 Ecce
1235 1059 1422 1100 Domine
1453 1063 1502 1100 tu
1538 1061 1781 1110 cognovisti
1814 1063 1856 1102 ό-

1034 1114 1151 1158 mnia
1177 1115 1433 1165 novissima,
1470 1120 1513 1157 et
1540 1118 1732 1168 antiqua:
1759 1117 1783 1142 *
1810 1121 1857 1158 tu

1034 1169 1232 1212 formasti
1250 1185 1336 1221 me,
1365 1176 1408 1213 et
1430 1173 1617 1224 posuisti
1641 1185 1772 1225 super
1789 1186 1859 1214 me

1033 1239 1210 1268 manum
1227 1232 1358 1269 tuam.

1086 1283 1298 1325 Mirabilis
1329 1285 1445 1326 facta
1477 1291 1543 1327 est
1574 1286 1753 1327 scientia
1785 1291 1859 1327 tua

1034 1352 1089 1380 ex
1124 1353 1210 1382 me:
1241 1341 1265 1367 *
1296 1342 1541 1383 confortata
1579 1347 1655 1391 est,
1693 1347 1736 1384 et
1771 1355 1858 1384 non

1033 1398 1192 1448 petero
1212 1396 1268 1438 ad
1288 1410 1394 1439 eam.

1085 1452 1183 1501 Quo
1208 1452 1282 1494 ibo
1307 1466 1333 1494 a
1357 1454 1513 1506 spiritu
1536 1453 1635 1495 tuo?
1655 1455 1679 1479 *
1701 1459 1745 1495 et
1769 1467 1855 1506 quo

1033 1521 1059 1548 a
1077 1508 1187 1550 facie
1205 1513 1281 1550 tua
1299 1509 1483 1560 fugiam?

1083 1564 1128 1605 Si
1143 1565 1384 1607 ascendero
1395 1566 1439 1606 in
1451 1566 1621 1616 coelum,
1633 1571 1681 1607 tu
1696 1566 1782 1607 illic
1793 1579 1855 1607 es:

1032 1621 1056 1646 *
1076 1621 1113 1662 si
1131 1621 1402 1663 descendero
1425 1623 1470 1662 in
1494 1622 1717 1672 infernum,
1741 1622 1856 1663 ades.

1084 1677 1130 1719 Si
1143 1680 1372 1731 sumpsero
1382 1691 1548 1731 pennas
1563 1691 1683 1720 meas
1694 1678 1855 1720 dilucu-

1032 1733 1088 1783 lo,
1095 1734 1119 1760 *
1128 1739 1172 1775 et
1181 1733 1437 1776 habitavero
1446 1735 1491 1775 in
1499 1735 1702 1776 extremis
1709 1735 1855 1775 maris:

1083 1790 1257 1832 Etenim
1280 1790 1382 1832 illuc
1400 1804 1554 1833 manus
1573 1795 1648 1832 tua
1667 1790 1855 1832 deducet

1031 1859 1116 1888 me:
1135 1847 1159 1873 *
1179 1851 1222 1888 et
1240 1847 1405 1889 tenebit
1422 1860 1492 1889 me
1512 1847 1692 1889 dextera
1709 1851 1794 1888 tua.

1083 1902 1140 1944 Et
1167 1902 1271 1944 dixi:
1306 1903 1508 1945 Forsitan
1534 1903 1727 1945 tenebrae
1755 1915 1852 1944 con-

1032 1959 1266 2001 culcabunt
1283 1973 1368 2001 me:
1387 1959 1410 1987 *
1430 1964 1473 2001 et
1491 1972 1579 2001 nox
1597 1958 1851 2000 illuminatio

1030 2028 1129 2057 mea
1146 2015 1190 2056 in
1209 2015 1377 2058 deliciis
1396 2016 1515 2058 meis.

1083 2072 1196 2122 Quia
1221 2072 1415 2114 tenebrae
1442 2085 1529 2114 non
1557 2070 1849 2114 obscuraban-

1029 2132 1100 2169 tur
1120 2141 1146 2169 a
1163 2132 1218 2179 te,
1237 2133 1281 2170 et
1299 2141 1387 2170 nox
1406 2129 1517 2170 sicut
1535 2127 1628 2170 dies
1643 2126 1849 2167 illumina-

1029 2183 1161 2226 bitur:
1184 2185 1209 2211 *
1233 2185 1346 2226 sicut
1371 2184 1563 2226 tenebrae
1591 2184 1699 2235 ejus5
1723 2183 1783 2223 ita
1807 2187 1851 2230 et

1028 2240 1175 2282 lumen
1195 2241 1296 2293 ejus.

1081 2297 1192 2347 Quia
1210 2301 1258 2338 tu
1278 2295 1511 2349 possedisti
1530 2306 1654 2336 renes
1674 2307 1812 2336 meos:
1825 2294 1848 2321 *

1029 2354 1262 2406 suscepisti
1278 2366 1348 2394 me
1363 2352 1418 2394 de
1432 2355 1556 2392 utero
1568 2351 1718 2391 matris
1728 2363 1848 2392 meae.

1081 2409 1335 2451 Confitebor
1361 2407 1439 2449 tibi
1471 2407 1571 2459 quia
1597 2406 1848 2448 terribiliter

1026 2465 1328 2516 magnificatus
1353 2477 1413 2505 es:
1431 2463 1455 2489 *
1477 2462 1690 2503 mirabilia
1713 2465 1847 2515 epera

1025 2526 1111 2572 tua,
1131 2526 1174 2563 et
1193 2521 1335 2562 anima
1352 2531 1448 2560 mea
1468 2518 1696 2569 cognescit
1709 2518 1846 2559 nimis.

1076 2578 1177 2619 Non
1202 2581 1268 2618 est
1291 2575 1554 2617 occultatum
1578 2587 1630 2615 os
1651 2586 1795 2615 meum
1819 2585 1845 2614 a

1024 2638 1079 2683 te,
1096 2632 1214 2685 quod
1228 2631 1367 2673 fecisti
1385 2631 1428 2671 in
1444 2630 1637 2672 occulto:
1651 2630 1675 2656 *
1690 2634 1734 2671 et
1748 2629 1843 2670 sub—

1024 2689 1183 2730 stantia
1201 2699 1298 2729 mea
1315 2687 1359 2727 in
1377 2685 1652 2728 inferieribus
1670 2690 1809 2727 terrae.
