2028 2892
804 180 1005 215 Dominica
1028 182 1256 218 Palmarum.

167 267 333 331 asinam
355 273 398 309 et
416 268 583 320 pullum
594 270 801 334 legimus:
827 278 874 314 ut
895 275 996 326 quia
1048 276 1091 316 in
1116 278 1441 322 similitudinem
1466 283 1689 326 heminum
1714 287 1870 337 factm,

165 336 207 362 m
237 323 411 365 duabus
439 324 690 367 homimbus
719 330 901 381 uterque
932 331 994 371 fu·
1049 336 1092 373 et
1110 333 1261 375 habitu
1278 336 1477 379 inventus
1497 345 1543 380 ut
1561 340 1703 383 homo.

166 384 261 420 erat
277 392 407 421 sexus
423 381 644 433 expulsus,
662 383 705 423 in
721 383 893 426 duebus
909 387 994 426 ani·
1365 406 1561 447 vanuq

164 435 352 477 malibus
381 449 512 477 sexus
541 439 727 490 uterque
754 443 993 483 revocetur.
1144 473 1236 509 usn,
1349 485 1358 493 ‚
1408 448 1419 456 “
1443 473 1452 481 .
1475 474 1484 482 .
1542 437 1572 447 “’
1666 476 1674 485 ,
1713 475 1722 483 .

163 491 281 541 Ergo
301 491 390 533 illic
409 492 452 532 in
472 493 593 534 asina
613 500 752 536 matre
770 498 893 547 quasi
907 498 992 539 He·
1078 461 1272 565 Isrfflil1
1283 483 1361 511 sex
1380 484 1454 535 -qm
1468 486 1555 568 llam
1576 480 1755 542 pqregltZ

163 559 263 587 vam
283 548 487 599 figuravit
507 551 681 591 erroris:
700 551 770 592 hic
789 559 935 594 autem
949 554 993 594 in
1123 580 1152 620 S
1186 539 1561 626 Οῃῒὲὓῖἐῗρέῃὲ
1573 542 1791 627 ,ΟΟΥξΟΓ15’

162 603 284 655 pullo
310 604 641 654 generalitatem
667 608 819 660 pepuli
844 609 991 650 Genti·
1123 593 1185 676 ΡΞ
1236 637 1270 649 .,
1311 638 1319 646 .
1340 597 1461 680 ddi-*t
1507 598 1529 625 e
1564 597 1662 638 emp
1685 599 1733 626 or

162 658 215 699 lis
234 661 463 711 expressit:
489 666 532 702 et
551 661 653 703 ideo
672 663 794 715 pullo
815 664 991 706 sedetur
1123 692 1163 732 Α
1188 650 1322 733 sslllom
1357 651 1395 735 g
1462 654 1541 736 qs’l
1609 699 1643 737 ,t

163 715 308 756 asinae.
337 716 394 757 Et
412 716 536 766 bene,
555 718 599 758 in
615 731 702 770 quo
718 733 846 761 nemo
864 721 991 762 sedit:
1165 706 1194 743 g
1256 707 1276 733 S
1295 708 1338 734 m
1393 708 1507 736 mels
1543 710 1623 738 eva
1645 710 1695 737 ur

163 772 264 823 quia
278 772 432 822 nullus,
449 775 686 825 antequam
696 775 904 826 Christus,
920 790 990 817 na-

160 828 330 869 tionum
355 829 546 881 populos
572 831 747 873 vocavit
771 832 827 873 ad
844 833 990 873 Eccle-

161 884 281 924 siam.
314 885 515 937 Denique
535 886 776 928 secundum
795 888 991 929 Marcum

160 940 223 981 sic
242 940 394 982 habes:
414 941 555 991 Quem
570 955 699 984 nemo
717 943 860 985 adhuc
875 944 990 986 sedit

159 995 395 1037 hominum.

214 1052 264 1104 R.
281 1052 672 1095 Circumdederunt
690 1067 760 1096 me
775 1055 856 1096 viri
872 1068 988 1096 men-

160 1107 307 1149 daces:
336 1109 429 1150 sine
459 1122 591 1151 causa
616 1111 799 1161 flagellis
824 1111 989 1153 cecide-

159 1169 261 1206 runt
284 1177 370 1206 me:
396 1166 419 1190 *
444 1165 532 1207 Sed
559 1170 607 1207 tu
631 1166 820 1208 Demine
844 1167 988 1208 defen-

160 1232 234 1261 sor
252 1220 426 1262 vindica
444 1235 525 1263 me.
556 1217 605 1269 V.
627 1223 844 1272 Quoniam
858 1223 989 1265 tribu-

158 1275 264 1318 latio
289 1277 491 1329 prexima
514 1283 598 1327 est,
631 1283 676 1319 et
704 1291 790 1319 non
820 1284 886 1320 est
916 1280 989 1331 qui

159 1332 346 1384 adjuvet.
380 1332 468 1374 Sed
491 1338 549 1374 tu.
582 1334 988 1376 Circumdederunt.

418 1417 498 1458 Ad
523 1417 733 1459 Laudes.

210 1476 310 1518 Ant.
331 1480 359 1518 1.
387 1478 602 1520 Deminus
626 1479 748 1520 Deus
767 1481 791 1505 *
810 1479 986 1520 auxilia—

157 1539 228 1576 tor
246 1546 384 1575 meus:
411 1538 455 1575 et
478 1533 580 1575 ideo
605 1547 693 1576 non
717 1548 814 1576 sum
839 1535 985 1576 confu-

157 1603 243 1631 sus.

208 1651 277 1691 Ps.
305 1650 526 1692 Miserere.
547 1666 644 1694 cum
666 1655 815 1706 reliqu.
834 1653 921 1692 134.

208 1711 245 1750 2.
275 1710 610 1752 Circumdantes
637 1711 661 1736 *
690 1711 984 1753 circumdede-

155 1770 257 1807 runt
274 1779 360 1808 me:
380 1771 424 1808 et
441 1767 485 1808 in
504 1767 678 1808 nemine
698 1767 876 1808 Demini
895 1768 983 1808 vin-

155 1820 339 1864 dicabor
357 1823 401 1863 in
421 1823 494 1864 eis.

209 1879 245 1919 3.
282 1878 437 1920 Judica
464 1891 642 1920 causam
673 1891 830 1920 meam:
859 1880 883 1906 *
912 1878 982 1920 de-

154 1933 295 1984 fende,
316 1935 417 1987 quia
435 1939 594 1987 potens
614 1947 661 1976 es
679 1935 879 1976 Demine.

209 1993 246 2031 4.
272 1993 384 2033 Cum
402 1990 584 2042 Angelis
603 1992 626 2018 *
646 1995 690 2032 et
710 1991 858 2043 pueris
877 1990 982 2032 fide-

154 2045 219 2086 les
238 2046 524 2096 inveniamur,
542 2046 851 2098 triumphatori
869 2059 982 2087 mor-

153 2102 209 2143 tis
229 2102 482 2144 clamantes:
501 2103 711 2144 Hosanna
728 2102 771 2142 in
786 2102 982 2143 excelsis.

207 2158 245 2197 5.
277 2158 612 2200 Confundantur
639 2158 662 2184 *
691 2158 765 2209 qui
790 2170 860 2199 me
885 2170 981 2209 per-

153 2218 413 2265 sequuntur,
439 2219 483 2256 et
507 2227 596 2256 non
621 2213 863 2255 confundar
887 2226 981 2263 ego,

152 2269 341 2311 Demine
360 2271 481 2311 Deus
499 2283 634 2311 meus.

208 2333 466 2384 Capitulum.
723 2335 874 2386 Philip.
894 2336 929 2374 2.

232 2395 387 2432 ratres:
411 2391 510 2431 Hoc
535 2390 649 2431 enim
669 2391 826 2430 sentite
845 2389 887 2429 in
907 2401 979 2429 vo-

249 2445 334 2494 bis,
369 2445 490 2497 quod
518 2451 561 2487 et
587 2446 630 2486 in
659 2445 832 2486 Christo
861 2445 885 2484 J
889 2457 979 2485 esu:

155 2501 230 2552 qui
257 2514 356 2542 cum
383 2502 427 2542 in
455 2501 595 2542 forma
619 2501 702 2542 Dei
730 2505 861 2549 esset,
891 2511 979 2540 non

152 2559 352 2609 rapinam
378 2557 611 2598 arbitratus
637 2561 704 2597 est
731 2568 827 2597 esse
853 2567 899 2595 se
924 2567 978 2595 ae-

154 2612 329 2663 qualem
353 2613 467 2654 Deo:
497 2612 577 2653 sed
602 2614 884 2663 semetipsum
908 2621 995 2651 ex-·
1030 2609 1152 2650 Deus
1179 2621 1311 2649 meus
1352 2611 1402 2660 K.
1430 2606 1487 2647 Et
1514 2605 1569 2647 ab
1595 2606 1850 2657 insurgenti-

152 2667 350 2718 inanivit,
386 2669 572 2710 formam
604 2668 718 2708 servi
748 2665 977 2717 accipiens,
1031 2665 1112 2706 bus
1132 2665 1176 2704 in
1194 2676 1263 2704 me
1282 2662 1419 2702 libera
1439 2674 1520 2702 me.

1123 748 1421 791 Immolandus
1441 752 1598 804 stipite.

1074 817 1189 858 Felle
1208 824 1340 870 potus
1361 832 1462 861 ecce
1482 820 1671 872 languet:

1123 874 1268 926 Spina,
1288 875 1409 925 clavi,
1428 876 1578 918 lancea

1121 930 1227 971 Mite
1247 944 1406 983 corpus
1426 933 1715 984 perforarunt:

1122 986 1250 1027 Unda
1267 992 1424 1037 manat,
1445 993 1488 1029 et
1507 1001 1649 1029 cruor:

1123 1042 1272 1091 Terra,
1291 1048 1464 1095 pontus,
1485 1049 1611 1094 astra,
1630 1045 1827 1095 mundus,

1122 1099 1218 1148 Quo
1239 1098 1438 1140 lavantur
1459 1100 1647 1141 flumine!

1067 1167 1186 1206 Crux
1205 1166 1358 1216 fidelis,
1378 1168 1490 1208 inter
1510 1181 1661 1209 omnes

1120 1222 1266 1263 Arbor
1285 1236 1370 1263 una
1389 1223 1562 1264 nabilis:

1118 1278 1236 1319 Silva
1254 1279 1385 1319 talem
1404 1279 1521 1320 nulla
1540 1280 1707 1331 profert

1119 1334 1304 1384 Fronde,
1325 1335 1444 1384 flore,
1463 1336 1670 1386 germine:

1118 1390 1257 1430 Dulce
1278 1390 1450 1439 ferrum,
1471 1390 1597 1432 dulce
1616 1391 1788 1442 lignum,

1117 1445 1258 1486 Dulce
1276 1445 1449 1497 pondus
1470 1447 1693 1488 sustinent.

1067 1513 1216 1554 Flecte
1235 1526 1380 1554 ramos
1401 1513 1533 1555 arbor
1551 1514 1648 1564 alta,

1116 1569 1262 1610 Tensa
1280 1568 1379 1610 laxa
1398 1571 1576 1619 viscera,

1115 1625 1173 1666 Et
1191 1625 1309 1675 rigor
1327 1625 1540 1666 lentescat
1557 1626 1639 1675 ille,

1117 1681 1258 1731 Quem
1277 1681 1398 1723 dedit
1419 1682 1637 1732 nativitas;

1114 1737 1171 1778 Et
1191 1737 1367 1789 superni
1386 1737 1582 1778 membra
1600 1738 1733 1790 Regis

1037 1819 1041 1823 -
1114 1792 1267 1834 Tende
1285 1793 1379 1834 miti
1399 1793 1557 1845 stipite.

1062 1861 1167 1902 Sola
1185 1861 1315 1912 digna
1332 1866 1381 1902 tu
1398 1861 1515 1902 fuisti

1113 1917 1247 1958 Ferre
1265 1916 1416 1958 mundi
1434 1917 1667 1966 victimam3

1113 1974 1261 2025 Atque
1280 1978 1459 2025 portum
1475 1974 1727 2024 praeparare

1113 2029 1231 2070 Arca
1249 2027 1412 2070 mundo
1432 2028 1652 2078 naufrago,

1113 2085 1254 2134 Quam
1271 2097 1394 2126 sacer
1413 2096 1542 2125 cruor
1559 2082 1770 2135 perunxit,

1111 2139 1253 2181 Fusus
1272 2140 1387 2190 Agni
1407 2141 1602 2191 corpore.

1059 2209 1333 2262 Sempiterna
1352 2210 1407 2250 sit
1426 2209 1567 2250 beatae

1111 2265 1314 2306 Trinitati
1332 2265 1480 2315 gldria,

1110 2321 1258 2372 AEqua
1274 2320 1403 2368 Patri,
1424 2318 1634 2368 Filieque3

1110 2376 1196 2416 Par
1215 2375 1350 2416 decus
1367 2372 1596 2414 Paraclito:

1110 2431 1246 2473 Unius
1265 2430 1472 2480 Trinique
1490 2439 1648 2468 nomen

1110 2486 1280 2528 Laudet
1298 2484 1566 2526 universitas.
1593 2483 1746 2524 Amen.

1086 2556 1135 2604 V.
1169 2554 1300 2605 Eripe
1333 2564 1403 2592 me
1440 2550 1495 2591 de
1526 2551 1710 2592 inimicis
1744 2550 1851 2591 meis

1582 2789 1646 2821 14¹·

310 2808 375 2833 Pars
390 2809 485 2834 Ver-na.
