2066 2956
651 230 927 264 l‘retiosissimi
955 232 1161 274 Sanguinis
1189 231 1230 264 l).
1259 232 1299 264 N.
1325 232 1357 265 .l.
1385 232 1422 265 C.

1789 226 1880 270 [327]

173 327 320 369 menti.
351 326 461 369 Ideo
479 339 568 368 non
587 326 662 368 ait:
686 326 803 368 Exiit
827 327 1003 378 sanguis

175 389 219 425 et
238 396 366 436 aqua3
393 382 473 425 sed
494 383 599 424 exiit
618 395 732 435 aqua
750 383 939 435 primum
959 388 1002 425 et

175 440 367 492 sanguis,
397 440 499 492 quia
525 440 714 492 primum
739 439 1003 492 baptismate

175 496 393 547 diluimur,
415 500 459 538 et
477 498 635 548 postea
653 496 863 549 mysterio
884 495 1002 538 dedi-

175 565 335 595 camur.

232 612 281 662 R.
310 609 458 662 Empti
485 609 590 650 estis
614 608 759 661 pretio
785 622 958 660 magno:
983 611 1003 634 *

175 665 450 715 Glorifieate‚
493 670 536 707 et
573 667 750 718 portate
782 666 926 706 Deum
960 666 1004 706 in

175 725 364 775 corpore
396 727 556 764 vestro.
608 718 656 769 V.
687 722 835 763 Pretio
870 723 1005 775 empti

176 779 296 821 estis:
327 779 462 820 nolite
496 779 590 820 fieri
623 778 737 819 servi
769 778 1005 820 heminum.

177 835 444 877 Glorificate.

481 888 631 928 Lectio
654 888 704 927 vi.

179 940 338 1046 [datus
352 947 477 989 miles
492 949 672 1001 aperuit,
692 953 736 990 et
750 948 903 1001 templi
919 961 1006 989 san-

267 1005 327 1046 cti
350 1007 567 1058 parietem
592 1005 810 1058 patefecit.
846 1005 903 1046 Et
922 1017 1004 1056 ego
1062 1023 1064 1044 ;

175 1061 431 1103 thesaurum
467 1062 730 1114 praeclarum
762 1061 923 1111 inveni,
963 1066 1006 1102 et

177 1117 393 1169 fulgentes
417 1107 597 1159 ⁴divitias
623 1130 693 1159 me
721 1117 918 1168 gratulor
942 1130 1005 1158 re·

175 1176 331 1227 perire.
364 1174 437 1215 Sic
462 1179 506 1216 et
531 1173 586 1216 de
611 1174 686 1216 illo
711 1187 824 1225 agno
844 1174 1006 1215 factum

178 1236 255 1272 est.
313 1230 455 1272 Judaei
492 1243 620 1272 ovem
658 1230 927 1281 occiderunt,
963 1235 1007 1272 et

177 1300 259 1338 ego
292 1287 482 1329 fructum
513 1287 568 1329 de
601 1289 874 1329 sacramento
908 1299 1006 1338 eog-

176 1344 291 1386 novi.
337 1345 405 1386 De
437 1344 574 1385 latere
603 1344 780 1394 sanguis
809 1349 853 1385 et
882 1357 1006 1396 aqua.

176 1400 294 1442 Nolo
319 1406 409 1443 tam
429 1401 568 1449 facile,
598 1399 784 1450 auditor,
807 1402 1006 1442 transeas

177 1458 286 1499 tanti
305 1459 475 1499 secreta
489 1457 693 1510 mysterii.
719 1457 877 1498 Restat
893 1457 1006 1498 enim

175 1514 282 1555 mihi
299 1514 494 1567 mystica,
514 1519 645 1565 atque
666 1512 891 1554 secretalis
911 1515 1005 1554 ora-

175 1570 249 1611 tio.
282 1570 382 1611 Dixi
402 1570 678 1623 baptismatis
698 1569 944 1621 symbolum
964 1574 1007 1611 et

175 1627 487 1679 mysteri6rum
505 1638 665 1678 aquam
683 1625 817 1675 illam,
843 1630 887 1667 et
911 1628 1006 1667 san-

176 1683 351 1734 guinem
371 1682 686 1725 demonstrare.
717 1682 786 1722 Ex
806 1682 872 1723 his
893 1682 1008 1723 enim

176 1745 329 1781 sancta
347 1739 529 1781 fundata
548 1744 615 1781 est
634 1738 833 1780 Ecclesia
850 1751 930 1791 per
949 1738 1007 1779 la-

177 1796 297 1838 vacri
327 1796 721 1847 regenerationem,
754 1800 798 1836 et
828 1807 1007 1836 renova-

177 1852 342 1894 tionem
365 1852 553 1905 Spiritus
577 1851 727 1893 sancti.
762 1851 847 1892 Per
869 1850 1007 1903 bapti-

179 1921 287 1959 sma,
307 1908 501 1960 inquam,
522 1914 565 1950 et
583 1907 807 1960 mysteria,
835 1919 933 1959 quae
955 1920 1009 1948 ex

178 1964 316 2006 latere
344 1964 548 2006 videntur
576 1976 673 2006 esse
702 1963 888 2016 prolata.
942 1963 1009 2004 Ex

178 2021 316 2062 letere
339 2021 470 2072 igitur
495 2033 576 2062 suo
595 2019 794 2061 Christus
820 2019 1007 2062 aedifica-

179 2077 241 2118 vit
250 2077 505 2126 Ecclesiam,
522 2077 635 2118 sicut
649 2075 705 2118 de
715 2076 852 2118 latere
863 2076 1008 2119 Adam

180 2134 271 2185 ejus
291 2134 447 2185 conjux
458 2134 585 2175 Heva
602 2132 779 2185 prolata
797 2137 875 2174 est.
894 2133 1009 2174 Nam

179 2190 260 2231 hac
280 2189 335 2231 de
354 2202 486 2231 causa
501 2189 662 2230 Paulus
683 2201 859 2241 quoque
876 2191 1008 2231 testa-

179 2252 264 2295 tur,
284 2245 450 2287 dicens:
470 2246 536 2287 De
557 2247 744 2297 corpore
765 2246 870 2296 ejus,
890 2250 933 2287 et
953 2244 1008 2287 de

180 2302 354 2344 ossibus
374 2303 464 2354 ejus
485 2314 648 2351 sumus;
672 2301 785 2342 latus
804 2300 1009 2343 videlicet

180 2357 287 2400 illud
307 2359 567 2409 significans.
594 2356 708 2399 Nam
728 2357 839 2399 sicut
860 2357 914 2399 de
933 2357 1007 2398 illo

179 2416 316 2457 latere
336 2416 457 2457 Deus
482 2415 584 2456 fecit
608 2415 811 2456 feminam
834 2427 1009 2467 procre-

181 2473 261 2522 ari,
289 2473 352 2513 sic
381 2477 425 2512 et
453 2471 508 2513 de
537 2484 617 2513 suo
646 2471 783 2512 latere
813 2470 1009 2511 Christus

181 2541 340 2580 aquam
367 2527 496 2569 nobis
527 2532 571 2568 et
596 2528 851 2578 sanguinem
877 2525 1009 2576 dedit,

181 2584 296 2627 unde
316 2586 595 2637 repararetur
614 2583 822 2625 Ecclesia.

236 2641 286 2691 R!-
317 2640 606 2682 Commendat
632 2640 860 2681 earitAtem
886 2651 1009 2679 suam

181 2698 302 2741 Deus
321 2697 365 2737 in
384 2697 526 2739 nobis:
546 2699 567 2722 *
582 2696 797 2746 Quoniam
816 2708 916 2736 cum
935 2694 1007 2736 ad-

181 2753 266 2794 huc
278 2755 536 2805 peccateres
548 2755 753 2802 essemus,
769 2751 1009 2793 secundum

1055 331 1230 378 tempus
1242 325 1439 367 Christus
1454 338 1536 378 pro
1547 324 1674 367 nobis
1685 326 1884 366 mortuus

1058 387 1133 424 est.
1167 378 1214 428 δ”.
1231 381 1369 423 Multo
1388 381 1519 432 igitur
1537 381 1675 432 magis
1695 393 1808 422 nunc
1826 381 1884 432 ju-

1058 438 1235 480 stificati
1266 438 1309 478 in
1342 437 1551 488 sanguine
1583 437 1741 490 ipsius,
1777 436 1886 478 salvi

1058 494 1217 536 erimus
1237 494 1291 535 ab
1311 494 1375 535 ira
1388 506 1468 546 per
1481 494 1635 546 ipsum.
1660 493 1885 543 Quoniam.

1062 551 1208 593 Gloria
1227 551 1357 592 Patri.
1386 551 1609 601 Quoniam.

1282 639 1329 676 In
1354 639 1423 676 III.
1447 639 1667 677 Noeturno.

1115 708 1224 747 Arm
1253 707 1393 747 Exivit
1421 719 1525 757 ergo
1551 707 1576 747 J
1579 719 1678 747 esus
1703 711 1886 758 portans

1059 765 1267 804 coronam
1300 765 1513 815 spineam,
1547 768 1591 804 et
1616 766 1886 815 purpureum

1058 820 1385 869 vestimentum,
1423 824 1465 860 et
1503 818 1613 861 dixit
1649 819 1728 860 eis:
1771 819 1886 860 Ecce

1058 875 1204 918 homo.

1337 938 1534 977 Psalmus
1554 938 1615 977 7:13.

1094 1009 1207 1066 {,'³‘'³‘··?³i{¹s³t
1224 1005 1328 1057 quid
1338 1005 1459 1046 Deus
1474 1005 1674 1058 repulisti
1688 1006 1732 1046 in
1742 1006 1887 1047 finem:

1104 1057 1184 1115 '1:233
1207 1062 1229 1086 *
1249 1062 1385 1103 iratus
1406 1067 1472 1103 est
1496 1062 1616 1103 furor
1635 1067 1736 1103 tuus
1755 1075 1887 1115 super

1136 1111 1184 1144 ’θ’
1208 1131 1313 1160 oves
1332 1120 1509 1170 pascuae
1529 1118 1639 1160 tuae?

1111 1175 1280 1216 Memor
1301 1180 1395 1216 esto
1420 1175 1770 1226 congregationis
1788 1180 1887 1224 tuae,

1059 1231 1083 1256 *
1105 1244 1235 1283 quam
1253 1230 1492 1283 possedisti
1511 1231 1565 1273 ab
1585 1232 1719 1273 initio.

1112 1287 1356 1329 Redemisti
1400 1288 1568 1339 virgam
1617 1287 1888 1329 haereditatis

1059 1349 1162 1386 tuae:
1180 1346 1204 1371 *
1223 1357 1350 1385 mons
1370 1344 1489 1395 Sion,
1511 1345 1554 1385 in
1575 1357 1661 1396 quo
1681 1343 1888 1386 habitasti

1060 1414 1102 1441 1n
1122 1413 1186 1442 eo.
1232 1426 1234 1428 >
1430 1450 1436 1456 .

1110 1457 1230 1498 Leva
1261 1469 1415 1497 manus
1447 1461 1545 1498 tuas
1583 1457 1627 1497 in
1660 1456 1888 1509 superbias

1061 1515 1211 1555 eorum
1229 1514 1273 1554 in
1291 1513 1439 1554 finem:
1458 1513 1482 1539 *
1503 1519 1664 1565 quanta
1683 1513 1887 1563 maligna-

1059 1574 1130 1611 tus
1151 1575 1217 1611 est
1236 1570 1435 1610 inimicus
1454 1569 1498 1610 in
1517 1569 1686 1611 sancto!

1112 1627 1169 1668 Et
1194 1626 1367 1676 gloriati
1392 1631 1493 1667 sunt
1519 1626 1593 1677 qui
1620 1625 1807 1667 oderunt
1829 1630 1888 1666 te:

1061 1683 1084 1708 *
1102 1683 1145 1723 in
1163 1682 1308 1723 medio
1329 1682 1615 1723 solemnitatis
1634 1687 1734 1723 tuae.

1110 1739 1356 1780 Posuerunt
1380 1738 1502 1789 signa
1527 1751 1621 1787 sua,
1645 1739 1781 1789 signa:
1800 1738 1823 1763 *
1844 1742 1888 1779 et

1060 1808 1148 1837 non
1168 1797 1469 1846 cognoverunt
1488 1795 1600 1836 sicut
1619 1795 1663 1835 in
1683 1794 1801 1836 exitu
1820 1807 1887 1834 su-

1060 1865 1140 1905 per
1159 1865 1386 1892 summum.

1112 1908 1247 1959 Quasi
1275 1908 1318 1948 in
1347 1908 1455 1949 silva
1487 1907 1704 1958 lignerum
1732 1906 1889 1948 securi-

1061 1965 1144 2006 bus
1173 1964 1428 2006 exeiderunt
1460 1966 1608 2017 januas
1637 1964 1727 2015 ejus
1755 1963 1798 2003 in
1826 1962 1888 2004 id-

1060 2023 1219 2073 ipsum:
1238 2023 1262 2046 *
1281 2021 1324 2061 in
1348 2021 1491 2062 securi
1517 2025 1560 2062 et
1584 2020 1701 2060 ascia
1725 2019 1888 2070 dejece-

1061 2083 1162 2119 runt
1181 2090 1289 2119 eam.

1112 2133 1406 2175 Incenderunt
1454 2133 1542 2183 igni
1593 2131 1887 2173 sanctuarium

1061 2194 1199 2231 tuum:
1218 2190 1241 2215 *
1265 2190 1308 2230 in
1332 2194 1449 2230 terra
1471 2188 1722 2241 polluerunt
1744 2187 1886 2229 taber-

1061 2245 1265 2287 naculum
1284 2245 1472 2287 neminis
1491 2245 1564 2286 tui.

1112 2302 1330 2343 Dixerunt
1352 2302 1395 2342 in
1420 2300 1554 2342 corde
1578 2313 1657 2341 suo
1683 2300 1886 2350 cognatio

1062 2360 1214 2399 eorum
1250 2357 1394 2399 simul:
1430 2358 1453 2382 *
1490 2356 1722 2406 Quiescere
1758 2356 1885 2397 facia-

1060 2427 1156 2455 mus
1176 2426 1328 2455 omnes
1347 2413 1441 2454 dies
1461 2413 1597 2454 festos
1614 2412 1698 2454 Dei
1714 2425 1739 2453 a
1757 2417 1886 2454 terra.

1111 2470 1244 2522 Signa
1271 2474 1423 2510 nostra
1448 2481 1536 2510 non
1560 2467 1764 2518 vidimus,
1801 2468 1886 2520 jam

1060 2539 1146 2568 non
1183 2530 1249 2567 est
1284 2524 1517 2577 propheta:
1548 2525 1571 2550 *
1608 2529 1652 2566 et
1687 2536 1768 2565 nos
1798 2537 1886 2565 non

1063 2584 1301 2634 cognoscet
1319 2581 1517 2633 amplius.

1110 2639 1352 2689 Usquequo
1396 2637 1517 2678 Deus
1565 2636 1885 2689 improperabit

1060 2695 1274 2735 inimicus:
1297 2693 1321 2719 *
1345 2693 1486 2734 irritat
1510 2692 1786 2734 adversarius
1810 2705 1884 2733 no-

1059 2763 1159 2792 men
1178 2755 1300 2791 tuum
1318 2749 1361 2790 in
1380 2748 1532 2790 finem?
