2066 2956
194 186 238 220 2*
840 188 954 222 Festa
979 186 1191 222 Februarii.
1216 188 1271 229 (4.)

196 286 340 336 tisque
367 282 638 333 verberibus,
666 282 908 336 asperrimo
935 281 1023 323 cili-

195 340 264 382 cio
299 340 530 392 ferreaque
567 341 722 382 catena
754 351 916 392 corpus
948 338 1023 380 do-

194 397 352 440 mabat.

247 459 297 510 R.
322 455 571 497 Honestum
590 454 704 496 fecit.

502 514 655 555 Lectio
676 528 713 554 v.

196 566 552 672 ffdenstssima
578 569 778 619 caritate,
804 573 849 611 et
875 567 1023 610 studio

310 625 548 669 dilatandae
577 625 827 668 christianae
854 625 1023 676 religie-

193 684 259 730 nis
310 685 540 733 accensus,
594 682 1025 735 Constantinepolim

193 740 428 793 profectus,
449 739 816 782 Christifidelibus
831 739 875 780 in
891 740 1023 792 capti-

193 798 330 839 vitate
362 797 624 848 degentibus
653 796 808 838 sedulo
838 796 1023 850 opitula-

192 853 332 896 batur.
361 853 487 896 Fidei
502 854 753 896 deserteres
767 853 1024 903 reducebat;

192 912 398 952 nutantes
422 910 465 951 in
488 910 700 963 religiene
721 910 1024 960 confirmabat,

192 967 449 1009 verberibus
467 967 582 1017 licet,
604 969 792 1018 carcere,
812 971 856 1009 et
875 972 1022 1009 contu-

192 1024 333 1066 meliis
357 1026 552 1066 vexatus.
593 1025 738 1076 Quare
765 1037 865 1066 cum
892 1024 1025 1066 finem

192 1081 316 1123 verbi
339 1081 424 1123 Dei
451 1081 766 1123 disseminandi
792 1094 882 1122 non
910 1081 1023 1123 face·

192 1143 277 1189 ret,
307 1138 397 1180 alta
430 1151 454 1180 e
483 1137 609 1180 trabe
642 1138 838 1191 pendere
869 1139 1022 1190 jussus,

191 1208 333 1245 manu,
351 1194 556 1248 pedeque
572 1194 729 1237 dextro
748 1208 862 1237 unco
878 1196 1022 1237 ferreo

192 1252 444 1305 perforatis,
475 1252 686 1305 fumeque
714 1257 762 1294 ut
790 1252 1024 1294 suffocare-

191 1314 263 1351 tur
282 1309 527 1362 suppesito,
548 1309 591 1349 in
611 1321 664 1351 eo
685 1309 882 1351 cruciatu
903 1309 1023 1351 Chri-

192 1366 248 1408 sti
268 1366 433 1408 athleta
450 1365 598 1408 triduo
613 1367 869 1419 permansit.
896 1366 1023 1408 Inde-

194 1435 279 1475 que
299 1423 354 1464 ab
370 1422 542 1474 Angelo
561 1422 818 1465 mirabiliter
836 1425 1024 1476 ereptus,

193 1480 357 1521 sanatis
372 1479 637 1531 vulneribus,
654 1480 852 1533 martvrii
866 1481 1024 1523 merito

193 1537 438 1579 cumulatus
461 1537 506 1578 in
524 1537 698 1579 Italiam
717 1539 920 1580 reversus
947 1544 1025 1590 est,

192 1593 342 1646 ibique
371 1594 727 1645 evangelizandis
752 1595 1025 1648 pauperibus

193 1663 293 1692 cum
311 1651 476 1702 ingenti
499 1652 743 1693 animarum
760 1651 884 1694 lucro
903 1657 1024 1695 totus

192 1708 398 1750 incubuit.
425 1708 652 1750 Finitimas
666 1709 882 1761 regienes,
902 1715 947 1752 et
965 1710 1023 1753 fa-

192 1765 334 1806 milias
367 1765 649 1815 factionibus,
682 1765 797 1808 ediis
828 1767 1024 1820 rixisque

193 1834 335 1875 prope
356 1822 590 1873 confectas,
612 1823 833 1875 precibus,
852 1825 1023 1866 concie-

191 1878 337 1928 nibuS,
370 1879 610 1921 continenti
641 1879 854 1922 virtutum
882 1882 1024 1922 exem-

192 1934 267 1987 plo
295 1934 351 1977 ad
378 1935 743 1988 tranquillitatem
771 1936 951 1990 redegit.

250 1995 301 2047 R.
322 1993 502 2034 Amavit
521 2005 631 2046 eum.

498 2050 651 2092 Lectio
671 2052 723 2091 vi.

270 2105 396 2157 udos,
415 2106 612 2158 chereas,
631 2107 831 2159 aliesque
845 2113 939 2150 tum
955 2111 1025 2150 ve-

295 2167 430 2214 teres,
463 2177 562 2206 cum
594 2164 829 2216 gliscentes
861 2165 1025 2207 abusus

196 2220 355 2262 acriter
371 2220 682 2263 insectabatur.
710 2220 915 2274 Illudque
934 2222 1024 2275 pla-

195 2290 250 2319 ne
268 2277 538 2328 admirabile,
560 2277 681 2331 quod
699 2278 767 2319 vir
781 2278 865 2320 Dei
881 2292 1025 2331 neque

195 2333 349 2385 inedia,
367 2347 510 2387 neque
527 2335 634 2376 solis
649 2339 772 2385 aestu,
791 2348 935 2388 neque
949 2339 1025 2377 im·

196 2389 339 2432 brium
370 2392 430 2442 vi,
462 2404 606 2444 neque
634 2392 835 2434 locerum
863 2393 1025 2445 asperi·

196 2448 306 2496 tate,
348 2459 467 2499 aegra
503 2448 718 2501 aliequin,
759 2453 803 2490 et
839 2448 1026 2491 adversa

197 2515 318 2556 saepe
343 2504 594 2547 valetudine
619 2505 908 2559 praepeditus,
937 2519 1025 2556 sex,

198 2564 242 2601 et
269 2566 371 2603 octo
400 2561 555 2604 eadem
590 2561 662 2604 die
689 2563 925 2604 concienes
953 2562 1025 2604 ha-

197 2615 351 2658 buerit
379 2618 467 2660 Tot
485 2619 597 2660 inter
613 2619 861 2672 Apostelici
878 2623 1025 2661 mune-

198 2673 259 2714 ris
278 2672 465 2723 laberes,
488 2675 735 2717 coelestium
758 2675 1025 2729 contempla-

197 2729 307 2771 tieni
334 2729 553 2781 addictuS‚
584 2732 739 2774 crebro
767 2733 811 2773 in
840 2733 1025 2774 extasim

1076 286 1231 334 raptus
1250 286 1328 332 est,
1353 280 1591 335 divineque
1612 282 1771 336 spiritu
1789 282 1908 324 affla-

1076 343 1158 389 tus,
1187 337 1388 380 cerdium
1412 341 1571 381 arcana
1593 341 1837 392 penetrare,
1865 343 1909 381 et

1076 396 1223 437 futura
1237 397 1494 449 prospicere
1512 395 1719 449 frequens
1737 395 1800 438 illi
1817 396 1910 439 fuit.

1078 452 1232 495 Gratia
1247 453 1379 495 etiam
1393 452 1705 495 miraculerum
1715 453 1908 503 illustris,

1075 509 1336 560 Truentum‚
1381 511 1566 552 extenso
1603 522 1736 563 super
1770 523 1908 563 aquas

1076 566 1224 619 pallio,
1248 580 1348 609 cum
1372 567 1510 618 secio,
1534 571 1578 609 et
1596 566 1809 620 Marejam
1828 567 1906 609 flu-

1076 624 1195 665 vium
1227 623 1295 666 bis
1328 624 1447 666 sicco
1475 623 1663 675 vestigio
1695 625 1907 667 transivit.

1075 681 1379 723 Praenuntiata
1411 680 1602 733 denique
1633 681 1789 722 mortis
1817 693 1909 723 suae

1078 736 1160 788 die,
1180 737 1392 779 Ecclesiae
1408 736 1693 779 sacramentis
1708 737 1908 788 refectus,

1076 794 1375 847 placidissime
1399 794 1445 835 in
1465 793 1619 835 esculo
1638 793 1819 835 Demini
1838 806 1908 836 oc-

1077 850 1238 893 cubuit.
1278 851 1487 893 Defuncti
1513 863 1676 904 corpus
1699 863 1795 904 prae
1820 853 1909 892 ma-

1077 908 1144 950 cie
1172 907 1423 961 squalidum
1450 908 1605 950 miram
1632 907 1750 949 illico
1778 920 1908 950 venu-

1077 967 1239 1007 statem
1265 965 1417 1007 induit.
1463 965 1551 1007 Cor
1579 965 1670 1016 ejus
1697 977 1838 1017 usque
1866 965 1910 1006 in

1076 1034 1274 1074 praesens
1288 1021 1432 1073 molle,
1451 1023 1720 1074 suavemque
1737 1021 1909 1074 spirans

1077 1078 1279 1129 oderem,
1307 1092 1477 1120 summa
1504 1078 1700 1120 emnium
1725 1077 1909 1120 admira-

1075 1135 1194 1177 tiene
1223 1138 1485 1178 asservatur.
1530 1135 1661 1177 Illum
1688 1135 1909 1176 miraculis

1078 1192 1243 1234 clarum
1266 1193 1469 1235 Clemens
1493 1191 1781 1235 duodecimus
1800 1192 1909 1234 Bea-

1076 1254 1171 1291 tum
1194 1250 1445 1303 appellavit,
1469 1262 1521 1291 ac
1543 1248 1813 1291 Benedictus
1837 1249 1908 1291 de-

1077 1306 1215 1347 cimus
1231 1312 1413 1358 quartus
1429 1306 1614 1348 solemni
1627 1318 1795 1359 pompa
1807 1305 1909 1347 San-

1078 1365 1250 1405 cterum
1268 1363 1393 1405 fastis
1413 1363 1660 1416 adscripsit.

1133 1431 1184 1482 R.
1206 1427 1298 1468 Iste
1318 1425 1465 1467 homo.

1305 1506 1355 1546 In
1372 1507 1444 1546 111.
1464 1506 1689 1547 Nocturno.

1081 1566 1232 1608 Lectio
1259 1565 1398 1608 sancti
1417 1564 1646 1617 Evangelii
1669 1563 1910 1607 secundum

1405 1623 1584 1666 Lucam.

1158 1682 1312 1723 Lectio
1333 1682 1401 1722 vii.
1647 1682 1751 1735 Cap.
1771 1682 1836 1722 10.

1125 1754 1153 1781 n
1179 1741 1255 1783 illo
1284 1743 1500 1794 tempore:
1531 1742 1793 1793 Designavit
1818 1741 1908 1783 De-

1142 1798 1284 1839 minus
1300 1803 1344 1840 et
1362 1798 1473 1840 alios
1488 1801 1767 1851 septuaginta
1782 1797 1909 1840 duos:

1077 1859 1121 1896 et
1138 1854 1259 1896 misit
1276 1855 1375 1896 illos
1398 1855 1527 1897 binos
1546 1860 1646 1897 ante
1665 1855 1822 1897 faciem
1841 1867 1908 1896 su-

1076 1923 1162 1962 am,
1188 1912 1232 1953 in
1252 1924 1427 1954 omnem
1446 1911 1671 1954 civitatem
1690 1917 1733 1954 et
1751 1911 1908 1962 locum,

1077 1981 1165 2020 quo
1186 1974 1282 2011 erat
1297 1969 1394 2022 ipse
1408 1972 1630 2011 venturus.
1658 1969 1715 2011 Et
1728 1969 1908 2022 reliqua.

1125 2043 1315 2087 Homilia
1335 2044 1476 2086 sancti
1495 2043 1700 2095 Gregerii
1718 2044 1865 2097 Papae.

1266 2111 1439 2146 Homilia
1459 2111 1507 2145 17.
1525 2111 1565 2145 in
1582 2110 1727 2153 Evang.

1083 2171 1195 2204 ΤΧ
1210 2167 1382 2208 eminus
1423 2171 1467 2208 et
1502 2166 1706 2208 Salvator
1745 2170 1908 2215 noster,

1113 2219 1169 2280 4ῗῑ
1195 2206 1202 2266 l
1227 2223 1383 2265 fratres
1412 2223 1642 2272 carissimi,
1670 2221 1907 2276 aliquando

1113 2269 1201 2306 '‘3AE
1226 2293 1308 2322 nos
1340 2279 1634 2329 sermonibus,
1668 2278 1907 2332 aliquando

1077 2349 1183 2378 vero
1213 2336 1422 2389 operibus
1450 2335 1671 2378 admonet.
1715 2335 1820 2389 Ipsa
1849 2337 1908 2377 et—

1078 2393 1192 2434 enim
1233 2393 1349 2435 facta
1390 2393 1482 2444 ejus
1521 2394 1748 2446 praecepta
1789 2397 1908 2433 sunt:

1078 2449 1180 2502 quia
1195 2449 1300 2491 dum
1316 2448 1482 2501 aliquid
1496 2450 1656 2492 tacitus
1671 2448 1784 2498 facit,
1801 2448 1907 2500 quid

1077 2509 1209 2558 agere
1231 2505 1476 2562 debeamus
1500 2505 1745 2548 innotescit.
1791 2505 1907 2547 Ecce

1078 2564 1192 2605 enim
1210 2562 1339 2604 binos
1354 2563 1397 2603 in
1411 2562 1773 2616 praedicationem
1788 2561 1908 2603 disci·

1077 2619 1207 2672 pulos
1226 2619 1371 2661 mittit:
1397 2619 1499 2671 quia
1516 2618 1604 2661 duo
1624 2623 1726 2660 sunt
1742 2620 1906 2671 praece-

1076 2682 1154 2729 pta
1182 2676 1391 2726 caritatis,
1424 2676 1509 2717 Dei
1538 2674 1744 2717 videlicet
1773 2687 1907 2724 amor,

1078 2738 1121 2774 et
1147 2732 1353 2785 preximi:
1389 2737 1433 2774 et
1464 2732 1607 2773 minus
1636 2744 1768 2784 quam
1795 2731 1908 2773 inter
