2028 2892
559 160 660 194 Infra
686 161 974 197 Ilcbdomadam
1000 164 1047 197 iv.
1073 164 1390 206 Quadragesimae.

320 254 502 291 Feria
539 255 775 302 Quinta.

138 315 289 356 Lectio
314 315 452 356 sancti
469 315 693 366 Evangelii
717 319 953 360 secundum

461 371 635 412 Lucam.

238 434 388 478 Lectio
408 434 432 473 i,
644 435 744 487 Cap.
760 437 794 475 7.
810 436 848 476 b.

137 486 212 593 In
231 490 305 532 illo
329 494 541 545 tempore:
567 493 667 535 Ibat
685 494 709 534 J
712 506 810 535 esus
833 495 875 535 in
899 495 953 535 ei-

202 547 398 598 vitatem,
424 562 521 601 quae
540 552 722 591 vocatur
744 551 887 592 Na'im:
912 556 954 592 et

137 603 258 645 ibant
277 617 375 645 cum
394 618 446 646 eo
467 605 667 658 discipuli
687 608 786 659 ejus,
807 612 849 648 et
867 613 953 648 tur-

137 659 194 701 ba
212 661 401 713 copiosa.
439 662 494 703 Et
512 662 687 715 reliqua.

138 738 327 781 Homilia
345 739 483 780 sancti
497 739 718 781 Ambrosii
735 741 952 793 Episcopi.

177 806 258 840 Lib.
281 807 311 840 5.
337 805 544 840 comment.
570 806 605 839 in
631 806 744 840 Lucae
770 818 849 849 cap.
874 808 903 841 7.

408 859 497 897 post
522 854 679 887 initium.

260 906 330 948 hic
348 907 471 948 locus
485 907 541 949 ad
555 910 783 960 utramque
799 910 952 951 redun-

243 962 318 1004 dat
340 963 536 1015 gratiam3
571 969 614 1006 et
643 970 690 1006 ut
723 965 808 1006 cito
837 966 954 1008 flecti

138 1019 327 1062 divinam
350 1020 694 1062 misericordiam
721 1023 870 1063 matris
895 1026 952 1064 vi-

137 1075 236 1117 duae
259 1076 566 1118 lamentatione
590 1077 835 1128 credamus,
863 1080 951 1130 ejus

136 1134 271 1185 praeci
304 1145 374 1182 ue,
402 1146 500 1185 quae
519 1134 634 1174 unici
654 1133 729 1174 fssii
747 1134 817 1176 vel
835 1135 952 1177 labo-

136 1197 193 1234 re,
212 1197 265 1226 ve
300 1189 442 1226 morte
461 1185 698 1237 frangatur;
724 1187 791 1227 cui
809 1191 951 1229 tamen

136 1239 279 1282 viduae
322 1241 549 1291 gravitatis
593 1242 794 1284 meritum
834 1256 952 1286 exse-

136 1297 332 1348 quiarum
350 1297 477 1339 turba
491 1298 705 1340 conciliet:
725 1304 767 1340 et
782 1305 828 1341 ut
842 1300 953 1342 hanc

135 1352 310 1394 viduam
334 1354 595 1406 populorum
619 1354 747 1396 turba
773 1361 951 1408 septam,

134 1408 232 1461 plus
267 1410 406 1451 videri
441 1423 537 1452 esse
574 1423 704 1463 quam
739 1411 950 1463 feminam,

136 1477 234 1516 quae
264 1467 626 1508 resurrectionem
658 1469 772 1510 unici
803 1474 846 1510 et
879 1469 950 1511 ad-

135 1521 365 1564 olescentis
387 1522 465 1564 filii
488 1524 577 1565 suis
600 1524 788 1566 lacrimis
811 1530 949 1567 meru-

135 1578 216 1620 erit
234 1578 483 1631 impetrare:
502 1593 554 1621 eo
576 1581 694 1633 quod
709 1587 858 1624 sancta
871 1583 949 1624 Ec-

135 1634 265 1676 clesia
283 1635 493 1688 populum
514 1637 723 1688 juniorem
746 1651 770 1679 a
788 1651 951 1692 pompa

134 1689 296 1733 funeris
310 1696 441 1744 atque
455 1705 481 1734 a
496 1693 708 1746 supremis
721 1695 950 1748 sepulchri,

136 1749 311 1788 suarum
332 1750 510 1790 revocet
534 1749 589 1791 ad
608 1750 742 1791 vitam
761 1757 949 1793 contem-

133 1802 327 1856 platione
370 1804 659 1847 lacrimarum:
705 1819 802 1858 quae
846 1808 949 1850 flere

133 1859 389 1912 prohibetur
425 1874 539 1912 eum,
584 1863 653 1904 cui
690 1865 949 1906 resurrectio

134 1915 385 1958 debebatur.
424 1920 474 1972 R.
500 1918 694 1961 Locutus
714 1925 790 1962 est.
815 1921 899 1962 173.

438 1993 587 2033 Lectio
607 1993 644 2032 ii.

219 2055 261 2096 ui
295 2056 470 2107 quidem
501 2059 698 2099 mortuus
730 2058 772 2099 in
803 2059 947 2101 loculo

240 2112 535 2155 materialibus
573 2116 758 2166 quatuor
793 2115 849 2156 ad
884 2129 947 2157 se-

134 2167 362 2219 pulchrum
381 2169 600 2212 ferebatur
620 2170 851 2221 elementis,
871 2172 949 2213 sed

134 2236 257 2276 spem
275 2226 530 2276 resurgendi
546 2226 749 2277 habebat,
774 2227 874 2279 quia
892 2228 948 2269 fe-

133 2279 311 2322 rebatur
334 2282 377 2321 in
401 2282 530 2332 ligno.
567 2282 696 2332 Quod
721 2284 801 2324 etsi
825 2283 947 2324 nobis

134 2340 234 2378 ante
261 2350 349 2378 non
372 2337 590 2390 proderat,
614 2344 758 2380 tamen
778 2341 947 2391 postea-

135 2404 264 2443 quam
300 2394 325 2433 J
328 2406 427 2434 esus
465 2393 510 2435 id
543 2395 698 2446 tetigit,
735 2395 947 2447 proficere

134 2449 268 2501 eoepit
296 2449 353 2490 ad
379 2450 526 2491 vitam:
558 2455 604 2491 ut
637 2456 751 2492 esset
778 2450 947 2500 indicio,

134 2504 316 2546 salutem
338 2506 504 2558 populo
528 2519 607 2558 per
626 2507 764 2547 crucis
782 2506 947 2558 patibu-

133 2559 222 2601 lum
255 2561 576 2603 refundendam.
623 2561 787 2603 Audito
818 2562 948 2612 igitur

133 2615 217 2657 Dei
235 2617 386 2667 verbo,
411 2619 623 2659 steterunt
642 2618 786 2659 acerbi
803 2617 863 2657 illi
886 2617 946 2657 fu-

133 2672 248 2713 neris
265 2674 513 2725 portitores,
533 2674 606 2725 qui
625 2686 783 2726 corpus
802 2673 945 2714 huma-

1004 272 1107 299 num
1129 259 1274 301 lethali
1298 261 1414 302 fluxu
1438 266 1601 303 naturae
1619 263 1813 304 materia-

1004 314 1057 355 lis
1076 315 1295 366 urgebant.
1323 317 1434 367 Quid
1454 318 1564 359 enim
1584 318 1712 368 aliud,
1731 319 1812 359 nisi

1007 373 1131 423 quasi
1154 372 1197 412 in
1222 373 1409 424 quodam
1433 374 1606 423 feretro,
1634 375 1717 416 hoc
1737 379 1812 424 est,

1005 428 1194 479 supremi
1213 429 1372 470 funeris
1391 430 1688 480 instrumento,
1707 432 1811 482 iace-

1004 497 1100 524 mus
1125 485 1358 534 exanimes,
1391 498 1487 526 cum
1510 486 1578 527 vel
1606 486 1714 536 ignis
1738 488 1811 527 im-

1004 539 1189 581 modicae
1218 541 1466 593 cupiditatis
1494 544 1718 592 exaestuat,
1745 544 1812 584 vel

1005 595 1184 646 frigidus
1203 597 1357 638 humor
1376 597 1579 647 exundat,
1603 598 1671 639 vel
1691 599 1811 651 pigra

1007 652 1193 704 quadam
1228 654 1387 694 terreni
1425 654 1618 706 corporis
1649 654 1811 696 habitu·

1006 708 1106 749 dine
1140 709 1264 759 vigor
1299 709 1527 750 hebetatur
1562 711 1812 760 animorum;

1004 765 1073 805 vel
1101 767 1301 806 concreta
1328 771 1475 807 noster
1506 766 1679 818 spiritus
1706 766 1812 815 labe,

1004 834 1125 872 purae
1162 821 1268 862 lucis
1299 824 1460 862 vacuus
1497 827 1683 863 mentem
1715 822 1810 863 alit?

1005 878 1062 918 Hi
1081 882 1179 919 sunt
1197 878 1333 919 nostri
1352 878 1512 919 funeris
1529 878 1773 930 portitores.

1057 946 1105 996 R.
1131 943 1257 984 Stetit
1275 942 1459 994 Moyses.
1478 942 1559 982 173.

1300 1019 1447 1058 Lectio
1468 1019 1520 1058 iii.
1858 1068 1860 1070 q

1006 1080 1132 1187 Sed
1182 1082 1376 1134 quamvis
1417 1083 1616 1134 suprema
1663 1081 1812 1122 mortis

1091 1152 1212 1191 spem
1239 1138 1338 1179 vitae
1371 1139 1507 1179 omnis
1540 1137 1813 1186 aboleverint,

1006 1200 1048 1236 et
1061 1194 1229 1236 tumulo
1244 1195 1440 1246 proxima
1455 1196 1638 1246 corpora
1649 1194 1813 1244 jaceant

1005 1251 1318 1293 defunctorum:
1369 1250 1501 1291 verbo
1546 1255 1687 1291 tamen
1730 1249 1810 1289 Dei

1004 1309 1087 1359 jam
1118 1309 1289 1348 mortua
1327 1310 1555 1356 resurgunt
1588 1304 1812 1346 cadavera:

1006 1377 1091 1405 vox
1128 1363 1257 1412 redit,
1292 1362 1486 1404 redditur
1521 1362 1635 1402 filius
1670 1361 1810 1408 matri,

1004 1422 1232 1461 revocatur
1251 1432 1275 1459 a
1294 1419 1475 1467 tumulo,
1504 1418 1682 1470 eripitur
1706 1430 1729 1457 a
1749 1429 1809 1457 se·

1003 1476 1196 1529 pulchro.
1233 1475 1337 1525 Quis
1360 1475 1440 1516 iste
1460 1479 1524 1515 est
1542 1473 1728 1514 tumulus
1747 1477 1808 1513 tu-

1004 1546 1064 1583 us,
1083 1532 1166 1573 nisi
1182 1531 1283 1572 mali
1301 1530 1466 1572 mores?
1487 1529 1694 1570 Trimulus
1711 1533 1808 1569 tuus

1003 1588 1185 1642 perfidia
1200 1592 1280 1629 est:
1299 1586 1572 1639 sepulchrum
1586 1590 1705 1626 tuum
1719 1589 1808 1634 gut-

1003 1651 1073 1686 tur
1092 1650 1167 1686 est.
1203 1642 1485 1696 Sepulchrum
1512 1642 1623 1683 enim
1648 1645 1808 1693 patens,

1003 1706 1068 1743 est
1086 1705 1233 1751 guttur
1249 1702 1409 1748 eorum,
1428 1698 1541 1740 unde
1556 1697 1685 1738 verba
1700 1698 1808 1737 mor-

1002 1763 1076 1799 tua
1106 1757 1393 1809 proferuntur.
1446 1754 1515 1795 Ab
1551 1754 1634 1794 hoc
1669 1752 1808 1804 sepul—

1004 1813 1107 1855 chro
1138 1818 1181 1854 te
1212 1812 1365 1854 liberat
1397 1810 1602 1851 Christus:
1643 1808 1695 1850 ab
1726 1808 1808 1849 hoc

1000 1869 1166 1912 tumulo
1194 1881 1360 1920 surges,
1393 1868 1429 1907 si
1455 1866 1604 1907 midias
1631 1864 1808 1906 verbum

1000 1926 1093 1967 Dei.
1141 1925 1197 1966 Et
1233 1925 1268 1966 si
1303 1936 1434 1976 grave
1468 1923 1693 1975 peccatum
1729 1925 1807 1966 est,

1001 1981 1120 2034 quod
1141 1980 1407 2034 poenitentiae
1429 1978 1615 2020 lacrimis
1637 1977 1729 2029 ipse
1751 1975 1806 2015 la-

1000 2040 1102 2079 vare
1121 2050 1207 2078 non
1226 2036 1382 2089 possis3
1401 2035 1502 2076 fleat
1519 2046 1599 2086 pro
1614 2038 1657 2074 te
1672 2036 1806 2072 mater

1000 2094 1208 2142 Ecclesia,
1246 2105 1342 2144 quae
1378 2103 1456 2144 pro
1495 2088 1669 2140 singulis
1702 2092 1804 2128 tam-

1001 2163 1130 2202 quam
1153 2162 1233 2202 pro
1257 2148 1392 2189 unicis
1411 2147 1507 2188 fssiis
1526 2144 1653 2203 vidua
1670 2147 1804 2183 mater

999 2205 1238 2247 intervenit.
1278 2203 1544 2256 Competitur
1567 2200 1677 2241 enim
1702 2211 1804 2250 quo-

1000 2261 1100 2303 dam
1124 2260 1307 2313 spiritali
1332 2259 1480 2301 dolore
1499 2259 1678 2303 naturae,
1707 2267 1802 2295 cum

1000 2330 1103 2358 suos
1139 2316 1300 2358 liberos
1338 2312 1565 2356 lethalibus
1601 2310 1714 2351 vitiis
1749 2309 1804 2351 ad

999 2378 1183 2414 mortem
1202 2371 1337 2413 cernit
1354 2368 1506 2419 urgeri.

1050 2438 1100 2488 Η.
1127 2437 1354 2478 Cantemus
1374 2433 1569 2475 Domino.
1588 2432 1671 2472 173.

1049 2506 1119 2547 Ad
1142 2505 1296 2546 Bened.
1326 2505 1420 2543 Ant.
1448 2501 1546 2542 Ibat
1568 2501 1693 2541 Jesus
1715 2501 1738 2525 *
1761 2500 1802 2540 in

1000 2561 1232 2609 civitatem,
1261 2571 1356 2611 quae
1383 2559 1562 2598 vocatur
1587 2556 1729 2597 Na'im:
1762 2561 1804 2596 et

990 2621 1102 2658 'ecce
1138 2616 1363 2657 defunctus
1399 2612 1657 2654 efferebatur
1693 2611 1803 2652 filius

999 2673 1150 2714 unicus
1168 2670 1315 2712 matris
1334 2681 1433 2710 suae.
