2066 2956
595 177 699 211 Infra
724 175 910 210 Octavam
934 173 1203 209 Dedicationis
1229 172 1425 207 Ecclesioe.

256 273 448 319 Homilia
465 270 727 314 venerabilis
745 271 882 313 Bedae

434 326 699 379 Presbyteri.

282 398 363 432 Lib.
387 397 417 431 5.
443 396 537 439 Cap.
561 394 613 429 77.
639 395 677 428 in
702 394 791 427 Luc.
815 393 866 427 19.

156 453 173 475 f
186 446 259 519 ᾗῇ
273 451 351 505 uae
365 437 770 535 Mpossibilliffiisunt
779 437 899 490 apud
908 437 985 535 11όὰ

294 508 451 594 Ὲέῗῗέἰ
480 506 609 592 Ἦέἒέ
637 498 985 598 eiramis,

154 607 358 660 deposita
385 606 508 658 gibbi
535 606 726 655 sarcina,
762 618 844 658 per
871 606 984 646 fora-

153 677 254 705 men
273 677 378 705 acus
396 663 563 712 transit,
586 661 672 703 11οο
691 666 772 711 081,
798 661 922 703 dives
942 666 986 702 et

154 720 431 773 publicanus,
462 718 617 760 relicto
651 720 785 759 onere
818 717 986 759 divitia-

155 790 268 826 rum,
307 777 562 828 contempto
600 787 736 816 censu
772 773 986 823 fraudum,

128 847 130 850 ’
155 836 386 884 angustam
395 836 581 885 portam,
595 833 850 882 arctamque
860 830 987 879 viam,

157 902 256 941 quae
275 888 333 930 ad
350 889 486 930 vitam
505 887 637 936 ducit,
657 886 866 927 ascendit.
903 886 988 935 Qui

155 945 266 986 mira
290 943 526 986 devotiene
551 942 657 984 fidei
674 941 732 983 ad
750 941 988 983 videndum

156 1001 446 1050 Salvaterem,
495 998 617 1051 quod
653 1001 811 1039 natura
843 998 988 1038 minus

156 1057 382 1106 habuerat,
401 1057 587 1097 ascensu
606 1054 787 1107 supplet
806 1054 989 1095 arboris:

158 1117 290 1165 atque
308 1112 410 1154 ideo
430 1113 558 1164 juste,
588 1111 788 1163 quamvis
806 1110 902 1162 ipse
921 1122 989 1151 ro-

157 1171 263 1220 gare
298 1181 387 1210 non
424 1167 600 1217 audeat,
635 1165 990 1208 benedictionem

158 1225 404 1267 Dominicae
423 1223 732 1276 susceptionis,
761 1235 894 1274 quam
917 1221 989 1263 de-

161 1281 393 1331 siderabat,
412 1280 594 1332 accepit.

212 1350 264 1402 R.
289 1345 459 1387 Domus
477 1357 587 1386 mea.
616 1343 720 1395 [138]

445 1420 599 1462 Lectio
619 1420 703 1460 viii.

269 1478 408 1530 ystice
426 1481 574 1519 autem
592 1475 818 1524 Zachaeus,
838 1474 914 1526 qui
931 1474 992 1514 in-

282 1535 550 1586 terpretatur
586 1531 861 1584 justificatus,
903 1542 993 1571 cre-

163 1591 341 1633 dentem
368 1603 423 1631 ex
450 1587 667 1631 Gentibus
698 1587 914 1640 papulum
941 1586 993 1626 81-

162 1647 351 1699 gnificat.
387 1646 473 1696 Qui
497 1649 660 1698 quanto
680 1643 795 1685 curis
815 1642 993 1684 saecula-

163 1703 285 1745 ribus
300 1701 568 1755 occupatior,
587 1704 711 1742 tanto
729 1699 905 1750 flagitiis
922 1698 994 1739 de-

163 1758 452 1812 primentibus
485 1761 579 1799 erat
609 1756 751 1798 factus
778 1754 995 1795 humilior.

164 1814 252 1856 Sed
271 1813 446 1856 ablutus
470 1817 552 1863 est,
581 1811 661 1854 sed
685 1810 995 1859 sanctificatus,

165 1870 245 1912 sed
269 1870 529 1923 justificatus
552 1869 597 1909 in
619 1867 797 1909 nomine
816 1866 997 1907 Domini
1059 1879 1062 1882 ⁴

164 1926 305 1968 nostri
317 1926 342 1967 J
345 1939 424 1968 esu
437 1924 609 1974 Christi,
629 1928 673 1965 et
686 1923 731 1964 in
745 1923 902 1975 spiritu
913 1921 998 1963 Dei

166 1982 319 2023 nostri.
355 1981 441 2031 Qui
458 1981 694 2022 intrantem
712 1979 737 2020 J
740 1978 888 2020 ericho
908 1977 997 2018 Sal-

167 2040 367 2080 vatorem
380 2036 532 2078 videre
553 2034 791 2088 quaerebat,
811 2032 890 2075 sed
903 2045 998 2085 prae

168 2093 300 2136 turba
321 2105 410 2134 non
431 2094 622 2145 peterat:
650 2091 754 2143 quia
776 2089 928 2142 gratiae
952 2088 999 2129 fi-

171 2149 257 2200 dei,
283 2162 415 2201 quam
437 2147 602 2189 mundo
622 2146 825 2188 Salvator
845 2144 1000 2194 attulit,

170 2205 438 2259 participare
474 2202 694 2256 cupiebat:
712 2219 714 2222 ·
735 2201 815 2243 sed
849 2199 1003 2241 inelita

171 2262 378 2304 vitierum
397 2259 682 2310 consuetudo,
700 2270 756 2299 ne
776 2257 832 2299 ad
850 2261 1003 2298 votum

171 2319 432 2370 perveniret,
451 2315 694 2357 obstiterat.

224 2387 276 2437 R.
301 2381 494 2434 Lapides
514 2379 710 2433 pretiosi.
740 2378 845 2430 [139]

474 2448 628 2489 Lectio
650 2447 703 2487 ix.

175 2508 387 2612 Eadem
400 2520 590 2560 namque
604 2507 735 2549 turba
749 2506 894 2547 noxiae
906 2517 1005 2546 con-

273 2564 531 2614 suetudinis,
560 2577 659 2616 quae
683 2575 817 2615 supra
841 2573 1007 2602 caecum

181 2621 457 2670 clamantem,
483 2633 538 2662 ne
562 2619 709 2660 lumen
733 2619 920 2670 peteret,
947 2616 1007 2656 in-

182 2676 410 2730 crepabat;
435 2676 566 2718 etiam
594 2674 907 2727 suspicientem
931 2685 1007 2723 pu-

1033 268 1268 318 blicanum,
1285 281 1340 309 ne
1360 268 1384 309 J
1388 281 1511 309 esum
1530 267 1689 317 videat,
1708 265 1868 307 tardat.

1036 324 1124 367 Sed
1156 325 1269 366 sicut
1301 337 1446 365 caecus
1476 323 1706 366 turbarum
1735 334 1868 363 voces

1035 381 1176 432 magis
1200 393 1252 422 ac
1274 380 1416 431 magis
1437 379 1670 421 clamando
1691 378 1869 421 devicit:

1035 438 1097 479 ita
1119 436 1307 490 pusillus
1332 437 1514 478 necesse
1540 441 1608 477 est
1630 435 1775 477 turbae
1793 447 1868 476 no-

1037 494 1175 536 centis
1201 492 1481 534 obstaculum
1499 492 1656 533 altiora
1674 491 1868 544 petendo

1037 548 1332 598 transcendat,
1355 550 1531 589 terrena
1549 548 1778 599 relinquat,
1805 549 1870 588 ar-

1037 606 1193 647 borem
1225 604 1368 646 crucis
1401 603 1622 645 ascendat.
1663 604 1870 655 Sycomo-

1038 675 1112 703 rus
1139 673 1329 713 namque
1357 661 1471 712 (quae
1499 665 1567 701 est
1595 659 1727 700 arbor
1754 659 1871 699 foliis

1038 731 1164 760 moro
1193 717 1365 766 similis,
1395 715 1475 757 sed
1503 715 1732 757 altitudine
1760 728 1871 767 prae-

1040 779 1173 823 stans,
1201 773 1318 815 unde
1337 778 1380 814 et
1400 785 1426 813 a
1443 772 1611 814 Latinis
1631 771 1749 813 celsa
1767 784 1872 812 nun-

1041 831 1256 883 cupatur),
1290 830 1400 871 ficus
1436 829 1558 870 fatua
1595 828 1765 869 dicitur.
1817 827 1874 868 Et

1042 886 1197 928 eadem
1230 885 1449 927 dominica
1482 897 1609 934 crux,
1628 896 1750 936 *quae
1783 895 1872 924 cre-

1042 943 1196 984 dentes
1225 942 1302 983 alit
1328 946 1377 982 ut
1401 941 1527 990 ficus,
1556 940 1611 982 ab
1635 939 1873 981 incredulis

1040 999 1247 1040 irridetur
1265 1002 1313 1039 ut
1333 998 1464 1039 fatua.

1097 1064 1163 1104 Te
1182 1060 1327 1101 Deum
1343 1059 1586 1100 laudamus.
1606 1058 1667 1099 15.

1303 1143 1616 1172 m&—

1240 1225 1272 1266 S
1300 1234 1327 1265 e
1354 1235 1389 1265 x
1415 1224 1438 1265 t
1465 1234 1497 1264 a
1540 1224 1582 1264 D
1611 1223 1629 1264 i
1657 1233 1684 1264 e

1288 1291 1398 1330 infra
1420 1290 1644 1331 Octavam.

1099 1371 1142 1404 In
1176 1371 1202 1403 l.
1233 1370 1434 1403 Nocturno
1464 1367 1669 1401 Lectiones
1703 1366 1749 1399 dc
1780 1365 1878 1399 Scri-

1047 1426 1160 1462 ptura
1186 1420 1419 1451 occurrente.

1278 1486 1328 1523 In
1351 1485 1401 1523 ΙΙ.
1425 1483 1650 1522 Nocturno.

1092 1546 1159 1584 De
1186 1541 1398 1583 Serm6ne
1427 1537 1568 1579 sancti
1595 1537 1832 1589 Augustini

1350 1593 1575 1647 Episcopi.

1167 1661 1226 1695 Ex
1250 1660 1367 1695 Serm.
1392 1659 1465 1693 2545.
1492 1659 1538 1692 dc
1563 1658 1765 1701 Tempore.

1354 1720 1506 1761 Lectio
1528 1719 1580 1759 iv.

1058 1793 1067 1828 Ἰ,
1084 1789 1264 1840 Γ-κῑςο,
1290 1775 1395 1817 dum
1412 1786 1574 1815 novam
1591 1772 1881 1814 constructio-

1058 1839 1067 1887 ’ξ
1090 1831 1285 1892 2221g35³1nem
1317 1835 1482 1873 sanctae
1518 1830 1645 1880 huius
1682 1827 1881 1870 ecclesiae

1056 1887 1162 1915 ›4ss
1183 1889 1372 1931 libenter
1416 1885 1702 1934 attendimus,
1750 1896 1882 1936 quam

1051 1947 1200 1988 divino
1236 1944 1404 1986 nemini
1439 1942 1574 1984 hedie
1611 1940 1883 1988 dedicamus,

1051 2003 1296 2044 invenimus
1329 2013 1354 2042 a
1380 1999 1509 2041 nobis
1537 1997 1689 2039 deberi
1718 2001 1762 2038 et
1784 1996 1882 2036 Deo

1052 2063 1206 2100 nostro
1236 2057 1474 2098 maximam
1498 2054 1690 2103 laudem,
1719 2057 1763 2094 et
1789 2064 1883 2092 san—

1054 2114 1194 2156 ctitati
1210 2117 1371 2156 vestrae
1391 2113 1634 2162 congruum
1653 2109 1708 2150 de
1724 2107 1884 2149 divinae

1055 2170 1213 2212 domus
1275 2167 1567 2210 aedificatiene
1627 2165 1886 2206 sermenem.

1054 2227 1180 2267 Tunc
1222 2229 1370 2266 autem
1410 2234 1556 2264 sermo
1597 2225 1749 2262 noster
1785 2221 1886 2260 cen-

1055 2294 1190 2334 gruus
1210 2281 1303 2330 erit,
1325 2280 1363 2320 si
1381 2280 1425 2320 in
1443 2291 1491 2320 se
1511 2275 1679 2328 aliquid
1698 2274 1886 2317 aedifica-

1055 2337 1188 2379 1161118
1207 2336 1379 2386 habeat,
1400 2332 1521 2386 quod
1535 2331 1713 2374 utilitati
1727 2331 1887 2372 anima-

1057 2406 1154 2434 rum
1178 2393 1442 2439 vestrarum,
1468 2390 1567 2430 Deo
1595 2400 1677 2429 vos
1704 2386 1888 2428 interius

1058 2448 1322 2497 aedificante,
1342 2445 1558 2499 proficiat.
1590 2442 1722 2494 Quod
1739 2442 1811 2484 hic
1828 2443 1888 2484 fa-

1058 2509 1178 2546 ctum
1204 2501 1496 2555 corporaliter
1520 2499 1721 2541 videmus
1743 2499 1788 2540 in
1814 2511 1888 2551 pa-

1059 2559 1257 2608 rietibus,
1286 2556 1543 2610 spiritaliter
1569 2555 1646 2597 fiat
1670 2555 1715 2596 in
1738 2554 1889 2596 menti-

1058 2615 1158 2657 bus:
1186 2619 1230 2656 et
1256 2613 1376 2666 quod
1399 2612 1470 2653 hic
1492 2611 1737 2664 perfectum
1755 2610 1890 2652 cerni-

1059 2684 1157 2712 mus
1176 2671 1219 2711 in
1234 2668 1454 2721 lapidibus
1471 2672 1515 2709 et
1528 2667 1668 2719 lignis,
1687 2667 1773 2708 hoc
1787 2666 1890 2708 aedi-
