2066 2956
217 192 286 227 28*

270 292 310 325 In
341 291 404 325 111.
430 291 629 325 Noenu-no
660 290 799 324 Homil.
831 290 869 324 in
898 290 1042 331 Evang.

220 338 358 421 {lolrcngo
378 337 547 380 peregre.
589 338 635 372 de
672 338 807 372 eodem
840 338 1042 373 Communi

446 471 530 512 Die
549 472 614 511 22.
634 470 808 523 Aprilis.

214 540 282 580 Ss.
304 538 492 581 Soteris
518 547 559 581 et
578 538 681 589 caji
708 540 830 580 Pont.
855 544 897 579 et
918 539 1041 580 Mart.

548 605 711 647 Duplex.

268 661 401 695 Omnia
430 668 468 695 ut
496 662 531 695 in
558 661 757 695 Brcviurio
783 661 916 695 eudem
944 660 1015 694 die.

443 744 528 785 Die
546 744 612 784 26.
632 742 808 795 Aprilis.

326 813 396 853 Ss.
426 812 551 853 Gleti
583 819 625 855 et
649 809 931 852 Marcellini

465 871 589 911 pont.
610 876 653 911 et
672 870 795 911 Mart.

546 935 710 978 Duplex.

269 990 402 1024 Omnia
429 996 469 1025 ut
495 992 531 1025 in
556 992 758 1026 Brcx'iurio
785 992 918 1026 eadem
944 992 1015 1026 die.

445 1079 527 1121 Die
546 1079 610 1120 27.
630 1078 806 1131 Aprilis.

256 1148 299 1189 S.
319 1146 575 1188 Anastasii
595 1147 631 1187 I.
658 1147 790 1197 Papae
813 1152 856 1187 et
877 1147 998 1187 Conf.

546 1211 709 1254 Duplex

268 1266 403 1301 Omnia
436 1267 482 1300 de
516 1267 718 1301 Communi
752 1268 859 1302 Conf.
891 1267 1041 1304 Pontis..

216 1321 356 1358 practer
381 1316 592 1358 sequentia.

267 1368 408 1402 Oratio.
435 1368 502 1408 Da,
527 1366 760 1409 quaesumus.

270 1420 312 1454 In
341 1420 366 1454 Ι.
396 1420 595 1455 Noc-turno
635 1421 838 1456 Lectiones
868 1421 914 1455 de
944 1420 1042 1455 Seri-

214 1474 325 1512 pturu
352 1475 585 1504 oecurrente.

269 1521 310 1554 ln
336 1521 447 1555 Feriu
473 1522 517 1556 Π.
544 1527 579 1556 et
604 1522 666 1555 IV.
695 1521 910 1563 Rogation„
939 1521 1041 1556 Lect.

213 1569 359 1604 Fidelis
377 1579 512 1604 sermo.
540 1570 586 1604 de
610 1569 745 1604 codem
770 1569 874 1604 Com.
900 1572 925 1603 1.
943 1570 1040 1603 loco.

439 1635 486 1675 In
514 1636 564 1674 II.
593 1635 815 1674 Nocturno.

517 1696 669 1737 Lectio
689 1696 741 1735 iv.

227 1770 345 1806 π»
366 1756 581 1798 nastasius
592 1756 818 1798 Romanus
832 1757 948 1799 filius
959 1758 1042 1798 Mei-

226 1805 352 1884 βξ
382 1813 496 1862 ximi,
511 1813 664 1854 Siricio
680 1814 770 1854 vita
784 1814 945 1862 functo,
963 1815 1041 1855 Ro-

381 1871 525 1910 menae
542 1869 753 1911 Ecclesiae
778 1875 844 1912 est
867 1870 1040 1912 ordine-

213 1931 284 1967 tus
310 1927 562 1978 episcopus3
591 1938 678 1977 quo
705 1938 801 1967 eam
827 1926 1040 1978 praecle'ire

213 1984 407 2032 regente,
440 1980 495 2023 de
517 1982 706 2024 Orientis
729 1983 929 2035 pertibus
954 1983 1040 2024 hae-

212 2039 449 2080 reticorum
514 2038 861 2089 origenistarum
923 2053 1042 2081 saeva

212 2097 451 2148 tempestas
469 2095 794 2148 simplieitatem
807 2096 922 2147 fidei,
943 2110 1041 2149 quae

212 2151 421 2204 Apostoli
459 2165 569 2193 voce
605 2152 783 2194 laudata
820 2158 902 2203 est,
947 2154 1040 2207 pol-

212 2208 333 2249 luere
374 2213 418 2249 et
458 2208 723 2250 labefactare
766 2212 923 2252 conata
964 2216 1041 2252 est.

214 2263 301 2306 Sed
334 2265 398 2305 vir
431 2264 657 2307 ditissimae
691 2267 965 2319 paupertatis
998 2273 1041 2309 et

215 2320 471 2373 apostolicae
511 2322 819 2363 sollicitudinis
856 2325 1040 2366 Anasta-

215 2377 303 2418 sius
322 2378 468 2419 statim
487 2379 667 2419 noxium
691 2380 877 2431 perculit
897 2387 1040 2433 caput,

214 2438 257 2474 et
272 2432 490 2475 sibilantia
504 2433 656 2486 hydrae
670 2447 748 2476 ora
759 2438 1040 2489 compescuit,

213 2489 521 2542 latitantesque
540 2491 583 2531 in
603 2491 742 2532 foveis
761 2493 851 2533 suis
870 2492 1039 2535 haereti-

213 2557 289 2587 cos
314 2550 589 2597 persecutus,
618 2547 707 2588 suis
731 2548 775 2588 in
801 2548 1039 2592 Occidente

213 2601 370 2643 litteris
409 2602 647 2653 damnavit,
695 2605 814 2656 quod
861 2611 954 2647 erat
998 2607 1040 2647 in

214 2658 393 2699 Oriente
426 2658 688 2701 damnatum.
728 2661 824 2703 Nec
854 2662 918 2703 illi
950 2676 1038 2703 um-

215 2727 348 2766 quam
371 2727 474 2756 cura
498 2715 635 2758 defuit
656 2717 883 2769 Evangelii
907 2719 1040 2761 fidem

460 194 529 227 Du¹
554 194 604 227 22.
631 200 666 227 ct
690 195 741 226 213.
766 192 1014 235 Aprilis-27.
1041 191 1075 225 S.
1099 191 1298 225 Amistusii
1326 191 1350 224 1.
1377 191 1495 233 Papae
1520 194 1555 224 et
1581 190 1688 225 Conf.

1095 287 1211 329 circa
1231 299 1335 329 suos
1355 286 1576 330 custodire
1594 288 1802 341 populos,
1826 302 1923 341 par-

1094 345 1250 396 tesque
1264 343 1418 397 populi
1433 344 1512 394 sui,
1529 357 1609 397 per
1625 357 1812 397 quaeque
1827 347 1923 399 spa-

1093 400 1154 441 tia
1170 400 1343 442 diversa
1356 402 1572 443 terrerum
1589 400 1782 451 diffusas,
1801 415 1925 455 quan-

1093 461 1187 498 tum
1205 459 1395 509 poterat,
1417 457 1574 499 litteris
1594 460 1843 509 convenire,
1868 471 1923 501 ne

1095 525 1181 564 qua
1200 514 1398 566 profanae
1411 514 1783 567 interpretationis
1799 517 1924 567 origo

1094 569 1371 623 subreperet,
1406 583 1505 623 quae
1538 569 1723 612 devotas
1755 571 1923 615 {mimas

1092 626 1287 668 immissa
1305 627 1372 668 sui
1391 627 1575 678 caligine
1591 626 1887 670 labefacteret.

1152 690 1202 729 R.
1222 688 1375 730 Inveni
1397 686 1543 730 David
1567 700 1743 730 servum
1767 701 1923 740 meum,

1094 744 1193 786 oleo
1220 750 1372 787 sancto
1396 757 1495 786 meo
1519 744 1624 786 unxi
1649 757 1762 787 eum:
1791 747 1814 772 *
1833 746 1922 787 Ma-

1092 814 1174 842 nus
1197 801 1311 843 enim
1331 814 1429 843 mea
1449 800 1727 843 auxiliabitur
1748 801 1799 852 ei,
1823 801 1923 844 alle-

1092 857 1189 910 luja.
1231 854 1280 905 V.
1296 857 1417 899 Nihil
1435 857 1640 911 proficiet
1659 857 1860 900 inimicus
1878 858 1923 899 in

1093 927 1158 964 eo,
1181 920 1224 957 et
1246 914 1361 956 filius
1379 914 1621 967 iniquitatis
1639 927 1728 956 non
1745 914 1923 958 nocebit

1094 971 1144 1013 ei.
1171 972 1338 1013 Manus.

1408 1021 1560 1062 Lectio
1582 1035 1619 1061 V.

1171 1079 1201 1122 d
1216 1093 1326 1131 eum,
1345 1084 1478 1133 atque
1493 1081 1742 1133 Venerium,
1757 1080 1923 1124 Medio-

1194 1137 1384 1178 lanensis
1411 1137 1610 1179 ecclesiae
1635 1137 1923 1188 sacerdotem,

1092 1193 1299 1235 Africana
1318 1192 1512 1247 synodus
1532 1197 1791 1247 episcopum
1808 1194 1923 1246 lega-

1093 1255 1187 1291 tum
1208 1249 1454 1301 destinavit,
1474 1255 1522 1292 ut
1541 1251 1685 1293 eidem
1703 1251 1924 1293 Africenae

1095 1307 1293 1348 ecclesiae
1326 1308 1462 1349 sacris
1493 1308 1703 1349 ministris
1734 1308 1924 1350 maxime

1092 1363 1317 1414 indigenti,
1349 1363 1668 1415 subveniretur,
1700 1377 1756 1407 ne
1786 1365 1831 1406 in
1853 1363 1923 1407 di-

1093 1421 1232 1462 versis
1258 1433 1372 1473 pene
1400 1422 1612 1464 emortuis
1636 1420 1840 1474 plebibus
1866 1421 1925 1471 (in

1095 1476 1253 1529 quibus
1272 1490 1353 1519 nec
1371 1491 1483 1519 unus
1505 1478 1683 1530 quidem
1701 1478 1924 1529 diaconus,

1093 1534 1163 1575 vel
1194 1531 1416 1577 'litteratus
1452 1534 1769 1587 reperiebatur)
1804 1534 1924 1577 innu-
1971 1585 1975 1591 .

1092 1590 1327 1632 merabiles
1343 1591 1500 1633 einimae
1516 1594 1722 1645 perirent.
1742 1591 1816 1634 Ad
1830 1593 1924 1634 eos-

1094 1647 1195 1688 dem
1227 1647 1460 1690 Africanos
1494 1650 1731 1701 episcopos
1763 1650 1925 1702 episto-

1093 1703 1180 1744 lam
1205 1703 1323 1745 misit
1347 1703 1624 1755 Anastasius,
1653 1706 1851 1758 paternae
1881 1709 1926 1747 et
1998 1708 2003 1713 '

1093 1760 1297 1801 fraternae
1330 1760 1524 1802 caritatis
1556 1760 1851 1804 sollicit1‘1dine
1881 1766 1926 1804 et
1981 1807 1985 1812 ⁸

1094 1816 1344 1858 sinceritate
1371 1829 1448 1858 eos
1474 1816 1729 1868 adhortans,
1761 1823 1810 1860 ut
1836 1817 1924 1860 hae-

1093 1873 1332 1914 reticorum
1360 1878 1403 1914 et
1431 1873 1809 1916 schismaticorum
1835 1874 1924 1917 Do—

1093 1929 1352 1971 natistarum
1375 1929 1543 1972 insidiis
1569 1935 1612 1973 et
1636 1930 1925 1983 improbitati-

1093 1985 1176 2027 bus
1209 1985 1385 2038 (quibus
1414 1986 1667 2029 Africanam
1694 1986 1926 2029 ecclesiam

1094 2042 1357 2084 catholicam
1382 2042 1617 2095 vexabant)
1642 2043 1762 2085 nullo
1789 2043 1924 2086 modo

1094 2098 1430 2141 dissimularent.
1475 2100 1616 2151 Hujus
1647 2100 1753 2142 item
1785 2100 1925 2143 sancti

1094 2155 1320 2197 Pontificis
1342 2157 1615 2198 -auctoritete
1647 2157 1811 2204 factum
1842 2162 1925 2207 est,

1094 2217 1141 2253 ut
1156 2212 1403 2254 Donatistae
1419 2214 1628 2266 episcopi,
1648 2226 1726 2255 seu
1743 2213 1925 2266 quilibet

1095 2269 1259 2320 clerici,
1294 2274 1504 2321 quantum
1537 2270 1594 2312 ad
1626 2270 1925 2312 ecclesiastica

1094 2324 1239 2367 officia
1254 2326 1501 2378 pertineret,
1521 2327 1645 2368 sicin
1664 2326 1925 2369 catholicam

1093 2382 1419 2434 susciperentur
1454 2383 1682 2435 unitatem,
1717 2382 1924 2435 quemad-

1092 2437 1274 2480 modum
1324 2438 1533 2491 expedire
1582 2438 1805 2482 videretur
1854 2439 1924 2489 iis,

1095 2507 1283 2547 quorum
1305 2494 1435 2537 saluti
1453 2508 1533 2547 per
1557 2498 1709 2537 eorum
1727 2495 1923 2537 consule-

1093 2550 1222 2592 batur
1268 2550 1460 2593 officium
1505 2551 1575 2593 vel
1620 2551 1923 2602 exercendum,

1093 2607 1164 2649 vel
1182 2607 1483 2649 omittendum.
1830 2633 1833 2634 ν

1150 2663 1198 2703 R·
1231 2664 1366 2705 Posui
1397 2664 1660 2716 adjutorium
1687 2678 1820 2718 super
1846 2678 1922 2718 po-

1093 2722 1275 2770 tentem,
1320 2726 1364 2762 et
1405 2720 1596 2762 exaltavi
1638 2721 1828 2764 electum
1868 2721 1923 2764 de
