2066 2904
202 193 279 238 [10]

255 292 310 332 Et
355 289 500 330 omnia
541 290 706 330 cornua
746 290 1031 341 peccatorum

204 346 489 397 confringam:
506 347 530 372 *
546 350 590 386 et
609 344 918 386 exaltabantur
938 346 1030 385 cor-

203 415 287 443 nua
315 402 425 454 justi.

258 472 352 511 Ant.
387 469 706 511 Exaltabsmtur
730 471 894 511 cornua
922 468 1031 519 justi.

256 543 355 581 Ant.
387 541 478 580 Lux
501 544 596 580 orta
621 539 731 580 est*
756 539 880 589 justo,
900 538 1031 579 rectis

204 596 339 638 corde
358 596 520 637 laetitia.

477 671 674 710 psalmus
695 673 759 709 96.

292 744 464 784 ominus
480 743 686 794 regnavit,
698 742 887 784 exsultet
901 747 1031 782 terra:

316 801 339 824 *
359 799 560 840 laetentur
579 798 732 839 insulae
750 798 911 839 multae.

256 860 419 909 Nubes,
439 865 482 901 et
501 859 641 908 caligo
662 859 704 899 in
724 859 908 899 circuitu
928 858 1032 909 ejus:

204 917 227 941 *
250 916 421 967 justitia,
449 921 492 957 et
509 915 714 966 judicium
733 915 949 956 correctio
969 926 1032 955 se-

205 972 272 1013 dis
293 974 395 1024 ejus.

256 1034 374 1083 Ignis
398 1038 498 1074 ante
518 1033 660 1085 ipsum
682 1032 920 1085 praecedet,
939 1033 962 1057 *
991 1037 1034 1072 et

204 1089 490 1131 inflammabit
531 1090 574 1129 in
617 1090 801 1130 circuitu
834 1089 1033 1129 inimicos

206 1159 307 1197 ejus.

257 1206 499 1247 Illuxerunt
522 1206 692 1255 falgura
715 1207 805 1257 ejus
831 1205 928 1247 orbi
950 1210 1034 1246 ter-

206 1275 282 1303 rae:
301 1263 324 1289 *
343 1261 462 1311 vidit,
491 1267 534 1303 et
553 1265 775 1303 commota
795 1267 861 1303 est
880 1267 1008 1303 terra.

258 1324 450 1371 Montes,
488 1323 600 1364 sicut
630 1336 730 1365 cera
763 1323 982 1364 fluxerunt
1010 1335 1035 1363 a

207 1380 317 1421 fa0ie
336 1379 528 1420 Domini:
553 1380 575 1405 *
601 1392 627 1420 a
650 1379 760 1421 facie
787 1379 966 1420 Domini
991 1391 1034 1419 o-

206 1436 317 1476 mnis
336 1441 464 1477 terra.

258 1497 638 1537 Annuntiaverunt
683 1497 784 1538 coeli
829 1497 1036 1548 justitiam

207 1554 313 1603 eius:
340 1554 363 1578 *
392 1558 435 1594 et
463 1552 666 1594 viderunt
697 1566 850 1595 omnes
883 1553 1035 1606 populi

206 1609 391 1660 gloriam
411 1610 512 1661 ejus.

262 1669 595 1711 Confundantur
634 1682 804 1721 omnes,
853 1671 927 1722 qui
964 1670 1036 1712 ad-

210 1728 336 1766 orant
356 1725 587 1778 sculptilia:
603 1726 626 1751 *
643 1731 685 1767 et
702 1727 776 1779 qui
794 1727 1036 1777 gloriantur

208 1782 251 1822 in
271 1781 513 1823 simulacris
533 1783 633 1823 suis.

260 1842 457 1884 Adorate
474 1855 572 1884 eum
588 1855 739 1884 omnes
755 1843 913 1894 Angeli
933 1845 1037 1895 ejus:

208 1899 231 1924 *
250 1898 428 1947 audivit,
456 1904 500 1940 et
517 1899 667 1940 laetata
687 1904 754 1941 est
772 1899 887 1941 Sion.

260 1960 317 2000 Et
350 1959 679 2001 exsultaverunt
711 1960 812 2001 fssiae
843 1961 986 2009 Judae,
1014 1962 1037 1987 *

208 2020 391 2068 propter
408 2015 566 2067 judicia
584 2021 659 2056 tua
677 2016 883 2058 Domine:

261 2076 480 2126 Quoniam
493 2081 542 2117 tu
555 2077 771 2117 Dominus
786 2077 1038 2119 Altissimus

210 2145 342 2185 super
357 2145 532 2174 omnem
550 2137 728 2174 terram:
742 2134 765 2159 *
779 2134 905 2174 nimis
925 2134 1038 2175 exal-

209 2190 326 2230 tatus
346 2201 394 2230 es
413 2201 545 2241 super
565 2201 718 2230 omnes
738 2189 857 2231 deos.

262 2250 345 2300 Qui
361 2249 540 2301 diligitis
550 2250 800 2299 Dominum,
817 2250 936 2292 odite
951 2264 1038 2292 ma-

210 2304 313 2346 lum:
344 2306 367 2331 *
401 2306 595 2348 custodit
624 2306 839 2347 Dominus
872 2307 1038 2348 animas

211 2364 461 2403 sanctorum
487 2365 682 2412 suorum,
711 2362 766 2404 de
789 2375 920 2404 manu
940 2377 1039 2416 pec·

212 2418 372 2458 catoris
390 2418 594 2460 liberabit
614 2431 702 2460 eos

265 2477 361 2518 Lux
389 2484 486 2520 orta
514 2484 581 2521 est
613 2480 744 2531 iusto,
772 2481 795 2504 ¹⁸¹
832 2485 876 2520 et
908 2481 1040 2522 rectis

214 2532 347 2574 corde
374 2534 534 2576 laetitia.

266 2593 493 2635 Laetamini
521 2596 619 2646 justi
647 2596 690 2636 in
717 2596 925 2637 Domino:
949 2597 972 2622 *
998 2602 1041 2638 et

213 2649 478 2714 confitemini
494 2652 717 2693 memoriae
733 2652 1039 2694 sanctificatio-

214 2718 280 2745 ms
300 2718 402 2757 ejus.

536 195 746 227 Commune
774 195 1051 236 Aposwlm‘um
1078 198 1186 226 extra
1212 199 1363 235 tempus
1389 192 1588 226 Puschztlc.

1140 287 1237 326 Ant.
1267 286 1359 326 Lux
1392 288 1489 325 orta
1522 289 1589 325 est
1621 284 1752 335 just0,
1785 284 1918 325 rectis

1085 341 1221 383 corde
1251 341 1416 382 laetitia.

1140 406 1237 444 Ant.
1269 401 1587 443 Custodiebant
1614 403 1637 427 *
1666 400 1918 443 testimonia

1085 460 1188 511 ejus,
1208 463 1251 500 et
1270 459 1496 511 praecepta
1519 459 1620 510 ejus.

1366 531 1564 571 Psalmus
1584 532 1650 571 98.

1089 589 1350 695 Dominus
1365 588 1575 638 regnavit,
1585 588 1830 629 irascamur
1842 588 1919 640 po-

1198 644 1303 697 puli:
1322 645 1345 670 *
1367 644 1441 697 qui
1461 643 1587 686 sedet
1605 656 1739 697 super
1758 643 1919 686 Choru-

1086 701 1187 751 bim‚
1214 703 1446 742 moveatur
1465 705 1595 742 terra.

1136 758 1355 799 Dominus
1385 757 1429 798 in
1457 757 1563 798 Sion
1590 769 1790 807 magnus:
1821 756 1846 781 *
1877 760 1922 798 et

1087 813 1286 855 excelsus
1307 826 1439 866 super
1460 826 1613 855 omnes
1631 812 1836 866 populos

1141 870 1446 912 Confiteantur
1465 870 1631 911 nomini
1649 874 1726 911 tuo
1745 880 1921 919 magno:

1089 927 1296 979 quoniam
1315 926 1527 976 terribile,
1556 931 1600 968 et
1619 930 1821 967 sanctum
1840 929 1922 966 est:

1087 985 1110 1009 *
1131 988 1175 1025 et
1192 983 1336 1024 honor
1356 983 1471 1034 regis
1492 982 1700 1035 judicium
1719 981 1871 1033 diligit.

1139 1041 1208 1081 Tu
1241 1040 1409 1092 parasti
1444 1039 1727 1082 directiones:
1757 1039 1781 1064 *
1813 1037 1920 1090 judi-

1089 1097 1204 1138 cium
1219 1101 1263 1138 et
1277 1097 1484 1148 justitiam
1499 1097 1543 1137 in
1553 1095 1692 1137 Jacob
1707 1100 1756 1137 tu
1771 1095 1923 1137 fecisti.

1140 1153 1344 1195 Exaltate
1384 1153 1624 1194 Dominum
1663 1153 1808 1194 Deum
1849 1163 1925 1193 no-

1089 1215 1238 1259 strum,
1250 1215 1294 1251 et
1307 1209 1488 1252 adorate
1505 1209 1746 1251 scabellum
1759 1207 1924 1261 pedum

1090 1267 1194 1318 ejus:
1213 1267 1236 1293 *
1258 1267 1467 1318 quoniam
1487 1271 1690 1308 sanctum
1709 1271 1787 1307 est.

1139 1324 1319 1375 Moyses
1333 1328 1378 1365 et
1390 1324 1543 1365 Aaron
1557 1323 1602 1364 in
1618 1321 1924 1364 sacerdotibus

1089 1381 1195 1432 ejus:
1214 1381 1237 1406 *
1258 1385 1302 1421 et
1320 1379 1497 1422 Samuel
1515 1379 1628 1421 inter
1647 1391 1742 1429 eos,
1771 1378 1847 1431 qui
1863 1379 1925 1418 in-

1090 1442 1251 1478 vocant
1269 1449 1430 1478 nomen
1450 1437 1558 1488 ejus:

1141 1493 1415 1535 Invocabant
1450 1493 1709 1542 Dominum,
1752 1496 1797 1533 et
1830 1491 1925 1544 ipse

1090 1549 1355 1591 exaudiebat
1370 1562 1461 1591 eos:
1477 1550 1501 1575 *
1518 1549 1562 1590 in
1577 1548 1782 1590 columna
1796 1547 1925 1589 nubis

1089 1606 1354 1658 loquebatur
1373 1605 1431 1648 ad
1452 1619 1541 1648 eos.

1143 1663 1463 1705 Custodiebant
1488 1661 1741 1704 testimonia
1768 1661 1876 1713 ejus,
1901 1659 1926 1686 *

1091 1724 1134 1760 et
1153 1722 1429 1773 praeceptum
1448 1719 1570 1771 quod
1590 1717 1713 1760 dedit
1730 1717 1827 1759 illis.

1142 1776 1331 1818 Domine
1346 1777 1468 1818 Deus
1485 1780 1637 1817 noster
1654 1779 1704 1816 tu
1723 1773 1925 1816 exaudio-

1090 1832 1170 1874 bas
1196 1845 1287 1874 eos:
1306 1834 1330 1859 *
1349 1834 1471 1874 Deus
1490 1837 1539 1874 tu
1561 1831 1780 1885 propitius
1806 1830 1926 1872 fuisti

1091 1889 1164 1939 eis,
1183 1894 1227 1931 et
1245 1890 1462 1931 ulciscens
1482 1889 1527 1930 in
1546 1901 1699 1930 omnes
1718 1887 1925 1930 adinven-

1090 1946 1234 1987 tiones
1254 1948 1419 1987 eorum.

1142 2003 1347 2045 Exaltate
1388 2003 1629 2044 Dominum
1665 2001 1811 2042 Deum
1850 2011 1925 2041 no-

1092 2063 1242 2109 strum,
1271 2064 1314 2101 et
1333 2059 1518 2101 adorate
1537 2059 1581 2099 in
1599 2062 1750 2099 monte
1771 2060 1924 2098 sancto

1092 2116 1198 2166 ejus:
1226 2116 1250 2141 *
1280 2116 1490 2168 quoniam
1509 2119 1688 2156 sanctus
1707 2113 1924 2154 Dominus

1091 2171 1213 2213 Deus
1232 2177 1395 2214 noster.

1145 2242 1243 2279 Ant.
1274 2235 1593 2278 custodiebant
1614 2234 1865 2277 testimonia
1884 2245 1924 2275 e-

1091 2292 1168 2343 jus,
1196 2297 1240 2333 et
1260 2295 1487 2345 praecepta
1507 2293 1610 2344 ejus.

1147 2354 1194 2404 V.
1212 2356 1353 2398 Nimis
1368 2357 1574 2398 honorati
1594 2361 1695 2398 sunt
1715 2355 1844 2397 amici
1862 2355 1926 2396 tui

1092 2412 1225 2454 Deus.
1283 2416 1329 2465 Rg.
1367 2413 1511 2454 Nimis
1547 2413 1822 2454 confortatus
1860 2415 1927 2452 est

1092 2469 1364 2521 principatus
1385 2471 1550 2510 eorum.

1155 2531 1278 2570 l'ater
1296 2534 1457 2570 noster.

1149 2592 1391 2632 Absolutio.
1425 2595 1455 2632 A
1483 2589 1679 2631 vinculis.

1150 2647 1194 2698 Υ.
1223 2650 1335 2692 Jube
1356 2649 1529 2691 domne.

1151 2714 1306 2754 Bened.
1346 2710 1603 2762 Evangelica
1621 2711 1765 2753 lectio.
