2028 2892
767 171 865 204 Infra
892 173 1074 204 Octavam
1100 171 1355 204 Pentecoste&

206 270 273 312 cui
293 282 378 309 non
400 267 527 309 datur
546 280 719 321 semper
738 270 898 316 vivere,
924 268 1027 320 quid

205 325 388 379 prodest
406 324 517 366 bene
537 324 704 366 vivere?
730 325 839 375 Quia
858 337 938 366 nec
956 324 1026 366 be-

205 396 257 423 ne
284 384 430 423 vivere
457 380 630 422 dicendi
656 387 771 430 sunt,
800 381 872 432 qui
899 380 1027 422 finem

204 439 315 480 bene
335 437 508 479 vivendi
526 437 594 479 vel
610 437 806 479 caecitate
821 437 1027 487 nesciunt,

206 494 273 536 vel
292 494 513 535 inflatione
534 496 824 535 contemnunt.
847 494 947 534 Non
963 499 1029 535 est

205 557 349 592 autem
374 553 575 601 cuiquam
601 563 702 602 spes
722 563 824 591 vera
849 556 891 591 et
911 556 1029 591 certa

205 620 377 660 semper
407 605 597 655 vivendi,
625 607 705 647 nisi
735 609 943 657 agnescat
971 607 1028 647 vi-

208 670 311 713 tam,
342 662 460 716 quod
485 669 551 704 est
571 662 783 711 Christus,
811 669 854 704 et
877 676 954 716 per
973 664 1028 715 ja·

206 734 334 761 nuam
353 721 482 761 intret
500 720 541 759 in
563 719 686 760 ovile.

262 786 311 837 R.
347 786 656 838 Apparuerunt
684 784 911 837 Apostolis
946 784 1029 826 dis-

206 845 379 895 pertitae
430 842 587 891 linguae
638 847 860 893 tamquam
905 842 1029 892 ignis,

207 898 391 949 alleluja:
417 903 437 924 *
453 897 660 949 Seditque
686 910 817 950 supra
836 898 1030 948 singulos

207 957 357 995 eorum
393 954 579 1007 Spiritus
616 960 808 1003 sanctus,
849 954 1029 1006 alleluja,

207 1010 387 1062 alleluja.
426 1004 473 1055 δ”.
496 1010 551 1051 Et
572 1012 799 1062 coeperunt
818 1010 938 1063 loqui
958 1013 1029 1052 va-

206 1067 279 1107 riis
299 1067 472 1117 linguis.
498 1072 628 1119 prout
648 1066 835 1119 Spiritus
855 1074 1029 1109 sanctus

208 1122 340 1165 dabat
360 1123 505 1175 eloqui
525 1123 619 1163 illis.
646 1123 865 1175 Seditque.

264 1183 421 1223 Bened.
452 1184 650 1225 Divinum
670 1185 886 1226 auxilium.

518 1259 669 1299 Lectio
689 1259 725 1298 ii.

211 1300 461 1424 Quaerunt
493 1336 597 1374 ergo
631 1323 888 1376 pleramque
921 1325 1031 1366 tales

300 1380 497 1421 homines
525 1380 653 1422 etiam
672 1379 936 1432 persuadere
955 1381 1029 1422 ho-

207 1437 410 1486 minibus,
439 1443 486 1478 ut
514 1436 623 1478 bene
652 1436 813 1485 vivant,
842 1442 884 1478 et
913 1437 1030 1478 Chri-

207 1494 335 1535 stiani
358 1506 444 1534 non
470 1494 564 1535 sint.
600 1494 684 1534 Per
711 1493 837 1533 aliam
864 1499 1031 1546 partem

208 1550 358 1591 volunt
384 1549 635 1598 ascendere,
669 1552 823 1602 rapere
851 1556 893 1592 et
920 1553 1030 1592 occi-

209 1606 328 1653 dere;
348 1619 435 1647 non
455 1612 501 1647 ut
520 1606 660 1648 bonus
675 1612 838 1659 pastor,
859 1620 1030 1648 conser-

208 1665 311 1703 vare
338 1668 468 1715 atque
495 1662 676 1703 salvare.
712 1663 903 1705 Fuerunt
927 1676 1031 1714 ergo

210 1718 384 1770 quidam
423 1718 675 1771 philesophi
713 1717 766 1760 de
799 1719 1032 1761 virtutibus

210 1781 252 1816 et
279 1775 393 1816 vitiis
426 1774 598 1816 subtilia
623 1775 759 1816 multa
783 1778 1031 1826 tractantes,

209 1830 469 1880 dividentes,
502 1830 774 1881 definientes,
807 1832 1031 1873 ratiocina-

206 1887 348 1928 ti6nes
394 1887 666 1928 acutissimas
713 1887 1031 1938 concludentes,

207 1942 343 1984 libros
363 1943 607 1996 implentes,
635 1957 756 1984 suam
777 1944 1032 1996 sapientiam

208 1999 357 2041 buccis
374 1999 653 2052 crepantibus
669 2000 938 2047 ventilantes,
960 2001 1031 2053 qui

209 2055 338 2097 etiam
364 2055 509 2097 dicere
539 2055 748 2097 auderent
772 2055 1032 2098 hominibus:

207 2112 302 2153 Nos
318 2111 556 2164 sequimini,
577 2118 740 2153 sectam
762 2118 955 2154 nostram
972 2119 1031 2155 te—

208 2170 323 2217 nete,
357 2169 391 2209 si
425 2168 554 2209 vultis
584 2168 714 2210 beate
742 2171 901 2210 vivere.
946 2169 1031 2211 Sed

208 2237 293 2265 non
314 2224 532 2266 intrabant
550 2237 629 2277 per
649 2225 821 2266 ostium:
848 2225 1031 2278 perdere

208 2280 423 2329 volebant,
444 2283 635 2322 mactare
655 2287 698 2322 et
718 2279 929 2323 occidere.

266 2345 313 2395 lxssv.
356 2345 668 2397 Loquebantur
706 2346 836 2387 variis
878 2346 1032 2397 linguis

210 2399 412 2451 Apostoli
451 2401 665 2452 magnalia
701 2402 800 2451 Dei,
840 2406 860 2427 *
898 2404 1032 2446 Prout

208 2454 392 2507 Spiritus
417 2464 592 2499 sanctus
616 2457 748 2500 dabat
773 2459 918 2511 eloqui
938 2460 1031 2510 illis,

209 2510 389 2563 alleluja.
452 2511 496 2559 δ”.
534 2514 707 2567 Repleti
746 2522 844 2556 sunt
882 2529 1031 2557 omnes

207 2566 369 2619 Spiritu
389 2577 554 2619 sancto,
582 2577 624 2612 et
649 2573 876 2624 coeperunt
901 2572 1031 2625 loqui.

209 2623 353 2664 Prout.
392 2626 538 2667 (ileria
557 2628 685 2668 Patri.
719 2629 864 2669 Prout.

267 2691 421 2731 liencd.
461 2690 521 2731 ,xd
541 2692 805 2735 societatem.

1382 266 1530 305 Lectio
1554 265 1606 303 iii.

1167 330 1243 372 uid
1275 330 1329 372 de
1359 332 1453 373 istis
1478 329 1640 373 dicam?
1677 331 1791 372 Ecce
1816 330 1901 383 ipsi

1183 387 1387 440 pharisaei
1422 387 1642 438 legebant,
1679 393 1722 428 et
1758 387 1800 427 in
1837 399 1901 437 eo,

1082 443 1200 494 quod
1214 444 1427 495 legebant,
1444 444 1661 486 Christum
1678 442 1901 494 sonabant,

1082 503 1308 541 venturum
1323 500 1569 554 sperabant,
1585 506 1627 542 et
1641 501 1903 553 praesentem

1082 568 1167 597 non
1213 556 1517 607 agnoscebant.
1574 557 1598 597 J
1601 556 1804 598 actabant
1855 569 1901 598 se

1083 612 1211 653 etiam
1235 613 1316 666 ipsi
1341 614 1452 655 inter
1470 612 1697 662 Videntes‚
1721 612 1806 654 hoc
1825 619 1902 662 est,

1082 668 1192 710 inter
1216 670 1451 722 sapienteS‚
1476 676 1519 712 et
1542 668 1758 720 negabant
1782 668 1900 710 Chri-

1083 730 1210 775 stum,
1232 732 1275 767 et
1294 739 1380 767 non
1399 725 1617 768 intrabant
1636 738 1715 778 per
1734 725 1904 767 ostium.

1083 781 1199 832 Ergo
1220 788 1263 824 et
1282 783 1379 835 ipsi,
1406 783 1440 823 si
1462 795 1573 835 quos
1592 782 1704 823 forte
1725 780 1903 823 seduce-

1084 843 1194 887 rent,
1239 838 1495 880 mactandos
1539 844 1582 881 et
1628 836 1904 887 occidendos,

1083 907 1169 935 non
1187 894 1438 936 liberandos
1459 894 1726 936 seducerent.
1753 894 1809 935 Et
1823 893 1905 935 hos

1084 949 1364 992 dimittamus:
1389 951 1614 993 videamus
1632 950 1745 999 illos,
1765 950 1801 991 si
1822 950 1904 992 for-

1083 1012 1125 1048 te
1149 1007 1233 1060 ipsi
1256 1008 1416 1050 intrant
1438 1021 1517 1061 per
1541 1007 1716 1056 ostium,
1746 1007 1819 1059 qui
1842 1006 1904 1060 ip-

1083 1066 1172 1104 sius
1193 1063 1351 1105 Christi
1370 1065 1542 1106 nemine
1561 1063 1811 1114 gloriantur.
1838 1063 1904 1104 In-

1083 1120 1372 1162 numerabiles
1396 1121 1509 1162 enim
1528 1126 1643 1169 sunt,
1670 1119 1743 1172 qui
1766 1132 1813 1161 se
1831 1119 1905 1161 Vi-

1084 1175 1236 1217 dentes
1268 1189 1354 1218 non
1388 1177 1529 1217 solum
1560 1177 1733 1228 iactant,
1770 1174 1849 1216 sed
1881 1188 1905 1216 a

1085 1232 1257 1274 Christo
1286 1233 1549 1274 illuminatos
1577 1231 1715 1274 videri
1741 1231 1906 1273 volunt:

1085 1294 1183 1330 sunt
1203 1295 1346 1331 autem
1365 1289 1569 1330 haeretici.

1139 1352 1197 1391 Te
1217 1350 1359 1391 Deum
1377 1349 1617 1392 laudamus.
1635 1349 1694 1390 15.

1142 1421 1209 1462 Ad
1225 1420 1381 1461 Bencd.
1405 1422 1499 1461 Ant.
1521 1422 1611 1470 Ego
1627 1431 1724 1460 sum
1737 1417 1906 1467 ostium,

1085 1474 1188 1517 dicit
1212 1476 1438 1517 Dominus:
1465 1488 1544 1528 per
1568 1488 1638 1517 me
1664 1475 1700 1516 si
1725 1474 1822 1527 quis
1847 1473 1906 1514 in-

1084 1532 1263 1582 troierit,
1281 1531 1529 1582 salvabitur,
1549 1537 1592 1573 et
1610 1533 1775 1584 pascua
1793 1530 1907 1571 inve-

1084 1589 1183 1638 niet,
1203 1588 1383 1640 alleluja.

1424 1656 1585 1696 Oratio.

1162 1724 1249 1767 dsit
1271 1722 1414 1772 nobis,
1443 1725 1692 1775 quaesumus
1712 1721 1909 1763 Demine.

1187 1781 1323 1822 virtus
1348 1779 1533 1832 Spiritus
1560 1778 1713 1820 sancti:
1742 1789 1840 1830 quae
1865 1784 1908 1819 et

1085 1837 1219 1880 corda
1244 1842 1394 1878 nostra
1423 1836 1657 1877 clementer
1681 1837 1906 1886 exparget,

1085 1901 1128 1937 et
1164 1894 1219 1936 ab
1256 1892 1456 1935 omnibus
1491 1894 1664 1934 tueatur
1701 1889 1907 1932 adversis.

1085 1952 1168 1992 Per
1193 1950 1426 1991 Dominum
1450 1981 1458 1989 .
1478 1981 1486 1989 .
1505 1981 1514 1989 .
1540 1948 1582 1988 in
1608 1947 1772 1988 unitate
1799 1947 1907 1998 ejus-

1086 2007 1185 2050 dem
1203 2006 1388 2060 Spiritus
1408 2005 1544 2047 sancti
1564 2005 1695 2045 Deus.

1145 2078 1209 2118 Ad
1243 2077 1410 2123 Magnis.
1462 2077 1554 2115 Am.
1608 2076 1756 2114 l'acem
1785 2071 1908 2113 relin-

1087 2147 1173 2186 quo
1193 2133 1332 2177 vobis.
1356 2144 1510 2185 pacem
1531 2143 1673 2171 meam
1693 2129 1750 2171 do
1771 2127 1910 2170 vobis:

1085 2203 1171 2231 non
1192 2188 1414 2242 quomodo
1434 2186 1621 2228 mundus
1641 2186 1726 2235 dat,
1749 2198 1830 2235 ego
1851 2183 1908 2225 do

1086 2246 1221 2295 vobis,
1242 2245 1422 2297 alleluja.

1289 2383 1454 2420 Feria
1489 2383 1707 2430 Quarta

1190 2446 1436 2491 Quatuor
1470 2441 1808 2491 'sc-lnporum.

1145 2510 1191 2561 ΧΠ
1226 2514 1400 2567 Repleti
1434 2518 1532 2554 sunt
1564 2523 1714 2553 omnes
1747 2510 1909 2563 Spiritu

1087 2578 1253 2621 sancto,
1285 2570 1466 2621 alleluja.
1519 2571 1562 2621 R«.
1595 2568 1650 2609 Et
1683 2568 1910 2619 coeperunt

1086 2629 1216 2681 loqui,
1236 2626 1417 2678 alleluja.

1147 2698 1268 2739 Pater
1286 2697 1446 2736 noster.
