2066 2904
222 170 291 216 [64]

441 271 487 308 111
518 271 587 309 III.
617 271 838 310 Nocturno.

228 325 374 366 Lectio
401 324 539 365 sancti
561 323 786 376 Evangelii
811 322 1052 365 secundum

550 380 724 422 Lucam.

332 439 477 479 Lot-tim
502 441 564 478 vii.
745 442 844 491 (Iup.
863 443 897 478 s».
916 455 947 479 c.

269 507 296 534 n
311 493 386 534 illo
401 495 616 546 tempore:
630 493 914 535 Descendens
924 493 944 532 J
951 503 1050 532 esus

295 549 350 591 de
370 555 529 600 monte,
559 550 679 592 stetit
698 550 741 590 in
759 549 860 591 loco
882 549 1050 600 campe-

221 606 310 656 stri,
334 611 378 648 et
396 606 526 648 turba
546 605 861 659 discipulorum
880 605 981 656 ejus,
1007 608 1051 645 et

220 662 456 704 multitudo
482 663 662 715 copiosa
686 661 828 715 plebis
851 660 906 703 ab
933 660 1051 702 omni

221 719 246 759 J
248 718 386 769 udaea,
415 724 458 761 et
476 718 730 767 Jerusalem,
758 723 802 759 et
824 716 1050 766 maritima,

222 781 266 817 et
285 776 407 828 Tyri,
434 781 478 817 et
496 775 680 817 Sidonis.
724 775 780 816 Et
798 773 976 826 reliqua.

228 840 412 882 Homih'a
431 840 569 881 sancti
587 838 811 880 Ambrosii
830 838 1050 891 Episcopi.

271 895 348 927 Lib.
368 896 396 927 Γ).
416 896 451 928 in
472 896 618 928 laneam.
652 897 742 938 (lap.
762 899 801 929 ὑὶ..
823 904 908 938 post
929 897 1006 929 init.

227 952 357 1000 {fg-’ja
373 943 525 986 dverte
542 944 687 985 emnia
701 943 941 994 diligenter,
954 944 1051 995 quo-

231 998 245 1035 !ss
392 1000 527 1042 modo
557 1006 600 1042 et
629 1013 728 1041 cum
752 998 980 1052 Apostolis
1008 1011 1049 1040 a·

246 1052 339 1084 ”³2³
394 1056 576 1099 scendat
621 1062 665 1098 et
711 1054 950 1098 descendat
995 1054 1052 1096 ad

221 1112 383 1155 turbas.
421 1112 654 1164 Quemodo
680 1113 795 1154 enim
818 1111 949 1154 turba
969 1112 1051 1152 nisi

220 1170 264 1211 in
291 1169 442 1211 humili
470 1169 690 1211 Christum
715 1166 910 1211 videret?
950 1168 1050 1210 Non

221 1226 417 1279 sequitur
443 1225 500 1268 ad
527 1225 714 1276 excelsa,
743 1238 831 1267 non
854 1224 1052 1266 ascendit

221 1282 278 1324 ad
302 1282 512 1324 sublimia.
548 1282 750 1335 Denique
775 1281 850 1323 ubi
874 1280 1050 1323 descen-

221 1338 300 1388 dit,
342 1339 505 1381 invenit
531 1339 744 1380 infirmos:
785 1338 830 1379 in
865 1337 1051 1379 excelsis

221 1395 335 1436 enim
379 1395 539 1436 infirmi
582 1408 678 1436 esse
724 1407 813 1436 non
853 1399 1050 1447 possunt.

220 1452 334 1493 Hinc
359 1452 489 1494 etiam
507 1451 742 1493 Matthaeus
768 1450 899 1493 docet
921 1451 965 1491 in
991 1451 1050 1491 in-

220 1508 450 1550 ferioribus
494 1507 661 1550 debiles
713 1520 810 1549 esse
861 1509 1051 1548 sanatos.

218 1565 344 1606 Prius
370 1565 484 1606 enim
509 1566 809 1616 unusquisque
829 1563 1050 1605 sanandus

222 1626 304 1671 est,
331 1627 379 1663 ut
402 1621 613 1675 paulatim
637 1620 872 1663 virtutibus
897 1633 1049 1673 proce—

220 1677 423 1720 dentibus
442 1677 680 1719 ascendere
699 1677 840 1730 possit
858 1677 915 1718 ad
930 1690 1049 1718 mon-

219 1739 319 1775 tem.
361 1734 416 1776 Et
438 1733 540 1775 ideo
567 1746 785 1786 quemque
809 1734 853 1774 in
876 1733 1048 1775 inferio-

219 1790 340 1831 ribus
359 1796 499 1839 sanat‚
526 1790 612 1831 hoc
632 1795 713 1839 est,
741 1803 767 1831 a
785 1789 964 1831 libidine
985 1792 1048 1831 re-

219 1852 360 1896 vocat,
370 1847 569 1899 injuriam
579 1846 790 1888 caecitatis
801 1846 968 1888 avertit.
976 1846 1050 1888 Ad

219 1902 401 1944 vulnera
427 1909 578 1945 nostra
606 1902 852 1944 descendit:
892 1908 940 1944 ut
968 1916 1050 1944 usu

221 1958 413 2012 quodam
429 1964 472 2001 et
487 1959 615 2012 copia
630 1972 721 2000 suae
735 1962 915 2010 naturae,
935 1972 1049 2001 com-

218 2016 456 2069 participes
497 2028 578 2058 nos
620 2015 751 2057 faciat
793 2028 890 2058 esse
927 2017 1050 2067 regni

220 2072 424 2115 coelestis.

275 2130 323 2181 Rg.
338 2129 528 2182 Propter
542 2130 851 2170 testamentum
861 2128 1048 2179 Domini,

221 2191 264 2228 et
288 2185 409 2237 leges
433 2187 656 2239 paternas,
689 2185 829 2227 sancti
850 2185 934 2226 Dei
954 2198 1049 2238 per-

221 2242 423 2284 stiterunt
450 2242 494 2283 in
521 2243 670 2283 amore
697 2241 996 2283 fraternitatis:
1025 2251 1046 2272 *

223 2299 333 2348 Quia
356 2312 468 2340 unus
492 2298 572 2340 fuit
596 2310 771 2351 semper
798 2298 978 2350 spiritus
1007 2298 1050 2339 in

222 2355 304 2404 eis,
346 2360 389 2397 et
417 2368 503 2397 una
530 2354 653 2396 fides.
697 2354 743 2404 Y.
775 2354 891 2396 Ecce
920 2367 1050 2406 quam

222 2410 384 2452 bonum
400 2417 444 2453 et
459 2425 589 2464 quam
602 2410 838 2463 jucundum
852 2410 1050 2453 habitare

223 2467 378 2509 fratres
398 2468 442 2509 in
460 2481 604 2510 unum.
632 2467 754 2518 Quia.

514 2526 661 2567 Lectio
686 2528 764 2566 viii.

225 2573 393 2678 Beati
433 2584 670 2634 pauperes,
721 2580 822 2633 quia
857 2585 1051 2621 vestrum

328 2642 394 2678 est
413 2649 594 2687 regnum
612 2637 706 2679 Dei.
743 2638 942 2688 Quatuor
959 2642 1050 2678 tan-

223 2699 316 2735 tum
357 2692 649 2736 beatitudines
692 2698 870 2735 sanctus
907 2693 1050 2735 Lucas

454 174 661 206 (Iommunc
691 173 939 215 plurimorum
971 173 1175 216 Martyrum
1203 182 1307 207 extra
1336 165 1485 216 tempus
1514 174 1708 207 vast-hale.

1107 264 1348 307 dominicas
1376 266 1534 318 posuit,
1572 270 1674 307 octo
1706 277 1814 306 vero
1842 277 1936 306 san-

1106 326 1203 363 ctus
1238 321 1490 364 Matthaeus:
1529 321 1609 364 sed
1641 322 1685 362 in
1715 320 1800 362 illis
1833 326 1936 363 octo

1105 378 1201 419 istae
1231 380 1419 430 quatuor
1445 384 1563 428 sunt,
1605 383 1649 420 et
1675 378 1719 419 in
1749 379 1941 430 quatuor¹

1105 434 1201 476 istis
1223 434 1311 476 illae
1337 439 1451 477 octo.
1494 435 1581 476 Hic
1606 435 1721 476 enim
1749 435 1938 487 quatuor

1107 491 1226 533 velut
1249 491 1435 533 virtutes
1458 491 1687 544 amplexus
1713 496 1780 533 est
1799 489 1936 532 cardi-

1106 547 1246 589 nales:
1281 547 1355 589 ille
1386 548 1431 589 in
1460 547 1545 589 illis
1571 553 1675 590 octo
1704 547 1937 600 mysticum

1105 607 1335 646 numerum
1371 604 1594 646 reseravit.
1650 604 1739 646 Pro
1779 605 1938 646 octava

1108 661 1222 702 enim
1239 661 1365 703 multi
1382 660 1678 703 inscribuntur
1691 659 1870 702 Psalmi:
1893 664 1937 702 et

1105 717 1361 759 mandatum
1394 717 1558 770 accipis
1591 722 1693 759 octo
1724 716 1809 758 illis
1839 729 1936 770 par-

1105 779 1196 815 tem
1215 773 1321 816 dare
1340 774 1529 816 fortasse
1546 772 1937 816 benedictionibus.

1105 830 1226 872 Sicut
1242 831 1357 872 enim
1372 831 1469 883 spei
1482 836 1647 872 nostrae
1666 831 1824 872 octava
1840 842 1936 882 per-

1105 886 1237 928 fectio
1266 892 1348 937 est,
1382 889 1444 929 ita
1471 889 1629 930 octava
1657 899 1827 928 summa
1854 886 1936 927 vir-

1105 946 1248 985 tutum
1269 949 1347 985 est.

1163 1003 1207 1054 Rg.
1235 1000 1383 1042 Sancti
1406 1000 1508 1050 mei,
1539 1000 1614 1053 qui
1635 1000 1679 1041 in
1704 1012 1835 1042 carne
1859 1001 1935 1052 po-

1105 1057 1193 1106 siti,
1222 1058 1445 1098 certamen
1471 1056 1701 1099 habuistis:
1725 1057 1747 1080 ²*
1770 1056 1935 1098 Merce-

1105 1112 1206 1154 dem
1250 1112 1415 1154 laboris
1452 1126 1534 1164 ego
1580 1112 1764 1155 reddam
1797 1112 1936 1155 vobis

1108 1166 1153 1216 δ”.
1194 1169 1354 1211 Venite
1393 1169 1615 1211 benedicti
1654 1169 1797 1211 Patris
1838 1169 1935 1218 mei,

1104 1226 1319 1281 percipite
1338 1239 1532 1277 regnum.
1550 1225 1811 1268 Mercedem.
1823 1225 1934 1282 *Glo-

1104 1286 1168 1326 ria
1186 1283 1317 1324 Patri.
1343 1283 1606 1326 Mercedem.

1410 1340 1560 1381 Lectio
1583 1341 1635 1381 ix.

1106 1391 1236 1498 Sed
1275 1399 1397 1452 prius
1440 1410 1539 1451 quae
1581 1402 1682 1439 sunt
1721 1395 1936 1449 ampliera

1200 1455 1438 1498 videamus.
1487 1454 1625 1504 Beati,
1652 1453 1803 1506 inquit,
1830 1454 1934 1506 pau-

1103 1525 1252 1565 peres,
1292 1512 1499 1565 quoniam
1534 1515 1731 1552 vestrum
1767 1513 1835 1551 est
1869 1521 1934 1550 re-

1103 1581 1236 1619 gnum
1250 1569 1345 1610 Dei.
1373 1568 1566 1609 Primam
1583 1565 1936 1609 benedictiouem

1103 1625 1215 1667 hanc
1244 1627 1431 1678 uterque
1461 1623 1744 1674 Evangelista
1774 1621 1934 1675 posuit.

1104 1682 1269 1724 Ordine
1296 1682 1411 1724 enim
1433 1681 1575 1734 prima
1598 1684 1682 1730 est,
1712 1685 1756 1721 et
1773 1691 1934 1732 parens

1105 1738 1308 1791 quaedam
1348 1737 1663 1790 generatioque
1707 1736 1934 1778 virtutum:

1104 1795 1205 1848 quia
1239 1795 1314 1848 qui
1346 1793 1662 1847 contempserit
1694 1791 1934 1842 saecularia,

1102 1852 1197 1905 ipse
1238 1851 1479 1894 merebitur
1522 1850 1807 1903 sempiterna:
1851 1860 1934 1890 nec

1102 1914 1252 1961 potest
1293 1908 1525 1961 quisquam
1564 1906 1767 1948 meritum
1810 1904 1934 1956 regni

1103 1965 1296 2007 coelestis
1321 1963 1516 2017 adipisci,
1545 1963 1620 2016 qui
1643 1961 1795 2004 mundi
1817 1961 1932 2014 cupi—

1102 2021 1240 2064 ditate
1257 2034 1450 2074 pressuS‚
1479 2018 1732 2070 emergendi
1753 2031 1842 2060 non
1859 2017 1932 2060 ha-

1101 2078 1178 2120 bet
1197 2078 1461 2120 facultatem.

1156 2135 1220 2177 Te
1238 2135 1383 2177 Deum
1400 2132 1642 2176 laudamus.
1669 2133 1729 2173 15.

1274 2284 1362 2324 111.
1390 2282 1507 2323 Alia
1524 2280 1758 2322 Romilia.

1104 2351 1255 2392 Lectio
1281 2349 1421 2391 sancti
1441 2347 1670 2398 Evangelii
1692 2346 1934 2388 secundum

1427 2405 1603 2446 Lucam.

1209 2463 1356 2504 Lectio
1381 2463 1445 2502 vii.
1651 2465 1752 2514 Cap.
1774 2465 1827 2502 12.

1102 2519 1178 2626 In
1196 2523 1272 2565 illo
1289 2525 1505 2575 tempore:
1523 2522 1645 2563 Dixit
1659 2522 1683 2562 J
1686 2534 1787 2563 esus
1806 2520 1932 2562 disci-

1167 2579 1282 2633 pulis
1298 2579 1402 2621 suis:
1426 2577 1653 2620 Attendite
1673 2590 1699 2619 a
1718 2577 1932 2619 fermento

1102 2637 1431 2690 pharisaeorum,
1452 2634 1573 2688 quod
1590 2640 1658 2677 est
1676 2633 1934 2687 hypocrisis.

1103 2694 1159 2736 Et
1185 2693 1365 2745 reliqua.
