2028 2892
173 194 244 230 102

226 290 385 330 Dicant
409 287 483 339 qui
509 284 726 337 redempti
745 287 846 324 sunt
865 294 890 323 a
909 282 995 322 Do-

175 346 309 393 mino,
337 356 448 395 quos
475 342 662 384 redemit
690 339 744 381 de
769 351 901 379 manu
919 337 996 377 ini-

175 400 291 441 mici:
309 402 332 427 *
353 404 396 440 et
417 398 472 440 de
491 396 743 449 regionibus
763 395 995 445 congrega-

175 456 237 497 vit
255 467 346 497 eos:

226 511 266 551 A
303 510 407 551 solis
444 514 561 558 ortu,
598 512 641 549 et
678 509 853 549 occasu:
886 507 909 531 *
942 503 997 544 ab

175 566 391 618 aquilene,
410 570 454 607 et
473 564 593 605 mari.

226 622 495 662 Erraverunt
522 620 566 661 in
595 618 828 660 solitudine
848 618 892 658 in
911 617 998 657 ina-

178 679 333 729 quoso:
357 678 380 704 *
405 677 520 717 viam
546 675 736 717 civitatis
760 671 999 714 habitaculi

177 745 263 774 non
283 733 551 773 invenerunt.

228 788 494 836 Esurientes‚
521 791 565 828 et
583 786 796 827 sitientes:
814 786 839 813 *
858 783 1001 825 anima

179 846 330 886 eorum
349 844 393 884 in
410 842 518 895 ipsis
538 842 709 883 defecit.

230 900 286 940 Et
327 899 625 940 clamaverunt
667 896 724 938 ad
763 895 1002 937 Dominum

180 968 278 996 curn
295 954 623 996 tribularentur:
638 955 661 979 *
677 957 721 994 et
742 952 797 993 de
815 950 1001 992 necessi-

178 1010 342 1052 tatibus
362 1011 514 1051 eorum
535 1008 695 1061 er1'puit
716 1020 802 1049 eos.

229 1066 287 1107 Et
311 1065 493 1107 deduxit
518 1077 592 1106 eos
616 1064 661 1104 in
679 1064 795 1105 viam
820 1066 1002 1104 rectam:

179 1123 203 1149 *
242 1127 292 1163 ut
332 1122 445 1163 irent
489 1121 533 1161 in
574 1120 797 1161 civitatem
836 1119 1002 1160 habita-

179 1177 323 1218 tionis.

233 1232 533 1274 Confiteantur
550 1231 740 1273 Domino
759 1231 1004 1273 misericer-

182 1288 267 1329 diae
296 1288 405 1339 ejus:
426 1289 449 1315 ¹⁶¹
471 1293 515 1329 et
542 1287 757 1329 mirabilia
785 1288 876 1339 ejus
904 1287 1004 1328 filiis

182 1343 417 1384 hominum.

234 1399 344 1449 Quia
363 1399 540 1440 satiavit
563 1399 751 1439 animam
773 1399 963 1439 inanem:
982 1400 1005 1425 *

182 1460 227 1551 {t
275 1455 463 1496 animam
514 1455 777 1496 esurientem
829 1452 1006 1496 satiavit

214 1523 319 1551 on1s.

234 1566 446 1608 Sedentes
473 1566 517 1606 in
543 1566 754 1616 tenebris,
782 1571 826 1608 et
852 1566 1007 1608 umbra

183 1623 356 1717 {nortisz
371 1623 395 1649 *
410 1621 580 1663 vinctos
599 1622 643 1662 in
662 1622 945 1664 mendicitate
963 1628 1007 1664 et

202 1689 310 1718 erro.

228 1732 339 1782 Quia
350 1732 721 1774 exacerbaverunt
729 1733 903 1786 eloquia
911 1734 1008 1775 Dei:

186 1789 210 1815 *
238 1793 281 1829 et
312 1787 539 1829 consilium
566 1788 781 1830 Altissimi
812 1790 1007 1831 irritave-

187 1848 297 1884 runt

239 1899 295 1940 Et
322 1898 594 1941 humiliatum
622 1906 689 1942 est
715 1902 760 1941 in
783 1901 1009 1943 laboribus

188 1967 265 1995 cor
297 1956 462 1996 eorum:
488 1956 512 1982 *
540 1955 746 1998 infirmati
774 1962 892 2007 sunt,
928 1971 1009 2000 nec

188 2010 269 2051 fuit
293 2010 367 2062 qui
387 2010 621 2062 adjuvaret.

240 2066 297 2107 Et
337 2066 634 2109 clamaverunt
674 2068 732 2110 ad
772 2069 1010 2110 Deminum

189 2134 287 2161 cum
314 2121 640 2164 tribularentur:
662 2126 686 2151 *
710 2129 755 2165 et
782 2124 838 2166 de
862 2138 1010 2167 neces-

190 2176 392 2218 sitatibus
412 2180 563 2219 eorum
580 2178 784 2221 liberavit
802 2193 891 2221 eos.

242 2232 296 2272 Et
332 2232 483 2274 eduxit
518 2246 596 2275 eos
633 2234 688 2276 de
715 2235 928 2285 tenebriS,
969 2241 1012 2277 et

191 2287 343 2328 umbra
366 2289 535 2330 mortis:
552 2291 576 2316 *
596 2294 640 2331 et
664 2291 837 2332 vincula
862 2294 1013 2333 eurum

193 2341 386 2394 disrupit.

244 2396 539 2440 Confiteantur
558 2400 748 2442 Domino
771 2402 1013 2444 misericor-

195 2451 279 2493 diae
308 2454 410 2503 ejus:
434 2456 457 2481 *
482 2460 524 2496 et
552 2455 767 2498 mirabilia
795 2458 885 2509 ejus
914 2458 1014 2499 filiis

193 2506 425 2549 heminum.

246 2564 356 2613 Quia
377 2567 580 2608 contrivit
598 2572 749 2620 portas
765 2570 918 2610 aereas:
933 2570 956 2596 *
972 2574 1015 2610 et

196 2624 343 2660 vectes
363 2619 528 2662 ferreos
547 2623 771 2675 confregit.

248 2675 448 2728 Suscepit
483 2690 558 2718 eos
592 2678 646 2728 de
674 2680 743 2720 via
772 2679 1017 2731 iniquitatis

772 187 1013 222 Sabbuu›ud
1040 184 1276 219 Rhnussnunr

1049 281 1217 321 eorum:
1235 279 1260 305 *
1284 281 1469 330 propter
1495 272 1730 326 injustitias
1758 271 1877 314 enim

1049 347 1150 376 suas
1168 332 1385 375 humiliati
1405 335 1517 372 sunt.

1101 390 1287 432 Omnem
1329 400 1476 430 escam
1516 385 1771 428 abominata
1811 387 1879 424 est

1050 446 1195 488 anima
1223 447 1391 487 eurum:
1418 444 1442 471 *
1470 447 1515 485 et
1551 440 1879 494 appropinqua-

1050 504 1206 543 verunt
1227 512 1367 552 usque
1386 499 1444 540 ad
1461 503 1617 551 portas
1634 495 1800 538 mortis

1101 557 1159 599 Et
1203 557 1503 598 clamaverunt
1543 553 1602 595 ad
1640 551 1879 594 Dominum

1051 612 1503 656 cum.tribularentur:
1528 611 1552 638 *
1576 613 1621 651 et
1649 607 1705 650 de
1731 619 1878 649 neces-

1052 668 1256 711 sitatibus
1276 670 1430 709 eurum
1446 665 1652 708 liberavit
1670 676 1760 706 eos.

1104 725 1224 766 Misit
1250 723 1434 765 verbum
1462 735 1609 771 suum,
1637 724 1682 762 et
1709 719 1881 760 sanavit

1053 793 1144 823 eos:
1163 782 1187 808 *
1207 784 1252 822 et
1271 779 1432 832 eripuit
1452 790 1530 820 eos
1547 777 1603 820 de
1621 775 1880 818 interitioni-

1052 837 1135 879 bus
1156 838 1320 878 eorum.

1104 892 1407 934 Confiteantur
1423 889 1617 932 Domino
1636 888 1882 930 misericor-

1054 949 1140 990 diae
1168 949 1274 1000 ejus:
1298 949 1322 975 *
1342 951 1386 989 et
1412 945 1633 988 mirabilia
1661 945 1752 997 ejus
1779 943 1882 985 filiis

1054 1004 1290 1046 heminum.

1105 1061 1163 1101 Et
1182 1059 1431 1101 sacrificent
1446 1057 1713 1100 sacrificium
1726 1056 1885 1099 laudis:

1055 1117 1078 1144 *
1098 1121 1141 1158 et
1168 1115 1427 1157 annuntient
1455 1116 1593 1166 o'pera
1621 1113 1712 1166 ejus
1739 1113 1785 1154 in
1812 1125 1883 1154 ex-

1056 1172 1303 1214 sultatione.

1107 1228 1193 1278 Qui
1207 1226 1482 1269 descendunt
1498 1238 1620 1268 mare
1631 1226 1678 1267 in
1686 1225 1885 1276 navibus,

1056 1286 1080 1313 *
1107 1284 1317 1325 facientes
1346 1283 1652 1335 operati6nem
1685 1281 1731 1322 in
1757 1281 1886 1334 aquis

1056 1340 1216 1382 multis.
1626 1366 1628 1369 v

1106 1396 1199 1449 Ipsi
1215 1395 1421 1437 viderunt
1439 1397 1576 1448 Opera
1589 1393 1780 1444 Demini,
1798 1394 1823 1421 *
1842 1397 1887 1435 et

1057 1451 1276 1493 mirabilia
1295 1452 1386 1503 eius
1405 1451 1451 1492 in
1469 1449 1705 1503 profundo.

1108 1507 1243 1557 Dixit,
1263 1512 1307 1549 et
1323 1507 1448 1548 stetit
1464 1506 1647 1559 spiritus
1660 1505 1886 1558 procellae;

1057 1566 1081 1592 *
1099 1568 1143 1605 et
1163 1563 1345 1605 exaltati
1364 1568 1467 1605 sunt
1485 1563 1645 1604 fluctus
1665 1563 1769 1614 ejus.

1109 1619 1369 1661 Ascendunt
1396 1631 1537 1670 usque
1564 1617 1623 1659 ad
1649 1617 1806 1667 coelos,
1843 1622 1888 1659 et

1059 1674 1333 1717 descendunt
1364 1687 1507 1726 usque
1540 1673 1599 1715 ad
1631 1673 1832 1726 abyssos:
1863 1674 1888 1701 *

1059 1732 1202 1772 anima
1225 1733 1379 1773 eorum
1402 1731 1448 1771 in
1470 1729 1599 1771 malis
1618 1729 1889 1771 tabescebat.

1109 1787 1296 1829 Turbati
1319 1791 1431 1836 sunt,
1460 1790 1504 1828 et
1522 1785 1635 1827 moti
1653 1790 1755 1826 sunt
1775 1785 1889 1827 sicut

1060 1843 1222 1884 ebrius:
1236 1844 1260 1871 *
1276 1848 1321 1886 et
1340 1843 1482 1884 omnis
1501 1841 1718 1895 sapientia
1735 1843 1889 1883 eorum

1060 1899 1274 1941 devorata
1292 1903 1371 1941 est.

1110 1955 1168 1997 Et
1208 1955 1508 1996 clamaverunt
1551 1954 1609 1996 ad
1649 1953 1890 1995 Dominum

1061 2023 1161 2052 cum
1180 2011 1506 2061 tribularentur,
1523 2012 1548 2038 *
1566 2014 1612 2052 et
1631 2009 1687 2052 de
1702 2009 1890 2051 necessi-

1060 2067 1226 2108 tatibus
1246 2069 1400 2108 eorum
1419 2066 1572 2108 eduxit
1593 2078 1680 2108 eos.

1112 2122 1170 2164 Et
1196 2123 1351 2164 statuit
1373 2122 1617 2175 procellam
1641 2123 1732 2174 ejus
1755 2121 1800 2162 in
1819 2133 1890 2162 au-

1063 2191 1172 2219 ram:
1191 2179 1215 2206 *
1234 2183 1278 2220 et
1296 2179 1511 2220 siluerunt
1531 2179 1691 2220 fluctus
1712 2178 1814 2228 ejus.

1113 2234 1171 2276 Et
1197 2234 1337 2276 laetati
1364 2239 1466 2276 sunt
1495 2235 1598 2287 quia
1621 2233 1850 2275 siluerunt:
1867 2233 1891 2260 *

1064 2295 1108 2332 et
1128 2290 1313 2332 deduxit
1334 2303 1411 2332 eos
1431 2291 1475 2331 in
1494 2295 1675 2343 portum
1694 2289 1891 2330 volunta-

1063 2346 1121 2387 tis
1141 2348 1304 2388 eurum.

1117 2402 1418 2444 Confiteantur
1435 2403 1627 2444 Domino
1647 2401 1892 2443 misericor-

1065 2458 1150 2499 diae
1178 2459 1284 2510 ejus:
1307 2459 1332 2486 *
1355 2463 1399 2500 et
1426 2458 1645 2500 mirabilia
1671 2458 1762 2509 ejus
1790 2456 1892 2498 filiis

1065 2514 1302 2555 huminum.

1117 2570 1175 2611 Et
1194 2570 1390 2611 exaltent
1413 2583 1513 2611 eum
1534 2571 1579 2611 in
1599 2569 1785 2612 ecclesia
1803 2568 1892 2621 ple-

1066 2625 1149 2666 bis:
1166 2627 1191 2653 *
1209 2630 1254 2667 et
1272 2626 1317 2666 in
1338 2625 1550 2667 cathedra
1567 2626 1790 2668 seniorum
1803 2624 1892 2664 lau-

1069 2681 1174 2723 dent
1193 2694 1304 2723 eum.
