2028 2892
479 150 521 184 In
547 151 669 185 feriali
694 151 828 186 Officio
854 153 902 187 ad
926 154 1090 188 Primam
1116 160 1234 195 (extra
1260 162 1370 199 temp.
1397 159 1547 199 pasch.»
1816 153 1860 187 27

197 240 293 279 Deo
312 238 432 279 Patri
452 238 508 280 sit
526 238 675 289 gloria,

245 294 436 346 Ejusque
457 294 538 335 soli
557 295 678 345 Filio,

246 350 354 391 Cum
373 350 535 403 Spiritu
558 351 785 403 Paraelim,

244 406 382 456 Nunc⁷
402 411 445 448 et
463 420 542 460 per
562 420 689 450 omne
709 410 925 452 saeculum.

426 463 578 506 Amen.

220 529 257 568 T
262 543 372 581 emp.
398 529 612 578 Quadrag.
639 531 735 570 Ant.
767 528 875 569 Vivo
896 541 989 579 ego.

220 585 439 637 Tempore
460 587 689 627 Passionis.
714 587 811 627 Ant.
833 584 989 626 Libera

166 648 236 677 me
255 636 452 679 Demine.

439 713 636 754 Psalmus
655 714 719 754 53.

202 788 229 824 ⁵4⁴1
238 778 375 828 ‹ffiyeus
394 768 437 808 in
456 769 630 810 nomine
645 773 720 810 tuo
737 769 904 810 salvum
918 782 987 811 me

204 846 266 875 ff
283 857 290 873 Ἰ,
314 824 396 865 fac:
414 825 438 850 *
457 829 500 866 et
526 825 569 865 in
596 825 755 867 virtute
782 830 858 867 tua
884 826 987 877 judi-

223 880 242 888 ²
263 889 290 908 ³
314 893 365 922 ca
383 893 463 922 me.

216 936 337 978 Deus
356 937 514 979 exandi
533 938 775 979 orationem
794 951 949 980 meam:
964 940 987 965 *

166 992 341 1034 aliribus
361 994 538 1046 percipe
556 993 691 1035 verba
710 995 797 1035 oris
816 995 911 1036 mei.

218 1050 432 1100 Quoniam
443 1050 569 1091 alieni
578 1050 905 1092 insurrexerunt
915 1051 986 1092 ad-

164 1107 339 1147 versum
366 1119 451 1155 me,
484 1111 528 1148 et
559 1106 694 1148 fortes
724 1108 987 1159 quaesierunt

165 1162 352 1203 animam
365 1175 521 1204 meam:
541 1164 564 1188 *
584 1168 627 1204 et
646 1176 733 1204 non
748 1166 985 1216 proposue-

164 1223 264 1260 runt
278 1219 421 1260 Deum
436 1224 536 1261 ante
552 1221 835 1272 conspectum
851 1233 986 1261 suum.

215 1275 329 1317 Ecce
358 1276 471 1316 enim
499 1276 620 1317 Deus
648 1275 824 1327 adjuvat
851 1290 935 1318 me:
962 1278 986 1302 *

164 1336 208 1372 et
234 1332 448 1373 Dominus
476 1334 705 1385 susceptor
735 1338 803 1374 est
831 1333 985 1374 animae

162 1400 284 1429 meae.

215 1444 379 1486 Averte
406 1444 520 1485 mala
547 1444 730 1485 inimicis
758 1445 880 1486 meis:
899 1446 922 1470 *
942 1450 985 1486 et

162 1500 206 1540 in
225 1500 409 1542 veritate
427 1504 502 1542 tua
523 1499 728 1552 disperde
746 1500 852 1541 illos.

214 1556 473 1598 Voluntarie
501 1555 756 1598 sacrificabo
783 1556 877 1605 tibi,
897 1557 920 1581 *
941 1562 985 1598 et

163 1612 406 1654 confitebor
451 1613 614 1654 n6mini
659 1617 735 1654 tuo
779 1613 984 1654 D6mine:

163 1669 368 1721 quoniam
386 1669 551 1710 bonum
570 1674 652 1710 est:

214 1725 430 1775 Quc'miam
467 1738 521 1767 ex
557 1726 674 1766 omni
705 1725 984 1767 tribulati6ne

160 1781 357 1833 eripuisti
389 1794 473 1823 me:
500 1782 524 1807 *
557 1786 601 1823 et
629 1794 760 1834 super
786 1782 983 1823 inimicos

160 1850 283 1879 meos
304 1837 505 1890 despexit
525 1837 676 1879 oculus
695 1850 829 1879 meus.

215 1906 308 1940 Post
332 1906 392 1940 Ps.
425 1907 528 1941 Deus
552 1906 592 1941 in
612 1907 766 1942 nomine
789 1910 867 1942 tuo.
899 1908 984 1941 loco

162 1954 222 1989 Ps.
243 1954 496 1990 Confitemini.
523 1955 662 1988 dicitur
686 1965 782 1988 unus
804 1965 851 1988 cx
871 1955 984 1988 infra—

164 2003 318 2046 scriptis
343 2003 518 2047 I'salmis,
544 2004 753 2038 secundum
772 2003 904 2037 Ferius
930 2004 983 2037 <li-

163 2051 323 2085 stinctis.
359 2051 529 2086 Sabbato
555 2055 680 2085 autem
705 2051 881 2085 dicuntur
905 2056 983 2086 tan-

162 2102 241 2133 tum
265 2102 342 2133 tres
366 2099 521 2142 Psalmi,
546 2100 644 2134 sicut
669 2099 707 2132 in
730 2099 865 2133 Festis.

368 2192 516 2228 Feria
543 2191 778 2228 Secunda.

434 2256 630 2296 Psalmus
650 2257 713 2295 23.

162 2315 381 2421 Domini
415 2325 481 2362 est
512 2325 644 2369 terra,
678 2325 721 2362 et
757 2319 981 2372 plenitudo

267 2377 371 2428 ejus:
394 2377 417 2402 *
441 2376 560 2418 orbis
579 2378 808 2425 terrarum,
833 2380 876 2417 et
894 2376 982 2416 uni-

162 2433 276 2473 versi
297 2433 369 2485 qui
388 2433 586 2474 habitant
604 2433 647 2474 in
667 2445 731 2474 eo.

214 2489 324 2539 Quia
351 2489 445 2541 ipse
474 2502 604 2541 super
628 2489 764 2529 maria
787 2487 982 2529 fundavit

163 2557 277 2586 eum:
295 2545 318 2571 *
339 2551 382 2587 et
410 2558 541 2597 super
566 2545 742 2586 flumina
765 2545 981 2596 praepara-

162 2601 224 2642 vit
243 2614 352 2642 eum.

215 2658 321 2708 Quis
354 2656 560 2698 ascendet
597 2657 639 2696 in
671 2660 862 2696 montem
894 2655 980 2695 Do-

1042 241 1167 283 mini?
1186 244 1209 269 *
1229 248 1303 285 aut
1322 244 1417 296 quis
1437 245 1568 288 stabit
1586 246 1628 287 in
1646 246 1744 289 1000
1765 261 1856 289 san-

1044 303 1115 339 cto
1137 298 1248 350 ejus?

1093 355 1308 397 Innocens
1357 357 1555 398 manibus
1604 364 1648 401 et
1695 361 1856 403 mundo

1043 411 1190 461 corde,
1218 413 1241 438 *
1270 413 1343 464 qui
1370 425 1456 454 non
1481 415 1647 466 aceepit
1674 416 1716 456 in
1744 430 1856 458 vano

1043 468 1227 509 animam
1248 481 1384 518 suam,
1409 482 1488 511 nec
1512 471 1666 521 juravit
1688 472 1730 512 in
1754 472 1856 513 dolo

1042 525 1242 576 proximo
1263 538 1354 566 suo.

1092 581 1176 622 Hic
1217 582 1401 634 accipiet
1442 582 1788 625 benedictionem
1832 598 1856 625 a

1040 637 1244 678 DOmino:
1259 637 1282 662 *
1298 642 1342 679 et
1359 639 1699 680 misericordiam
1717 653 1742 681 a
1760 641 1854 682 Deo

1042 693 1220 734 salutari
1239 707 1329 735 suo.

1091 749 1200 791 Haec
1229 755 1295 791 est
1321 751 1544 801 generatio
1574 753 1855 803 quaerentium

1041 818 1155 855 eum,
1191 807 1214 831 *
1253 807 1536 858 quaerentium
1584 808 1738 849 faciem
1774 809 1855 850 Dei

1039 861 1187 903 Jacob.

1090 918 1293 960 Attollite
1338 924 1489 971 portas
1534 921 1750 973 principes
1787 934 1854 962 ve-

1040 979 1168 1024 snas,
1198 980 1242 1016 et
1266 975 1491 1016 elevamini
1515 981 1655 1028 portae
1676 979 1854 1018 aeterna-
1904 1014 1905 1017 ,

1039 1030 1116 1072 les:
1135 1031 1158 1055 *
1178 1036 1221 1072 et
1239 1031 1434 1073 introibit
1452 1032 1548 1073 Rex
1566 1032 1726 1082 gloriae.

1091 1088 1196 1137 Quis
1222 1092 1288 1128 est
1308 1088 1390 1129 iste
1409 1088 1504 1129 Rex
1523 1087 1695 1138 g16riae?
1719 1090 1742 1114 *
1767 1089 1854 1130 Do-

1038 1143 1178 1184 minus
1210 1144 1335 1185 fortis
1367 1149 1411 1185 et
1442 1149 1612 1196 potens:
1643 1145 1854 1186 D6minus

1038 1204 1196 1252 potens
1214 1200 1258 1240 in
1275 1199 1437 1252 praelio.

1090 1256 1292 1298 Attollite
1336 1261 1487 1309 portas
1531 1257 1749 1309 principes
1785 1270 1852 1298 ve-

1039 1317 1166 1362 stras,
1196 1317 1239 1353 et
1263 1312 1488 1354 elevamini
1511 1317 1651 1365 portae
1675 1315 1853 1354 aeterna-

1038 1368 1115 1409 les:
1134 1370 1157 1395 *
1176 1373 1219 1410 et
1238 1368 1432 1411 introibit
1452 1369 1547 1410 Rex
1564 1369 1724 1419 gloriae.

1090 1425 1195 1474 Quis
1220 1430 1287 1466 est
1310 1425 1392 1466 iste
1410 1425 1506 1466 Rex
1533 1423 1704 1475 glOriae?
1724 1426 1746 1450 *
1765 1426 1851 1466 Do'-

1037 1480 1177 1521 minus
1188 1481 1396 1522 virtutum
1406 1481 1499 1533 ipse
1510 1485 1576 1522 est
1587 1481 1681 1521 Rex
1689 1481 1849 1531 gloriae.

1233 1569 1398 1605 Feria
1436 1568 1650 1607 Tertia.

1310 1640 1503 1680 I'salmus
1523 1642 1586 1679 24.

1131 1702 1159 1744 d
1195 1708 1238 1744 te
1273 1703 1458 1743 Domine
1490 1702 1631 1744 levavi
1666 1703 1849 1743 animam

1154 1771 1310 1800 meam:
1324 1759 1347 1784 *
1362 1759 1481 1800 Deus
1495 1771 1617 1800 meus
1631 1759 1674 1799 in
1694 1764 1736 1800 te
1753 1771 1849 1799 con-

1036 1814 1136 1864 fido,
1156 1827 1242 1856 non
1261 1814 1524 1856 erubescam.

1086 1871 1240 1923 Neque
1258 1870 1465 1912 irrideant
1487 1883 1556 1912 me
1578 1870 1735 1911 inimici
1753 1870 1850 1911 mei:

1035 1927 1059 1952 *
1078 1927 1236 1968 etenim
1255 1927 1452 1976 universi,
1474 1927 1546 1979 qui
1565 1926 1777 1967 sustinent
1795 1930 1848 1974 te,

1035 1996 1122 2024 non
1142 1982 1468 2024 confundentur.

1083 2038 1411 2080 Confundantur
1419 2038 1848 2089 omnesiniquaagen-

1035 2100 1102 2136 tes
1121 2095 1144 2120 *
1164 2096 1442 2147 supervacue.

1086 2151 1192 2192 Vias
1233 2155 1330 2191 tuas
1371 2150 1555 2191 D6mine
1600 2148 1848 2190 demonstra

1034 2206 1152 2247 mihi:
1171 2207 1194 2232 *
1214 2212 1258 2248 et
1277 2206 1452 2247 semitas
1472 2211 1568 2247 tuas
1588 2203 1722 2246 edoce
1741 2216 1820 2245 me.

1085 2263 1234 2313 Dirige
1249 2275 1317 2303 me
1332 2262 1375 2302 in
1390 2261 1570 2303 veritate
1585 2264 1668 2308 tua,
1684 2264 1727 2301 et
1739 2259 1847 2301 doce

1033 2332 1122 2360 me:
1153 2319 1176 2344 *
1210 2319 1309 2370 quia
1345 2323 1391 2358 tu
1428 2330 1474 2358 es
1505 2317 1624 2357 Deus
1657 2315 1847 2357 salvator

1033 2387 1166 2423 meus,
1186 2379 1230 2416 et
1248 2379 1291 2415 te
1311 2372 1491 2414 sustinui
1509 2376 1603 2412 tota
1622 2370 1702 2412 die.

1085 2430 1378 2472 Reminiscere
1405 2427 1728 2468 miserationum
1755 2427 1846 2469 tua-

1034 2500 1129 2527 rum
1146 2485 1342 2533 D6mine,
1357 2484 1379 2509 *
1394 2488 1438 2524 et
1456 2482 1844 2524 misericordiarum

1034 2544 1216 2590 tuarum,
1237 2553 1333 2593 quae
1351 2552 1375 2580 a
1394 2538 1554 2580 saeculo
1575 2543 1684 2579 sunt.

1083 2597 1253 2639 Delicta
1263 2595 1494 2647 juventutis
1509 2607 1628 2642 meae,
1638 2594 1661 2620 *
1672 2598 1715 2635 et
1729 2593 1844 2641 igno-

1033 2653 1195 2695 rantias
1213 2664 1331 2692 meas
1350 2663 1402 2692 ne
1421 2650 1675 2692 memineris.
