2066 2956
754 187 930 222 Officium
953 188 1237 223 Defunctoruni.

152 281 250 331 tuis,
269 281 325 323 ad
338 283 563 335 perpetuae
577 281 860 323 beatitadinis
875 295 974 324 con-

153 339 335 380 sortium
353 340 581 391 pervenire
601 337 829 380 concedas.

150 397 406 503 Fidelium
423 402 544 444 Deus
563 402 757 444 omnium
775 402 975 445 conditor

242 463 287 501 et
304 458 571 512 redemptor,
596 458 823 500 animabus
841 459 974 500 famu-

150 515 294 557 lorum
329 515 674 568 famularumque
705 518 878 557 tuarum
910 529 973 558 re-

149 572 401 613 missionem
427 574 685 614 cunctorum
708 572 852 615 tribue
874 585 974 625 pec-

151 630 361 670 catorum:
405 633 454 670 ut
493 628 807 680 indulgentiam
844 642 975 680 quam

150 697 324 737 semper
343 686 623 737 optaverunt,
648 685 733 738 piis
757 685 973 738 supplica-

149 741 341 783 tionibus
375 744 714 793 consequantur:
748 742 832 793 Qui
863 742 974 783 vivis

151 801 195 839 et
230 810 386 849 regnas
424 797 468 839 in
504 797 665 840 saecula
701 798 974 840 saeculorum.

150 855 201 907 R.
223 853 375 896 Amen.

199 914 243 949 In
268 915 330 950 dic
350 925 443 950 vero
466 915 632 950 Coffiem.
658 916 827 950 omniurn
851 915 970 950 Fidel.

149 962 323 997 Defunct.
365 964 519 1007 quando
556 964 627 997 die.
667 964 749 997 haec
786 965 849 998 ult.
882 968 971 998 tant.

150 1010 281 1045 Oratio
307 1011 394 1046 die:
426 1011 501 1053 Qui
523 1011 627 1046 vivis
655 1014 692 1045 et
719 1020 859 1054 regnas
888 1021 974 1046 cum

149 1057 232 1092 Deo
260 1057 374 1093 Patre
406 1059 446 1094 in
475 1059 621 1094 unitate
653 1058 818 1103 Spiritus
850 1059 974 1094 sancti

148 1105 272 1150 Deus,
303 1116 374 1150 per
401 1108 531 1143 omnia
560 1106 704 1142 saecula
733 1107 973 1143 saeculorum.

150 1154 193 1197 R.
217 1154 352 1190 Amen.

217 1208 265 1247 In
286 1207 356 1248 die
377 1207 665 1259 depositionis
684 1208 900 1249 Defuncti.

479 1264 643 1305 Oratio.

220 1318 387 1370 bsolve,
402 1320 651 1371 quaesumus
667 1320 866 1370 Domine,
884 1320 971 1361 ani-

257 1388 374 1416 mam
398 1375 548 1417 famuli
572 1376 636 1418 tui
658 1376 724 1427 N„
751 1381 800 1418 ut
823 1376 971 1418 defan-

147 1435 244 1472 ctus
264 1431 426 1473 saeculo
445 1431 526 1474 tibi
542 1432 674 1474 vivat:
700 1438 744 1474 et
771 1445 869 1485 quae
893 1445 972 1485 per

146 1486 427 1539 fragilitatem
467 1489 608 1530 carnis
647 1489 836 1531 humana
872 1501 971 1530 con-

146 1544 394 1586 versatione
418 1545 650 1596 commisit,
676 1550 726 1587 -tu
749 1546 875 1587 venia
896 1546 971 1587 mi-

147 1600 504 1643 sericordissimae
542 1603 719 1656 pietatis
758 1603 971 1655 absterge.

147 1656 232 1698 Per
249 1656 496 1700 Dominum.

203 1718 244 1753 Si
274 1719 388 1754 fuerit
419 1719 579 1763 femina,
617 1719 689 1753 dic.
721 1720 888 1755 animam
918 1720 971 1755 fa-

146 1765 262 1800 mulae
283 1770 361 1801 tuae
380 1767 440 1810 N.,
461 1770 504 1802 ut
527 1766 717 1803 defuncta.

309 1819 360 1859 In
388 1819 698 1861 Anniversario
728 1818 809 1860 die.
861 1867 864 1871 Ι

479 1879 643 1920 Oratio.

236 1939 312 1969 eus
357 1927 725 1980 indulgentiarum
768 1931 970 1973 Domine:

250 1983 308 2025 da
349 1985 575 2027 animabus
616 1986 878 2029 famulorum
912 1988 970 2030 fa-

148 2039 451 2094 mulatamque
469 2044 660 2093 tuarum,
689 2056 873 2095 quorum
900 2057 971 2086 an-

148 2095 435 2138 niversarium
501 2098 788 2151 depositionis
856 2101 972 2142 diem

148 2155 557 2204 commemoramus,
580 2155 790 2207 refrigerii
809 2155 970 2209 sedem,

150 2209 306 2260 quietis
341 2209 674 2262 beatitudinem,
718 2217 762 2254 et
796 2212 971 2256 himinis

149 2264 400 2308 claritatem.
427 2267 512 2309 Per
529 2268 777 2310 Dominum.

202 2331 244 2366 Si
276 2341 347 2375 pro
380 2341 456 2365 uno
490 2335 636 2365 tantum
670 2332 711 2366 fit
738 2331 971 2366 Anniversa-

151 2379 258 2422 rium,
282 2379 353 2413 dic.
379 2379 417 2413 in
443 2379 630 2422 singulari
653 2389 821 2414 numero.

213 2431 300 2473 Pro
328 2444 415 2472 uno
444 2432 666 2483 Episcopo
695 2431 911 2473 defuncto.

484 2488 647 2529 Oratio.

149 2535 330 2642 Deus,
362 2545 434 2597 qui
466 2545 578 2587 inter
607 2546 876 2599 apostolicos
903 2560 967 2589 sa-

266 2599 469 2643 cerdotes
510 2602 719 2644 famulum
759 2608 882 2644 tuum
921 2602 971 2642 N.

148 2654 388 2705 pontificali
411 2657 552 2700 fecisti
577 2659 788 2710 dignitate
807 2660 967 2711 vigere:

1027 287 1205 335 praesta,
1225 285 1488 335 quaesumus3
1508 290 1556 326 ut
1575 287 1731 327 eorum
1747 297 1851 337 quo-

1030 352 1113 391 que
1140 341 1355 392 perpetuo
1389 344 1648 394 aggregetur
1676 343 1851 384 consor-

1027 396 1099 437 tio.
1126 395 1211 437 Per
1228 396 1474 438 Dominum.

1079 458 1117 491 Si
1152 458 1264 491 suerit
1297 458 1502 494 Sacerdos,
1543 459 1692 493 dicatur
1728 468 1851 494 sacer—

1029 503 1150 539 dotali
1173 503 1308 548 fecisti,
1333 508 1401 540 etc.

1078 554 1152 587 l'ro
1187 554 1368 587 fratribus
1398 565 1490 589 vero
1520 560 1555 589 ct
1585 555 1849 590 familiaribus.

1026 603 1086 637 vel
1112 602 1438 645 benefactoribus,
1470 604 1540 637 die.
1567 604 1708 638 Oratio.
1740 603 1852 645 Deus,

1027 648 1152 683 veniae
1176 648 1344 692 largitor.
1366 655 1406 684 ut
1431 661 1557 694 supra.
1586 649 1678 694 [192]

1199 711 1282 750 Pro
1311 715 1434 761 patre
1464 715 1507 750 et
1534 714 1682 749 matre.

1360 771 1523 811 Oratio.

1114 841 1201 878 eus,
1224 828 1298 881 qui
1315 841 1396 870 nos
1414 833 1587 882 patrem
1607 834 1650 871 et
1668 834 1853 872 matrem

1123 884 1342 927 honorare
1360 886 1626 939 praecepisti:
1645 886 1853 928 miserere

1028 941 1264 984 clementer
1288 942 1514 983 animabus
1538 943 1675 996 patris
1700 948 1743 985 et
1765 957 1852 985 ma-

1026 998 1106 1040 tris
1137 1011 1264 1049 meae,
1303 1002 1543 1052 coramque
1576 1002 1758 1052 peccata
1792 999 1852 1042 di-

1026 1057 1164 1106 mitte;
1191 1068 1348 1108 meque
1373 1068 1450 1098 eos
1474 1056 1518 1096 in
1537 1058 1713 1098 aeternae
1733 1057 1853 1098 clari-

1026 1111 1130 1153 tatis
1154 1111 1316 1163 gaudio
1339 1112 1408 1153 fac
1430 1112 1589 1155 videre.
1623 1113 1708 1155 Per
1726 1114 1853 1154 Dfim.

1079 1172 1118 1206 Si
1154 1172 1193 1206 fit
1227 1182 1297 1215 pro
1332 1173 1508 1216 pluribus
1544 1174 1615 1208 dic.
1651 1174 1852 1209 animabus

1024 1220 1227 1263 parentum
1261 1221 1498 1264 nostrorum,
1539 1226 1574 1256 et
1610 1222 1677 1256 ubi
1713 1222 1852 1255 dieitur

1024 1278 1172 1313 meque,
1196 1268 1346 1302 dicatur
1368 1279 1528 1314 nosque.

1078 1315 1119 1349 Si
1140 1326 1210 1359 pro
1233 1321 1341 1359 patre
1357 1321 1519 1360 tantum,
1544 1317 1695 1352 dicatur
1713 1319 1852 1354 animae

1026 1365 1148 1408 patris
1169 1365 1259 1408 mei,
1281 1365 1344 1398 vel
1364 1366 1498 1401 nostri.

1077 1410 1115 1445 Si
1134 1422 1204 1454 pro
1222 1417 1341 1447 matre
1359 1417 1521 1451 tantum,
1544 1414 1695 1448 dicatur
1714 1415 1852 1450 animae

1026 1460 1159 1495 matris
1175 1471 1283 1505 meae,
1308 1462 1369 1495 vel
1385 1466 1541 1498 nostrae.

1210 1516 1295 1557 Pro
1324 1531 1411 1558 uno
1438 1518 1669 1560 Defuncto.

1358 1579 1523 1621 Oratio.

1024 1628 1215 1735 Inclina
1239 1634 1427 1676 Domine
1461 1648 1611 1677 aurem
1642 1641 1761 1677 tuam
1794 1636 1851 1678 ad

1098 1703 1252 1742 preces
1279 1696 1470 1742 nostras,
1505 1691 1662 1744 quibus
1688 1693 1850 1735 miseri-

1026 1746 1219 1788 cordiam
1246 1752 1366 1789 tuam
1395 1748 1617 1801 supplices
1645 1748 1849 1801 depreca-

1025 1815 1135 1844 mur:
1162 1808 1211 1845 ut
1233 1804 1422 1845 animam
1442 1804 1592 1846 famuli
1610 1805 1690 1855 tui,
1720 1819 1850 1858 quam

1027 1858 1082 1900 de
1104 1859 1190 1901 hoc
1213 1860 1375 1902 saeculo
1398 1862 1586 1913 migrare
1605 1862 1781 1914 jussisti,
1806 1863 1850 1904 in

1026 1916 1149 1967 pacis
1176 1929 1227 1958 ac
1254 1917 1362 1959 lucis
1389 1918 1569 1968 regione
1597 1921 1848 1969 constituas,

1026 1976 1069 2013 et
1091 1971 1351 2015 Sanctorum
1375 1976 1553 2015 tuorum
1578 1974 1727 2027 jabeas
1753 1987 1849 2016 esse

1025 2030 1285 2072 consortem.
1312 2031 1396 2072 Per
1413 2031 1661 2072 Dominum.

1211 2095 1298 2136 Pro
1327 2107 1413 2135 una
1438 2094 1665 2135 Defuncta.

1357 2155 1519 2197 Oratio.

1027 2189 1329 2315 Quaesumus
1346 2211 1546 2261 Domine,
1565 2223 1647 2263 pro
1666 2215 1741 2252 tua
1759 2211 1847 2264 pie·

1126 2270 1215 2309 tate
1246 2269 1453 2310 miserere
1487 2267 1642 2308 animae
1673 2267 1847 2309 famulae

1022 2327 1125 2365 tuae:
1169 2329 1214 2366 et
1254 2337 1279 2365 a
1319 2323 1532 2374 contagiis
1567 2323 1846 2365 mortalitatis

1023 2383 1208 2430 exatam,
1227 2380 1271 2421 in
1288 2382 1464 2422 aeternae
1482 2379 1735 2421 salvationis
1750 2393 1846 2433 par-

1020 2440 1111 2477 tem
1129 2438 1321 2478 restitue.
1347 2437 1432 2478 Per
1450 2436 1697 2477 Dominum.

1077 2489 1127 2539 V.
1154 2493 1368 2545 Requiem
1399 2494 1608 2534 aeternam
1637 2491 1755 2534 dona
1783 2493 1844 2534 eis

1020 2547 1219 2590 Domine.
1250 2549 1368 2601 R1.Et
1382 2548 1456 2590 lux
1470 2549 1686 2601 perpetua
1699 2548 1845 2591 luceat

1021 2617 1094 2646 e1s.

1076 2656 1126 2707 V.
1139 2662 1433 2714 Requiescant
1442 2661 1486 2701 in
1494 2674 1616 2714 pace.
1634 2663 1683 2714 Ru.
1692 2662 1844 2703 Amen.

783 2740 1078 2767 *ΜΗ

302 2851 365 2876 Pars
380 2853 472 2877 verna.
