2028 2892
664 176 766 209 Infra
792 175 1085 209 chdomadam
1112 175 1324 209 Passionis,

139 285 292 313 servos
314 283 456 319 meos,
483 270 711 322 postremo
737 268 967 310 honorabi-

138 328 236 378 lius,
255 328 414 368 fratres
432 338 570 367 meos:
595 325 674 366 sed
691 338 779 375 me,
798 325 884 365 hoc
901 329 968 366 est

137 383 335 425 membra
352 395 467 431 mea,
496 381 654 433 quibus
678 393 760 431 ego
786 394 881 421 sum
900 393 967 421 ca-

138 445 229 492 put.

189 499 240 550 R.
272 495 341 535 Ne
366 494 529 546 perdas
555 506 654 534 cum
679 493 823 544 impiis
847 493 968 532 Deus

140 551 330 592 animam
354 563 516 599 meam,
549 554 594 590 et
618 561 717 590 cum
744 548 848 589 viris
874 550 968 588 san-

137 607 317 657 guinum
354 607 490 647 vitam
528 618 686 646 meam:
723 607 745 630 *
785 603 969 644 Redime

138 676 208 704 me
225 663 425 703 Domine.
459 655 509 707 V.
533 661 668 712 Eripe
691 673 762 701 me
782 660 969 700 Domine

138 719 193 760 ab
218 718 395 759 hemine
419 717 553 766 malo,
582 730 607 757 a
627 717 722 757 viro
747 716 897 767 iniquo
923 715 968 754 li-

136 774 245 816 bera
262 787 343 816 me.
372 773 568 815 Redime.
596 774 664 813 Ne
683 771 856 824 perdas.

192 825 242 876 V.
278 830 411 882 Eripe
448 842 518 870 me
556 827 611 870 de
643 828 828 868 inimicis
859 827 967 868 meis

137 887 260 928 Deus
287 898 423 927 meus.
470 886 519 938 Rv.
546 885 603 925 Et
630 884 685 925 ab
714 883 967 934 insurgenti-

138 942 220 984 bus
239 942 284 983 in
302 954 373 983 me
394 941 531 982 libera
550 953 631 981 me.

191 997 263 1038 Ad
283 997 445 1038 Bened.
476 998 574 1038 Ant.
608 997 804 1048 Tempus
823 1008 968 1036 meum

136 1053 160 1079 *
180 1051 377 1094 nondum
403 1052 599 1101 advenit,
621 1057 796 1104 tempus
822 1056 968 1092 autem

136 1113 332 1151 vestrum
350 1121 525 1161 semper
545 1113 612 1149 est
630 1111 845 1161 paratum.

476 1165 639 1205 Oratio.

137 1216 354 1322 Nostra
372 1221 469 1271 tibi,
494 1220 684 1261 Domine
705 1222 968 1272 quaesumus,

249 1278 336 1319 sint
360 1279 544 1329 accepta
569 1277 738 1328 jejunia:
765 1289 863 1328 quae
888 1289 968 1316 nos

137 1339 181 1375 et
200 1333 432 1386 expiando,
451 1333 592 1384 gratia
611 1337 686 1373 tua
705 1332 860 1383 dignos
881 1332 968 1373 effi-

138 1390 269 1438 ciant,
319 1394 364 1430 et
399 1388 457 1430 ad
492 1387 687 1430 remedia
724 1387 969 1440 perducant

137 1447 312 1487 aeterna.
339 1445 424 1486 Per
443 1445 691 1491 Deminum.

191 1497 243 1550 V.
263 1501 398 1552 Eripe
417 1513 487 1541 me
506 1500 695 1541 Demine
719 1499 774 1540 ab
793 1498 969 1539 homine

137 1558 266 1599 malo.
295 1558 346 1609 R.
366 1557 405 1597 A
422 1556 517 1598 viro
536 1557 687 1608 iniquo
706 1555 825 1607 eripe
844 1567 925 1595 me.

192 1616 265 1658 Ad
284 1616 458 1667 Magnis.
491 1615 591 1654 Ant.
625 1612 719 1653 Vos
745 1609 968 1651 ascendite

137 1671 161 1696 *
181 1669 238 1711 ad
258 1669 375 1711 diem
393 1668 553 1710 festum
571 1667 700 1708 hunc:
719 1679 802 1718 ego
823 1671 969 1707 autem

138 1738 225 1767 non
244 1723 489 1773 ascendam,
511 1724 613 1775 quia
630 1728 805 1775 tempus
824 1734 969 1763 meum

138 1781 334 1823 nondum
353 1779 541 1821 advenit.

478 1838 641 1879 Oratio.

141 1891 257 1997 Da
293 1892 437 1942 nobis,
476 1894 727 1944 quaesumus
764 1889 968 1937 Demine,

240 1950 601 2002 perseverantem
635 1947 679 1987 in
711 1950 786 1986 tua
819 1945 967 1985 volun-

138 2007 230 2046 tate
259 2004 532 2045 famulatum:
564 2007 612 2043 ut
639 2002 682 2042 in
711 2000 866 2042 diebus
894 2012 967 2040 no-

139 2061 239 2102 stris
263 2066 307 2102 et
324 2060 482 2101 merito
507 2064 550 2100 et
573 2061 755 2098 numero
775 2055 967 2108 pepulus

138 2116 219 2158 tibi
238 2116 433 2157 serviens
453 2116 675 2165 augeatur.
702 2112 933 2153 PerDfim.

350 2219 509 2254 Fe'ria
542 2217 756 2264 Quarta.

194 2279 321 2314 Hodie
347 2280 526 2313 dicuntur
550 2277 693 2310 Psalmi
716 2274 942 2309 (straduales.

142 2340 293 2381 Lectio
319 2339 459 2380 sancti
480 2335 707 2386 Evangelii
728 2331 967 2375 secundum

442 2395 467 2434 J
469 2395 667 2434 oannem.

247 2453 399 2493 Lectio
421 2453 444 2491 i.
630 2450 731 2498 (lap.
748 2449 777 2485 1(
790 2451 811 2483 ),
828 2445 865 2484 d.

140 2503 216 2608 In
232 2507 308 2548 illo
323 2508 537 2558 tempore:
556 2505 692 2544 Facta
711 2506 811 2542 sunt
830 2500 966 2540 encae-

202 2564 273 2603 nia
284 2563 327 2603 in
338 2563 362 2603 J
365 2560 638 2612 erosOIymis:
654 2563 697 2599 et
708 2558 848 2597 hiems
863 2558 966 2616 erat.

140 2619 198 2659 Et
222 2617 475 2659 ambulabat
497 2617 522 2656 J
525 2627 624 2656 esus
649 2614 693 2653 in
716 2610 897 2662 templo,
923 2621 967 2648 m

141 2674 315 2726 porticu
333 2672 590 2715 Salomt'mis.
616 2670 674 2710 Et
691 2668 867 2718 reliqua.

1127 270 1318 313 Homilia
1345 271 1481 311 sancti
1508 272 1742 321 Augustini

1324 327 1542 378 Episcopi.

1052 397 1254 430 Tractatus
1272 397 1326 429 48.
1346 397 1382 429 in
1401 396 1599 430 Joanncm.
1617 395 1717 428 cirea
1736 395 1813 428 init.

1046 454 1274 494 ncaenia
1306 454 1518 495 festivitas
1549 460 1641 496 erat
1672 454 1842 497 dedica-

1033 512 1093 555 ,ψ
1118 509 1251 550 tionis
1269 510 1431 561 templi.
1460 511 1615 551 Graece
1635 512 1747 551 enim
1763 524 1842 552 cae-

1020 579 1108 606 non
1138 565 1296 607 dicitur
1323 579 1496 607 novum.
1541 567 1843 615 Quandocum-

1022 635 1106 673 que
1134 634 1298 662 novum
1327 622 1492 674 aliquid
1519 622 1647 663 fuerit
1674 622 1843 663 dedica-

1020 683 1128 726 tum,
1167 678 1360 718 encaenia
1398 680 1618 718 vocantur.
1670 679 1766 718 Jam
1802 684 1844 719 et

1020 746 1124 774 usus
1156 733 1289 774 habet
1320 733 1405 774 hoc
1436 733 1628 774 verbum.
1672 734 1717 775 Si
1749 735 1844 786 quis

1020 802 1135 831 nova
1166 790 1313 830 tunica
1344 789 1566 837 induatur,
1604 790 1844 831 encaeniare

1022 845 1191 886 dicitur.
1215 845 1344 886 Illum
1364 846 1477 886 enim
1493 845 1618 894 diem,
1639 858 1725 897 quo
1741 850 1844 886 tem-

1020 901 1142 953 plum
1171 901 1422 942 dedicatum
1450 906 1536 950 est,
1569 901 1709 942 Judaei
1737 901 1844 942 sole-

1019 958 1177 998 mniter
1210 957 1505 999 celebrabant:
1542 957 1636 1009 ipse
1666 957 1760 998 dies
1788 957 1844 997 fe-

1021 1019 1115 1055 stus
1143 1013 1369 1064 agebatur,
1402 1026 1500 1054 cum
1529 1025 1579 1053 ea
1608 1026 1705 1064 quae
1733 1013 1845 1053 lecta

1021 1073 1131 1118 sunt,
1150 1069 1322 1111 locutus
1342 1075 1407 1110 est
1425 1068 1650 1109 Dominus.

1077 1136 1126 1186 R.
1155 1133 1270 1174 Tota
1299 1133 1370 1174 die
1398 1133 1681 1174 contristatus
1708 1133 1845 1183 ingre—

1021 1188 1173 1230 diebar
1212 1190 1416 1230 Demine:
1459 1189 1663 1240 quoniam
1704 1188 1846 1228 anima

1021 1257 1119 1286 mea
1154 1245 1373 1297 completa
1407 1249 1473 1286 est
1505 1243 1792 1285 illusi6nibus:
1825 1243 1845 1264 *

1022 1302 1078 1342 Et
1105 1301 1193 1341 vim
1221 1301 1454 1349 faciebant,
1490 1300 1562 1351 qui
1592 1299 1846 1351 quaerebant

1022 1357 1211 1398 animam
1243 1369 1395 1397 meam.
1439 1352 1486 1401 Y.
1518 1355 1660 1396 Amici
1689 1356 1774 1396 mei
1803 1359 1846 1395 et

1020 1413 1210 1464 preximi
1235 1413 1321 1453 mei
1344 1410 1576 1452 adversum
1600 1423 1669 1451 me
1689 1422 1844 1462 appro-

1020 1469 1342 1520 pinquaverunt
1370 1472 1414 1508 et
1442 1469 1668 1508 steterunt:
1701 1471 1744 1506 et
1773 1465 1845 1516 qui

1021 1525 1139 1575 juxta
1157 1536 1227 1565 me
1246 1528 1378 1572 erant,
1399 1522 1454 1564 de
1472 1522 1601 1572 longe
1622 1523 1845 1562 steterunt.

1020 1581 1078 1621 Et
1096 1580 1194 1621 vim.

1334 1637 1484 1677 Lectio
1504 1636 1544 1675 ii.

1024 1702 1224 1807 Hiems
1246 1713 1357 1757 erat,
1386 1712 1429 1748 et
1448 1705 1700 1747 ambulabat
1719 1705 1743 1744 J
1746 1717 1845 1745 esus

1131 1766 1173 1805 in
1193 1764 1374 1816 templo,
1400 1764 1443 1803 in
1462 1762 1633 1814 porticu
1651 1760 1844 1802 Salomo-

1020 1822 1097 1862 nis.
1128 1819 1520 1862 Circumdederunt
1539 1829 1642 1867 ergo
1663 1829 1761 1857 eum
1773 1815 1797 1855 J
1800 1828 1842 1855 u-

1022 1877 1117 1927 daei,
1138 1881 1181 1918 et
1201 1875 1404 1917 dicebant
1423 1874 1477 1915 ei:
1500 1874 1738 1923 Quousque
1758 1872 1843 1911 ani-

1019 1947 1136 1974 mam
1155 1936 1350 1973 nostram
1367 1927 1507 1971 tollis?
1529 1929 1574 1970 Si
1592 1933 1640 1969 tu
1660 1940 1707 1968 es
1727 1925 1842 1967 Chri-

1021 1994 1131 2038 stus,
1154 1988 1224 2029 dic
1242 1987 1370 2028 nobis
1388 1985 1544 2038 palam.
1571 1984 1669 2024 Non
1689 1981 1841 2023 verita-

1020 2050 1109 2086 tem
1129 2042 1453 2090 desiderabant,
1482 2038 1561 2081 sed
1585 2037 1841 2080 calumniam

1020 2099 1343 2153 praeparabant.
1378 2097 1531 2138 Hiems
1560 2099 1668 2141 erat,
1702 2097 1745 2133 et
1772 2091 1841 2131 fri-

1019 2156 1110 2207 gidi
1130 2160 1267 2197 erant:
1291 2154 1347 2195 ad
1369 2153 1490 2193 illum
1514 2151 1626 2192 enim
1649 2148 1840 2189 divinum

1019 2213 1164 2263 ignem
1183 2209 1394 2251 accedere
1411 2207 1523 2260 pigri
1542 2208 1675 2246 erant.
1707 2202 1752 2243 Si
1773 2214 1840 2242 ac-

1021 2267 1178 2308 cedere
1198 2270 1264 2307 est
1283 2264 1477 2306 credere:
1502 2261 1575 2313 qui
1594 2258 1747 2307 credit,
1773 2270 1840 2297 ac-

1020 2323 1152 2364 cedit:
1173 2322 1247 2374 qui
1266 2325 1410 2370 negat,
1429 2316 1602 2358 recedit.
1629 2314 1731 2354 Non
1751 2325 1840 2353 mo—

1019 2380 1144 2419 vetur
1172 2377 1314 2418 anima
1340 2373 1540 2426 pedibus,
1576 2369 1654 2411 sed
1681 2368 1840 2409 affecti-

1019 2433 1114 2475 bus.

1078 2499 1128 2548 Ην.
1160 2496 1228 2536 Ne
1265 2495 1436 2534 avertas
1471 2490 1627 2530 faciem
1664 2493 1784 2529 tuam
1815 2500 1840 2527 a

1019 2555 1158 2604 puero
1178 2555 1254 2591 tuo
1273 2545 1472 2589 Domine:
1499 2546 1520 2568 *
1535 2544 1749 2594 Queniam
1769 2545 1839 2583 tri-

1002 2607 1163 2655 ·bulor,
1184 2604 1392 2646 velociter
1413 2600 1571 2642 exaudi
1589 2612 1669 2640 me.
1699 2594 1747 2642 V.
1773 2598 1838 2638 In—

1020 2662 1152 2704 tende
1171 2661 1326 2701 animae
1349 2669 1476 2705 meae,
1504 2661 1548 2697 et
1572 2655 1841 2696 liberaeam:
