2066 2956
695 218 733 250 In
762 217 908 251 Octava
937 217 1031 250 Dedi

201 215 300 261 [150]

1038 217 1203 250 cationis
1229 217 1423 251 Ecclesiae.

200 325 280 354 vos
323 312 545 362 intramuS,
587 325 687 354 cum
724 312 906 354 caritate
951 325 1032 354 nos

200 369 423 421 suscipite:
442 381 640 421 cumque,
651 369 744 409 Pax
763 368 901 418 vobis,
917 369 1033 410 dico:

200 425 256 466 Et
281 437 380 465 cum
407 425 563 476 spiritu
587 430 682 475 tuo,
712 437 801 466 non
826 437 937 466 voce
965 438 1031 466 so-

199 480 300 530 lum,
317 480 396 522 sed
407 481 552 522 animo
567 494 743 534 quoque
755 481 1031 533 respondete.

253 546 301 596 R„
329 541 458 583 Mane
479 554 673 592 surgens.
701 541 806 594 [136]

414 627 463 665 In
491 627 561 665 111.
590 627 815 665 Nocturno.

201 693 352 735 Lectio
379 694 518 735 sancti
538 694 766 745 Evangelii
790 694 1031 736 secundum

524 750 700 792 Lucam.

303 814 453 855 Lectio
475 815 541 853 vii.
749 816 851 865 Cap.
868 815 925 853 19.

197 865 274 970 In
299 868 375 910 illo
400 871 617 922 tempore:
648 871 878 921 Ingressus
901 870 926 910 J
929 883 1030 911 esus

131 932 136 938 ·
264 925 599 978 perambulabat
622 927 645 966 J
650 926 810 968 ericho.
847 927 904 967 Et
927 939 1030 968 ecce

198 982 264 1022 vir
288 982 462 1023 nemine
487 982 715 1023 Zachaeus:
749 988 792 1024 et
819 982 890 1024 hic
916 983 1031 1035 prin-

199 1049 305 1090 ceps
338 1043 432 1079 erat
463 1038 815 1090 publicanorum,
857 1044 901 1081 et
935 1039 1031 1091 ipse

199 1092 334 1135 dives.
371 1094 428 1135 Et
446 1094 623 1146 reliqua.

250 1180 315 1219 De
333 1176 527 1218 Homilia
545 1177 823 1219 Venerabilis
842 1177 978 1219 Bedae

483 1232 746 1284 Presbyteri.

387 1301 508 1335 Paulo
535 1308 623 1345 post
648 1302 846 1345 praedicta.

243 1379 245 1381 -
361 1365 460 1394 cum
487 1351 688 1394 viderent
717 1366 886 1404 omnes,
918 1367 1031 1396 mur·

207 1453 210 1455 ‚
332 1408 580 1459 murabant,
599 1409 810 1460 dicentes,
836 1410 957 1462 quod
975 1410 1032 1452 ad

251 1467 304 1489 ³—
332 1465 554 1506 hominem
582 1468 864 1518 peccatorem
892 1466 1031 1508 diver-

198 1524 336 1563 tisset.
390 1521 671 1563 Manifestum
717 1527 800 1574 est,
851 1522 1032 1564 Judaeos

199 1590 374 1630 semper
407 1576 617 1619 Gentium
651 1577 798 1620 odisse
835 1578 1032 1620 salutem.

198 1633 419 1685 Scriptum
443 1638 510 1674 est
535 1633 665 1674 enim:
691 1634 902 1686 Sequenti
924 1648 1031 1676 vero

199 1688 387 1731 sabbato
405 1701 519 1741 pene
538 1689 743 1730 universa
762 1690 916 1732 civitas
932 1703 1031 1732 con-

198 1745 318 1786 venit
346 1744 497 1786 audire
524 1744 708 1786 verbum
733 1746 829 1787 Dei.
868 1746 1031 1788 Viden—

198 1805 266 1842 tes
309 1805 456 1841 autem
495 1799 649 1842 turbas
690 1801 833 1843 Judaei
873 1802 1032 1855 repleti

201 1860 303 1897 sunt
339 1856 453 1906 zelo,
490 1860 534 1897 et
571 1856 933 1900 contradicebant
966 1858 1031 1908 iis,

201 1924 300 1964 quae
324 1924 349 1952 a
368 1911 505 1952 Paulo
532 1911 802 1954 dicebantur.
837 1914 895 1956 Et
917 1914 1031 1965 alibi,

199 1966 353 2009 fideles
372 1967 503 2008 etiam
518 1967 677 2009 fratres
693 1968 905 2011 adversus
919 1970 1033 2022 Apo-

201 2026 417 2065 stolorum
439 2023 685 2075 principem
713 2024 1032 2077 disceptabant,

201 2078 413 2121 dicentes:
445 2079 591 2128 Quare
617 2079 808 2121 introisti
833 2081 891 2122 ad
914 2082 1032 2122 viros

200 2135 466 2188 praeputium
485 2133 712 2185 habentes,
737 2141 781 2177 et
799 2137 1031 2179 manduca·

191 2191 256 2232 sti
276 2204 375 2233 cum
393 2189 503 2232 illis?

255 2256 305 2305 R.
330 2252 501 2293 Domus
519 2266 628 2294 mea.
656 2252 761 2305 [138]

488 2327 639 2367 Lectio
662 2326 742 2365 viii.

272 2391 368 2428 tans
396 2393 543 2429 autem
571 2387 802 2437 Zachaeus,
840 2387 949 2429 dixit
977 2388 1033 2430 ad

290 2442 541 2485 Deminum:
569 2445 685 2486 Ecce
709 2443 937 2485 dimidium
957 2444 1032 2486 bo·

203 2499 358 2539 norum
372 2502 571 2541 meorum
584 2500 773 2541 Domine
793 2499 851 2541 do
871 2502 1032 2552 paupe-

204 2552 339 2593 ribus:
373 2560 416 2595 et
447 2556 482 2595 si
512 2555 617 2607 quid
645 2556 836 2608 aliquem
863 2555 1032 2597 defrau-

205 2607 317 2657 davi,
336 2609 474 2651 reddo
496 2611 801 2664 quadruplum.
835 2611 946 2652 Aliis
966 2624 1032 2652 ca·
1091 2604 1129 2664 >¹122
1171 2657 1187 2662 w

204 2663 514 2706 lumniantibus
563 2666 784 2708 heminem
831 2670 1032 2719 peccato·
1091 2659 1118 2691 ‘²2³

205 2731 308 2767 rem,
328 2719 422 2771 ipse
441 2721 654 2763 Zachaeus
673 2728 804 2773 stans,
823 2723 868 2764 id
888 2728 965 2772 est,
989 2723 1033 2763 in

1086 327 1138 355 ea
1180 328 1311 367 quam
1352 319 1551 368 co'eperat
1592 314 1697 356 fidei
1731 315 1916 356 veritate

1084 373 1337 422 persistens,
1356 384 1445 413 non
1464 371 1606 413 solum
1625 384 1673 412 se
1693 383 1748 412 ex
1763 383 1916 423 pecca-

1084 428 1181 468 tore
1215 429 1492 477 conversum,
1530 427 1610 470 sed
1642 427 1772 468 etiam
1803 427 1917 468 inter

1084 482 1307 534 perfectos
1346 483 1508 535 probat
1549 495 1647 525 esse
1685 484 1916 524 conversa-

1083 543 1187 580 tum.
1222 539 1407 581 Dicente
1428 539 1543 581 enim
1560 540 1767 581 Domino:
1785 539 1831 581 Si
1849 539 1916 580 vis

1083 595 1305 647 perfectus
1325 608 1439 645 esse,
1460 595 1589 645 vade,
1608 595 1751 637 vende
1771 595 1918 636 Omnia

1086 663 1185 703 quae
1200 650 1348 702 habes,
1368 657 1412 693 et
1427 651 1484 693 da
1498 651 1782 704 pauperibus:
1803 651 1916 704 quis-

1085 707 1183 759 quis
1197 712 1298 749 ante
1314 708 1647 749 conversionem
1660 707 1917 749 innocenter

1084 763 1203 812 vixit,
1223 764 1369 805 omnia
1388 765 1628 805 conversus
1647 768 1796 816 potest
1810 763 1917 805 dare

1085 819 1365 872 pauperibus.

1139 881 1188 931 Rg.
1209 875 1404 928 Lapides
1422 875 1618 928 pretiosi.
1646 876 1752 928 [139]

1386 934 1538 975 Lectio
1559 934 1613 974 ix.

1163 992 1182 1029 t
1202 988 1276 1040 qui
1296 988 1441 1040 aliqua
1459 988 1613 1030 fraude
1629 988 1815 1038 sustulit,
1832 988 1918 1041 pri-

1194 1057 1268 1085 mo
1287 1044 1384 1086 haec
1408 1045 1526 1096 juxta
1549 1044 1694 1095 legem
1717 1044 1916 1095 reddere,

1086 1100 1245 1142 deinde
1262 1100 1383 1153 quod
1399 1100 1482 1141 sibi
1496 1101 1765 1150 remanserit,
1785 1100 1919 1143 debet

1085 1156 1192 1198 dare
1219 1156 1498 1209 pauperibus.
1540 1156 1607 1198 Ac
1639 1157 1702 1198 sic
1735 1162 1779 1198 et
1809 1157 1918 1210 ipse,

1087 1213 1189 1265 quia
1208 1212 1292 1254 sibi
1310 1213 1371 1253 nil
1389 1213 1563 1263 retinet,
1589 1213 1735 1254 omnia
1758 1226 1838 1254 sua
1857 1213 1917 1255 di-

1086 1269 1268 1321 spergit,
1314 1269 1390 1311 dat
1425 1269 1711 1322 pauperibus,
1755 1269 1919 1322 justitia

1086 1326 1177 1377 ejus
1200 1330 1349 1367 manet
1370 1325 1415 1366 in
1435 1325 1645 1367 saeculum
1663 1325 1919 1367 saeculi.‘Et

1084 1381 1181 1423 haec
1207 1386 1275 1423 est
1295 1382 1471 1434 sapiens
1489 1381 1564 1423 illa
1583 1382 1767 1423 stultitia
1785 1387 1919 1434 quam

1085 1437 1141 1479 de
1161 1440 1395 1490 sycomoro
1413 1437 1674 1490 publicanus
1693 1438 1819 1490 quasi
1834 1438 1918 1479 fru-

1086 1499 1204 1536 ctum
1230 1494 1333 1536 vitae
1358 1494 1540 1545 legerat:
1567 1499 1695 1547 rapta
1713 1493 1919 1536 videlicet

1084 1549 1288 1599 reddere,
1316 1550 1497 1602 propria
1524 1550 1788 1603 relinquere,
1820 1550 1918 1591 visi-

1083 1606 1188 1647 bilia
1207 1608 1504 1656 contemnere,
1526 1619 1609 1659 pro
1628 1606 1918 1648 invisibilibus

1085 1662 1217 1703 etiam
1253 1663 1368 1704 mori
1405 1662 1677 1714 desiderare,
1723 1664 1919 1716 seipsum

1085 1718 1322 1769 abnegare,
1350 1723 1395 1760 et
1418 1719 1524 1770 ejus,
1554 1719 1629 1771 qui
1651 1718 1841 1760 necdum
1858 1719 1917 1760 vi-

1085 1773 1253 1823 deatur,
1271 1774 1452 1816 Domini
1470 1775 1658 1826 vestigia
1677 1775 1803 1827 sequi
1817 1787 1917 1816 con-

1086 1833 1325 1883 cupiscere.

1140 1889 1201 1929 Te
1221 1887 1366 1928 Deum
1384 1886 1625 1928 laudamus
1644 1888 1704 1928 15.

1293 1958 1709 1988 *W—

1382 2024 1431 2063 In
1454 2023 1622 2064 Octava

1169 2080 1532 2131 Dedicationis
1563 2081 1832 2132 Ecclesiae.

1411 2157 1597 2209 Duplex.

1140 2221 1277 2255 Omnia
1307 2226 1347 2255 ut
1372 2222 1411 2255 in
1437 2222 1515 2258 die.
1547 2226 1689 2264 praeter
1712 2218 1917 2254 Lectiones

1087 2272 1131 2305 Π.
1156 2269 1356 2303 Nocturni.

1108 2337 1175 2376 Ex
1193 2334 1395 2386 Epistola
1413 2334 1556 2386 prima
1575 2334 1715 2375 sancti
1733 2333 1892 2375 Felicis

1345 2389 1481 2442 Papae
1503 2390 1658 2442 quarti.

1207 2452 1263 2485 De
1290 2451 1471 2485 Consecr.
1497 2451 1584 2484 dist.
1611 2450 1639 2483 1.
1665 2458 1746 2492 cap
1767 2448 1797 2482 2.

1391 2503 1543 2543 Lectio
1563 2503 1616 2542 iv.

1099 2575 1128 2601 ,ς
1160 2556 1522 2607 ,sabernaculum
1540 2556 1742 2608 Moysen,
1767 2556 1916 2596 Demi·

1164 2604 1203 2657 ξιξ,
1224 2625 1281 2653 no
1296 2612 1592 2664 praecipiente,
1611 2612 1768 2653 fecisse
1789 2616 1833 2652 et
1852 2624 1916 2652 sa·

1223 2670 1388 2716 crasse,
1417 2680 1516 2708 cum
1540 2679 1693 2708 mensa
1718 2673 1762 2709 et
1788 2667 1917 2708 altari

1086 2724 1192 2774 ejus,
1219 2728 1262 2765 et
1281 2723 1439 2764 ceteris
1459 2723 1575 2764 vasis
1595 2728 1639 2765 et
1657 2723 1916 2765 utensilibus
