2066 2956
207 203 304 247 [350]

206 297 378 345 vinitas3
403 308 502 336 cum
527 294 658 335 morti
684 292 887 335 addictus
910 295 1035 345 puta-

205 358 291 401 tur,
324 358 429 393 tunc
455 351 590 400 Regis
618 349 679 390 illi
704 349 1036 391 honorificentia

207 408 440 450 deferatur.
481 408 571 447 Iste
606 406 720 447 enim
751 404 895 447 fidelis
922 406 1035 446 latro

205 477 292 505 non
312 462 499 504 credidit
518 462 794 511 moriturum,
816 474 946 514 quem
965 474 1035 502 an-

207 519 377 560 nuntiat
391 522 688 570 regnaturum3
703 530 791 559 non
805 523 930 570 putat
946 517 1037 559 sub-

206 575 398 617 dendum
429 575 596 623 inferis,
630 587 762 626 quem
792 573 1034 615 dominatu-

206 644 301 672 rum
327 630 561 672 confitetur
584 630 628 670 in
655 629 786 679 coelo3
813 642 902 671 non
925 628 1035 670 arbi·

204 690 346 728 tratur
365 700 464 728 eum
480 685 598 738 apud
612 688 825 727 tartarum
840 685 1036 734 detineri,

210 756 234 784 a
268 756 356 794 quo
387 755 434 784 se
466 742 596 785 etiam
621 741 818 795 postulat
848 741 1037 782 liberari.

208 799 368 840 Cernat
399 798 502 840 licet
533 799 624 850 ejus
653 797 818 839 hiantia
844 796 1036 847 vulnera,

205 859 376 906 spectet
395 854 533 906 ipsius
550 854 805 904 sanguinem
819 853 1035 905 profluen-

205 916 313 959 tem,
353 911 497 952 Deum
530 915 676 951 tamen
708 909 866 958 credit,
905 922 1036 960 quem

205 979 327 1008 reum
344 966 497 1015 nescit;
523 967 684 1018 justum
703 966 878 1015 fatetur,
905 978 1037 1017 quem

206 1035 293 1064 non
310 1022 508 1064 meminit
526 1023 818 1075 peccatorem.

262 1087 322 1128 Te
341 1087 484 1127 Deum
502 1084 742 1127 laudamus.
762 1086 820 1127 15.

472 1174 551 1214 Ad
573 1173 771 1215 Laudes

427 1240 474 1269 ct
512 1246 600 1278 per
636 1236 817 1270 Horas

262 1297 359 1335 Ant.
387 1296 412 1333 1.
443 1292 576 1332 Latro
605 1291 827 1334 Christum
852 1293 876 1320 *
901 1292 1035 1334 cruci-

208 1347 344 1388 fixum
371 1346 567 1397 videbat,
596 1353 639 1389 et
667 1348 835 1399 Regem
862 1349 1035 1390 invoca-

207 1402 293 1452 bat,
313 1402 478 1444 dicens:
498 1403 686 1445 Domine
705 1407 925 1447 memento
939 1405 1036 1454 mei,

211 1472 308 1500 cum
327 1460 497 1500 veneris
515 1460 559 1500 in
578 1472 762 1511 regnum
780 1466 915 1511 tuum,
936 1461 1036 1503 alle-

208 1515 305 1566 luja.

267 1575 330 1613 l’s.
360 1572 571 1613 Dominus
591 1573 801 1623 regnavit.
822 1574 882 1614 16.

261 1640 296 1678 2.
327 1637 407 1688 Qui
431 1650 501 1679 me
526 1638 752 1679 confessus
772 1640 795 1664 *
815 1639 947 1681 fuerit
967 1652 1036 1681 co-

209 1705 301 1733 ram
323 1693 587 1743 hominibus,
618 1694 863 1735 confitebor
886 1701 930 1737 et
954 1709 1036 1747 ego

210 1761 309 1789 eum
328 1761 477 1790 coram
495 1750 626 1791 Patre
645 1762 756 1799 meo,
776 1750 959 1803 alleluja.

265 1816 300 1853 3.
331 1817 437 1854 Cum
462 1813 726 1856 conturbata
749 1815 880 1857 fuerit
898 1816 922 1842 *
947 1816 1035 1856 ani-

209 1881 280 1909 ma
294 1881 391 1910 mea
405 1869 604 1919 Domine,
619 1870 936 1913 misericordiae
950 1885 1037 1914 me-

210 1937 307 1966 mor
326 1925 423 1975 eris,
442 1925 624 1977 alleluja,
643 1926 825 1979 alleluja.

263 1992 299 2029 4.
341 1989 518 2030 Salvum
550 2004 620 2031 me
652 1991 757 2033 fecit
784 1994 808 2019 *
837 1991 1037 2034 Christus

211 2044 499 2098 Redemptor,
525 2046 599 2098 qui
624 2046 749 2088 dixit:
779 2048 925 2090 Hodie
951 2061 1037 2090 me-

211 2114 309 2142 cum
329 2102 415 2142 eris
434 2102 478 2142 in
498 2102 714 2155 paradiso,
735 2103 917 2157 alleluja,
937 2105 1037 2147 alle-

211 2156 306 2208 luja,
325 2157 506 2209 alleluja.

266 2221 301 2259 5.
333 2221 406 2263 Ille
432 2222 504 2274 qui
526 2222 627 2264 talis
645 2223 669 2249 *
689 2222 746 2265 ad
770 2236 944 2265 crucem
967 2238 1037 2267 ve-

212 2276 274 2318 nit
301 2289 354 2318 ex
380 2277 524 2329 culpa,
553 2291 655 2320 ecce
684 2280 826 2331 qualis
854 2293 879 2321 a
908 2293 1037 2323 cruce

213 2332 377 2428 {clzlcedit
397 2346 450 2374 ex
469 2335 625 2385 gratia,
649 2335 831 2388 alleluja,
856 2336 1037 2389 alleluja,

272 2401 295 2429 e
314 2401 392 2439 ula.

319 2466 575 2515 Capitulum.
796 2470 847 2507 ls.
868 2470 933 2507 59.

297 2541 371 2570 cce
396 2543 483 2571 non
512 2537 580 2573 est
603 2532 859 2575 abbreviata
883 2547 1037 2575 manus

322 2584 512 2635 Domini,
551 2594 599 2629 ut
631 2589 801 2631 salvare
833 2592 1037 2642 nequeat:

212 2652 354 2691 neque
379 2646 614 2692 aggravata
634 2651 701 2686 est
720 2646 836 2687 auris
857 2647 964 2697 eius,
990 2653 1037 2688 ut

213 2708 300 2736 non
319 2696 533 2739 exaudiat.

628 207 697 240 Dic
722 207 772 240 21.
798 206 955 249 Aprilis,
1003 207 1037 238 S.
1064 205 1159 238 Boni
1188 204 1366 238 Latronis
1392 204 1500 236 Cous.

1396 297 1607 348 Hymnus.

1211 374 1289 403 esu
1308 361 1583 414 Redemptor
1603 361 1807 411 omnium,

1233 417 1407 459 Corona
1428 418 1742 466 confitentium,

1192 475 1243 514 In
1262 474 1345 515 hac
1364 473 1435 515 die
1455 473 1713 516 clementius

1192 529 1427 580 Indulgeas
1445 530 1740 582 precantibus.

1150 597 1227 638 'Fui
1248 598 1362 639 sacri
1383 610 1469 650 qua
1487 597 1675 638 nominis

1193 653 1430 695 Confessor
1450 653 1590 694 almus
1610 653 1777 703 claruit,

1192 710 1333 761 Hujus
1354 709 1549 752 celebrat
1570 713 1715 751 annua

1192 767 1367 808 Devota
1386 766 1515 820 plebs
1535 766 1760 807 solemnia.

1146 836 1281 887 llujus
1300 835 1515 886 benignus
1535 837 1679 876 annue

1194 891 1530 932 Confessionem
1547 904 1628 933 nos
1648 891 1788 943 sequi:

1192 947 1334 999 Hujus
1352 949 1548 1000 precatu,
1567 947 1754 989 servulis

1192 1003 1376 1044 Dimitte
1394 1015 1558 1044 noxam
1577 1003 1780 1044 criminis.

1145 1071 1202 1113 Ut
1221 1071 1281 1112 sis
1299 1073 1493 1124 perenne
1511 1071 1732 1113 mentibus

1193 1126 1417 1177 Paschffle,
1436 1127 1461 1168 J
1464 1140 1553 1177 esu,
1570 1126 1792 1178 gaudium,

1193 1182 1235 1223 A
1253 1187 1397 1224 morte
1418 1183 1513 1224 dira
1532 1183 1762 1225 criminum

1192 1239 1310 1280 Vitae
1331 1241 1511 1281 renatos
1530 1238 1681 1281 libera.

1143 1307 1237 1348 Deo
1255 1307 1377 1349 Patri
1397 1307 1452 1348 sit
1470 1307 1622 1358 gloria,

1192 1363 1250 1404 Et
1269 1362 1392 1413 Filio,
1413 1363 1488 1415 qui
1507 1376 1532 1404 a
1549 1364 1736 1404 mortuis

1193 1419 1402 1469 Surrexit,
1421 1432 1473 1461 ac
1491 1419 1724 1469 Paraclito‚

1147 1516 1153 1521 ,
1194 1477 1244 1516 In
1263 1476 1532 1529 sempiterna
1550 1475 1724 1517 saecula.

1403 1533 1559 1574 Amen.

1145 1596 1194 1647 V.
1214 1601 1366 1643 Vitam
1383 1601 1511 1654 petiit
1530 1614 1558 1643 a
1574 1606 1636 1652 te,
1662 1605 1706 1642 et
1729 1601 1925 1644 tribuisti

1089 1657 1129 1697 ei
1149 1657 1353 1707 Domine,
1373 1657 1556 1710 alleluja.
1587 1657 1637 1708 R.
1660 1657 1860 1699 Gloriam
1878 1662 1924 1700 et

1088 1726 1295 1764 magnum
1328 1713 1535 1756 decorem
1570 1714 1823 1766 imposuisti
1854 1727 1922 1756 su-

1089 1781 1168 1821 per
1188 1782 1299 1820 eum,
1323 1769 1508 1822 alleluja.

1146 1838 1216 1879 Ad
1239 1837 1398 1878 lsscncd.
1430 1838 1529 1891 Ant.
1560 1838 1633 1880 Ait
1651 1839 1766 1880 latro
1785 1837 1843 1880 ad
1861 1838 1920 1880 la·

1089 1895 1277 1935 tronem:
1304 1894 1400 1936 Nos
1430 1895 1611 1947 quidem
1637 1894 1769 1946 digna
1797 1895 1923 1936 factis

1089 1950 1339 2002 recipimus3
1372 1950 1444 1992 hic
1477 1956 1626 1993 autem
1661 1950 1768 2004 quid
1795 1949 1923 1992 fecit?

1090 2005 1311 2048 Memento
1331 2007 1418 2049 mei
1436 2007 1644 2057 Domine,
1672 2007 1779 2050 dum
1797 2009 1923 2050 vene-

1090 2063 1148 2158 fis
1168 2063 1212 2103 in
1237 2076 1421 2114 regnum
1438 2069 1580 2115 tuum,
1608 2063 1797 2116 alleluja,
1823 2063 1923 2106 alle-

1106 2131 1186 2169 ula.

1431 2194 1593 2234 Oratio.

1172 2259 1424 2310 mnipotens
1448 2263 1492 2300 et
1514 2259 1766 2300 misericors
1789 2259 1924 2309 Deus,

1187 2313 1261 2365 qui
1280 2314 1488 2364 justificas
1508 2315 1679 2367 impios,
1698 2320 1743 2356 te
1758 2315 1924 2368 suppli-

1090 2382 1163 2411 ces
1188 2372 1438 2411 exoramus:
1464 2375 1514 2411 ut
1540 2383 1622 2412 nos
1645 2371 1836 2422 benigno
1861 2371 1922 2412 in-

1088 2426 1214 2475 tuitu,
1235 2438 1323 2477 quo
1344 2425 1603 2476 Unigenitus
1620 2432 1723 2469 tuus
1741 2426 1923 2468 beatum

1088 2482 1222 2522 traxit
1246 2481 1478 2531 latronem,
1504 2482 1561 2524 ad
1585 2482 1763 2534 dignam
1785 2483 1923 2535 poeni-

1088 2537 1270 2579 tentiam
1295 2539 1531 2590 provoces;
1557 2544 1601 2580 et
1626 2538 1762 2587 illam,
1791 2551 1922 2590 quam

1090 2593 1129 2634 ei
1147 2594 1365 2645 promisit,
1391 2593 1560 2635 tribuas
1583 2594 1713 2636 nobis
1737 2594 1922 2644 gloriam

1090 2650 1412 2701 sempiternam.
1444 2650 1529 2691 Per
1549 2649 1752 2692 eumdem
1771 2651 1919 2691 Domi·

1089 2718 1193 2745 num
1210 2711 1420 2747 nostrum.
