2028 2892
219 173 284 208 352

220 274 334 317 sunt,
368 280 466 319 quae
495 280 574 308 vos
602 267 801 309 reficiunt
831 268 874 308 in
902 271 1038 316 utero,

222 330 267 366 ut
285 326 461 365 renatos
481 336 534 364 ex
552 323 770 376 baptismo
786 324 945 365 hilares
959 336 1038 364 vos

220 386 356 422 mater
376 379 579 421 exhibeat
598 379 782 421 Christo.

274 451 323 501 R.
348 445 541 497 Tempus
570 451 653 493 est‚
685 451 731 486 ut
763 447 955 486 revertar
984 444 1039 486 ad

219 514 331 550 eum,
353 501 425 552 qui
448 514 517 542 me
536 501 665 549 misit,
691 500 794 542 dicit
814 501 1039 542 Dominus:

219 558 352 599 nolite
373 558 629 607 contristari,
649 570 728 599 nec
746 557 943 599 turbetur
964 570 1039 598 cor

219 620 426 656 vestrum:
442 620 464 643 *
480 614 607 665 Rogo
623 627 704 667 pro
720 614 845 656 vobis
856 615 1039 662 Patrem,

219 677 266 712 ut
285 671 380 723 ipse
399 683 478 712 vos
498 670 725 720 custodiat,
745 670 924 723 alleluja,
941 670 1038 712 alle-

219 727 314 777 luja.
340 724 388 775 V
411 727 507 768 Nisi
526 740 607 777 ego
626 727 786 776 abiero,
799 727 1039 768 Paraclitus

218 796 305 824 non
329 783 488 825 veniet:
512 796 609 824 cum
633 786 881 835 assumptus
906 783 1038 830 fuero,

218 839 385 881 mittam
403 839 527 881 vobis
545 852 652 880 eum.
681 839 833 889 Rogo?

527 934 678 974 Lectio
700 948 735 973 v.

223 994 499 1103 Ncepistis
532 1000 574 1036 et
605 994 864 1047 symbolum,
894 1000 1038 1047 prote-

335 1051 523 1092 ctionem
567 1050 845 1103 parturientis
889 1056 1039 1092 contra

220 1109 384 1148 venena
416 1107 639 1159 serpentis.
683 1107 733 1146 In
770 1107 1039 1159 ApocaIYpsi

218 1164 243 1204 J
246 1163 396 1204 oannis
411 1163 615 1215 Apostoli
635 1163 844 1216 scriptum
862 1169 927 1205 est
944 1163 1038 1214 hoc,

220 1219 338 1271 quod
377 1224 511 1261 staret
548 1219 681 1261 draco
719 1219 762 1259 in
801 1221 1039 1272 conspectu

218 1275 419 1324 mulieris,
436 1288 533 1327 quae
549 1275 743 1328 paritura
761 1281 863 1324 erat,
877 1281 924 1317 ut
942 1288 1039 1317 cum

218 1334 475 1384 peperisset,
498 1338 646 1373 natum
670 1333 759 1382 eius
779 1331 1038 1374 comederet.

219 1388 465 1430 Draconem
497 1387 719 1429 diabolum
751 1401 866 1437 esse,
897 1387 1038 1429 nullus

218 1450 409 1486 vestrum
440 1445 627 1494 ignorat:
662 1444 887 1486 Mulierem
922 1444 1039 1486 illam

218 1500 441 1551 Virginem
452 1500 633 1541 Mariam
647 1500 925 1551 significasse,
941 1513 1038 1552 quae

219 1562 349 1610 caput
386 1562 582 1598 nostrum
620 1559 788 1607 integra
825 1559 1039 1607 integrum

218 1613 405 1666 peperit3
439 1626 537 1664 quae
569 1613 698 1654 etiam
728 1613 824 1666 ipsa
856 1613 1039 1663 figuram

218 1670 261 1709 in
284 1682 331 1711 se
356 1675 518 1711 sanctae
537 1669 746 1711 Ecclesiae
771 1669 1037 1711 demonstra-

219 1726 298 1767 vit:
339 1730 387 1767 ut
423 1724 645 1776 quemodo
684 1725 819 1766 filium
855 1726 1039 1778 pariens,

220 1782 342 1832 virgo
367 1781 621 1834 permansit,
650 1781 709 1823 ita
735 1787 778 1823 et
802 1781 897 1823 haec
923 1782 1038 1823 omni

204 1839 416 1890 >tempore
450 1837 644 1879 membra
677 1838 766 1889 ejus
800 1838 959 1890 pariat,
996 1843 1039 1879 et

218 1893 507 1944 virginitatem
548 1906 635 1935 non
677 1895 855 1935 amittat.
913 1894 1038 1946 Ipsas

218 1950 452 1992 sententias
470 1950 748 1991 sacratissimi
766 1949 951 2002 symboli
966 1949 1037 1991 ad-

218 2007 389 2058 juvante
417 2006 604 2048 Demino
637 2005 918 2058 exponendas
947 2019 1036 2047 sus-

219 2062 426 2115 cepimus,
460 2067 522 2110 ut,
555 2061 659 2113 quid
690 2062 871 2112 singulae
903 2065 1036 2104 conti-

218 2124 357 2167 neant,
381 2118 536 2160 vestris
562 2118 759 2159 sensibus
782 2118 1037 2160 intimemus.

218 2175 375 2216 Parata
394 2180 493 2217 sunt
510 2173 644 2217 corda
663 2179 821 2222 vestra,
848 2175 947 2226 quia
967 2187 1036 2216 ex-

219 2231 365 2272 clusus
402 2238 468 2273 est
506 2232 701 2272 inimicus
741 2229 796 2272 de
832 2230 1037 2273 cordibus

219 2287 384 2329 vestris.

272 2354 320 2403 R.
346 2352 447 2394 Non
480 2351 679 2394 turbetur
715 2364 791 2393 cor
827 2358 1036 2393 vestrum:

221 2419 301 2457 ego
329 2408 443 2450 vado
471 2408 527 2450 ad
554 2409 744 2450 Patrem:
776 2414 818 2450 et
847 2422 943 2450 cum
973 2423 1036 2450 as-

221 2466 417 2515 sumptus
437 2465 559 2506 fuero
579 2478 604 2506 a
623 2464 759 2513 vobis,
777 2465 943 2506 mittam
963 2478 1035 2506 vo-

220 2517 303 2567 bis,
336 2519 521 2571 alleluja:
550 2524 571 2547 *
598 2520 805 2573 Spiritum
833 2521 1036 2570 veritatis,

221 2579 263 2614 et
292 2574 496 2623 gaudebit
523 2589 599 2618 cor
625 2583 831 2626 vestrum,
857 2576 1036 2628 alleluja.
1089 2565 1168 2602 ²25³*

222 2626 270 2676 V.
296 2630 390 2680 Ego
417 2632 582 2682 rogabo
611 2633 801 2682 Patrem,
833 2638 875 2673 et
907 2632 1036 2673 alium

220 2685 479 2727 Paraclitum
505 2687 624 2730 dabit
650 2688 785 2731 vobis.
821 2688 1036 2741 Spiritum.

828 177 866 210 ln
894 176 1034 217 N'igilia
1062 176 1314 208 l‘cntecostcs.

1395 270 1545 310 Lectio
1568 269 1618 308 vi.

1096 324 1254 430 Huic
1302 344 1382 372 vos
1430 332 1674 373 renuntiare
1723 332 1908 385 professi

1212 387 1331 428 estis:
1352 387 1394 427 in
1419 400 1504 439 qua
1522 387 1804 440 professione,
1823 401 1910 430 non

1092 442 1347 492 hominibus,
1367 442 1444 485 sed
1460 443 1555 484 Deo
1571 449 1613 485 et
1628 444 1805 494 Angelis
1821 445 1910 497 ejus

1093 498 1464 540 conscribentibus
1483 499 1662 549 dixistis,
1681 500 1910 542 Renuntio.

1094 555 1354 597 Renuntiate
1370 568 1455 596 non
1471 555 1611 596 solum
1626 555 1816 606 vocibus,
1832 556 1909 598 sed

1093 611 1222 653 etiam
1249 610 1458 652 moribus:
1489 624 1575 653 non
1607 618 1773 654 tantum
1801 626 1909 654 sono

1092 667 1260 718 linguae,
1284 666 1361 709 sed
1385 674 1427 709 et
1452 673 1550 710 actu
1573 668 1690 710 vitae:
1715 681 1796 711 nec
1819 674 1908 710 tan-

1092 729 1182 765 tum
1210 724 1334 766 labiis
1363 723 1631 775 sonantibus,
1663 724 1741 766 sed
1771 725 1909 778 operi-

1093 779 1173 821 bus
1200 780 1592 833 pronuntiantibus.
1641 780 1803 823 Scitote
1831 794 1910 823 vos

1093 849 1190 877 cum
1210 835 1379 886 callido,
1402 839 1591 888 antiquo,
1616 843 1658 879 et
1678 840 1910 879 veternoso

1092 891 1264 933 inimico
1292 895 1537 945 suscepisse
1563 895 1797 935 certamen:
1823 906 1910 934 non

1092 948 1133 987 in
1166 948 1290 990 vobis
1325 954 1426 1000 post
1458 948 1817 991 renuntiationem
1850 949 1909 990 in-

1093 1004 1235 1046 veniat
1259 1007 1393 1057 (Spera
1419 1017 1507 1054 sua,
1530 1017 1617 1046 non
1639 1006 1729 1057 jure
1748 1018 1827 1047 vos
1849 1008 1908 1048 at-

1092 1059 1234 1101 trahat
1254 1061 1295 1100 in
1316 1061 1568 1102 servitutem
1587 1074 1718 1102 suam.
1746 1061 1908 1115 Depre-

1091 1115 1292 1157 henderis
1322 1117 1451 1166 enim,
1480 1123 1522 1158 et
1549 1116 1763 1168 detegeris
1791 1117 1909 1159 Chri-

1092 1172 1243 1221 stiane,
1268 1172 1441 1224 quando
1462 1172 1579 1215 aliud
1598 1174 1703 1224 agis,
1727 1179 1771 1215 et
1793 1173 1910 1216 aliud

1091 1228 1327 1280 profiteris:
1353 1228 1494 1270 fidelis
1516 1229 1559 1269 in
1582 1229 1768 1279 nemine,
1793 1229 1910 1272 aliud

1092 1282 1394 1326 demonstrans
1419 1285 1462 1325 in
1484 1287 1628 1338 opere,
1651 1298 1738 1326 non
1758 1291 1909 1327 tenens

1091 1340 1390 1392 promissic'mis
1411 1347 1498 1382 tuae
1522 1340 1668 1382 fidem:
1693 1340 1826 1383 modo
1849 1342 1907 1382 in-

1090 1395 1291 1446 grediens
1317 1397 1543 1438 ecclesiam
1572 1398 1789 1439 orationes
1818 1397 1908 1440 fun-

1091 1451 1205 1502 dere,
1227 1459 1328 1505 post
1347 1453 1566 1495 modicum
1587 1454 1630 1495 in
1650 1454 1909 1507 spectaculis

1091 1521 1189 1549 cum
1211 1508 1491 1552 histrionibus
1514 1509 1730 1563 impudice
1755 1511 1908 1552 clama-

1091 1577 1148 1606 re.
1180 1564 1294 1615 Quid
1318 1566 1397 1608 tibi
1419 1579 1516 1608 cum
1540 1567 1713 1620 pompis
1736 1566 1909 1618 diaboli,

1092 1621 1248 1673 quibus
1267 1622 1545 1664 renuntiasti?

1144 1692 1194 1743 R.
1218 1686 1474 1729 Ascendens
1493 1687 1700 1729 Christus.
1727 1689 1818 1730 323.

1310 1779 1358 1817 In
1379 1778 1450 1816 111.
1472 1777 1692 1816 Nocturno.

1091 1839 1243 1883 Lectio
1267 1840 1406 1882 sancti
1424 1840 1647 1891 Evangelii
1671 1841 1908 1884 secundum

1387 1896 1610 1940 Joannem.

1168 1967 1319 2008 Lectio
1339 1967 1405 2007 vii.
1594 1970 1695 2020 Cap.
1717 1970 1773 2008 14.
1795 1968 1832 2009 b.

1088 2018 1164 2125 In
1190 2022 1264 2063 illo
1293 2023 1508 2074 tempore:
1548 2022 1667 2064 Dixit
1693 2024 1818 2065 Jesus
1847 2024 1906 2066 di—

1162 2078 1339 2132 scipulis
1376 2078 1479 2119 suis:
1531 2079 1575 2119 Si
1612 2078 1788 2130 diligitis
1822 2094 1907 2130 me,

1088 2135 1291 2177 mandata
1316 2147 1412 2176 mea
1438 2137 1619 2176 servate.
1652 2136 1707 2178 Et
1732 2149 1813 2187 ego
1840 2150 1905 2178 ro-

1088 2191 1202 2243 gabo
1221 2192 1409 2240 Patrem,
1431 2197 1474 2233 et
1497 2191 1626 2232 alium
1646 2193 1906 2235 Paraclitum

1089 2247 1209 2290 dabit
1225 2248 1361 2290 vobis.
1388 2247 1444 2290 Et
1462 2248 1638 2300 reliqua.

1093 2332 1279 2375 Homilia
1292 2332 1430 2374 sancti
1443 2331 1675 2383 Augustini
1688 2331 1906 2385 Episcopi.

1155 2404 1277 2439 Tract.
1295 2405 1345 2439 74.
1365 2406 1400 2439 in
1418 2406 1555 2440 Jounn.
1573 2406 1643 2439 sub
1662 2405 1721 2438 fin.
1739 2409 1774 2438 ct
1791 2403 1841 2437 75.

1097 2480 1106 2489 r
1154 2470 1191 2513 ἡ
1211 2461 1299 2503 uod
1326 2462 1401 2511 ait,
1428 2462 1615 2512 Rogabo
1643 2462 1830 2511 Patrem,
1862 2469 1905 2504 et

1091 2518 1094 2537 ¹
1116 2510 1167 2564 ’,μὴ
1228 2518 1357 2559 alium
1389 2518 1648 2559 Paraclitum
1681 2517 1800 2559 dabit
1830 2531 1902 2559 vo-

1225 2575 1308 2616 bis:
1332 2573 1521 2616 ostendit
1538 2579 1582 2616 et
1599 2576 1789 2626 seipsum
1809 2587 1903 2615 esse

1088 2631 1358 2673 paraclitum.
1384 2630 1622 2671 Paraclitus
1641 2630 1753 2670 enim
1774 2630 1903 2672 latine

1089 2687 1245 2730 dicitur
1276 2686 1529 2728 advocatus:
1568 2691 1611 2727 et
1644 2685 1807 2728 dictum
1839 2692 1904 2728 est
