2066 2956
475 174 650 208 Officium
676 173 847 207 votivum
874 172 918 206 dc
945 173 990 205 Ss

274 271 464 313 Homilia
490 271 631 313 sancti
653 271 889 322 Augustini

467 328 691 381 Episcopi.

267 398 388 431 'Pl-aet.
406 397 457 430 ¹37.
476 397 513 430 in
531 397 668 429 Joamu.
688 399 773 428 unte
792 395 887 427 med.

172 466 180 515 ⁷3
197 475 261 513 fx
293 458 460 508 iximus,
476 457 644 507 fratres,
657 457 742 499 hoc
751 457 991 498 Dominum

177 510 265 562 {727²}
309 513 642 556 commendasse
678 513 722 554 in
758 513 990 555 manduca-

177 568 180 578 ⁷
198 546 286 596 *A
307 570 426 612 tiene
446 571 589 612 carnis
614 583 716 619 suae,
741 574 784 611 et
804 570 990 622 potatio-

162 638 217 667 ne
241 628 463 678 sanguinis
487 628 563 678 sui,
587 632 635 668 ut
658 627 702 673 in
725 626 800 667 illo
820 628 990 667 manea-

163 695 278 732 mus,
307 688 350 724 et
377 683 472 736 ipse
500 684 544 724 in
571 683 710 725 nobis.
763 682 990 723 Manemus

164 743 310 780 autem
329 740 374 780 in
394 740 481 790 illo,
506 753 604 781 cum
628 752 776 780 sumus
795 738 991 780 membra

165 795 274 846 ejus:
305 801 452 838 manet
480 801 626 838 autem
654 796 748 849 ipse
781 795 825 836 in
852 794 990 844 nobis,

165 864 265 892 cum
288 865 438 894 sumus
460 853 672 906 templum
696 853 798 905 ejus.
836 852 896 894 Ut
920 865 991 893 au-

164 912 254 949 tem
271 909 407 951 simus
421 909 618 951 membra
633 910 734 961 ejus,
753 909 895 950 unitas
910 921 991 950 nos

164 966 459 1018 compaginat:
477 971 526 1008 ut
542 966 821 1019 compaginet
837 965 990 1014 unitas,

166 1033 264 1072 quae
285 1021 399 1072 facit,
422 1023 505 1064 nisi
528 1020 710 1064 caritas?
749 1023 807 1064 Et
831 1022 992 1063 caritas

164 1077 249 1119 Dei
279 1077 420 1120 unde?
464 1079 731 1132 Apostolum
759 1079 992 1129 interroga.

165 1133 350 1185 Caritas,
378 1135 535 1188 inquit,
564 1136 647 1177 Dei
673 1135 832 1177 diffusa
858 1139 924 1177 est
948 1135 991 1175 in

165 1191 372 1234 cordibus
391 1192 552 1235 nostris
572 1205 654 1246 per
671 1193 879 1246 Spiritum
898 1205 991 1233 san-

166 1251 294 1298 ctum,
315 1249 389 1300 qui
408 1248 536 1291 datus
557 1253 624 1291 est
641 1249 780 1291 nobis.

219 1319 269 1370 R.
293 1316 378 1367 Qui
396 1316 641 1359 manducat.
669 1317 786 1369 [250]

454 1399 603 1440 Lectio
624 1400 707 1439 viii.

167 1460 331 1565 Ergo
364 1463 543 1516 spiritus
577 1469 644 1505 est
678 1463 752 1515 qui
786 1463 993 1505 vivificat:

274 1520 453 1572 spiritus
477 1520 592 1562 enim
614 1520 719 1562 facit
741 1520 840 1573 viva
860 1533 991 1562 mem-

165 1576 259 1618 bra:
282 1589 364 1618 nec
388 1577 487 1617 viva
510 1576 707 1618 membra
731 1576 910 1629 spiritus
933 1577 992 1617 fa-

166 1633 237 1683 cit,
259 1633 343 1674 nisi
367 1646 465 1686 quae
489 1633 534 1674 in
556 1635 755 1686 cerpore,
780 1632 900 1685 quod
923 1635 992 1674 ve-

165 1694 286 1740 getat
303 1690 399 1742 ipse
418 1690 609 1743 spiritus,
627 1689 852 1732 invenerit.
879 1689 994 1730 Nam

166 1746 359 1799 spiritus,
380 1747 454 1800 qui
473 1747 601 1789 estin
620 1752 675 1797 te,
697 1759 723 1788 o
739 1746 884 1797 homo,
905 1759 992 1799 quo

166 1808 343 1845 constas
358 1808 407 1845 ut
420 1803 554 1845 homo
571 1803 643 1853 sis,
661 1802 874 1855 numquid
889 1803 992 1844 vivi-

167 1858 271 1901 ficat
306 1859 551 1902 membrum
587 1859 708 1912 quod
743 1861 994 1912 separatum

167 1915 381 1958 invenerit
413 1929 439 1958 a
469 1929 600 1958 carne
631 1914 730 1958 tua?
784 1916 994 1968 Spiritum
1056 1926 1057 1948 1
1088 1916 1134 1970 jf‘}

167 1975 290 2013 tuum
317 1971 417 2014 dico
444 1973 633 2014 animam
659 1977 791 2014 tuam.
835 1972 995 2024 Anima
1055 2004 1057 2007 .
1088 1982 1138 2022 “³²25-

168 2032 243 2069 tua
259 2040 346 2069 non
362 2029 563 2079 vivificat,
582 2029 665 2070 nisi
682 2028 879 2071 membra
895 2041 993 2080 quae

169 2089 270 2125 sunt
293 2084 493 2127 incarne
518 2090 608 2127 tua:
634 2098 768 2127 unum
793 2085 830 2126 si
852 2084 993 2135 tollas,

168 2140 254 2192 jam
277 2153 364 2182 non
391 2141 637 2183 vivificatur
661 2154 715 2183 ex
740 2141 885 2182 anima
907 2146 993 2191 tua,

170 2197 271 2294 quia
298 2197 455 2240 unitati
487 2198 687 2250 corporis
715 2197 779 2240 tui
807 2210 895 2239 non
923 2210 993 2239 co-

168 2266 228 2305 pu
247 2255 355 2295 atur.

224 2323 272 2373 R:-
298 2323 417 2365 Misit
435 2336 505 2365 me
524 2324 685 2366 vivens.
713 2323 829 2376 [250]

471 2404 621 2444 Lectio
642 2405 694 2443 ix.

265 2482 330 2510 aec
349 2469 561 2519 dicuntur,
580 2474 629 2510 ut
648 2469 842 2509 amemus
857 2468 993 2509 unita-

289 2530 398 2575 tem,
428 2531 472 2567 et
498 2526 728 2567 timeamus
757 2525 993 2577 separatio—

171 2594 282 2622 nem.
322 2581 444 2623 Nihil
467 2582 581 2623 enim
606 2582 669 2623 sic
694 2581 826 2622 debet
849 2580 993 2621 formi—

172 2636 277 2678 dare
296 2637 578 2688 Christianus,
604 2651 734 2690 quam
754 2637 951 2689 separari
969 2649 995 2678 a

172 2695 358 2746 corpore
374 2694 545 2736 Christi.
572 2695 618 2736 Si
638 2695 752 2735 enim
767 2695 995 2745 separatur
1013 2726 1015 2730 .

995 198 1000 205 .
1025 170 1275 204 Eucharistiae
1301 172 1555 203 Sacrumcnto.

1044 283 1069 311 a
1098 272 1285 323 corpore
1314 270 1496 320 Christi,
1530 283 1617 311 non
1646 274 1713 311 est
1740 282 1871 310 mem-

1043 326 1171 367 brum
1203 327 1312 377 ejus:
1346 327 1383 367 si
1412 339 1500 368 non
1530 331 1597 368 est
1625 325 1871 367 membrum

1044 384 1155 435 ejus,
1190 395 1279 424 non
1310 385 1540 434 vegetatur
1577 383 1732 435 spiritu
1769 383 1870 434 ejus.

1044 440 1252 492 Quisquis
1276 445 1433 489 autem,
1455 440 1596 492 inquit
1614 438 1871 492 Apostolus,

1043 496 1251 548 Spiritum
1290 496 1452 537 Christi
1488 509 1577 537 non
1612 495 1764 537 habet:
1800 495 1870 536 hic

1043 565 1131 594 non
1151 557 1218 594 est
1237 553 1339 604 ejus.
1366 552 1552 605 Spiritus
1573 565 1678 604 ergo
1700 557 1777 602 est,
1798 552 1872 604 qui

1043 609 1251 659 vivificat,
1278 621 1380 650 caro
1406 613 1551 650 autem
1576 621 1664 649 non
1686 608 1871 661 prodest

1045 665 1295 718 quidquam.
1335 665 1496 715 Verba,
1524 678 1622 717 quae
1648 678 1729 716 ego
1754 664 1871 706 locu-

1042 727 1113 764 tus
1133 735 1230 763 sum
1244 722 1381 772 vobis,
1402 722 1580 774 spiritus
1597 727 1640 763 et
1654 722 1744 763 vita
1760 726 1871 762 sunt.

1044 778 1159 829 Quid
1192 783 1278 828 est,
1315 779 1502 831 Spiritus
1540 783 1584 820 et
1619 778 1710 820 vita
1747 776 1870 819 sunt?

1043 835 1305 888 Spiritaliter
1332 835 1614 886 intelligenda
1643 840 1754 877 sunt.
1804 835 1871 875 In-

1042 892 1250 934 tellexisti
1278 890 1558 945 spiritaliter?
1614 892 1800 944 Spiritus
1829 897 1872 933 et

1044 949 1133 990 vita
1163 954 1274 990 sunt.
1328 948 1587 990 Intellexisti
1617 946 1870 990 carnaliter?

1044 1005 1188 1046 Etiam
1207 1005 1270 1046 sic
1291 1005 1365 1046 illa
1388 1006 1569 1058 spiritus
1590 1009 1634 1046 et
1652 1005 1742 1046 vita
1762 1010 1872 1054 sunt,

1045 1060 1124 1103 sed
1142 1062 1222 1103 tibi
1241 1075 1330 1103 non
1350 1067 1462 1103 sunt.

1103 1128 1162 1168 Te
1181 1128 1325 1169 Deum
1342 1126 1582 1169 laudemus.
1601 1127 1659 1167 15.

1171 1223 1382 1264 Mensibus
1410 1223 1519 1274 Majo
1546 1223 1590 1262 et,
1616 1222 1755 1262 Junio.

1046 1301 1197 1343 Lectio
1221 1301 1360 1342 sancti
1380 1299 1606 1351 Evangelii
1633 1298 1874 1340 secundum

1344 1357 1369 1398 J
1371 1359 1568 1399 oannem.

1154 1417 1301 1457 Lectio
1324 1416 1389 1455 vii.
1575 1415 1676 1464 (lap.
1693 1415 1728 1452 (ἰ.
1746 1414 1768 1452 f.

1092 1493 1120 1520 n
1142 1479 1216 1520 illo
1239 1480 1454 1531 tempore:
1485 1478 1608 1519 Dixit
1631 1477 1655 1518 J
1659 1490 1759 1519 esus
1784 1483 1869 1519 tur-

1106 1535 1175 1577 bis
1194 1534 1463 1577 Judaeorum:
1492 1534 1604 1576 Caro
1629 1547 1742 1583 mea,
1769 1548 1872 1576 vere

1046 1598 1111 1634 est
1145 1592 1284 1634 cibus:
1316 1596 1359 1632 et
1392 1591 1568 1641 sanguis
1598 1603 1736 1640 meus,
1771 1603 1873 1632 vere

1046 1653 1113 1690 est
1132 1654 1274 1701 potus.
1308 1650 1366 1690 Et
1383 1647 1562 1700 reliqua.

1156 1725 1343 1766 Homilia
1371 1725 1510 1766 sancti
1537 1724 1770 1775 Augustini

1346 1781 1570 1834 Episcopi.

1188 1848 1389 1882 Tractatus
1407 1847 1458 1881 26.
1478 1847 1516 1880 in
1534 1848 1732 1880 Joanncm.

1099 1948 1107 1952 ᾖ
1173 1903 1220 1944 ic
1239 1908 1305 1944 est
1322 1902 1462 1955 panis,
1488 1903 1561 1954 qui
1586 1901 1640 1944 de
1666 1902 1779 1944 coelo
1800 1902 1871 1944 de-

1122 1960 1138 1993 ’έ
1173 1988 1174 1993 =
1198 1959 1376 2002 scendit.
1411 1959 1541 2001 Hunc
1564 1972 1722 2012 panem
1746 1959 1871 2009 signi-

1173 2016 1345 2059 ficavit
1372 2029 1543 2065 manna,
1575 2015 1690 2056 hunc
1715 2028 1873 2067 panem

1046 2074 1306 2125 significavit
1325 2073 1460 2115 altere
1475 2073 1569 2114 Dei.
1594 2073 1873 2113 Sacramenta

1046 2130 1119 2172 illa
1138 2131 1324 2172 fuerunt:
1347 2130 1391 2170 in
1414 2129 1546 2179 signis
1571 2128 1743 2175 diversa
1762 2133 1872 2178 sunt,

1047 2186 1126 2229 sed
1146 2188 1190 2228 in
1214 2200 1277 2237 re,
1311 2199 1409 2238 quae
1435 2185 1718 2236 significatur,
1749 2184 1873 2237 paria

1047 2248 1156 2285 sunt.
1192 2242 1459 2296 Apostolum
1479 2240 1593 2282 audi:
1621 2240 1738 2282 Nolo
1758 2240 1873 2281 enim

1046 2313 1142 2350 vos,
1167 2300 1323 2351 inquit,
1349 2299 1550 2349 ignorare
1569 2297 1742 2347 fratres,
1771 2297 1874 2348 quia

1046 2361 1195 2408 patres
1217 2355 1355 2397 nostri
1379 2366 1529 2396 omnes
1549 2352 1630 2394 sub
1648 2352 1763 2395 nube
1782 2353 1872 2394 fue-

1046 2418 1156 2462 runt,
1176 2418 1219 2454 et
1239 2423 1389 2453 omnes
1403 2423 1523 2451 mare
1537 2409 1809 2459 transierunt,
1829 2415 1888 2451 et·

1048 2481 1199 2510 omnes
1224 2481 1304 2521 per
1329 2467 1511 2519 Moysen
1537 2465 1748 2518 baptizati
1774 2471 1873 2507 sunt

1046 2524 1089 2564 in
1108 2525 1240 2574 nube,
1260 2529 1302 2565 et
1320 2523 1363 2563 in
1382 2523 1504 2563 mari:
1525 2527 1568 2563 et
1588 2534 1739 2563 omnes
1758 2524 1871 2563 eam-

1048 2580 1148 2622 dem
1168 2593 1313 2622 escam
1333 2578 1572 2631 spiritalem
1586 2577 1871 2620 manducave-

1047 2642 1156 2679 runt.
1197 2635 1445 2689 Spiritalem
1476 2634 1627 2686 utique
1656 2634 1872 2676 eamdem:

1046 2706 1147 2735 nam
1166 2692 1441 2745 corporalem
1464 2691 1659 2733 alteram:
1686 2691 1786 2743 quia
1810 2690 1871 2731 illi
