2066 2904
480 175 690 209 Commune
716 175 997 217 Apostohumm
1024 179 1131 208 extra
1157 181 1308 217 tempus
1335 174 1535 207 l'uschalc.

1819 170 1868 214 [9]

147 276 326 313 sanctos
353 271 616 324 Apostolos,
653 275 701 312 ut
728 275 823 312 tota
851 272 980 312 simul

147 333 298 369 sancta
307 328 500 369 Trinitas
512 327 771 369 ostendatur
783 330 979 380 operata,

146 386 328 437 repente
357 384 412 426 de
440 384 582 425 sancti
609 383 795 436 Spiritus
825 383 979 425 divini-

146 443 236 482 tate
252 440 516 492 adjungitur:
539 441 597 482 Et
611 440 768 493 spiritu
783 441 871 481 oris
889 441 979 492 ejus

147 497 288 538 omnis
298 497 437 538 virtus
454 499 618 538 eorum.
637 496 861 538 Coelorum
873 509 978 548 ergo

145 554 285 594 virtus
306 553 361 595 de
380 554 546 606 Spiritu
570 558 745 606 sumpta
765 558 848 595 est:
878 554 979 606 quia

145 608 298 651 mundi
313 609 439 661 hujus
449 609 746 662 potestatibus
758 613 978 651 contraire

146 678 235 707 non
262 669 600 718 praesumerent,
626 666 710 707 nisi
735 678 813 707 eos
839 667 979 707 sancti

145 722 332 775 Spiritus
351 722 565 764 fortitudo
586 722 831 764 solidasset.
867 723 978 773 Qua-

145 778 210 820 les
241 791 432 831 namque
465 779 675 820 doctores
704 784 870 820 sanctae
899 780 978 820 Ec-

146 835 292 876 clesiae
316 840 418 877 ante
444 835 684 877 adventum
702 835 829 887 hujus
847 836 978 888 Spiri-

145 896 217 933 tus
237 891 407 941 fuerint,
429 892 607 933 scimus:
635 897 679 933 et
698 897 801 944 post
820 892 978 933 adven-

145 952 239 989 tum
267 947 393 997 illius,
426 948 547 999 cujus
576 948 846 990 fortit1'1dinis
875 949 979 990 faeti

146 1004 243 1054 sint,
271 1004 576 1056 conspicimus.

195 1075 245 1126 R.
270 1075 398 1116 Beati
417 1075 534 1125 estis,
554 1088 654 1116 cum
672 1076 980 1118 maledixerint

145 1130 272 1172 vobis
292 1130 506 1181 homines,
527 1137 570 1173 et
583 1133 805 1184 persecuti
820 1145 900 1174 vos
916 1133 978 1174 fu-

146 1188 269 1237 erint,
298 1192 342 1228 et
361 1187 551 1230 dixerint
570 1201 700 1230 omne
721 1189 885 1230 malum
904 1189 977 1231 ad-

146 1245 321 1285 versum
349 1257 446 1294 VOS,
482 1245 760 1295 mentientes,
793 1251 978 1298 propter
1036 1271 1040 1286 r
1082 1286 1117 1295 f*

144 1313 230 1341 me:
251 1299 273 1322 *
304 1300 506 1342 Gaudete
533 1306 576 1342 et
601 1302 837 1352 exsultate,
873 1305 978 1355 quo·
1035 1327 1138 1346 x

145 1356 261 1397 niam
283 1370 454 1398 merces
472 1362 620 1399 vestra
639 1359 823 1411 copiosa
843 1364 910 1400 est
934 1360 979 1399 in
1040 1358 1044 1362 “
1082 1362 1086 1363 ’

146 1412 281 1454 coelis.
297 1405 347 1456 V·
362 1413 472 1454 Cum
482 1427 562 1455 vos
578 1414 753 1456 oderint
766 1415 976 1466 homines,

146 1474 190 1510 et
210 1482 310 1510 cum
330 1470 634 1522 separaverint
651 1483 743 1521 vos,
763 1476 807 1513 et
822 1485 977 1525 expro-

145 1525 385 1575 braverint,
418 1531 462 1568 et
487 1527 693 1578 ejecerint
719 1540 879 1570 nomen
907 1542 977 1570 ve-

146 1587 283 1623 strum
326 1587 551 1634 tamquam
592 1583 755 1624 malum
794 1590 978 1638 propter

145 1638 303 1680 Filium
322 1638 521 1681 hominis.
551 1640 753 1682 Gaudete
774 1646 818 1683 et
837 1642 977 1683 exsul-

144 1696 247 1736 tate.

189 1755 352 1798 Bened.
382 1757 538 1808 Ignem
556 1758 622 1800 sui
642 1759 815 1800 amoris.

445 1835 598 1877 Lectio
619 1836 670 1875 vi.

144 1892 312 2000 Certe
340 1906 423 1947 iste
449 1907 544 1959 ipse
573 1912 726 1960 pastor
754 1907 977 1957 Ecclesiae,

237 1961 294 2003 ad
314 1963 434 2013 cujus
456 1963 800 2004 sacratissimum
816 1976 978 2016 corpus

145 2017 360 2068 sedemus,
382 2023 557 2071 quantae
573 2019 822 2071 debilitatiS,
845 2033 977 2072 quan-

145 2076 292 2126 ta'eque
324 2074 567 2116 formidinis
602 2079 703 2117 ante
740 2075 978 2117 adventum

145 2130 332 2182 Spiritus
357 2130 502 2182 fuerit,
531 2131 688 2173 ancilla
711 2133 890 2173 ostiaria
914 2145 977 2174 re-

147 2187 306 2239 quisita
339 2186 468 2228 dicat.
512 2188 609 2230 Una
639 2189 754 2230 enim
785 2186 978 2230 mulieris

144 2255 256 2284 voce
275 2246 529 2295 percassus,
567 2244 671 2286 dum
689 2246 803 2286 mori
823 2246 977 2297 timuit,

144 2299 279 2340 vitam
293 2300 479 2350 negavit.
499 2301 555 2341 Et
569 2301 857 2353 pensandum,
875 2302 977 2354 quia

146 2367 245 2396 eum
273 2356 641 2409 comprehensum
665 2358 821 2399 Petrus
849 2360 978 2409 nega-

145 2412 207 2452 vit
225 2411 269 2452 in
288 2416 416 2462 terra,
438 2426 568 2465 quem
589 2415 851 2467 suspensum
865 2414 977 2456 latro

146 2468 373 2509 confessus
392 2474 459 2510 est
478 2470 521 2509 in
541 2483 682 2512 cruce.
711 2470 798 2511 Sed
814 2471 881 2511 vir
896 2471 978 2512 iste

145 2528 279 2565 tantae
308 2524 569 2576 formidinis,
608 2527 747 2579 qualis
776 2532 880 2579 post
905 2526 977 2568 ad-

145 2581 322 2621 ventum
359 2581 546 2633 Spiritus
582 2585 784 2632 exsistat,
831 2582 978 2624 audia-

145 2648 253 2676 mus.
303 2637 373 2678 Fit
415 2640 657 2679 conventus
695 2639 978 2689 magistratus

145 2695 277 2743 atque
297 2693 529 2744 seniorum,
549 2695 675 2736 caesis
696 2694 978 2737 denuntiatur

1031 270 1274 324 Apostolis‚
1293 283 1348 311 ne
1368 270 1412 311 in
1431 271 1608 312 nomine
1624 271 1648 312 J
1652 284 1730 312 esu
1746 272 1869 323 loqui

1033 327 1237 369 debeant:
1256 327 1415 368 Petrus
1430 340 1589 377 magna
1604 328 1868 369 auctoritate

1032 383 1292 437 respondet:
1334 382 1528 425 Obedire
1564 386 1742 436 oportet
1770 385 1867 426 Deo

1031 441 1171 492 magis
1192 453 1324 492 quam
1341 439 1604 481 hominibus.

1083 499 1132 550 R».
1167 497 1247 538 Isti
1271 501 1372 538 sunt
1395 496 1740 549 triumphatores
1761 502 1804 538 et
1828 510 1868 538 a-

1031 554 1133 594 mici
1159 553 1259 603 Dei,
1295 553 1369 605 qui
1395 555 1728 595 contemnentes
1752 555 1869 605 jussa

1031 610 1295 662 principum,
1319 611 1574 650 meruerunt
1601 611 1784 662 praemia
1813 624 1868 652 ae-

1030 668 1170 707 terna:
1187 670 1207 691 *
1234 665 1370 707 Modo
1392 668 1671 716 coronantur,
1696 672 1739 708 et
1758 670 1868 708 acci-

1031 723 1158 775 piunt
1176 722 1380 775 palmam.
1407 719 1457 769 Y.
1481 723 1561 763 Isti
1581 728 1682 764 sunt
1703 724 1778 775 qui
1798 736 1868 765 ve-

1031 782 1190 820 nerunt
1218 792 1272 821 ex
1299 792 1459 830 magna
1488 779 1787 829 tribulatione,
1826 785 1869 821 et

1031 835 1233 877 laverunt
1269 836 1406 877 stolas
1443 848 1544 876 suas
1581 836 1624 876 in
1658 837 1868 886 sanguine

1032 893 1159 943 Agni.
1177 891 1314 934 Modo
1331 894 1609 933 coronantur.
1629 893 1779 933 (iloria
1790 894 1868 933 Pa-

1031 949 1098 990 tri.
1125 948 1262 990 Modo
1282 951 1562 990 coronantur.

1243 1031 1291 1069 In
1319 1031 1390 1068 III.
1420 1030 1644 1068 Nocturno.

1082 1099 1116 1137 A
1125 1104 1180 1138 nt.
1203 1098 1524 1140 Exaltabsmtur
1539 1100 1562 1125 *
1578 1102 1742 1142 cornua
1759 1101 1869 1151 justi.

1303 1169 1501 1208 l'salmus
1531 1169 1593 1208 74.

1040 1229 1434 1285 ⁷4.
1458 1229 1539 1271 tibi
1563 1230 1700 1271 Deus:
1720 1233 1743 1258 *
1767 1244 1868 1272 con-

1176 1285 1419 1335 fitebimur,
1475 1290 1519 1327 et
1564 1286 1868 1329 invocabimus

1110 1349 1133 1364 Ἀ
1176 1355 1337 1383 nomen
1356 1347 1491 1384 tuum.

1083 1398 1374 1439 Narrabimus
1389 1399 1607 1440 mirabilia
1623 1404 1714 1440 tua:
1729 1402 1752 1427 *
1768 1413 1867 1441 cum

1032 1456 1246 1507 accepero
1271 1460 1459 1507 tempus,
1486 1468 1568 1507 ego
1595 1456 1783 1506 justitias
1809 1458 1867 1508 ju-

1032 1510 1203 1552 dicabo.

1082 1567 1343 1619 Liquefacta
1372 1573 1438 1610 est
1466 1572 1599 1618 terra,
1635 1573 1679 1610 et
1713 1581 1866 1610 omnes

1031 1624 1106 1675 qui
1139 1623 1340 1666 habitant
1372 1625 1416 1665 in
1446 1637 1512 1666 ea:
1546 1626 1569 1652 *
1599 1638 1681 1675 ego
1711 1626 1866 1666 confir-

1029 1681 1147 1721 mavi
1175 1680 1404 1722 coh'imnas
1435 1683 1536 1734 ejus.

1082 1737 1186 1778 Dixi
1198 1737 1374 1789 iniquis:
1388 1738 1540 1780 Nolite
1554 1738 1703 1790 inique
1719 1741 1864 1791 agere:

1029 1795 1053 1821 *
1082 1798 1126 1835 et
1155 1793 1530 1846 delinquentibus:
1563 1794 1715 1836 Nolite
1750 1796 1864 1837 exal-

1029 1853 1124 1891 tare
1154 1863 1307 1892 cornu:

1080 1907 1232 1948 Nolite
1259 1908 1473 1949 extollere
1497 1908 1542 1949 in
1565 1908 1703 1950 altum
1729 1921 1864 1950 cornu

1029 1967 1240 2004 vestrum:
1268 1965 1293 1991 *
1320 1964 1459 2006 nolite
1494 1965 1617 2017 loqui
1652 1965 1864 2006 adversus

1028 2020 1174 2061 Deum
1200 2020 1489 2072 iniquitatem.

1082 2076 1195 2126 Quia
1209 2089 1353 2129 neque
1368 2077 1424 2119 ab
1442 2078 1633 2127 Oriente,
1648 2090 1793 2129 neque
1808 2078 1863 2119 ab

1031 2131 1284 2184 Occidente,
1307 2146 1451 2186 neque
1478 2147 1503 2175 a
1531 2134 1720 2175 desertis
1743 2136 1864 2175 mon-

1028 2187 1164 2230 tibus:
1188 2191 1212 2216 *
1237 2190 1446 2241 quoniam
1465 2190 1587 2232 Deus
1607 2190 1739 2242 judex
1760 2195 1838 2232 est.

1081 2245 1212 2287 Hunc
1231 2246 1443 2296 humiliat,
1470 2251 1513 2288 et
1539 2246 1656 2287 hunc
1685 2246 1864 2289 exaltat:

1030 2302 1054 2328 *
1078 2302 1181 2353 quia
1206 2303 1321 2343 calix
1346 2303 1389 2356 in
1413 2316 1545 2343 manu
1568 2303 1749 2344 Domini
1774 2304 1863 2345 vini

1029 2358 1139 2399 meri
1165 2358 1324 2411 plenus
1352 2359 1498 2400 misto.

1081 2415 1139 2456 Et
1157 2415 1385 2457 inclinavit
1411 2428 1465 2457 ex
1485 2415 1570 2457 hoc
1594 2416 1638 2456 in
1663 2416 1766 2459 hoc:
1793 2430 1864 2459 ve-

1029 2474 1275 2513 rumtamen
1309 2472 1396 2513 faex
1430 2473 1521 2524 ejus
1555 2485 1643 2513 non
1677 2478 1744 2515 est
1777 2474 1863 2515 exi-

1029 2530 1193 2569 nanita:
1213 2529 1236 2555 *
1255 2528 1409 2569 bibent
1429 2540 1583 2570 omnes
1602 2532 1863 2581 peccatores

1028 2587 1172 2625 terrae.

1081 2640 1176 2691 Ego
1201 2645 1349 2681 autem
1369 2641 1640 2683 annuntiabo
1665 2643 1710 2683 in
1728 2646 1863 2685 saecu-

1028 2696 1135 2738 lum:
1163 2698 1187 2724 *
1215 2696 1404 2738 cantabo
1429 2697 1527 2740 Deo
1556 2698 1706 2741 Jacob.
