2028 2892
620 170 690 203 Dic

715 171 766 203 ΖΒΓ).
796 170 950 213 ⁴Xprilis.

191 270 343 317 pastor
374 264 533 315 bonus,
575 272 619 308 et
655 269 876 317 cognosco
915 280 1021 309 oves

190 334 321 371 meaS,
341 327 386 364 et
405 325 679 374 cognoscunt
696 336 767 365 me
785 337 907 366 meae.
937 325 1020 375 Qui

190 391 340 419 rursus
360 379 433 421 ait:
454 380 549 431 Ego
566 381 658 422 scio
676 394 788 434 quos
803 380 1021 432 elegerim.

190 435 274 476 Per
311 437 732 489 contemplationem
767 449 892 488 vero,
935 450 1021 489 qua

190 504 322 544 super
342 496 640 547 nosmetipsos
659 494 869 542 tollimur,
895 494 1020 546 quasi

189 548 232 588 in
252 550 355 590 aera
373 549 580 592 levamur.

244 604 294 655 Ru
317 606 395 647 Isti
416 612 516 649 sunt
535 607 645 659 agni.
665 607 745 660 [22]

404 679 452 718 In
479 679 550 718 III.
581 679 803 718 Nocturno.

189 741 342 783 Lectio
366 742 506 784 sancti
528 742 754 794 Evangelii
778 743 1019 785 secundum

516 799 690 840 Lucam.

293 858 443 898 Lectio
467 858 533 896 vii.
729 859 832 909 Cap.
852 859 914 897 lo.

233 929 262 957 n
289 916 365 957 illo
394 918 612 969 tempore:
644 917 903 969 Designavit
930 917 1018 959 Do—

247 973 391 1014 minus
407 978 451 1015 et
467 973 578 1015 alios
597 976 875 1027 septuaginta
891 973 1018 1016 duos:

185 1034 230 1071 et
244 1030 364 1071 misit
380 1030 481 1071 illos
499 1030 629 1072 binos
652 1036 752 1073 ante
772 1031 930 1072 faciem
949 1044 1016 1072 su-

185 1099 271 1136 am,
296 1087 339 1127 in
360 1099 535 1128 omnem
556 1087 779 1129 civitatem
800 1093 843 1129 et
861 1087 1017 1137 locum,

186 1156 274 1195 quo
295 1148 388 1185 erat
406 1144 503 1196 ipse
519 1147 740 1185 venturus.
766 1144 823 1186 Et
838 1143 1016 1197 reliqua.

236 1217 426 1259 Ilomilia
447 1219 586 1260 sancti
606 1218 811 1270 Gregorii
829 1218 974 1272 Papae.

362 1275 533 1309 Homiliu
559 1275 608 1309 17.
635 1276 671 1309 in
698 1275 842 1317 Evang.

222 1332 492 1405 ,N
534 1336 578 1373 et
612 1331 814 1374 Salvator
854 1337 1016 1382 noster,

222 1391 287 1435 μ]
304 1411 311 1438 ,2
335 1388 491 1430 fratres
519 1388 749 1438 carissimi,
779 1388 1016 1440 aliquando

198 1446 200 1453 ’
223 1439 308 1471 <—s
334 1458 416 1486 nos
449 1444 741 1495 sermonibus,
779 1444 1016 1497 aliquando

183 1514 290 1543 vero
320 1502 529 1555 operibus
559 1501 779 1544 admonet.
825 1502 929 1555 Ipsa
958 1504 1016 1544 et-

183 1558 299 1600 enim
339 1559 456 1600 facta
498 1559 589 1610 ejus
630 1560 856 1612 praecepta
899 1564 1016 1600 sunt:

183 1615 285 1667 quia
300 1614 405 1656 dum
421 1614 587 1667 aliquid
603 1615 764 1657 tacitus
779 1615 894 1664 facit,
911 1614 1017 1667 quid

185 1673 316 1722 agere
345 1671 585 1713 debeamus
613 1671 858 1712 innotescit.
900 1671 1016 1712 Ecce

183 1728 297 1769 enim
312 1727 440 1770 binos
455 1728 498 1768 in
514 1728 873 1780 praedicationem
889 1728 1015 1770 disci-

183 1784 313 1836 pulos
332 1785 479 1827 mittit:
503 1785 606 1837 quia
625 1784 714 1826 duo
733 1789 833 1826 sunt
851 1787 1014 1838 praece-

183 1846 262 1893 pta
291 1841 503 1891 caritatis,
537 1841 622 1882 Dei
648 1841 854 1883 vidolicet
882 1854 1015 1892 amor,

185 1902 228 1939 et
256 1898 460 1951 proximi:
495 1903 539 1940 et
571 1898 713 1939 minus
743 1911 875 1951 quam
903 1898 1016 1940 inter

185 1954 298 1995 duos
341 1954 501 1996 caritas
541 1954 694 1996 haberi
733 1967 821 1996 non
855 1960 1016 2008 potest.

183 2010 327 2053 Nemo
361 2011 477 2052 enim
509 2011 691 2064 proprie
723 2011 781 2053 ad
813 2014 1014 2064 semetip-

183 2081 280 2109 sum
297 2067 462 2109 habere
486 2067 715 2110 caritatem
738 2067 910 2110 dicitur:
936 2068 1015 2110 sed

183 2124 362 2166 dilectio
383 2124 427 2166 in
447 2124 632 2166 alterum
651 2124 807 2175 tendit,
835 2130 883 2167 ut
907 2125 1013 2167 cari-

182 2186 250 2223 tas
271 2194 369 2223 esse
388 2181 540 2234 possit.

231 2238 283 2290 R.
320 2238 416 2290 Ego
445 2252 542 2280 sum
570 2238 671 2280 vitis
699 2251 820 2288 vera,
863 2243 906 2280 et
934 2251 1014 2280 vos

183 2294 402 2346 palmites:
426 2294 448 2319 *
486 2295 570 2346 Qui
600 2300 748 2337 manet
780 2295 824 2336 in
855 2308 937 2345 me,
972 2301 1015 2337 et

182 2364 265 2402 ego
291 2352 336 2393 in
363 2364 434 2402 eo,
465 2351 537 2394 hic
570 2351 654 2394 fert
686 2352 876 2393 fructum
907 2352 1013 2394 mul-

182 2412 290 2458 tum,
315 2408 502 2461 alleluja,
530 2407 712 2460 alleluia.
730 2400 781 2453 V.
811 2409 933 2450 Sicut
954 2408 1014 2450 di·

181 2463 288 2506 lexit
315 2478 385 2507 me
404 2466 545 2515 Pater,
574 2471 618 2507 et
645 2478 728 2516 ego
759 2465 893 2507 dilexi
923 2478 1015 2507 vos.

182 2520 268 2570 Qui
286 2527 442 2564 manet.

467 2584 618 2625 Lectio
640 2584 722 2626 viii.

263 2661 339 2690 cce
373 2649 487 2690 enim
521 2649 648 2691 binos
681 2648 738 2691 ad
770 2647 1012 2702 praedican-

277 2704 382 2747 dum
408 2704 650 2758 discipulos
676 2706 892 2747 Dominus
916 2705 1010 2747 mit-

999 171 1033 203 S.
1061 169 1176 203 Marci
1204 170 1473 212 Iflxwmgclistae.

1075 268 1143 309 tit:
1169 271 1384 321 quatenus
1408 269 1493 311 hoc
1516 269 1644 312 nobis
1666 271 1826 312 tacitus
1843 274 1903 312 in-

1075 330 1196 376 nuat,
1216 327 1318 379 quia
1336 327 1410 378 qui
1429 328 1659 369 caritatem
1678 340 1783 380 erga
1802 327 1904 370 alte·

1075 395 1171 423 rum
1189 395 1278 425 non
1296 382 1440 435 habet,
1465 384 1793 437 praedicationis
1813 384 1904 426 offi-

1075 439 1190 480 cium
1222 442 1446 493 suscipere
1478 440 1727 482 nullatenus
1762 439 1905 483 debet.

1074 495 1195 537 Bene
1214 502 1361 538 autem
1380 496 1549 547 dicitur,
1570 498 1672 549 quia
1690 497 1810 540 misit
1828 510 1905 540 eos

1074 557 1175 594 ante
1203 553 1360 594 faciem
1387 565 1511 594 suam
1538 554 1583 594 in
1610 566 1785 596 omnem
1804 554 1903 596 civi-

1073 611 1211 651 tatem
1231 614 1275 651 et
1294 609 1451 660 locum,
1472 622 1560 663 quo
1581 615 1675 653 erat
1692 611 1790 664 ipse
1803 624 1904 653 ven-

1073 668 1209 707 turus.
1231 665 1556 708 Praedicatores
1572 667 1688 708 enim
1701 679 1806 710 suos
1816 667 1904 710 Do·

1071 722 1215 763 minus
1253 723 1465 775 sequitur:
1508 723 1610 776 quia
1645 723 1904 776 praedicAtio

1072 779 1298 831 praevenit,
1318 784 1363 821 et
1380 784 1485 822 tunc
1500 779 1557 821 ad
1568 780 1727 822 mentis
1740 785 1904 823 nostrae

1072 834 1372 877 habitaculum
1386 836 1601 878 Dominus
1620 836 1750 887 venit,
1770 849 1903 889 quan-

1073 891 1131 933 do
1173 892 1309 934 verba
1350 892 1671 935 exhortationis
1712 897 1903 946 praecur-

1072 954 1187 991 runt:
1233 954 1366 1002 atque
1410 962 1491 1003 per
1531 949 1618 992 hoc
1657 950 1820 992 veritas
1860 950 1904 992 in

1071 1010 1217 1047 mente
1237 1005 1483 1059 suscipitur.

1128 1068 1176 1119 lx'g.
1212 1065 1398 1108 Candidi
1431 1067 1535 1108 facti
1567 1071 1668 1109 sunt
1700 1066 1903 1110 Nazaraei

1072 1123 1173 1174 ejuS,
1192 1123 1380 1175 alleluja:
1408 1123 1692 1176 splendorem
1710 1125 1810 1166 Deo
1831 1124 1903 1168 de-

1072 1178 1246 1229 derunt,
1289 1179 1477 1232 aHeluja:
1516 1184 1538 1205 *
1581 1180 1639 1222 Et
1681 1182 1794 1223 sicut
1834 1181 1904 1223 lac

1071 1236 1292 1288 coagulati
1329 1241 1444 1287 sunt,
1486 1237 1674 1289 alleluja,
1719 1238 1903 1290 alleluja.

1072 1287 1122 1339 V.
1166 1292 1456 1335 Candidiores
1500 1294 1618 1344 nive,
1674 1293 1903 1336 nitidiores

1070 1349 1195 1400 lacte,
1210 1349 1544 1392 rubicundiores
1559 1350 1694 1392 ebore
1709 1353 1903 1403 antiquo,

1071 1406 1284 1459 sapphiro
1303 1406 1591 1459 pulchriores.
1618 1407 1676 1449 Et
1694 1407 1807 1449 sicut
1822 1407 1902 1449 lac.

1072 1462 1223 1504 Gloria
1241 1463 1373 1505 Patri.
1399 1463 1458 1505 Et
1476 1464 1589 1506 sicut
1607 1463 1687 1506 lac.

1373 1528 1526 1570 Lectio
1547 1530 1600 1569 ix.

1067 1582 1236 1689 Hinc
1254 1602 1444 1643 namque
1460 1589 1627 1633 eisdem
1642 1589 1901 1643 praedicato·

1173 1645 1294 1687 ribus
1308 1647 1447 1688 Isaias
1467 1646 1590 1689 dicit:
1607 1647 1767 1689 Parate
1786 1647 1902 1688 viam

1069 1702 1265 1752 Domini,
1295 1708 1439 1745 rectas
1465 1703 1596 1745 facite
1621 1703 1799 1745 semitas
1817 1703 1902 1745 Dei

1069 1759 1220 1800 nostri.
1274 1759 1390 1801 Hinc
1424 1759 1526 1801 filiis
1559 1759 1794 1802 Psalmista
1825 1759 1901 1802 ait:

1068 1815 1158 1856 Iter
1186 1815 1317 1858 facite
1349 1816 1404 1867 ei,
1438 1817 1514 1869 qui
1542 1815 1741 1858 ascendit
1768 1829 1902 1870 super

1069 1873 1287 1913 occasum.
1319 1873 1462 1926 Super
1485 1874 1693 1915 occasum
1711 1885 1901 1925 namque

1068 1927 1284 1970 Dominus
1314 1929 1528 1972 ascendit:
1565 1929 1667 1982 quia
1705 1929 1824 1971 unde
1855 1929 1901 1971 in

1069 1985 1275 2037 passione
1304 1986 1528 2036 occubuit,
1560 1986 1664 2028 inde
1690 1986 1901 2038 majorem

1069 2054 1193 2083 suam
1220 2042 1405 2094 gloriam
1432 2042 1703 2095 resurgendo
1723 2043 1900 2085 manife-

1069 2098 1213 2140 stavit.
1268 2099 1410 2152 Super
1449 2102 1657 2142 occasum
1696 2099 1900 2142 videlicet

1069 2154 1280 2206 ascendit3
1309 2157 1412 2209 quia
1438 2161 1626 2199 mortem
1651 2168 1782 2209 quam
1801 2156 1898 2208 per-

1067 2211 1183 2262 tulit,
1202 2212 1473 2264 resurgendo
1492 2213 1688 2255 calcavit.
1720 2211 1774 2253 Ei
1792 2224 1898 2262 ergo

1069 2268 1143 2320 qui
1171 2268 1370 2311 ascendit
1397 2283 1531 2323 super
1558 2271 1779 2319 occasum,
1815 2269 1899 2311 iter

1066 2324 1265 2375 facimus,
1294 2339 1395 2368 cum
1414 2339 1494 2369 nos
1514 2327 1604 2379 ejus
1622 2325 1809 2377 gloriam
1826 2338 1898 2367 ve·

1066 2381 1169 2422 stris
1187 2382 1408 2424 mentibus
1427 2382 1731 2436 praedicamus,
1755 2387 1805 2423 ut
1823 2394 1898 2424 eas

1067 2442 1111 2480 et
1136 2438 1231 2490 ipse
1265 2444 1369 2492 post
1396 2440 1590 2489 veniens,
1626 2451 1708 2492 per
1737 2438 1898 2480 amoris

1066 2493 1132 2535 sui
1150 2496 1432 2547 praesentiam
1450 2495 1649 2538 illustret.

1117 2552 1182 2592 Te
1201 2551 1344 2593 Deum
1362 2551 1604 2595 laudamus.
1622 2552 1682 2593 15.

1117 2616 1244 2652 Hodie
1262 2618 1327 2662 qui
1344 2628 1422 2652 non
1440 2617 1628 2652 intersunt
1643 2616 1891 2651 Processioni

1065 2665 1315 2709 litaniarum,
1341 2667 1471 2700 dicant
1495 2666 1580 2700 illas
1603 2666 1784 2709 privatim
1802 2668 1891 2709 post

1064 2714 1194 2748 Matut.
1219 2725 1304 2749 cum
1329 2715 1409 2750 suis
1427 2715 1612 2750 Precibus
1637 2719 1673 2749 ct
1689 2714 1790 2749 Orat.
1806 2714 1890 2748 sine
