2066 2904
490 184 701 217 Commune
727 182 1008 224 Apostolorum
1034 186 1141 216 extr-1
1167 187 1319 225 tempus
1344 182 1544 215 Pasch·1lc

427 334 697 376 Matthaeum.

231 398 382 438 Lectio
404 397 470 437 vii.
673 395 775 446 Cap.
794 396 850 434 19.
866 395 904 435 d.

199 470 227 496 n
251 455 326 497 illo
350 457 566 508 tempore:
600 455 723 495 Dixit
746 455 903 496 Petrus
928 454 984 496 ad

221 513 385 553 Jesum:
413 512 530 553 Ecce
555 524 636 552 nos
659 510 915 563 reliquimus
940 513 983 552 o-

151 569 279 619 mnia,
299 573 343 610 et
357 569 498 610 secuti
513 580 662 609 sumus
677 572 735 609 te:
756 567 862 620 quid
878 581 984 618 ergo

152 625 234 666 erit
251 623 401 667 nobis?
430 626 487 666 Et
506 624 685 676 reliqua.

158 703 347 745 Homilia
375 704 415 745 S.
439 703 698 755 Hieronymi
720 701 984 754 Presbyteri.

318 770 346 803 1
351 770 423 803 ih:
439 770 530 803 1“.111
520 769 569 802 M
573 768 650 802 1tth
669 778 698 801 c
693 778 752 810 lp.
773 768 821 800 1‘).

155 824 255 866 <Vr
246 819 432 862 “”randis
456 819 631 861 fiducia!
663 819 821 860 Petrus
844 819 984 871 pisca-

160 864 278 934 x'
310 881 381 917 tor
409 881 520 925 erat,
561 875 684 917 dives
716 887 804 916 non
831 875 984 924 fuerat,

222 931 274 957 Q
310 932 433 974 cibos
465 945 596 973 manu
625 936 668 973 61
695 936 790 973 arte
819 933 984 984 quaere-

151 989 242 1031 bat:
262 994 306 1031 et
322 994 470 1030 tamen
489 988 684 1041 loquitur
699 988 985 1030 confidenter:

152 1046 428 1098 Reliquimus
465 1046 621 1087 omnia.
666 1045 724 1086 Et
760 1045 861 1098 quia
897 1057 986 1086 non

153 1102 315 1144 sufficit
346 1107 517 1144 tantum
547 1101 812 1154 relinquere,
850 1102 987 1154 jungit

155 1159 276 1211 quod
299 1159 544 1212 perfectum
566 1163 647 1200 est:
683 1159 740 1199 Et
759 1158 899 1199 secuti
919 1171 985 1198 su-

154 1229 250 1256 mus
265 1220 320 1257 te.
334 1216 537 1257 Fecimus
554 1214 675 1268 quod
688 1215 864 1267 jussisti:
882 1213 987 1267 quid

153 1272 284 1324 igitur
310 1271 437 1314 nobis
468 1271 594 1314 dabis
621 1270 816 1324 praemii?
859 1271 883 1312 J
886 1283 986 1312 esus

154 1333 302 1370 autem
321 1328 430 1370 dixit
448 1328 547 1369 illis:
575 1328 718 1369 Amen
734 1327 833 1370 dico
849 1327 987 1376 vobis,

157 1385 276 1437 quod
303 1398 384 1426 vos
415 1385 489 1437 qui
517 1385 656 1426 secuti
684 1384 789 1426 estis
817 1397 907 1433 me,
944 1384 986 1424 in

154 1441 501 1492 regeneratione,
535 1454 635 1482 cum
662 1440 827 1482 sederit
852 1440 988 1481 Filius

155 1496 344 1539 hominis
385 1498 429 1538 in
466 1497 572 1539 sede
606 1497 847 1549 majestatis
885 1509 987 1546 suae,

156 1553 366 1595 sedebitis
394 1558 438 1595 et
463 1566 544 1595 vos
569 1566 703 1606 super
728 1552 857 1595 sedes
882 1552 987 1594 duo-

157 1609 310 1660 decim,
329 1609 571 1661 judicantes
593 1609 828 1651 duodecim
847 1608 988 1650 tribus

154 1665 304 1707 Israel.
344 1666 447 1707 Non
474 1665 599 1707 dixit:
638 1666 723 1716 Qui
750 1665 988 1718 reliquistis

156 1722 316 1772 omnia;
356 1721 443 1764 hoc
475 1722 590 1764 enim
623 1727 667 1764 et
699 1722 853 1763 Crates
886 1722 989 1763 fecit

155 1778 463 1831 philosophus,
491 1783 535 1820 et
562 1778 687 1820 multi
715 1778 787 1819 alii
813 1777 988 1820 divitias

156 1837 532 1887 contempserunt:
578 1834 676 1885 sed,
723 1835 807 1885 Qui
848 1834 988 1876 secuti

156 1891 261 1932 estis
285 1904 370 1932 me:
399 1891 520 1943 quod
542 1891 724 1944 proprie
747 1890 987 1944 Apostolo-

157 1960 254 1988 rum
273 1952 351 1997 est,
375 1953 508 2000 atque
528 1947 811 1989 credentium.

212 2010 261 2061 Rz.
276 2008 357 2049 Isti
371 2013 472 2049 sunt
487 2009 562 2060 qui
576 2008 773 2050 viventes
783 2009 831 2051 in
847 2021 988 2058 carne,

156 2063 464 2116 plantaverunt
498 2064 743 2106 Ecclesiam
779 2065 989 2115 sanguine

157 2133 252 2162 suo:
269 2122 291 2144 *
307 2120 498 2162 Calicem
516 2121 695 2162 Domini
712 2120 929 2171 biberunt,
946 2126 990 2163 61

157 2177 285 2218 amici
302 2177 387 2218 Dei
405 2177 509 2218 facti
528 2182 639 2219 sunt.
674 2172 721 2223 V.
743 2178 794 2218 In
815 2190 990 2219 omnem

156 2238 320 2275 terram
348 2233 482 2274 exivit
509 2246 644 2274 sonus
669 2236 838 2283 eorum,
875 2238 919 2275 et
946 2234 990 2274 in

157 2290 266 2332 fines
313 2290 434 2332 orbis
480 2294 610 2331 terrae
648 2290 784 2332 verba
825 2292 989 2332 eorum.

159 2346 362 2388 Calicem.

218 2409 374 2449 Bened.
414 2407 559 2458 Cujus,
599 2409 663 2449 vel
701 2412 895 2457 Quorum
932 2408 989 2449 fe-

161 2467 276 2504 stum
304 2462 499 2504 colimus.

448 2531 598 2570 Lectio
621 2531 703 2569 viii.

209 2596 237 2623 n
255 2585 599 2634 regeneratione,
625 2597 726 2625 cum
745 2584 910 2626 sederit
923 2586 989 2626 Fi-

230 2638 314 2680 lius
337 2639 529 2681 hominis
551 2641 595 2681 in
621 2640 726 2682 sede
751 2641 991 2692 majestatis

162 2707 254 2735 suae
282 2696 472 2747 (quando
501 2701 545 2738 et
571 2697 735 2738 mortui
763 2696 818 2738 de
844 2709 990 2738 corru-

985 374 998 400 b

152 280 187 320 Ι
190 279 305 320 ectio
330 279 468 320 sancti
491 270 718 328 Evangelii
741 276 1000 320 secundum
1036 275 1189 328 ptione
1209 278 1440 326 resurgent
1456 275 1727 327 incorrupti),
1749 273 1871 315 sede-

985 325 1000 370 1⁵
1035 332 1141 374 bitis
1170 337 1214 373 et
1241 345 1322 373 vos
1350 332 1395 372 in
1423 331 1546 372 soliis
1576 331 1872 383 judicantium,

1799 177 1868 221 [11]

986 404 989 430 ;
1037 388 1386 430 condemnantes
1401 387 1638 429 duedecim
1655 387 1797 429 tribus
1811 388 1871 427 Is-

1037 445 1146 486 ra'el:
1184 445 1287 497 quia
1315 444 1442 486 vobis
1472 443 1773 493 credentibus,
1810 443 1873 484 illi

1038 501 1219 543 credere
1249 500 1496 542 noluerunt.
1539 501 1597 542 Et
1625 501 1768 542 omnis
1799 501 1873 552 qui

1038 558 1263 610 reliquerit
1288 557 1480 607 domum,
1509 557 1580 598 vel
1601 557 1769 606 fratres,
1799 562 1874 598 aut

1039 617 1232 663 sororeS,
1261 619 1336 655 aut
1359 619 1547 666 patrem,
1576 619 1651 655 aut
1675 618 1872 663 matrem,

1038 676 1114 712 aut
1138 673 1339 721 uxorem,
1378 675 1454 712 aut
1476 670 1608 720 filios,
1642 675 1717 711 aut
1742 683 1873 721 agros

1039 732 1223 780 propter
1243 740 1405 769 nomen
1423 740 1588 776 meum,
1618 727 1874 779 centuplum

1039 785 1242 837 accipiet,
1272 789 1316 826 et
1339 784 1475 825 vitam
1499 785 1711 825 aeternam
1734 784 1873 836 possi-

1039 840 1172 882 debit.
1211 841 1359 882 Locus
1384 841 1467 882 iste
1488 853 1589 882 cum
1608 840 1683 881 illa
1703 842 1873 882 senten-

1038 898 1100 939 tia
1129 898 1347 949 congruit,
1389 898 1434 938 in
1463 910 1550 950 qua
1577 897 1780 939 Salvator
1813 896 1874 938 lo-

1041 955 1202 1006 quitur:
1242 955 1345 995 Non
1374 954 1475 995 veni
1503 966 1661 1007 pacem
1688 956 1874 1002 mittere,

1040 1010 1120 1052 sed.
1143 1010 1350 1061 gladium.
1391 1010 1508 1052 Veni
1532 1010 1648 1052 enim
1668 1012 1874 1062 separare

1038 1067 1264 1108 hominem
1292 1080 1318 1108 a
1344 1071 1471 1120 patre
1495 1080 1592 1117 suo,
1622 1071 1666 1108 et
1688 1072 1876 1108 matrem
1926 1099 1928 1102 .

1039 1136 1066 1164 a
1080 1123 1181 1173 filia,
1201 1128 1245 1165 et
1260 1136 1418 1164 nurum
1438 1137 1464 1164 a
1482 1136 1629 1165 socru:
1649 1128 1693 1165 et
1711 1123 1876 1164 inimici

1038 1180 1229 1221 heminis
1256 1180 1491 1222 domestici
1517 1181 1619 1232 ejus.
1659 1180 1744 1230 Qui
1770 1189 1875 1230 ergo

1039 1241 1224 1289 propter
1243 1236 1378 1278 fidem
1396 1236 1570 1286 Christi,
1600 1242 1644 1278 et
1663 1235 1875 1289 praedica-

1039 1293 1206 1335 tionem
1229 1293 1474 1344 Evangelii,
1512 1306 1666 1335 omnes
1692 1292 1876 1334 affectus

1041 1350 1406 1402 contempserint,
1450 1355 1583 1402 atque
1619 1349 1796 1391 divitias
1834 1354 1878 1390 et

1041 1406 1191 1446 saeculi
1219 1406 1485 1459 voluptates:
1521 1407 1593 1447 isti
1622 1406 1877 1458 centuplum

1041 1462 1267 1559 accipient,
1288 1468 1332 1504 et
1350 1463 1487 1504 vitam
1507 1464 1719 1504 aeternam
1737 1462 1876 1514 possi-

1074 1518 1220 1559 ebunt

1096 1588 1146 1638 R'-
1171 1588 1251 1629 Isti
1271 1593 1373 1630 sunt
1391 1588 1472 1629 viri
1491 1588 1642 1637 sancti,
1665 1600 1776 1640 quos
1793 1588 1875 1629 ele-

1041 1644 1105 1695 git
1124 1645 1342 1686 Dominus
1368 1645 1412 1685 in
1437 1646 1622 1686 caritate
1646 1658 1735 1686 non
1763 1645 1877 1694 ficta,

1042 1705 1086 1741 et
1107 1700 1230 1742 dedit
1248 1701 1333 1742 illis
1347 1701 1534 1752 gloriam
1549 1702 1877 1754 sempiternam:

1044 1759 1066 1782 *
1081 1757 1281 1807 Quorum
1297 1758 1499 1800 doctrina
1514 1758 1651 1809 fulget
1666 1758 1877 1807 Ecclesia,

1042 1818 1090 1854 ut
1114 1814 1207 1855 sole
1232 1814 1346 1855 luna.
1393 1809 1440 1859 N.
1465 1815 1614 1857 Sancti
1638 1827 1718 1867 per
1742 1814 1876 1856 fidem

1042 1870 1242 1912 vicerunt
1264 1884 1414 1922 regna:
1443 1872 1614 1924 operati
1634 1876 1735 1912 sunt
1760 1872 1876 1922 justi-

1041 1926 1158 1967 tiam.
1187 1928 1396 1977 Quorum.
1428 1928 1589 1969 Gloria.
1618 1928 1827 1978 Quorum.

1105 2000 1264 2040 Bened.
1297 1998 1362 2039 Ad
1381 1998 1650 2039 societatem.

1349 2075 1502 2116 Lectio
1525 2076 1577 2115 ix.

1046 2129 1152 2234 Ex
1194 2137 1428 2178 occasione
1472 2135 1599 2187 hujus
1646 2134 1875 2175 sententiae

1148 2192 1326 2245 quidam
1352 2192 1640 2234 introducunt
1662 2190 1780 2231 mille
1805 2203 1875 2231 an-

1042 2261 1124 2290 nos
1141 2254 1244 2302 post
1264 2249 1644 2296 resurrectionem,
1667 2246 1876 2296 dicentes,

1042 2309 1146 2346 tunc
1170 2305 1299 2347 nobis
1324 2305 1577 2357 centuplum
1600 2304 1794 2344 omnium
1812 2316 1876 2344 re-

1042 2374 1140 2402 rum
1167 2375 1276 2414 quas
1301 2362 1560 2409 dimisimus,
1596 2365 1640 2401 et
1659 2360 1796 2401 vitam
1821 2373 1876 2401 ae-

1042 2419 1213 2459 ternam
1240 2431 1337 2460 esse
1365 2416 1655 2459 reddendam:
1696 2429 1786 2458 non
1815 2417 1875 2456 in-

1042 2474 1305 2525 telligentes,
1335 2473 1472 2526 quod,
1502 2473 1539 2513 si
1564 2473 1608 2514 in
1633 2473 1790 2514 ceteris
1816 2472 1876 2514 di-

1042 2543 1128 2581 gna
1161 2531 1217 2572 sit
1249 2530 1551 2583 repromissio,
1588 2530 1631 2570 in
1663 2529 1876 2571 uxoribus

1043 2589 1257 2639 appareat
1284 2585 1532 2638 turpitudo:
1568 2590 1617 2627 ut
1643 2586 1718 2638 qui
1744 2598 1877 2627 unam

1042 2655 1125 2694 pro
1148 2643 1342 2684 Domino
1362 2642 1586 2692 dimiserit,
1614 2647 1791 2684 centum
1812 2655 1876 2683 re-

1044 2699 1177 2751 cipiat
1200 2699 1245 2739 in
1269 2699 1430 2739 futuro.
1473 2699 1636 2740 Sensus
1662 2711 1767 2750 ergo
1793 2699 1876 2739 iste
