2028 2892
360 161 432 196 Dic
459 162 511 196 18.
532 162 670 196 Martii.
717 164 753 198 S.
780 164 915 207 Cyrilli
941 165 1067 209 Episc.
1094 165 1285 201 Hierosol.
1311 168 1419 201 (jons.
1445 176 1481 202 ct
1507 168 1612 202 Doct.

132 255 323 298 Homilia
342 256 480 297 sancti
494 255 723 299 Athanasii
739 258 961 314 Episcopi.

171 319 215 353 In
231 319 428 364 Apologia
445 321 492 356 de
509 321 601 365 fuga
619 328 806 367 sua,1ntc
824 325 922 359 med.

142 381 179 413 :0
291 368 388 419 lege
402 370 675 421 praeceptum
691 376 785 412 erat
799 378 846 413 ut
861 385 960 414 con-

266 494 372 530 rum,
391 486 439 522 ut
455 481 529 532 qui
544 452 962 552 quomodocumque

131 535 187 578 ad
230 549 384 578 necem
431 539 745 589 quaererentur,
794 541 958 581 servari

130 597 323 645 possent.
354 593 406 634 111
430 594 806 636 consummatione
825 609 959 648 porro

131 648 393 691 saeculorum
433 662 532 690 cum
568 649 819 693 advenisset
852 652 959 694 illud

129 705 274 757 ipsum
291 704 490 747 Verbum
507 706 660 756 Patris,
680 707 801 758 quod
815 708 959 760 Moysi

130 763 258 803 antea
285 761 482 803 locatum
506 762 666 813 fuerat,
698 777 846 805 rursus
874 764 959 807 hoc

129 819 403 870 praeceptum
439 817 576 860 dedit:
620 819 730 861 Cum
766 833 863 870 vos,
898 824 958 862 in-

131 873 294 926 quiens,
313 875 535 927 persecuti
549 875 708 917 suerint
723 877 767 917 in
782 877 957 919 civitate

128 929 222 979 ista,
243 929 380 981 fngite
394 930 439 970 in
453 930 594 972 aliam.
611 931 839 984 Pauloque
854 938 958 986 post

130 985 315 1038 subjicit:
336 986 446 1027 Cum
460 986 656 1028 videritis
671 987 789 1028 illam
804 988 959 1030 abomi-

128 1041 349 1083 nationem
377 1041 681 1092 desolationis,
712 1055 811 1095 quae
841 1043 958 1087 dicta

129 1102 195 1139 est
213 1110 294 1150 per
311 1097 541 1139 Danielem
558 1098 836 1151 prophetam,
857 1113 955 1142 con-

128 1153 353 1195 sistentem
370 1154 415 1194 in
432 1153 533 1195 loco
553 1160 706 1196 sancto
731 1155 821 1207 (qui
840 1156 956 1206 legit,

125 1209 366 1260 intelligat),
394 1214 499 1251 tunc
523 1211 597 1262 qui
620 1211 664 1251 in
682 1211 837 1253 Judaea
857 1218 957 1254 sunt

127 1265 293 1316 fugiant
317 1264 375 1307 ad
399 1271 588 1307 montes:
617 1271 661 1308 et
681 1267 755 1318 qui
773 1268 816 1308 in
835 1273 955 1310 tecto

127 1325 209 1370 est,
240 1333 295 1362 ne
330 1320 569 1363 descendat
599 1322 757 1364 tollere
790 1323 956 1375 aliquid

127 1375 182 1418 de
211 1375 344 1418 domo
374 1390 469 1418 sua:
501 1383 544 1420 et
572 1374 647 1430 q’ui
673 1379 717 1419 in
743 1391 848 1430 agro
878 1385 955 1430 est,

125 1445 214 1474 non
263 1435 507 1475 revertatur
556 1434 712 1476 tollere
761 1435 954 1476 tunicam

126 1501 260 1530 suam.

174 1547 225 1598 R.
268 1545 447 1586 Amavit
490 1558 590 1587 eum
630 1546 867 1597 DominuS,
911 1553 955 1590 et

125 1601 297 1643 ornavit
316 1613 433 1642 eum.
461 1602 621 1644 stolam
638 1602 792 1653 gloriae
814 1579 954 1646 in'duit

125 1670 236 1707 eum,
253 1659 276 1684 *
294 1658 352 1700 Et
371 1658 428 1700 ad
445 1663 598 1711 portas
617 1658 812 1712 paradisi
830 1673 952 1702 coro-

123 1714 245 1755 navit
263 1727 372 1756 eum.
391 1710 441 1761 V.
457 1714 606 1757 Induit
625 1728 725 1757 eum
737 1715 952 1758 Dominus

123 1769 305 1812 loricam
323 1770 438 1820 fidei,
466 1776 511 1814 et
529 1772 701 1813 ornavit
721 1784 832 1814 eum.
859 1773 926 1814 Et.

407 1832 559 1874 Lectio
579 1834 663 1874 viii.

218 1905 283 1933 aec
302 1905 401 1934 cum
420 1892 581 1934 scirent
598 1893 748 1943 sancti,
768 1894 950 1945 ejusmo-

226 1948 271 1990 di
289 1950 522 1990 tenuerunt
544 1962 636 1990 suae
656 1949 951 1991 conversatio-

122 2005 188 2045 nis
224 2004 479 2046 institutum.
542 2006 650 2055 Quae
688 2005 802 2046 enim
838 2018 951 2047 nunc

121 2060 334 2113 praecepit
352 2061 578 2110 Dominus,
599 2060 754 2102 eadem
774 2073 949 2113 quoque

121 2121 222 2157 ante
249 2129 377 2157 suum
403 2116 446 2156 in
476 2129 606 2158 carne
629 2116 865 2158 adventurn
887 2116 948 2158 lo-

122 2175 248 2214 cutus
268 2177 335 2213 est
354 2172 397 2213 in
416 2173 591 2214 sanctis:
615 2178 659 2214 et
677 2172 762 2213 hoc
781 2172 948 2214 instita-

120 2235 213 2271 tum
235 2228 436 2269 homines
461 2227 517 2270 ad
539 2229 855 2281 perfectionem
874 2229 948 2270 du-

121 2285 189 2326 cit.
227 2285 343 2326 Nam
375 2284 496 2335 quod
527 2284 648 2326 Deus
680 2284 868 2336 jusserit,
900 2283 946 2325 id

120 2343 296 2382 omnino
315 2340 562 2382 faciendum
582 2346 659 2382 est.
686 2339 885 2392 Ideoque
905 2345 948 2381 et

118 2396 262 2448 ipsum
280 2396 478 2438 Verbum
501 2401 684 2449 propter
708 2409 789 2437 nos
814 2396 946 2437 homo

118 2452 291 2502 factum,
309 2465 397 2494 non
412 2451 636 2502 indignum
650 2452 831 2505 putavit,
848 2464 947 2492 cum

121 2511 399 2559 quaereretur,
416 2508 785 2560 quemadmodum
801 2513 843 2549 et
854 2520 945 2556 nos,

119 2563 389 2607 abscondere
409 2578 470 2615 se;
499 2571 542 2607 et
561 2578 660 2606 cum
679 2563 945 2616 persecutio-

1014 275 1115 303 nem
1132 259 1641 315 pateretur‚f1‘1gere,et
1666 256 1846 299 insidias

1016 317 1252 360 declinare:
1281 329 1380 358 cum
1406 320 1553 357 autem
1578 329 1603 356 a
1628 327 1674 356 se
1696 313 1845 356 defini-

1014 379 1107 416 tum
1142 379 1317 426 tempus
1353 373 1449 425 ipse
1486 371 1759 420 adduxisset,
1801 370 1845 410 in

1016 443 1104 482 quo
1125 429 1414 484 corporaliter
1431 441 1514 480 pro
1535 425 1735 469 omnibus
1754 426 1845 478 pati

1014 486 1207 535 volebat,
1233 485 1348 527 ultro
1373 486 1566 536 seipsum
1584 481 1795 524 tradidit‘
1785 495 1844 522 in-

1015 541 1285 584 sidiantibus.

1064 596 1115 648 R
1136 599 1187 638 In
1205 596 1351 638 medio
1371 595 1582 637 Ecclesiae
1603 594 1774 646 aperuit
1793 606 1844 634 os

1014 655 1116 706 ejus,
1140 654 1162 677 *
1193 654 1250 695 Et
1277 652 1474 717 implevit
1503 664 1603 692 eum
1629 650 1843 691 Dominus

1014 710 1170 762 spiritu
1219 709 1447 762 sapientiae
1497 713 1540 749 et
1587 705 1844 748 intellectus.

1010 763 1061 813 V.
1091 765 1417 808 Jucunditatem
1441 769 1484 806 et
1508 763 1844 805 exsultationem

1011 822 1324 865 thesaurizavit
1357 834 1490 874 super
1522 833 1632 861 eum.
1680 819 1737 860 Et
1768 818 1843 858 im-

1011 879 1158 931 plevit.
1186 878 1339 919 Gloria
1358 877 1487 919 Patri.
1515 877 1572 918 Et
1590 875 1798 928 implevit.

1061 946 1194 980 Lectio
1221 947 1269 979 ix.
1302 947 1348 981 dc
1374 947 1546 983 Homilia
1576 955 1611 983 ct
1642 960 1836 983 commem.

1008 995 1132 1028 Ferize
1156 994 1195 1027 in
1220 994 1426 1037 Quadra&
1454 997 1551 1030 alias

1309 1050 1461 1092 Lectio
1482 1052 1535 1091 ix.

1090 1115 1108 1152 t
1125 1122 1230 1151 vero
1250 1108 1390 1150 Sancti
1403 1107 1603 1149 homines
1619 1121 1718 1148 cum
1731 1107 1844 1148 hanc

1125 1178 1301 1217 quoque
1338 1165 1525 1205 formam
1563 1177 1588 1204 a
1615 1163 1841 1204 Salvatore

1011 1222 1280 1270 didicissent,
1305 1220 1405 1271 (ab
1395 1232 1494 1272 ipso
1516 1219 1630 1260 enim
1650 1225 1693 1260 et
1713 1221 1841 1259 antea

1010 1286 1054 1320 et
1077 1291 1251 1331 semper
1278 1289 1429 1318 omnes
1454 1275 1741 1325 docebantur)
1768 1273 1840 1315 ad-

1009 1337 1162 1376 versus
1205 1334 1513 1386 persecutores
1558 1337 1605 1372 ut
1648 1330 1840 1381 legitime

1009 1393 1236 1439 certarent,
1247 1388 1481 1440 fugiebant,
1494 1392 1537 1429 et
1551 1387 1606 1428 ab
1621 1386 1706 1427 illis
1723 1399 1838 1437 quae-

1008 1447 1080 1488 siti
1111 1459 1159 1487 se
1193 1443 1534 1487 abscondebant.
1583 1443 1693 1483 Cum
1725 1441 1839 1482 enim

1007 1502 1245 1555 praestitu'ti
1272 1500 1355 1543 sibi
1383 1513 1409 1540 a
1437 1498 1583 1540 divina
1605 1496 1837 1550 providen-

1006 1558 1067 1599 tia
1084 1557 1297 1610 temporis
1316 1557 1449 1597 finem
1466 1555 1736 1606 ignorarent,
1762 1565 1836 1593 no—

1006 1615 1155 1656 lebant
1173 1611 1478 1654 insidiantibus
1498 1623 1546 1652 se
1568 1612 1733 1651 temere
1752 1610 1836 1649 tra-

1007 1670 1125 1712 dere:
1145 1668 1225 1711 sed
1243 1673 1406 1718 contra,
1426 1680 1525 1709 cum
1541 1666 1702 1707 scirent
1717 1663 1838 1716 quod

1006 1726 1217 1778 scriptum
1236 1730 1321 1775 est,
1347 1724 1391 1764 in
1416 1722 1617 1764 manibus
1635 1720 1720 1762 Dei
1739 1732 1836 1761 esse

1004 1782 1230 1823 hominum
1244 1787 1398 1830 sorteS,
1416 1785 1459 1821 et
1472 1778 1710 1820 Dominum
1724 1789 1836 1817 mor-

1004 1838 1174 1879 tificare
1206 1843 1249 1880 et
1272 1837 1512 1885 vivificare,
1546 1834 1696 1898 potius
1720 1833 1765 1873 in
1789 1832 1834 1872 fi-

1004 1907 1105 1935 nem
1122 1906 1262 1946 usque
1282 1891 1635 1955 perseverabant,
1655 1890 1834 1931 circum-

1005 1953 1169 2000 euntes,
1187 1955 1236 1992 ut
1252 1950 1311 1992 ait
1326 1948 1581 2002 Apostolus,
1599 1947 1643 1987 in
1661 1945 1835 1986 melotis

1005 2011 1049 2047 et
1067 1982 1255 2058 pellibus
1276 2005 1475 2059 capriniS,
1495 2006 1684 2054 egentes,
1706 2014 1834 2052 angu-

1005 2062 1135 2113 stiati‚
1165 2063 1208 2103 in
1227 2061 1535 2104 solitudinibus
1555 2061 1766 2106 erranteS,
1793 2061 1835 2097 et

1003 2117 1049 2157 in
1076 2118 1297 2170 speluncis
1326 2123 1369 2159 et
1397 2115 1595 2159 cavernis
1622 2119 1751 2155 terrae
1775 2111 1833 2152 la-

1003 2175 1156 2223 tenteS,
1177 2173 1326 2230 quoad
1344 2173 1414 2215 vel
1435 2171 1661 2214 definitum
1678 2167 1833 2209 mortis

1008 2233 1182 2282 tempus
1217 2231 1399 2278 veniret,
1441 2227 1511 2269 vel
1549 2226 1623 2277 qui
1658 2230 1833 2288 tempus

1002 2284 1146 2336 ipsum
1166 2285 1410 2332 definierat,
1428 2283 1550 2323 Deus
1571 2294 1670 2322 cum
1689 2280 1751 2320 eis
1769 2279 1830 2320 lo-

1003 2342 1222 2391 queretur,
1249 2346 1292 2382 et
1315 2338 1569 2380 insidiantes
1594 2335 1830 2384 cohiberet,

1001 2401 1076 2437 aut
1103 2402 1220 2438 certe
1255 2392 1611 2449 persecutoribus
1640 2404 1716 2433 eos
1743 2393 1828 2433 tra-

1002 2451 1135 2502 deret,
1153 2455 1391 2502 utcumque
1410 2449 1472 2490 illi
1490 2448 1739 2501 placuisset.

1053 2510 1114 2550 Te
1133 2510 1277 2550 Deum
1295 2506 1534 2548 laudamus.
1553 2505 1612 2546 15.

997 2595 999 2598 <
1051 2573 1086 2607 V
1089 2584 1168 2617 esp.
1187 2574 1233 2608 dc
1252 2585 1356 2617 scqu.
1376 2584 1508 2607 comm.
1526 2574 1650 2610 Fcriae
1668 2580 1823 2611 tantum.

685 2674 749 2677 ὴ-
753 2657 1141 2695 *mr
