2066 2904
485 159 697 194 Commune
722 159 1002 202 Apostolorum
1028 162 1136 193 extra
1158 162 1309 200 tempus
1335 156 1535 190 Paschale.

202 251 420 302 Quoniam
454 250 714 293 confirmata
747 254 815 292 est
850 263 983 304 super

149 320 232 349 nos
251 307 555 349 misericordia
574 308 681 359 ejus:
704 307 729 334 *
757 311 801 349 et
819 308 983 350 veritas

149 364 328 405 Domini
346 368 494 406 manet
511 364 556 405 in
574 365 800 406 aeternum.

201 426 300 466 Ant.
328 424 381 464 In
396 425 609 477 patientia
622 429 770 467 vestra
785 425 983 478 posside-

150 480 252 522 bitis
272 480 441 523 animas
458 486 641 524 vestras.

224 553 484 605 Capitulum.
635 554 791 606 Ephes.
807 555 843 594 2.
860 554 898 594 d.

145 616 389 723 Fratres:
416 620 442 662 J
443 634 514 663 am
536 634 625 663 non
651 621 757 663 estis
771 620 982 673 hospites,

250 682 295 720 et
312 678 512 720 advenae:
531 678 612 720 sed
626 678 731 720 estis
747 677 865 720 cives
885 689 980 718 san-

149 735 336 785 ctorum,
370 738 415 777 et
443 734 674 776 domestici
699 735 797 776 Dei:
830 746 980 786 super-

149 790 357 833 aedificati
371 804 504 844 super
518 791 850 833 fundamentum
861 790 980 843 Apo-

149 847 384 899 stolorum,
425 853 471 890 et
496 848 840 901 Prophetarum,
881 847 979 900 ipso

147 908 274 945 sumo
294 904 492 956 angulari
509 904 658 958 lapide
674 904 848 947 Christo
863 903 888 945 J
891 916 978 946 esu.

196 961 247 1013 R.
276 960 374 1003 Deo
394 961 573 1012 gratias.

456 1035 668 1086 Hymnus.

253 1099 419 1142 xsultet
437 1099 558 1142 orbis
577 1098 764 1151 gaudiis:

276 1156 447 1198 Coelum
463 1156 649 1199 resultet
666 1156 886 1199 laudibus:

222 1212 543 1266 Apostolorum
561 1212 748 1264 gloriam

221 1269 372 1312 Tellus
393 1274 437 1311 et
455 1274 574 1312 astra
594 1270 839 1312 concinunt.

179 1344 267 1385 Vos
287 1343 552 1385 saeculorum
570 1343 748 1396 judiceS,

220 1399 279 1441 Et
297 1412 403 1442 vera
420 1399 574 1442 mundi
592 1400 770 1442 lumina:

220 1456 352 1498 Votis
370 1459 604 1509 precamur
623 1457 833 1508 cordium,

221 1512 386 1555 Audite
405 1525 539 1555 voces
559 1513 820 1567 supplicum.

171 1585 257 1637 Qui
273 1586 438 1639 templa
458 1586 559 1628 coeli
578 1587 793 1638 clauditiS,

220 1642 440 1695 Serasque
457 1642 595 1686 verbo
615 1643 797 1695 solvitis,

220 1698 316 1741 Nos
335 1712 361 1741 a
379 1701 506 1742 reatu
524 1700 682 1742 noxios

220 1755 343 1798 Solvi
360 1756 517 1808 jubete,
547 1759 811 1810 quaesumus.

174 1830 402 1883 Praecepta
420 1843 607 1883 quorum
623 1831 827 1884 protinus

221 1887 428 1939 Languor
447 1886 656 1940 salusque
675 1889 882 1931 sentiunt:

221 1943 382 1986 Sanate
400 1948 571 1986 mentes
589 1944 838 1996 languidas,

221 2000 395 2052 Augete
413 2013 496 2042 nos
514 2000 762 2044 virtutibus.

172 2073 240 2123 Ut,
267 2085 368 2115 cum
385 2072 549 2115 redibit
567 2073 733 2116 arbiter

222 2130 274 2170 In
292 2129 380 2171 fine
401 2129 602 2172 Christus
622 2130 782 2181 saeculi,

220 2185 316 2227 Nos
336 2186 591 2239 sempiterni
610 2186 759 2237 gaudii

222 2242 449 2284 Concedat
468 2255 565 2284 esse
585 2244 828 2296 compotes

174 2316 300 2366 Patri,
327 2315 544 2369 simulque
563 2316 687 2367 Filio,

221 2371 411 2425 Tibique
430 2377 582 2414 sancte
601 2372 801 2426 Spiritus

220 2428 342 2470 Sicut
356 2429 447 2480 fuit,
475 2429 532 2471 sit
546 2429 702 2482 jugiter

221 2485 410 2527 Saeclum
423 2498 504 2539 per
515 2498 644 2528 omne
654 2486 805 2538 gloria.
819 2487 974 2529 Amen.

194 2553 245 2605 V·
273 2563 325 2603 In
352 2575 528 2606 omnem
555 2568 720 2606 terram
747 2565 882 2606 exivit
906 2577 974 2605 so-

145 2630 226 2659 nus
245 2620 408 2660 eorum.
426 2617 478 2668 Rz.
500 2620 558 2662 Et
571 2620 615 2661 in
630 2620 740 2663 fines
755 2620 875 2662 orbis
890 2625 973 2662 ter-

144 2686 206 2715 rae
224 2674 361 2717 verba
379 2677 543 2718 eorum.

1090 256 1161 297 Ad
1190 255 1363 305 Magnif.
1395 255 1492 295 Ant.
1530 251 1726 294 Tradent
1754 251 1869 293 enim

1033 320 1114 350 vos
1141 307 1165 334 *
1192 308 1237 349 in
1265 308 1474 359 conciliis,
1503 313 1547 351 et
1569 309 1614 350 in
1633 308 1868 361 synagogis

1033 365 1124 406 suis
1143 364 1431 416 flagellabunt
1449 377 1542 416 vos,
1562 370 1607 407 et
1625 370 1726 407 ante
1742 377 1868 416 reges

1033 426 1078 464 et
1103 421 1320 474 praesides
1345 421 1564 464 ducemini
1589 426 1774 475 propter
1797 434 1868 463 me

1032 478 1077 519 in
1095 478 1398 521 testimonium
1416 478 1512 529 illis,
1541 484 1586 521 et
1605 479 1833 522 Gentibus.

1145 565 1373 606 Canticum
1396 564 1441 603 Β.
1462 563 1611 603 Mariae
1637 564 1752 612 Vin-g.

1341 630 1457 664 Lucae
1477 630 1503 664 1.
1523 641 1551 664 c.

1032 682 1346 789 Magnificat
1369 687 1393 714 *
1420 687 1565 729 anima
1593 701 1691 730 mea
1717 688 1867 729 Domi-

1165 758 1285 786 num:

1084 805 1141 847 Et
1166 805 1402 847 exsultavit
1429 805 1609 858 spiritus
1637 819 1761 848 meus
1780 807 1867 848 *in

1031 862 1130 904 Deo
1151 862 1333 904 salutari
1350 875 1463 905 meo.

1085 924 1197 974 Quia
1215 924 1412 977 respexit
1429 921 1722 966 humilitatem
1737 925 1867 967 ancil-

1031 980 1087 1021 1ae
1103 993 1209 1022 suae:
1223 981 1248 1007 *
1263 993 1368 1023 ecce
1388 980 1504 1022 enim
1520 993 1574 1023 ex
1589 980 1674 1023 hoc
1689 981 1867 1024 beatam

1030 1050 1101 1079 me
1121 1037 1271 1080 dicent
1290 1050 1445 1079 omnes
1464 1038 1785 1089 generationes.

1083 1098 1195 1149 Quia
1205 1098 1309 1141 fecit
1325 1098 1431 1140 mihi
1445 1111 1606 1149 magna
1618 1099 1693 1151 qui
1707 1104 1867 1152 potens

1030 1159 1111 1197 est:
1129 1155 1154 1182 *
1174 1160 1218 1197 et
1238 1160 1439 1197 sanctum
1458 1168 1619 1197 nomen
1639 1156 1740 1208 ejus.

1081 1216 1139 1258 Et
1160 1216 1465 1258 misericordia
1489 1217 1580 1268 ejus
1605 1230 1631 1258 a
1653 1220 1865 1270 progenie

1028 1274 1074 1315 in
1092 1274 1327 1326 progenies
1347 1273 1372 1300 *
1391 1273 1649 1315 timentibus
1670 1287 1782 1316 eum.

1081 1334 1207 1376 Fecit
1221 1335 1468 1387 potentiam
1482 1335 1527 1376 in
1536 1334 1720 1377 brachio
1735 1349 1831 1378 suo:
1842 1339 1866 1365 *

1030 1390 1239 1442 dispersit
1248 1390 1466 1443 superbos
1474 1396 1622 1433 mente
1630 1392 1778 1435 cordis
1787 1394 1866 1435 sui.

1080 1452 1301 1504 Deposuit
1324 1454 1531 1504 potentes
1552 1452 1607 1495 de
1629 1453 1750 1505 sede,
1770 1456 1794 1482 *
1822 1460 1867 1497 et

1030 1508 1241 1551 exaltavit
1260 1508 1458 1550 humiles.

1080 1569 1338 1612 Esurientes
1364 1570 1566 1623 implevit
1593 1570 1740 1614 bonis:
1768 1573 1792 1598 *
1821 1578 1865 1615 et

1030 1626 1189 1669 divites
1210 1626 1376 1669 dimisit
1393 1627 1558 1670 inanes.

1080 1687 1283 1741 Suscepit
1308 1688 1447 1730 Israel
1470 1692 1658 1742 puerum
1682 1702 1821 1740 suum,
1841 1690 1865 1717 *

1027 1744 1289 1787 recordatus
1308 1745 1628 1788 misericordiae
1647 1759 1750 1788 suae.

1080 1807 1203 1848 Sicut
1230 1806 1405 1848 locutus
1434 1812 1502 1850 est
1529 1807 1587 1849 ad
1611 1812 1762 1860 patres
1788 1821 1862 1849 no-

1028 1868 1155 1914 stros,
1173 1863 1198 1890 *
1217 1863 1454 1914 Abraham,
1473 1869 1518 1907 et
1534 1865 1689 1906 semini
1708 1865 1799 1917 ejus
1818 1865 1862 1905 in

1028 1920 1202 1962 saecula.

1081 1982 1234 2024 Gloria
1252 1982 1384 2025 Patri.

1080 2044 1127 2078 Et
1149 2044 1337 2087 repetitur
1361 2044 1600 2086 Antiphona.

1079 2099 1212 2135 Oratio
1231 2100 1399 2144 propria¹

1193 2180 1281 2221 Ad.
1307 2179 1696 2222 Matutinum.

1079 2253 1204 2294 Invit.
1233 2253 1402 2302 Regem
1425 2250 1748 2304 Apostolorum
1771 2252 1861 2293 Do-

1027 2307 1204 2358 minum,
1225 2309 1248 2333 *
1275 2307 1437 2349 Venite
1457 2306 1705 2349 adoremus.

1078 2367 1145 2407 Ps.
1182 2366 1348 2418 Venite,
1377 2368 1655 2410 exsultemus.
1678 2369 1715 2410 2.

1337 2442 1545 2493 Hymnus.

1231 2509 1357 2550 terna
1377 2506 1539 2548 Christi
1558 2509 1751 2558 munera,

1257 2563 1579 2617 Apostolorum
1596 2564 1794 2616 gloriam,

1156 2621 1332 2662 Palmas
1350 2625 1394 2662 et
1412 2620 1600 2672 hymnos
1621 2620 1797 2663 debitos

1156 2677 1293 2718 Laetis
1314 2678 1521 2718 canamus
1539 2677 1771 2720 mentibus.
