2066 2904
179 181 246 216 512

183 275 337 318 dicem:
382 274 471 326 qui,
510 272 730 315 Venantio
768 270 911 312 adhuc
946 269 1007 311 lo-

182 333 351 384 quente,
371 343 395 371 e
413 328 619 372 tribunali
638 327 807 375 cecidit,
832 332 876 368 et
893 326 936 366 in
956 339 1009 367 ea

180 399 300 436 voce,
319 386 465 428 Verus
481 391 548 427 est
561 384 770 427 Venantii
783 383 915 431 Deus,
934 394 1008 423 no-

180 448 296 484 stros
334 441 443 483 deos
483 441 712 490 destruite,
758 438 1008 481 exclamans

181 498 431 551 exspiravit.

233 559 284 607 Rg.
300 555 351 595 In
371 554 510 595 servis
529 553 629 602 suis,
653 551 834 602 alleluja,
857 556 879 579 *
897 550 1007 590 Con-

182 609 395 651 solabitur
422 610 562 658 Deus,
590 607 771 659 alleluja.
804 604 854 655 Y.
890 605 915 646 J
917 604 1008 646 udi-

181 665 299 708 cabit
317 666 534 707 Dominus
556 663 771 717 pupulum
795 674 937 710 suum,
966 665 1010 702 et

181 723 225 762 in
245 722 385 764 servis
404 722 504 763 suis.
533 718 854 763 Consolabitur.

482 779 633 820 Lectio
654 780 706 819 vi.

184 814 354 937 Quod
373 845 471 874 cum
491 831 671 884 praesidi
684 830 930 871 nuntiatum
945 843 1009 871 es-

276 895 359 938 set,
388 888 609 940 extemplo
628 886 898 928 Venantium
921 886 1009 927 leo-

180 945 310 987 nibus
330 944 457 996 objici
476 944 615 995 jussit,
636 943 725 994 qui,
745 942 933 983 naturali
952 942 1009 983 fe-

180 1002 309 1043 ritate
329 1002 507 1049 omissa,
527 999 583 1041 ad
603 1000 694 1050 ejus
714 1011 762 1039 se
780 997 919 1050 pedes
938 997 1010 1039 ab·

181 1059 386 1109 jecerunt:
399 1056 573 1096 interim
583 1055 655 1096 ille
665 1054 880 1106 papulum
892 1053 1011 1094 Chri-

181 1113 238 1154 sti
274 1112 408 1154 fidem
446 1111 673 1153 edocebat.
727 1111 872 1159 Quare
909 1109 1011 1150 inde

181 1170 372 1217 amotus,
394 1170 552 1209 iterum
574 1167 618 1207 in
638 1168 860 1207 carcerem
879 1164 1011 1207 tradi-

181 1229 263 1266 tur.
299 1224 495 1275 Cumque
514 1221 731 1275 postridie
750 1221 930 1273 praesidi
947 1234 1011 1262 re-

182 1280 314 1322 ferret
344 1278 630 1331 Porphyrius,
674 1290 720 1318 se
757 1289 838 1329 per
869 1277 1013 1318 visum

183 1341 317 1378 noctu
358 1334 566 1388 p6puJOS,
614 1346 726 1386 quos
766 1333 1013 1374 Venantius

183 1405 298 1444 aqua
315 1391 527 1442 tingebat,
555 1389 796 1431 clarissima
818 1389 916 1430 luce
935 1389 1012 1430 ful-

182 1450 350 1500 gentes,
368 1447 514 1500 ipsum
533 1458 638 1487 vero
658 1444 895 1498 praesidem
915 1444 1014 1487 obs-

183 1503 409 1545 curissima
425 1502 607 1553 caligine
623 1503 826 1554 opertum
836 1500 1014 1551 vidisse3

183 1572 351 1611 praeses
370 1559 434 1599 ira
451 1559 668 1607 incensus,
688 1570 788 1598 eum
806 1556 924 1598 illico
946 1559 1013 1598 ca-

182 1615 274 1667 pite
293 1615 427 1667 plecti
444 1616 645 1667 imperat:
665 1612 824 1654 deinde
840 1613 1014 1654 Venan-

183 1671 292 1712 tium
316 1683 397 1722 per
421 1670 521 1711 loca
539 1669 745 1722 vepribus
772 1674 817 1710 et
839 1668 1014 1710 carduis

185 1727 355 1768 censita
381 1726 496 1768 trahi
522 1738 662 1777 usque
688 1724 745 1766 ad
774 1727 1015 1777 vesperam.

184 1784 229 1824 Is
257 1795 357 1823 cum
384 1782 650 1823 semianimis
677 1781 857 1822 relictus
885 1787 1015 1831 esset,

185 1850 313 1880 mane
338 1851 385 1879 se
404 1841 561 1879 iterum
579 1837 760 1889 praesidi
778 1839 1015 1889 praesenta-

185 1895 260 1946 vit,
285 1896 407 1946 eujus
425 1895 544 1946 jussu
564 1894 713 1935 statim
732 1906 756 1934 e
775 1906 885 1945 rupe
904 1906 1015 1945 prae-

186 1952 408 2004 cipitatur:
434 1949 513 1992 sed
536 1949 637 1991 inde
657 1950 789 1991 etiam
808 1948 1016 1991 divinitus

187 2010 376 2059 ereptuS,
402 2006 547 2048 denuo
566 2018 646 2058 per
664 2006 764 2047 loca
782 2008 940 2058 aspera
960 2005 1017 2047 ad

186 2063 304 2104 mille
322 2075 480 2115 passus
497 2061 697 2104 trahitur:
716 2061 792 2102 ubi
805 2061 1017 2103 militibus
1052 2106 1057 2111 ,

188 2119 258 2160 siti
284 2118 588 2167 aestuantibus,
619 2118 663 2158 in
686 2118 890 2170 proxima
917 2130 1016 2158 con-

188 2174 313 2224 valle,
339 2187 394 2216 ex
413 2173 573 2228 lapide,
591 2174 635 2215 in
656 2186 743 2226 quo
766 2178 810 2214 et
828 2175 1019 2224 genuum

189 2231 376 2272 formam
394 2230 587 2283 reliquit,
613 2230 725 2271 sicut
749 2229 881 2271 etiam
904 2242 1020 2270 nunc

189 2287 233 2327 in
252 2287 343 2337 ejus
365 2286 549 2328 ecclesia
570 2285 719 2327 videre
738 2285 858 2334 licet,
877 2285 1020 2326 crucis

196 2343 318 2393 signo
338 2355 364 2383 a
381 2342 601 2384 Venantio
621 2341 753 2390 facto,
780 2353 907 2392 aquae
931 2354 1019 2382 ma-

192 2399 358 2439 narunt.
398 2398 465 2439 Eo
497 2397 709 2439 miraculo
741 2396 891 2449 plures
924 2409 1020 2448 per-

193 2453 303 2494 muti
353 2453 396 2494 in
449 2453 671 2495 Christum
722 2451 1021 2502 crediderunt,

196 2520 307 2560 quos
345 2521 496 2551 omnes
533 2521 701 2562 praeses
733 2521 787 2550 eo
818 2507 906 2549 loci
936 2521 1023 2549 una

196 2575 295 2604 cum
322 2564 542 2606 Venantio
570 2565 714 2617 capite
743 2563 862 2605 feriri
890 2564 1023 2614 jussit.

195 2619 387 2670 Fulgura
411 2626 454 2662 et
478 2623 758 2662 terraemetus
784 2632 837 2661 eo
857 2621 1023 2671 tempo-

198 2687 245 2715 re
265 2675 327 2716 ita
344 2676 489 2726 magni
507 2676 637 2726 fuere,
655 2682 703 2718 ut
722 2688 890 2729 praeses
905 2675 1024 2716 aufu-

651 183 720 216 Die
750 183 799 215 1⁸.
827 183 924 220 Maii.
974 183 1006 214 S.
1035 181 1213 215 Venantii
1240 181 1430 224 Martyris

1059 273 1197 320 geret:
1226 269 1300 321 qui
1325 268 1478 321 paucis
1503 272 1651 309 tamen
1676 270 1782 318 post
1803 265 1892 308 die-

1060 324 1143 366 bus
1169 324 1361 366 divinam
1385 323 1505 366 haud
1523 323 1673 364 valens
1698 321 1893 372 effugere

1060 381 1278 433 justitiam,
1295 381 1597 433 turpissimam
1610 383 1799 420 mortem
1816 390 1892 430 op-

1060 437 1198 489 petiit.
1233 436 1468 478 Christiani
1491 435 1666 477 interim
1684 433 1893 485 Venantii

1062 498 1106 534 et
1125 492 1311 534 aliorum
1331 494 1520 544 corpora
1532 490 1777 532 honorifico
1793 489 1892 531 loco

1062 548 1345 600 sepelierunt,
1379 559 1479 599 quae
1508 546 1726 588 Camerini
1752 546 1798 586 in
1825 557 1892 587 ec·
1962 546 1968 553 ’

1062 604 1196 645 clesia
1214 603 1437 645 Venantio
1458 601 1605 644 dicata
1623 600 1802 643 condita
1820 601 1893 642 ad-

1061 659 1147 701 huc
1164 665 1275 701 sunt.
1313 661 1363 711 R.
1394 658 1519 699 Fssiae
1538 657 1791 700 Jerusalem.
1808 656 1894 710 [44]

1120 720 1162 754 In
1185 720 1249 754 111.
1271 721 1470 754 Nocturno
1495 718 1668 753 Homilia
1692 718 1732 752 in
1748 717 1894 760 Evang.

1066 769 1150 812 Ego
1181 778 1266 803 sum
1293 766 1387 802 vitis
1408 775 1513 800 vera.
1543 767 1590 800 de
1620 766 1758 800 eodem
1785 765 1896 800 Com-

1067 816 1170 851 muni
1200 816 1227 849 1.
1251 816 1348 849 loco.
1370 812 1439 856 [47]

1320 879 1400 920 Ad
1426 877 1637 920 Laudes.

1376 936 1590 987 Hymnus.

1206 1011 1281 1039 um
1298 1003 1430 1039 nocte
1447 995 1576 1049 pulsa
1594 994 1748 1036 lucifer

1218 1055 1348 1096 Diem
1368 1055 1665 1106 propinquam
1683 1051 1865 1100 nuntiat,

1168 1110 1311 1152 Nobis
1332 1110 1468 1151 refert
1484 1107 1733 1150 Venantius

1168 1166 1301 1208 Lucis
1318 1166 1464 1208 beatae
1482 1167 1676 1206 munera.

1119 1232 1233 1273 Nam
1251 1230 1481 1272 criminum
1500 1227 1742 1278 caliginem,

1170 1287 1406 1339 Stygisque
1425 1289 1604 1326 noctem
1623 1282 1802 1336 depulit,

1173 1343 1385 1394 Veroque
1404 1341 1523 1383 cives
1541 1339 1706 1381 lumine

1170 1398 1425 1440 Divinitatis
1443 1396 1612 1438 imbuit.

1123 1463 1261 1515 Aquis
1281 1462 1395 1503 sacri
1412 1460 1692 1514 baptismatis

1171 1518 1397 1561 Lustravit
1416 1517 1490 1559 ille
1507 1517 1714 1570 patriam:

1172 1576 1293 1626 Quos
1311 1574 1442 1616 tinxit
1459 1571 1579 1615 unda
1595 1572 1768 1622 milites,

1171 1633 1224 1673 In
1242 1636 1363 1673 astra
1380 1629 1499 1671 misit
1517 1629 1748 1681 Martyres.

1122 1698 1248 1738 Nunc
1268 1694 1540 1746 Angelorum
1557 1693 1796 1746 particeps,

1174 1751 1345 1793 Adesto
1365 1749 1482 1792 votis
1501 1748 1767 1802 supplicum:

1170 1806 1334 1850 Procul
1352 1805 1517 1859 repelle
1537 1804 1729 1855 crimina,

1172 1864 1406 1915 Tuumque
1424 1861 1573 1903 lumen
1590 1863 1751 1912 ingere.

1127 1929 1192 1970 Sit
1211 1929 1307 1969 laus
1326 1927 1459 1976 Patri,
1478 1926 1535 1968 sit
1554 1925 1677 1975 Filio,

1174 1984 1364 2036 Tibique
1383 1987 1533 2025 sancte
1552 1982 1758 2036 Spiritus:

1174 2042 1245 2082 Da
1263 2053 1345 2093 per
1363 2051 1520 2092 preces
1538 2038 1748 2081 Venantii

1174 2097 1316 2138 Beata
1334 2095 1464 2137 nobis
1483 2094 1655 2146 gaudia.
1683 2094 1837 2135 Amen.

1126 2153 1179 2204 V.
1215 2151 1417 2194 Pretiosa
1450 2151 1495 2191 in
1532 2152 1779 2204 conspectu
1814 2150 1904 2191 Do-

1072 2210 1192 2258 mini,
1218 2207 1401 2258 alleluja.
1435 2207 1489 2259 R.
1511 2206 1634 2248 Mors
1653 2207 1906 2248 sanctorum

1073 2267 1175 2318 ejus,
1195 2263 1376 2314 alleluja.

1129 2324 1199 2364 Ad
1231 2322 1394 2363 Bened.
1436 2321 1537 2360 Ant.
1578 2316 1702 2358 Filiae
1733 2316 1906 2358 Jerusa-

1073 2375 1177 2425 lem,
1220 2376 1383 2424 venite,
1424 2378 1469 2416 et
1504 2372 1652 2415 videte
1686 2371 1906 2424 Martyres

1075 2444 1174 2472 cum
1194 2430 1381 2480 coronis,
1402 2429 1560 2482 quibus
1579 2428 1810 2470 coronavit
1829 2441 1907 2470 eos

1074 2486 1291 2528 Deminus
1331 2485 1376 2526 in
1417 2485 1489 2527 die
1531 2483 1822 2526 solemnitatis
1864 2489 1908 2526 et

1074 2543 1251 2592 laetitiae,
1275 2541 1458 2594 alleluja,
1484 2540 1667 2593 alleluja.

1127 2608 1244 2651 Vesp.
1270 2606 1438 2651 a,Capit.
1462 2607 1508 2641 de
1534 2617 1639 2650 sequ.
1664 2617 1747 2641 cum
1772 2617 1907 2642 comm.

1076 2656 1239 2699 praeced.
1265 2660 1300 2690 et
1325 2655 1359 2689 S.
1385 2656 1637 2690 I’udcntiun'tc
1663 2655 1767 2698 virg.
