2028 2892
168 184 232 220 176

168 280 391 329 miracula,
412 279 519 330 quid
536 277 666 319 nobis
683 276 921 328 loquantur
941 276 996 317 de

169 338 356 379 Christo:
374 335 538 377 habent
557 334 683 382 enim,
702 332 739 373 si
756 332 995 382 intelligan-

167 399 248 443 tur,
269 393 461 442 linguam
481 403 617 432 suam.
643 389 759 430 Nam
780 388 882 439 quia
900 388 996 440 ipse

170 448 369 490 Christus
401 446 599 488 Verbum
630 445 715 486 Dei
746 448 828 485 est:
865 444 996 485 etiarn

168 505 331 546 factum
349 502 499 552 Verbi,
520 501 703 543 verbum
721 499 847 541 nobis
867 505 944 541 est.

220 571 267 619 R>
288 566 516 609 Attendite
538 565 701 619 popule
716 577 840 606 meus
854 564 996 615 legem

167 637 325 666 meam:
347 627 368 648 *
395 623 606 664 Inclinate
631 634 782 663 aurem
805 625 997 662 vestram

168 682 212 722 in
235 679 371 722 verba
396 679 486 721 oris
510 678 606 719 mei.
642 675 689 726 V.
719 677 930 729 Aperiam
953 676 997 716 in

168 736 392 790 parabolis
411 748 462 776 os
481 747 642 775 meum:
660 734 816 785 loquar
836 745 996 785 propo-

169 794 350 834 sitienes
368 791 423 833 ab
443 791 566 832 initio
586 789 746 831 saeculi.
773 788 998 830 Inclinate.

169 848 323 889 Gleria
341 847 472 889 Patri.
498 846 721 887 Inclinate.

426 931 504 972 Ad
529 930 737 971 Laudes.

223 995 322 1033 Ant.
346 995 371 1032 1.
400 994 527 1033 Tunc
551 991 805 1045 acceptabis
825 991 849 1017 *
868 991 997 1032 sacri-

170 1052 317 1092 ficium
336 1049 525 1102 justitiae‚
553 1048 589 1089 si
611 1048 823 1090 averteris
841 1047 998 1089 faciem

168 1112 287 1150 tuam
307 1119 333 1147 a
353 1104 549 1158 peccatis
568 1104 688 1146 meis.

223 1167 287 1205 l's.
314 1166 533 1207 Miserere.
553 1177 650 1204 cum
672 1164 822 1215 reliqu.
843 1165 930 1206 134.

220 1228 256 1266 2.
289 1227 459 1267 Bonum
489 1229 556 1266 est
580 1225 604 1250 *
632 1227 811 1277 sperare
840 1225 883 1265 in
910 1225 998 1266 Do-

172 1284 302 1332 mino,
320 1294 451 1334 quam
465 1283 644 1333 sperare
658 1281 702 1321 in
715 1281 999 1333 principibus.

220 1345 254 1383 3.
292 1341 533 1384 Benedicat
558 1354 639 1382 nos
665 1342 805 1391 Deus,
829 1342 853 1367 *
878 1342 999 1383 Deus

172 1404 332 1448 noster,
351 1397 583 1439 benedicat
602 1410 683 1439 nos
701 1398 835 1439 Deus.

220 1462 256 1498 4.
297 1459 458 1500 Potens
485 1471 532 1500 es
559 1458 748 1499 Demine
774 1459 798 1484 *
828 1461 999 1511 eripere

171 1528 252 1556 nos
272 1515 328 1557 de
346 1527 477 1556 manu
496 1514 612 1556 forti:
630 1514 769 1556 libera
782 1526 864 1555 nos
877 1515 999 1557 Deus

171 1576 331 1613 noster.

222 1632 258 1670 5.
296 1631 440 1682 Reges
465 1636 596 1672 terrae
621 1632 644 1657 *
671 1636 715 1673 et
743 1644 895 1673 omnes
923 1635 999 1684 ρό-

172 1687 265 1739 puli
282 1686 460 1729 laudate
479 1687 632 1728 Deum.

252 1757 508 1809 Capitulum.
677 1758 815 1798 Galat.
832 1759 868 1798 4.
885 1771 917 1799 c.

253 1825 407 1862 ratres:
441 1821 660 1873 Scriptum
685 1826 767 1871 est,
794 1823 1000 1874 queniam

272 1876 497 1918 Abraham
534 1876 645 1919 duos
682 1878 796 1919 filios
833 1878 1001 1921 habuit:

174 1945 308 1973 unum
328 1932 383 1975 de
402 1932 574 1983 ancilla,
601 1938 645 1975 et
667 1947 801 1975 unum
824 1934 879 1976 de
897 1935 1001 1977 libe·

174 2001 237 2030 ra:
270 1988 350 2031 sed
375 1989 450 2041 qui
475 1988 530 2031 de
554 1989 727 2039 ancilla,
760 1991 1001 2033 secundum

175 2057 350 2086 carnem
369 2050 498 2086 natus
518 2050 599 2086 est:
622 2045 696 2096 qui
715 2051 861 2087 autem
881 2047 935 2088 de
955 2048 1001 2088 li—

174 2100 296 2150 bera,
340 2114 420 2153 per
457 2101 859 2152 repromissienem:
902 2116 1001 2154 quae

175 2162 275 2197 sunt
294 2169 374 2209 per
394 2156 647 2208 allegoriam
667 2155 795 2198 dicta.

486 2221 695 2272 Hymnus.

329 2282 397 2324 sol
416 2282 580 2332 salutis,
599 2283 760 2325 intimis

346 2339 371 2378 J
374 2351 450 2380 esu
470 2338 637 2389 refulge
656 2339 886 2389 mentibus,

278 2394 393 2435 Dum
414 2399 545 2436 nocte
563 2394 690 2447 pulsa
710 2395 877 2445 gratior

280 2449 386 2491 Orbi
407 2450 502 2492 dies
521 2451 777 2492 renascitur.

234 2516 348 2559 Dans
367 2524 541 2571 tempus
559 2519 842 2571 acceptabile,

277 2574 356 2624 Da,
377 2575 653 2616 lacrimarum
672 2575 822 2616 rivulis

278 2630 447 2671 Lavare
468 2630 613 2671 cordis
634 2632 866 2680 victimam,

280 2687 419 2736 Quam
438 2686 540 2727 laeta
559 2686 716 2728 adurat
735 2687 904 2728 caritas.

698 187 899 220 Dominicu
926 187 986 219 lx‘.
1014 184 1340 226 Quadrimus-inum.

1099 280 1199 327 Quo
1218 278 1339 320 fonte
1358 279 1554 320 manavit
1570 278 1706 328 nefas,

1150 333 1309 376 Fluent
1327 336 1544 387 perennes
1562 334 1767 383 lacrimae,

1150 390 1197 431 Si
1214 390 1339 442 virga
1356 390 1629 443 poenitentiae

1154 446 1310 488 Cordis
1330 447 1523 498 rigorem
1543 448 1754 489 centerat.

1101 515 1208 557 Dies
1227 516 1357 565 venit,
1377 516 1472 557 dies
1490 520 1578 565 tua,

1151 571 1203 612 In
1224 584 1310 624 qua
1329 572 1540 613 reflerent
1559 571 1720 612 emnia:

1152 627 1375 668 Laetemur
1395 633 1439 669 et
1458 640 1540 669 nos
1558 628 1603 668 in
1622 627 1739 669 viam

1152 683 1249 724 Tua
1267 683 1438 725 reducti
1457 683 1650 726 dextera.

1100 755 1165 794 Te
1183 764 1324 804 prona
1342 751 1494 793 mundi
1511 751 1716 793 machina

1153 807 1356 849 Clemens
1375 808 1532 850 aderet
1548 808 1754 858 Trinitas,

1152 865 1211 906 Et
1228 877 1310 906 nos
1329 865 1433 907 novi
1453 877 1534 918 per
1549 865 1738 916 gratiam

1151 921 1330 963 Novum
1349 923 1558 963 canamus
1578 922 1807 964 canticum.

1363 979 1518 1020 Amen.

1102 1038 1153 1088 V.
1184 1040 1367 1091 Angelis
1396 1039 1486 1080 suis
1508 1039 1631 1080 Deus
1658 1037 1883 1079 mandavit

1052 1097 1107 1139 de
1126 1101 1181 1138 te.
1204 1099 1256 1150 Rv.
1274 1097 1334 1139 Ut
1354 1094 1607 1137 custodiant
1625 1099 1670 1136 te
1685 1094 1731 1135 in
1747 1093 1882 1135 emni-

1050 1153 1132 1195 bus
1151 1153 1234 1195 viis
1253 1153 1351 1194 tuis.

1102 1218 1175 1258 Ad
1200 1218 1359 1259 Bencd.
1389 1219 1490 1260 Ant.
1524 1219 1638 1259 Cum
1661 1215 1884 1257 sublevas-

1053 1278 1121 1315 set
1141 1274 1294 1315 oculos
1312 1274 1336 1300 *
1355 1274 1380 1315 J
1383 1286 1499 1324 esus,
1525 1277 1570 1315 et
1587 1271 1771 1314 vidisset
1795 1272 1884 1312 ma-

1052 1330 1216 1371 ximam
1260 1329 1587 1372 multitudinem
1635 1328 1884 1370 venientem

1053 1385 1109 1427 ad
1137 1398 1201 1436 se,
1233 1386 1345 1428 dixit
1372 1386 1429 1428 ad
1455 1385 1725 1438 Philippum:
1754 1382 1884 1426 Unde

1053 1444 1247 1484 ememus
1271 1455 1425 1495 panes,
1453 1446 1503 1484 ut
1525 1440 1792 1482 manducent
1815 1437 1884 1480 hi?

1052 1498 1138 1540 hoc
1173 1503 1321 1540 autem
1351 1498 1529 1540 dicebat
1558 1502 1736 1540 tentans
1769 1508 1885 1538 eum:

1052 1555 1149 1607 ipse
1183 1555 1299 1597 enim
1331 1554 1499 1597 sciebat
1537 1553 1645 1606 quid
1677 1557 1795 1595 esset
1826 1552 1884 1593 fa-

1053 1614 1215 1653 cturus.

1389 1658 1554 1700 Oratio.

1127 1718 1297 1760 oncede
1315 1720 1583 1771 quaesumus,
1605 1718 1886 1768 omnipotens

1136 1775 1275 1817 Deus:
1298 1780 1347 1816 ut
1370 1775 1445 1826 qui
1470 1787 1524 1815 ex
1542 1773 1701 1815 merito
1720 1777 1886 1814 nostrae

1054 1832 1241 1873 actienis
1257 1831 1502 1881 affligimur,
1516 1835 1605 1872 tuae
1620 1829 1774 1880 gratiae
1785 1840 1886 1870 con-

1054 1888 1272 1930 solati6ne
1293 1887 1571 1940 respiremus.
1606 1886 1690 1928 Per
1706 1885 1835 1926 Dfim.

1323 1956 1391 1992 Ad
1415 1956 1619 1992 Primam.

1107 2012 1206 2051 Ant.
1251 2008 1442 2061 Accepit
1470 2020 1576 2058 ergo
1604 2008 1629 2034 *
1655 2007 1783 2048 Jesus
1811 2018 1885 2058 pa-

1054 2078 1150 2115 neS‚
1174 2070 1219 2107 et
1238 2078 1338 2106 cum
1356 2065 1521 2116 gratias
1540 2066 1719 2115 egisset,
1744 2062 1886 2104 distri-

1055 2121 1149 2163 buit
1169 2120 1560 2163 discumbentibus.

1325 2189 1393 2225 Ad
1416 2188 1621 2226 Tertiam.

1111 2242 1209 2281 Ant.
1247 2242 1314 2282 De
1346 2241 1540 2294 quinque
1574 2241 1762 2293 panibus
1790 2241 1814 2268 *
1841 2245 1887 2282 et

1056 2297 1230 2339 duebus
1254 2297 1451 2349 piscibus
1475 2297 1652 2339 satiavit
1668 2297 1886 2338 Deminus

1056 2353 1248 2405 quinque
1267 2353 1401 2394 millia
1419 2353 1656 2394 heminum.

1110 2409 1212 2459 Cap.
1235 2408 1424 2450 Fratres:
1439 2410 1671 2462 Scriptum.
1684 2414 1731 2449 ut
1743 2421 1885 2460 supra.

1110 2466 1159 2516 R.
1180 2464 1241 2505 br.
1263 2466 1366 2517 Ipse
1384 2465 1591 2507 liberavit
1607 2478 1678 2507 me
1698 2467 1722 2493 ²⁸¹
1738 2465 1808 2506 De
1826 2463 1885 2505 la-

1057 2533 1172 2572 queo
1187 2521 1452 2562 venantium.
1470 2522 1586 2574 Ipse.
1610 2515 1662 2567 V.
1682 2521 1739 2562 Et
1753 2532 1779 2561 a
1793 2532 1886 2561 ver-

1056 2577 1113 2618 bo
1129 2579 1300 2629 aspero.
1319 2577 1387 2618 De
1402 2577 1574 2630 laqueo.
1592 2577 1756 2618 Gloria.
1771 2577 1886 2628 Ipse.

1111 2626 1161 2677 Y.
1177 2632 1378 2685 Scapulis
1394 2633 1483 2673 suis
1499 2632 1781 2675 obumbrabit
1795 2631 1886 2674 tibi.

1061 2686 1107 2737 Ru
1127 2689 1183 2730 Et
1202 2688 1283 2730 sub
1303 2690 1458 2741 pennis
1478 2690 1569 2741 ejus
1588 2689 1799 2742 sperabis,
