2028 2892
176 213 219 250 36
886 201 914 232 A
922 199 942 232 d
980 198 1156 231 Tertium.

185 297 406 403 Memor
426 310 519 346 esto
540 302 659 344 verbi
678 301 738 342 tui
759 310 884 341 servo
904 303 991 345 tuo,

312 365 333 388 *
354 363 394 403 in
415 374 501 413 quo
521 359 624 400 mihi
643 370 765 410 spem
785 353 952 396 dedisti.

230 420 337 460 Haec
355 430 424 458 me
443 415 666 458 consolata
685 418 751 455 est
768 412 810 452 in
829 408 992 451 humili-

180 478 268 518 tate
301 487 411 516 mea:
438 475 460 498 *
491 472 589 524 quia
621 469 839 522 eloquium
871 471 993 507 tuum

180 530 412 572 vivificavit
430 542 509 570 me.

231 586 414 639 Superbi
445 586 590 637 inique
622 580 806 632 agebant
842 589 994 630 usque-

183 645 368 696 quaque:
395 643 417 667 *
446 654 470 682 a
502 641 596 690 lege
628 643 772 679 autem
804 641 878 676 tua
909 646 994 674 non

182 698 404 741 declinavi.

233 756 400 796 Memor
425 753 482 794 fui
507 751 760 803 judiciorum
779 749 952 789 tuorum
973 759 997 786 a

183 811 343 852 saeculo
369 810 480 850 Dne:
504 810 526 833 *
553 813 596 849 et
619 805 867 848 consolatus
892 815 997 843 sum.

232 866 430 908 Defectio
443 864 579 906 tenuit
589 863 697 911 me,*
709 873 788 914 pro
799 860 997 912 peccato-

184 923 301 964 ribus
313 919 708 973 derelinquentibus
719 918 856 967 legem
868 921 998 956 tuam.

236 978 481 1020 Cantabiles
514 975 615 1017 mihi
648 979 769 1016 erant
801 971 998 1023 justifica-

185 1036 325 1076 tiones
344 1040 446 1083 tuae,
466 1034 488 1058 *
508 1033 549 1073 in
570 1032 666 1072 loco
693 1028 998 1083 peregrinatio-

184 1092 248 1132 nis
267 1103 386 1132 meae.

237 1147 400 1188 Memor
420 1145 478 1185 fui
496 1149 622 1185 nocte
638 1142 822 1184 nominis
837 1141 899 1182 tui
914 1140 1000 1181 Do-

186 1204 314 1244 mine:
333 1204 355 1228 *
376 1208 419 1243 et
439 1199 653 1242 custodivi
672 1198 811 1249 legem
829 1203 958 1239 tuam.

238 1259 345 1299 Haec
364 1258 477 1299 facta
503 1261 568 1298 est
587 1254 704 1296 mihi:
724 1255 746 1279 *
768 1254 867 1306 quia
886 1252 1000 1305 justi-

186 1315 411 1356 ficationes
430 1319 526 1355 tuas
546 1311 767 1364 exquisivi.

237 1371 385 1412 Portio
413 1382 509 1411 mea
535 1368 738 1417 Domine,
766 1367 788 1392 *
818 1365 905 1407 dixi
934 1378 1002 1406 cu-

188 1426 351 1468 stodire
370 1426 510 1477 legem
529 1430 658 1466 tuam.

238 1483 508 1535 Deprecatus
532 1494 626 1521 sum
650 1479 803 1520 faciem
822 1484 941 1519 tuam
960 1477 1003 1518 in

187 1543 281 1580 toto
314 1537 445 1579 corde
477 1550 595 1578 meo:
626 1536 649 1561 *
681 1535 886 1576 miserere
917 1534 1004 1575 mei

189 1594 425 1636 secundum
445 1593 664 1645 eloquium
683 1597 815 1633 tuum.

241 1650 436 1701 Cogitavi
457 1650 547 1690 vias
566 1661 699 1689 meas:
713 1648 736 1672 *
753 1652 796 1688 et
812 1646 1006 1688 converti

190 1706 326 1759 pedes
345 1718 466 1747 meos
485 1705 528 1745 in
547 1703 795 1746 testimonia
812 1708 897 1744 tua.

242 1763 424 1803 Paratus
444 1774 554 1809 sum,
578 1766 621 1802 et
644 1774 731 1802 non
750 1773 845 1801 sum
864 1758 1007 1800 turba-

192 1825 275 1861 tus:
294 1820 316 1844 *
337 1823 383 1859 ut
403 1817 644 1859 eust6diam
663 1816 867 1857 mandata
885 1820 970 1856 tua.

245 1876 387 1916 Funes
418 1875 698 1926 peccatorum
731 1871 1010 1924 circumplexi

195 1936 294 1972 sunt
312 1943 395 1971 me:
409 1931 432 1955 ¹⁸¹
452 1934 495 1971 et
509 1929 648 1980 legem
666 1934 784 1970 tuam
808 1941 894 1969 non
915 1940 1010 1968 sum

196 1987 366 2029 oblitus.

246 2042 389 2084 Media
408 2047 536 2083 nocte
556 2039 781 2092 surgebam
807 2039 862 2081 ad
882 2039 1010 2081 confi-

197 2098 373 2140 tendum
389 2097 479 2146 tibi,
499 2099 521 2123 *
541 2109 670 2149 super
690 2096 845 2147 iudicia
865 2095 1011 2147 justifi-

199 2155 381 2196 cationis
400 2159 498 2195 tuae.

249 2210 473 2262 Perticeps
506 2221 586 2259 ego
620 2221 714 2249 sum
745 2208 935 2249 omnium
963 2208 1012 2249 ti-

199 2264 405 2307 mentium
441 2271 502 2307 te:
538 2266 561 2290 *
599 2269 642 2305 et
678 2263 1013 2305 custodientium

202 2321 403 2363 mandata
422 2326 505 2362 tua.

252 2376 550 2418 Misericordia
573 2381 648 2418 tua
673 2376 858 2417 Domine
888 2375 1014 2429 plena

203 2439 268 2475 est
288 2439 415 2474 terra:
434 2434 456 2458 ¹⁸¹
476 2432 800 2484 justificationes
823 2437 920 2473 tuas
941 2431 1015 2472 do·

205 2502 253 2530 ce
272 2502 350 2530 me.

285 2604 491 2645 onitatem
511 2605 650 2646 fecisti
674 2617 771 2646 cum
795 2617 921 2645 servo
941 2609 1016 2645 tuo

206 2721 251 2758 tu
307 2660 506 2709 Domine,
530 2662 552 2685 *
578 2660 813 2702 secundum
837 2660 1016 2701 verbum

256 2729 336 2757 um.

1094 295 1361 341 Bonitatem‚
1403 295 1446 333 et
1483 287 1777 341 disciplinam,
1823 290 1867 327 et

1044 352 1269 393 scientiam
1289 348 1399 390 doce
1418 359 1502 388 me:
1521 346 1544 371 *
1566 344 1668 396 quia
1690 341 1866 383 manda-

1044 409 1099 450 tis
1117 408 1204 449 tuis
1223 404 1400 448 credidi.

1094 464 1355 515 Priusquam
1379 459 1630 501 humiliarer
1655 469 1738 509 ego
1764 456 1867 498 deli-

1047 521 1134 574 qui:
1166 521 1189 546 *
1221 519 1455 572 propterea
1491 514 1713 567 eloquium
1745 517 1869 554 tuum

1047 576 1273 619 custodivi.

1097 634 1247 675 Bonus
1267 645 1314 673 es
1333 636 1395 672 tu:
1414 630 1437 654 *
1457 633 1500 670 et
1518 628 1562 668 in
1581 626 1779 668 bonitate
1794 630 1870 667 tua

1048 690 1157 732 doce
1176 702 1246 731 me
1266 685 1595 740 justificationes
1614 687 1724 725 tuas.

1098 745 1387 798 Multiplicata
1406 747 1472 784 est
1488 753 1619 794 super
1633 752 1703 781 me
1717 738 1871 791 iniqui-

1048 810 1115 845 tas
1148 801 1451 855 superborum:
1474 799 1497 823 *
1535 810 1616 848 ego
1649 800 1796 837 autem
1828 795 1873 836 in

1049 865 1144 901 toto
1183 857 1316 900 corde
1351 868 1450 897 meo
1489 852 1720 895 scrutabor
1754 865 1872 893 man-

1051 916 1152 958 data
1170 920 1255 956 tua.

1102 970 1387 1023 Coagulatum
1407 974 1474 1010 est
1493 968 1606 1009 sicut
1624 966 1692 1007 lac
1712 978 1788 1007 cor
1803 966 1874 1007 eo-

1051 1043 1161 1070 rum:
1175 1029 1198 1054 *
1215 1040 1296 1078 ego
1316 1038 1420 1067 vero
1440 1024 1581 1075 legem
1601 1028 1722 1065 tuam
1740 1020 1874 1063 medi-

1051 1087 1167 1127 tatus
1188 1097 1294 1125 sum.

1103 1142 1273 1182 Bonum
1292 1138 1397 1180 mihi
1419 1138 1519 1190 quia
1537 1135 1776 1177 humiliasti
1790 1148 1876 1176 me:

1052 1199 1075 1224 *
1095 1203 1142 1239 ut
1163 1197 1327 1239 discam
1346 1194 1674 1247 justificationes
1693 1197 1803 1233 tuas.

1105 1255 1275 1296 Bonum
1294 1252 1398 1293 mihi
1417 1250 1487 1292 lex
1507 1250 1596 1291 oris
1610 1249 1685 1299 tui,
1703 1249 1726 1275 *
1746 1260 1878 1301 super

1054 1311 1186 1352 millia
1205 1310 1298 1351 auri
1318 1313 1361 1350 et
1380 1307 1558 1359 argenti.

1105 1368 1259 1408 Manus
1283 1371 1370 1407 tuae
1393 1364 1590 1405 fecerunt
1612 1374 1698 1411 me,
1726 1366 1770 1403 et
1788 1360 1878 1414 pla-

1056 1425 1305 1465 smaverunt
1332 1434 1417 1462 me:
1445 1421 1468 1446 *
1497 1419 1553 1461 da
1579 1418 1687 1460 mihi
1714 1417 1878 1459 intelle-

1056 1486 1184 1529 ctum,
1204 1485 1248 1521 et
1267 1478 1433 1520 discam
1452 1475 1660 1517 mandata
1678 1479 1764 1517 tua.

1108 1537 1191 1588 Qui
1223 1536 1377 1577 timent
1408 1539 1451 1575 te
1479 1532 1691 1575 videbunt
1718 1544 1804 1581 me,
1837 1534 1882 1572 et

1055 1593 1337 1635 laetabuntur:
1368 1591 1391 1616 *
1427 1589 1527 1642 quia
1562 1589 1607 1630 in
1638 1587 1774 1630 verba
1804 1591 1882 1629 tua

1058 1647 1375 1702 supersperavi.

1109 1704 1305 1757 Cognovi
1336 1702 1523 1744 Domine
1561 1700 1663 1754 quia
1695 1699 1881 1753 aequitas

1058 1761 1213 1813 judicia
1231 1766 1320 1802 tua:
1338 1761 1361 1785 *
1381 1765 1424 1801 et
1443 1760 1487 1800 in
1506 1758 1692 1799 veritate
1711 1761 1788 1798 tua
1805 1755 1880 1797 hu-

1057 1818 1235 1859 miliasti
1253 1830 1333 1858 me.

1109 1875 1206 1915 Fiat
1228 1871 1529 1914 misericordia
1552 1876 1629 1913 tua
1656 1875 1705 1912 ut
1729 1881 1882 1912 conso-

1058 1931 1169 1972 letur
1206 1943 1291 1979 me,
1327 1930 1351 1955 *
1388 1927 1627 1970 secundum
1660 1926 1884 1979 eloquium

1060 1992 1182 2028 tuum
1201 1998 1328 2028 servo
1348 1990 1436 2027 tuo.

1111 2043 1299 2085 Veniant
1323 2041 1428 2083 mihi
1451 2040 1756 2082 miserati6nes
1784 2042 1884 2087 tuae,

1062 2104 1105 2141 et
1124 2100 1281 2140 vivam:
1299 2099 1322 2124 *
1344 2098 1445 2151 quia
1468 2097 1538 2139 lex
1561 2102 1636 2139 tua
1654 2094 1884 2138 meditatio

1062 2169 1158 2197 mea
1178 2160 1255 2197 est.

1115 2210 1444 2253 Confundantur
1473 2209 1666 2263 superbi,
1695 2208 1798 2261 quia
1825 2206 1885 2248 in-

1064 2269 1174 2319 juste
1193 2267 1467 2319 iniquitatem
1486 2266 1681 2308 fecerunt
1700 2265 1745 2305 in
1763 2276 1848 2305 me:
1861 2263 1886 2288 *

1065 2337 1146 2374 ego
1171 2328 1316 2365 autem
1342 2322 1578 2364 exercebor
1601 2323 1645 2363 in
1668 2319 1886 2362 mandatis

1066 2381 1162 2421 tuis.

1118 2437 1436 2478 Convertantur
1464 2434 1569 2475 mihi
1596 2435 1801 2476 timentes
1829 2437 1888 2475 te:

1067 2493 1089 2518 *
1110 2498 1153 2534 et
1173 2492 1247 2544 qui
1265 2493 1479 2532 noverunt
1497 2491 1747 2532 testimonia
1766 2495 1852 2532 tua.

1118 2549 1215 2590 Fiat
1239 2560 1314 2589 cor
1337 2560 1481 2589 meum
1500 2547 1825 2589 immaculatum
1843 2546 1888 2586 in

1068 2603 1444 2655 justificationibus
1459 2603 1554 2652 tuis,
1573 2604 1597 2628 *
1616 2608 1664 2644 ut
1682 2616 1770 2644 non
1789 2614 1888 2644 con-

1070 2660 1233 2702 fundar.

1126 2716 1165 2750 In
1185 2717 1396 2751 Dominicis
1411 2717 1599 2760 Quadrag.
1618 2717 1704 2751 Ant.
1724 2716 1892 2761 propria.
