2066 2904
898 1046 980 1088 Die
1004 1047 1040 1087 3.
1065 1045 1176 1098 Maji.

629 1132 690 1171 In
716 1129 1011 1171 Inventione
1040 1128 1237 1170 Sanctae
1266 1128 1450 1170 Crucis.

853 1203 1005 1246 Duplex
1027 1203 1056 1236 2.

407 1281 467 1320 In
484 1280 519 1320 Ι.
539 1278 786 1330 vesperis.

244 1348 328 1380 Ant.
352 1346 398 1379 de
421 1345 626 1379 Laudibus.
644 1342 722 1377 487.
750 1344 892 1378 Psalmi
914 1348 953 1377 ut
974 1343 1010 1377 in

191 1396 215 1429 Ι.
241 1395 355 1436 Vesp.
382 1394 428 1427 dc
454 1394 655 1427 Communi
680 1394 815 1435 Apost.
840 1389 886 1433 [1]

194 1477 204 1486 -
263 1477 280 1480 „
316 1476 366 1506 fif>
434 1453 690 1504 Capitulum.
752 1451 935 1503 Philipp.
950 1452 982 1491 2.

190 1497 527 1556 ··1llfwa3.ratres:
546 1503 645 1544 Hoc
663 1502 777 1544 enim
796 1504 953 1544 sentite
968 1502 1010 1542 in

198 1563 220 1615 3³1:
254 1541 366 1649 Q}
391 1559 532 1611 vobis,
562 1558 681 1611 quod
707 1564 750 1601 et
772 1559 816 1600 in
837 1558 1011 1600 Christo

190 1614 367 1656 ‘¹
391 1616 509 1657 Jesu:
551 1617 623 1669 qui
662 1629 761 1658 cum
798 1616 841 1656 in
874 1616 1013 1657 forma

189 1673 270 1714 Dei
295 1677 426 1722 esset,
449 1685 536 1714 non
560 1675 756 1726 rapinam
778 1672 1013 1714 arbitratus

190 1734 255 1770 est
280 1742 375 1771 esse
399 1742 446 1772 se
470 1730 684 1781 aequalem
706 1730 820 1771 Deo:
847 1728 926 1770 sed
950 1741 1013 1770 se-

188 1788 421 1838 metipsum
437 1787 683 1837 exinanivit,
700 1786 884 1827 formam
900 1785 1014 1827 servi

189 1843 424 1895 accipiens,
456 1845 497 1884 in
525 1842 851 1885 similitstdinem
879 1842 1013 1883 hemi-

190 1911 291 1994 ssum
316 1899 471 1950 factus,
500 1905 542 1942 et
567 1899 718 1941 habitu
741 1899 942 1952 inventus
967 1903 1014 1940 ut

221 1966 331 1996 omo.

504 2000 711 2050 Hymnus.

306 2065 435 2107 exilla
453 2067 567 2117 regis
586 2066 821 2120 predeunt:

333 2122 487 2173 Fulget
507 2123 658 2165 Crucis
676 2123 943 2176 mysterium,

271 2179 365 2229 Qua
384 2179 472 2220 vita
490 2185 677 2222 mortem
695 2180 886 2233 pertulit,

270 2235 325 2277 Et
344 2241 484 2277 morte
503 2236 637 2278 vitam
654 2236 848 2290 pretulit.

223 2300 327 2347 Ouae
347 2300 570 2343 vulnerata
589 2301 754 2343 lanceae

271 2355 477 2398 Mucrene
497 2356 605 2407 diro,
625 2358 851 2399 criminum

275 2410 331 2452 Ut
351 2424 429 2452 nos
449 2412 615 2455 lavaret
635 2413 850 2464 serdibus

274 2466 464 2509 Manavit
482 2469 607 2519 unda,
628 2475 670 2511 et
690 2470 907 2521 sanguine.

230 2530 408 2582 Impleta
427 2538 526 2575 sunt
546 2547 644 2586 quae
664 2535 854 2577 cencinit

276 2587 419 2629 David
439 2588 555 2630 fideli
579 2591 780 2641 carmine,

276 2643 473 2685 Dicendo
492 2646 754 2689 nati6nibus:

277 2699 492 2750 Regnavit
511 2714 536 2742 a
555 2702 671 2754 ligno
691 2704 823 2745 Deus.

1080 1202 1227 1236 classis.

1092 1273 1237 1315 Arbor
1257 1272 1419 1314 deceta
1438 1277 1482 1314 et
1499 1273 1676 1325 fulgida,

1143 1331 1309 1372 Ornata
1327 1330 1442 1381 regis
1459 1333 1665 1383 purpura,

1142 1387 1293 1429 Electa
1314 1386 1447 1437 digno
1467 1387 1615 1440 stipite

1141 1445 1253 1485 Tam
1273 1447 1425 1485 sancta
1442 1443 1640 1486 membra
1659 1447 1849 1496 tangere.

1091 1507 1238 1555 Beata,
1258 1506 1378 1557 eujus
1397 1504 1588 1546 brachiis

1142 1562 1335 1603 Pretium
1354 1560 1565 1614 pependit
1584 1561 1744 1611 saeculi,

1143 1620 1315 1661 Statera
1334 1619 1449 1660 facta
1468 1618 1679 1671 cerporis,

1143 1675 1351 1727 Tulitque
1369 1674 1568 1727 praedam
1586 1676 1749 1717 tartari.

1094 1740 1132 1781 O
1151 1736 1269 1778 Crux
1288 1748 1368 1777 ave
1388 1748 1490 1788 spes
1511 1735 1649 1784 unica,

1143 1792 1357 1834 Paschale
1379 1805 1477 1845 quae
1497 1791 1583 1834 fers
1601 1790 1810 1842 gaudium

1143 1850 1232 1891 Piis
1252 1847 1421 1901 adauge
1440 1849 1637 1901 gratiam,

1143 1907 1338 1959 Reisque
1359 1906 1456 1948 dele
1477 1906 1666 1948 crimina.

1094 1972 1168 2018 Te,
1186 1968 1284 2009 fons
1303 1967 1455 2009 salutis
1473 1966 1676 2016 Trinitas,

1147 2024 1380 2067 Collaudet
1399 2024 1541 2066 omnis
1560 2023 1753 2076 spiritus:

1146 2081 1314 2132 Quibus
1333 2080 1485 2123 Crucis
1505 2080 1733 2122 victeriam

1145 2139 1349 2190 Largiris,
1360 2137 1474 2180 adde
1489 2137 1730 2190 praemium.
1743 2136 1896 2178 Amen.

1124 2193 1173 2245 V.
1211 2196 1311 2237 Hoc
1344 2195 1515 2246 signum
1551 2194 1702 2236 Crucis
1735 2193 1818 2235 erit
1852 2192 1896 2233 in

1070 2252 1202 2303 eoelo,
1234 2251 1415 2304 alleluia.
1458 2253 1509 2303 R».
1541 2251 1652 2293 Cum
1681 2249 1896 2291 Dominus

1070 2309 1126 2351 ad
1145 2307 1426 2362 iudicandum
1443 2308 1622 2357 venerit,
1646 2306 1829 2359 alleluja.

1127 2366 1194 2408 Ad
1217 2366 1388 2415 Magnis.
1418 2367 1516 2406 Ant.
1546 2364 1583 2406 Ο
1602 2363 1736 2413 Crux,
1755 2362 1896 2415 splen—

1071 2422 1216 2465 didior
1239 2422 1406 2464 cunctis
1427 2420 1573 2471 astris,
1597 2419 1762 2461 mundo
1789 2418 1896 2461 cele-

1071 2479 1180 2530 bris,
1207 2477 1454 2520 hominibus
1480 2477 1664 2519 multum
1688 2475 1897 2527 amabilis,

1072 2536 1264 2577 sAnctior
1282 2534 1510 2576 universis:
1538 2546 1638 2586 quae
1662 2533 1756 2575 sola
1780 2532 1898 2574 fuisti

1072 2591 1203 2644 digna
1246 2593 1426 2645 portare
1474 2590 1686 2633 talentum
1731 2588 1898 2631 mundi:

1073 2648 1201 2691 dulce
1228 2649 1407 2699 lignum,
1436 2646 1586 2689 dulces
1615 2646 1778 2696 clavos,
1807 2646 1898 2688 dul-

1073 2706 1139 2748 cia
1163 2706 1307 2748 ferens
1331 2703 1543 2758 pondera:
1568 2704 1689 2746 salva
1707 2705 1896 2757 praesen-
