2066 2956
898 392 1285 434 DECRETUM.

1047 474 1167 491 004—

339 539 490 583 Expletis
515 538 786 571 canonizationis
811 538 983 569 solemniis
1006 537 1181 570 beatorum
1204 536 1340 578 Septem
1355 537 1590 570 Fundatorum
1607 536 1743 570 Ordinis
1760 536 1944 570 Servorum

235 590 344 621 Beatae
368 589 483 620 Mariae
504 588 670 629 Virginis,
697 587 782 620 Rev.
805 588 902 620 Pater
926 587 1078 620 Andreas
1103 585 1256 619 Corrado
1278 586 1399 620 Causae
1421 587 1613 620 Postulator
1635 596 1760 620 novum
1784 586 1944 620 Officium

235 645 266 671 et
289 640 427 671 Missam
451 639 620 680 propriam
644 647 703 670 nec
728 648 794 671 non
816 639 975 679 Elogium
998 647 1059 679 pro
1084 637 1325 679 Martyrologio
1348 637 1383 669 in
1406 637 1570 669 honorem
1593 637 1786 671 eorumdem
1805 637 1941 670 Sancto-

233 700 308 723 rum
331 690 598 723 concinnandum
622 691 760 731 curavit,
784 699 858 730 quae
875 689 1055 722 Sacrorum
1073 688 1211 719 Rituum
1228 687 1509 730 congregationis
1533 688 1769 729 approbationi
1793 689 1834 720 de
1848 697 1944 721 more

235 742 383 782 subjecit.
429 741 510 774 Haec
534 749 637 782 quum
661 740 764 771 Emus
788 744 819 771 et
843 739 950 771 Rffius
973 738 1143 771 Dominus
1167 737 1358 771 Cardinalis
1379 739 1529 771 Lucidus
1548 739 1656 771 Maria
1672 739 1838 772 Parocchi
1861 739 1944 780 ejus·

235 792 310 823 dem
343 791 464 824 Causae
493 791 626 822 Ponens
664 790 698 822 in
731 788 918 821 Ordinariis
949 789 1056 830 ipsius
1086 788 1197 821 Sacrae
1226 788 1366 822 Rituum
1395 788 1676 831 Congregationis
1704 787 1860 822 Comitiis
1891 789 1944 821 die

234 842 286 873 28.
305 841 386 874 Julii
405 841 487 873 1888
511 841 553 872 ad
569 841 767 872 Vaticanum
783 839 906 872 habitis
922 839 1082 881 retulerit3
1109 839 1186 871 Emi
1206 845 1237 872 et
1252 839 1331 872 Rffii
1347 840 1474 881 Patres,
1497 839 1652 872 omnibus
1674 841 1736 872 rite
1758 839 1943 881 perpensis,

234 892 414 932 auditoque
437 891 479 925 R.
504 891 540 924 P.
564 891 606 923 D.
632 891 818 931 Augustino
842 889 993 932 Caprara
1023 890 1154 922 Sanetae
1182 890 1278 922 Fidei
1301 891 1514 931 Promotore,
1546 891 1732 923 rescribere
1760 890 1824 923 rati
1852 894 1943 923 sunt:

235 942 300 974 Pro
321 941 445 982 qratia,
478 952 549 974 cum
576 940 757 973 mensione
781 939 871 972 Festi
899 940 942 972 ad
964 942 1063 972 totam
1087 940 1278 980 Ecclesiam,
1310 943 1339 972 et
1359 940 1402 972 ad
1425 939 1547 972 Emum
1571 940 1746 973 Ponentem
1768 951 1840 974 cum
1862 939 1943 972 Pro-

234 994 352 1024 motore
371 992 473 1024 Fidei.
519 992 606 1024 Hinc
630 992 721 1032 juxta
745 996 888 1023 mentem
910 991 1017 1032 ipsius
1041 990 1153 1024 Sacrae
1177 991 1459 1033 Congregationis
1485 1001 1503 1023 a
1528 992 1669 1033 praefato
1690 992 1777 1024 Effio
1794 992 1942 1024 Ponente

234 1052 299 1074 una
330 1052 406 1075 cum
436 1042 567 1075 Sanctae
595 1042 691 1074 Fidei
720 1042 917 1074 Promotore
949 1042 1114 1083 propositi
1144 1040 1274 1084 Officii,
1310 1043 1424 1075 Missae
1453 1047 1551 1084 atque
1581 1043 1691 1084 Elogii
1718 1042 1885 1075 revisione
1913 1046 1944 1074 et

234 1094 437 1126 correctione
466 1097 616 1134 peracta,
651 1092 751 1125 Sacra
783 1091 900 1123 eadem
927 1090 1152 1132 Congregatio
1181 1102 1219 1124 ea
1248 1094 1293 1125 uti
1322 1094 1355 1125 in
1385 1094 1550 1134 superiori
1578 1092 1762 1134 exemplari
1791 1089 1944 1133 prostant

234 1143 441 1186 approbavit.

338 1214 389 1246 De
411 1214 463 1245 his
487 1213 702 1254 postmodum
725 1222 784 1254 per
804 1211 1055 1252 infrascriptum
1073 1211 1293 1244 Secretarium
1311 1211 1401 1244 facta
1417 1211 1637 1246 Sanctissimo
1654 1211 1801 1244 Domino
1818 1211 1944 1244 Nostro

235 1264 338 1297 Leoni
366 1264 467 1305 Papae
499 1264 594 1296 XIII.
629 1263 718 1295 fideli
751 1263 926 1303 relatione,
958 1262 1123 1294 Sanctitas
1159 1262 1226 1294 Sua
1256 1262 1426 1295 mandavit
1460 1267 1496 1295 ut
1524 1262 1732 1295 Kalendario
1763 1261 1945 1295 universali

235 1314 393 1346 Ecclesiae
428 1314 490 1346 sub
527 1315 592 1346 ritu
627 1313 751 1355 duplici
782 1313 905 1344 minori
938 1312 1138 1344 inscribatur
1169 1312 1221 1344 die
1250 1313 1311 1345 XI.
1340 1313 1515 1345 Februarii
1543 1313 1682 1345 Festum
1710 1311 1946 1353 praedictorum

236 1365 434 1397 Sanctorum
459 1363 702 1397 Confessorum
725 1363 857 1404 Septem
880 1362 1111 1394 Fundatorum
1139 1362 1277 1395 Ordinis
1308 1362 1490 1396 Servorum
1518 1363 1631 1395 Beatae
1654 1362 1771 1395 Mariae
1790 1362 1941 1404 Virginis

234 1425 310 1447 cum
333 1414 455 1448 Officio
479 1420 511 1447 et
533 1415 638 1447 Missa
660 1419 692 1446 et
714 1414 837 1455 Elogio
858 1414 906 1445 uti
926 1422 1028 1454 supra
1052 1412 1258 1454 approbatis:
1282 1414 1424 1446 servatis
1447 1413 1618 1446 Rubricis.

338 1485 401 1517 Die
424 1485 475 1518 20.
497 1484 692 1518 Decembris
719 1485 811 1518 1888.

892 1633 934 1667 A.
958 1632 1161 1667 Cardinalis
1183 1632 1334 1667 Bianohi
1359 1635 1392 1668 S.
1416 1636 1459 1668 R.
1484 1635 1521 1668 C.
1546 1635 1738 1668 Praefeetus.

1027 1780 1248 1815 Laurentius
1272 1781 1418 1815 Salvati
1437 1784 1470 1816 S.
1495 1784 1537 1816 R.
1561 1783 1599 1816 C.
1623 1784 1842 1818 secretarius.

793 2120 1024 2161 Concordat
1052 2135 1145 2162 cum
1174 2122 1388 2173 Originali.

343 2226 587 2268 Ratisbonae,
611 2227 664 2259 die
687 2227 739 2260 29.
763 2228 914 2260 Januarii
939 2228 1033 2261 1889.

1459 2377 1516 2414 M.
1540 2378 1696 2420 Dandl‚

1288 2445 1440 2477 Viearius
1463 2445 1495 2476 in
1517 2444 1629 2485 Spirit.
1653 2445 1841 2478 Generalis,

616 2694 655 2719 Ex
671 2695 779 2720 Officina
796 2695 838 2721 Fr.
855 2696 952 2727 Pustet‚
968 2697 994 2721 S.
1010 2697 1084 2722 Sedis
1102 2698 1190 2729 Apost.
1208 2702 1232 2722 et
1249 2698 1274 2724 S.
1292 2698 1343 2723 Rit.
1359 2698 1453 2728 Congr.
1470 2698 1584 2730 Typogr.
1605 2703 1612 2712 ⁶
