2028 2892
176 211 220 246 46
714 207 817 239 κίϊίιι
847 202 1012 236 set-unda
1041 200 1086 233 nd
1114 198 1348 231 Matutinum.

511 247 1875 272 -—-——-————————-—-—·-‘-——

232 305 361 357 Eripe
388 315 456 343 me
489 300 544 342 de
571 312 700 340 manu
728 295 997 337 inimicorum

179 364 383 408 meorum,
398 360 421 383 *
442 363 484 399 et
499 370 524 398 a
540 351 899 409 persequentibus
917 361 997 390 me.

230 417 403 458 Illustra
429 414 582 455 faciem
609 417 727 453 tuam
755 419 885 460 super
912 418 997 446 ser-

181 487 280 515 vum
297 478 429 519 tuum,
449 469 614 511 salvum
636 479 706 508 me
725 465 791 505 fac
810 464 853 504 in
874 462 998 503 mise-

180 528 367 571 ricordia
393 533 485 569 tua:
513 526 535 550 *
563 523 749 564 Demine
781 532 867 561 non
900 531 998 559 con-

180 584 345 632 fundar,
366 582 569 635 quoniam
587 577 787 620 invocavi
804 581 859 617 te.

230 640 499 682 Erubescant
533 636 671 689 impii,
708 639 751 675 et
785 631 998 673 deducan-

179 702 249 739 tur
267 697 310 737 in
328 696 555 736 infernum:
574 694 597 717 ¹⁸¹
616 696 735 732 muta
757 689 862 729 fiant
885 685 999 727 labia

181 752 345 794 dolusa.

233 810 339 859 Quae
358 807 593 859 loquuntur
617 803 824 845 adversus
843 802 999 852 justum

181 865 469 917 iniquitatem,
496 863 519 887 *
547 861 589 901 in
624 858 844 912 superbia,
881 862 924 898 et
956 855 999 895 in

181 920 399 962 abusione.

234 978 371 1027 Quam
405 987 560 1025 magna
592 972 823 1015 multitudo
858 969 999 1012 dulce-

183 1032 293 1074 dinis
312 1038 399 1073 tuae
416 1030 612 1079 Domine,
631 1031 653 1055 *
674 1042 802 1081 quam
821 1027 999 1069 abscon-

184 1088 284 1130 disti
302 1086 551 1130 timentibus
569 1091 624 1127 te.

234 1143 457 1186 perfecisti
483 1143 559 1192 eis,
587 1142 659 1194 qui
683 1145 859 1194 sperant
880 1139 923 1179 in
946 1143 1000 1187 te,

184 1202 207 1226 *
225 1201 268 1241 in
288 1201 525 1252 conspectu
543 1198 730 1239 filiorum
747 1196 979 1238 huminum.

236 1255 492 1298 Abscondes
513 1268 588 1296 eos
606 1254 648 1295 in
668 1252 925 1295 abscondito
944 1251 1001 1292 fa-

185 1313 264 1354 ciei
294 1318 381 1354 tuae
409 1313 431 1337 *
460 1325 485 1353 a
513 1310 841 1353 conturbatic'me
868 1308 1002 1349 homi-

185 1382 296 1410 num.

234 1426 442 1475 Preteges
467 1436 542 1465 eos
565 1423 608 1464 in
626 1421 907 1465 tabernaculo
926 1426 1002 1462 tuo

184 1482 207 1506 *
226 1494 251 1522 a
270 1479 610 1522 contradictione
629 1479 880 1529 linguarum.

235 1536 496 1578 Benedictus
511 1536 738 1576 Dominus:
757 1535 779 1560 *
801 1534 1003 1587 queniam

185 1592 428 1633 mirificavit
484 1590 825 1633 misericordiam
881 1604 1004 1632 suam

185 1648 289 1689 mihi
307 1649 350 1689 in
370 1648 543 1689 civitate
561 1650 735 1689 munita.

238 1704 332 1755 Ego
351 1709 495 1745 autem
515 1703 604 1745 dixi
628 1703 671 1743 in
690 1704 872 1744 excessu
888 1715 1004 1744 men-

186 1760 241 1802 tis
268 1772 393 1801 meae:
421 1760 444 1785 *
471 1760 694 1811 Proiectus
722 1772 816 1800 sum
844 1772 869 1799 a
896 1758 1005 1800 facie

188 1815 412 1857 oculorum
429 1817 612 1857 tuerum.

238 1871 346 1913 Ideo
378 1871 591 1913 exaudisti
618 1884 770 1912 vocem
799 1871 1006 1913 oratiunis

188 1940 309 1977 meae,
328 1928 351 1954 *
371 1927 473 1969 dum
493 1927 725 1969 clamarem
744 1927 799 1969 ad
817 1932 872 1969 te.

239 1983 415 2035 Diligite
438 1984 670 2025 Deminum
696 1996 845 2025 omnes
871 1984 1007 2026 sancti

191 2041 293 2091 ejus:
311 2041 334 2065 *
355 2040 557 2092 quoniam
572 2040 797 2081 veritatem
817 2043 1008 2092 requiret

190 2095 415 2145 Deminus,
442 2100 485 2137 et
508 2096 716 2137 retribuet
739 2095 1008 2138 abundanter

191 2151 444 2193 facientibus
465 2151 723 2204 superbiam.
975 2165 980 2179 ¹

241 2207 435 2249 Viriliter
454 2208 579 2258 agite,
595 2212 637 2249 et
653 2208 919 2250 confortetur
934 2222 1009 2250 cor

194 2268 397 2313 vestrum,
424 2264 447 2288 *
477 2276 626 2305 omnes
656 2264 728 2316 qui
755 2265 940 2316 speratis
968 2266 1011 2305 in

193 2318 390 2361 Demino.

472 2372 661 2410 psalmus
682 2372 736 2408 331.

198 2420 363 2525 Beati
385 2445 567 2483 quorum
592 2433 784 2473 remissae
813 2437 911 2474 sunt
938 2432 1012 2473 ini-

299 2488 502 2539 quitates:
534 2490 556 2514 *
591 2494 634 2529 et
676 2501 859 2540 quorum
898 2494 1013 2531 tecta

196 2548 294 2585 sunt
321 2546 511 2595 peccata.

248 2599 409 2640 Beatus
444 2599 527 2648 vir,
563 2600 629 2641 cui
666 2613 752 2641 non
787 2600 1015 2653 imputavit

197 2655 407 2695 Dominus
440 2658 682 2707 peccatum,
710 2658 732 2682 *
761 2670 841 2698 nec
874 2662 939 2698 est
973 2658 1015 2697 in

197 2711 350 2763 spiritu
370 2711 458 2761 ejus
478 2710 613 2752 dolus.

1100 289 1314 341 Queniam
1349 287 1485 335 tacui,
1523 282 1875 326 inveteraverunt

1050 359 1149 388 ossa
1164 358 1272 394 mea,
1282 346 1305 370 *
1317 344 1420 385 dum
1436 342 1669 383 clamarem
1683 342 1779 380 tota
1793 336 1876 379 die.

1101 402 1315 453 Quoniam
1348 400 1418 441 die
1451 411 1501 439 ac
1533 400 1662 438 nocte
1694 395 1877 445 gravata

1051 464 1116 501 est
1135 471 1265 511 super
1289 469 1358 498 me
1376 467 1528 496 manus
1547 458 1636 495 tua:
1654 451 1677 476 *
1698 451 1876 492 conver-

1051 529 1123 557 sus
1143 528 1239 556 sum
1257 514 1300 555 in
1319 515 1513 554 aerumna
1532 521 1640 557 mea,
1656 506 1761 549 dum
1777 518 1876 548 con-

1051 572 1196 623 figitur
1215 570 1350 623 spina.

1102 627 1320 669 Delictum
1359 637 1504 666 meum
1541 620 1764 672 cognitum
1797 618 1878 662 tibi

1050 684 1151 726 feci:
1187 684 1210 709 *
1248 688 1291 724 et
1325 680 1576 733 injustitiam
1610 690 1755 719 meam
1789 688 1878 718 non

1052 738 1271 782 abscondi.

1102 796 1220 837 Dixi:
1256 793 1508 837 Confitebor
1542 790 1776 833 adversum
1807 801 1878 831 me

1051 852 1301 905 injustitiam
1325 863 1468 891 meam
1492 847 1701 889 Domino:
1719 847 1743 872 *
1763 850 1806 887 et
1830 850 1879 887 tu

1052 908 1254 951 remisisti
1273 907 1543 960 impietatem
1560 903 1733 957 peccati
1749 902 1846 943 mei.

1102 966 1189 1007 Pro
1208 964 1290 1006 hac
1315 963 1457 1005 orabit
1476 961 1533 1003 ad
1551 966 1595 1003 te
1619 959 1760 1002 omnis
1783 971 1878 1000 san-

1054 1027 1158 1071 ctus,
1178 1023 1200 1047 *
1220 1022 1263 1062 in
1281 1023 1481 1073 tempore
1501 1019 1767 1071 opportuno.

1104 1079 1417 1120 Verumtamen
1431 1076 1475 1116 in
1486 1074 1651 1117 diluvio
1667 1074 1880 1125 aquarum

1052 1135 1300 1184 multarum,
1318 1135 1341 1159 *
1361 1132 1417 1175 ad
1441 1145 1540 1174 eum
1564 1143 1654 1172 non
1676 1127 1879 1182 approxi-

1053 1191 1243 1233 mabunt.

1105 1248 1174 1289 Tu
1201 1260 1248 1289 es
1275 1245 1490 1296 refugium
1520 1256 1667 1285 meum
1694 1255 1721 1284 a
1746 1240 1879 1284 tribu-

1053 1304 1224 1353 latione,
1245 1316 1342 1356 quae
1363 1299 1651 1344 circumdedit
1668 1311 1755 1340 me:
1769 1299 1793 1324 *
1809 1310 1880 1339 ex-

1055 1360 1230 1402 sultatio
1247 1372 1344 1401 mea
1360 1361 1462 1400 erue
1480 1370 1550 1399 me
1570 1369 1596 1397 a
1611 1354 1880 1398 circumdan-

1053 1417 1169 1459 tibus
1187 1430 1268 1458 me.

1105 1473 1380 1515 Intellectum
1402 1470 1482 1513 tibi
1501 1470 1634 1520 dabo,
1659 1473 1704 1511 et
1725 1470 1880 1510 instru-

1055 1543 1125 1571 am
1148 1535 1192 1571 te
1218 1530 1261 1570 in
1284 1529 1354 1570 via
1378 1527 1475 1577 hac,
1503 1540 1589 1579 qua
1611 1524 1839 1577 gradieris:
1856 1524 1882 1551 *

1054 1585 1239 1627 firmabo
1259 1598 1390 1638 super
1409 1590 1453 1626 te
1474 1582 1626 1625 oculos
1644 1594 1779 1623 meos.

1105 1642 1253 1684 Nolite
1272 1642 1368 1683 fieri
1386 1641 1497 1683 sicut
1517 1652 1654 1692 equus
1670 1642 1714 1680 et
1727 1636 1881 1687 mulus,

1055 1699 1078 1724 *
1100 1698 1255 1751 quibus
1273 1711 1361 1739 non
1381 1702 1447 1739 est
1464 1695 1722 1738 intellectus

1107 1756 1158 1795 In
1190 1767 1314 1796 camo
1347 1759 1390 1796 et
1416 1753 1555 1795 fraeno
1582 1750 1782 1793 maxillas
1811 1750 1882 1792 ee-

1057 1824 1152 1852 rum
1178 1812 1443 1861 constringe,
1466 1810 1489 1836 *
1515 1808 1589 1862 qui
1612 1820 1701 1850 non
1725 1808 1882 1860 appre—

1057 1868 1221 1909 ximant
1239 1867 1296 1908 ad
1313 1872 1368 1909 te.

1108 1923 1246 1965 Multa
1271 1922 1443 1974 flagella
1460 1920 1718 1976 peccatoris,
1740 1920 1765 1947 *
1789 1932 1884 1973 spe-

1058 1982 1226 2021 rantem
1258 1985 1403 2021 autem
1430 1980 1473 2020 in
1500 1977 1693 2019 Demino
1720 1975 1884 2018 miseri-

1059 2036 1207 2077 cordia
1226 2035 1522 2077 circumdabit.

1109 2092 1338 2134 Laetamini
1370 2092 1414 2133 in
1445 2092 1636 2134 Demino
1669 2095 1713 2133 et
1745 2087 1885 2131 exsul-

1058 2150 1148 2190 tate
1182 2148 1298 2200 justi,
1325 2149 1348 2174 *
1379 2154 1422 2190 et
1453 2147 1700 2199 gloriamini
1734 2157 1886 2188 omnes

1061 2205 1167 2247 recti
1195 2203 1340 2246 corde.

1119 2264 1213 2303 Ant.
1256 2263 1305 2302 In
1341 2267 1416 2303 tua
1452 2261 1612 2313 justitia
1643 2259 1783 2302 libera
1816 2269 1887 2299 me

1061 2317 1258 2359 Demine.

1118 2378 1215 2415 Ant.
1247 2377 1404 2415 Rectos
1424 2373 1562 2415 decet.

1343 2433 1535 2472 l’salmus
1556 2434 1617 2471 32.

1068 2483 1338 2587 Exsultate
1379 2486 1478 2539 justi
1526 2486 1570 2527 in
1615 2485 1825 2527 Demino:
1865 2484 1889 2509 *

1168 2548 1312 2584 rectos
1341 2542 1468 2584 decet
1496 2542 1773 2584 collaudatio.

1118 2602 1393 2644 Confitemini
1419 2602 1609 2645 Demino
1636 2603 1680 2643 in
1708 2601 1890 2644 cithara:

1065 2660 1087 2684 *
1115 2659 1157 2699 in
1193 2658 1402 2711 psalterio
1438 2658 1591 2700 decem
1625 2658 1891 2700 chordarum

1066 2714 1239 2766 psallite
1266 2715 1338 2755 illi.
