2066 2904
746 130 957 164 Commune
982 140 1059 164 non
1083 129 1296 171 virginum.

467 225 620 266 Lectio
639 224 695 263 iii.

166 285 441 390 Fortitudo
465 291 509 328 et
531 286 667 328 decor
689 286 993 328 indumentum

256 345 362 396 ejus,
395 348 439 385 et
462 342 624 384 ridebit
646 343 691 383 in
715 342 786 383 die
811 343 992 383 novissi-

163 413 248 442 mo.
276 400 338 441 Os
357 412 485 440 suum
504 399 676 451 aperuit
691 398 929 450 sapientiae,
949 403 993 439 et

163 457 236 498 lex
257 455 500 497 clementiae
520 454 565 494 in
583 454 731 505 lingua
751 455 854 505 ejus.
882 453 992 495 Con·

166 511 376 553 sideravit
404 510 580 552 semitas
615 509 772 551 domus
803 522 910 558 suae,
949 514 994 551 et

164 580 324 621 panem
343 567 487 608 otiesa
505 578 595 607 non
614 565 814 607 comedit.
841 565 991 606 Surre-

163 625 321 664 xerunt
352 622 430 663 filii
467 622 575 673 ejus,
613 625 657 663 et
691 621 988 662 beatissimam

163 678 531 732 praedicaverunt:
557 677 623 718 vir
644 678 749 729 ejus,
777 682 822 718 et
844 677 992 718 lauda·
1028 717 1038 727 ‚

162 735 224 777 vit
252 747 359 776 eam.
394 733 545 774 Multae
570 733 673 774 fssiae
700 735 989 784 congregave-

162 794 264 831 runt
279 789 468 831 divitias:
482 793 531 830 tu
546 790 829 841 supergressa
842 802 890 830 es
901 789 991 829 uni-

161 848 323 887 versas.
363 845 515 886 Fallax
538 845 694 895 gretia,
723 849 767 886 et
787 857 900 885 vana
923 850 991 886 est

162 900 461 955 pulchritudo:
483 900 639 941 mulier
661 901 818 941 timens
841 901 990 941 Demi-

162 971 279 1008 num,
306 957 402 1008 ipsa
429 955 690 997 laudabitur.
731 956 846 997 Date
872 956 911 997 ei
934 956 990 998 de

162 1013 307 1054 fructu
321 1014 529 1053 manuum
540 1014 732 1052 suarum:
751 1015 795 1053 et
809 1012 990 1053 laudent

163 1081 259 1110 eam
277 1068 321 1109 in
340 1067 481 1120 portis
502 1069 639 1119 epera
659 1068 760 1119 ejus.

216 1135 267 1187 R.
299 1131 454 1184 Specie
486 1135 563 1172 tua
593 1135 637 1172 et
663 1130 990 1183 pulchritudine

161 1193 238 1229 tua
263 1192 287 1216 *
310 1186 512 1236 Intende,
542 1188 757 1239 prespere
785 1187 989 1239 procede,

163 1248 207 1285 et
230 1256 375 1294 regna.
412 1241 463 1292 V.
491 1242 664 1283 Diffusa
689 1247 756 1284 est
781 1243 923 1293 gretia
945 1243 990 1283 in

160 1299 289 1341 lebiis
307 1299 409 1348 tuis,
436 1300 674 1350 propterea
695 1298 922 1340 benedixit
945 1304 989 1340 te

161 1356 282 1397 Deus
300 1355 345 1396 in
364 1355 586 1395 aeternum.
614 1354 811 1396 Intende.
840 1355 990 1396 Gleria

327 1409 523 1451 Intende.

388 1499 440 1538 In
462 1499 513 1538 11.
537 1498 761 1537 Nocturno.

216 1573 317 1614 Ant.
349 1572 503 1624 Specie
527 1577 604 1613 tua
629 1573 653 1600 *
681 1577 724 1614 et
750 1573 989 1624 pulchritu-

163 1627 263 1668 dine
282 1631 358 1668 tua
376 1627 570 1678 intende,
598 1630 812 1681 prespere
837 1631 989 1682 proce-

162 1682 228 1732 de,
248 1687 292 1724 et
310 1695 455 1735 regna.

432 1763 631 1804 Psalmus
651 1765 717 1804 44.

172 1851 228 1900 Γ
242 1838 467 1898 ᾖχῑιιοῒέινίῒ
507 1850 584 1879 cor
623 1851 769 1879 meum
806 1839 990 1881 verbum

175 1905 222 1945 ς»,
295 1893 475 1934 bonum:
515 1895 540 1921 *
581 1893 681 1935 dico
729 1907 812 1945 ego
854 1897 991 1947 epera

176 1953 179 1961 '
205 1961 220 1963 -
260 1971 272 1972 e
294 1961 393 1990 mea
411 1949 532 2000 Regi.

210 2005 380 2055 Lingua
410 2017 509 2046 mea
540 2006 735 2048 calamus
764 2007 938 2058 scribae,
966 2010 990 2036 *

161 2060 374 2102 veleciter
393 2060 634 2102 scribentis.

212 2116 447 2168 Speciesus
466 2116 608 2158 forma
627 2131 721 2170 prae
735 2118 838 2159 filiis
852 2118 987 2159 hemi-

160 2185 274 2221 num,
291 2171 450 2213 diflusa
464 2176 532 2213 est
545 2174 686 2224 gratia
696 2173 739 2214 in
748 2174 875 2215 labiis
885 2175 986 2216 tuis:

160 2229 185 2255 *
212 2229 451 2280 propterea
477 2227 703 2271 benedixit
729 2234 774 2271 te
796 2230 918 2271 Deus
946 2230 990 2270 in

160 2284 384 2324 aetemum.

211 2338 456 2390 Accingere
485 2339 631 2390 gladio
664 2345 742 2381 tuo
771 2354 904 2393 super
931 2341 990 2382 fe-

160 2407 257 2434 mur
276 2399 411 2444 tuum,
430 2396 454 2422 *
472 2396 788 2448 potentissime,

211 2450 367 2501 Specie
393 2455 469 2491 tua
498 2455 542 2492 et
567 2451 895 2503 pulchritudine
914 2457 990 2493 tua

159 2506 185 2532 ¹⁸¹
215 2505 408 2556 intende,
445 2508 660 2559 prespere
693 2507 908 2560 procede,
945 2512 989 2549 et

161 2572 399 2669 rel‘ssepter
416 2618 657 2668 veritatem,
676 2622 721 2660 et
738 2621 986 2661 mansuetu-

161 1411 292 1452 Patri.

1786 122 1878 166 [121]

1047 220 1208 270 dinem,
1242 225 1286 262 et
1312 222 1535 273 justitiam:
1563 224 1587 250 *
1615 227 1659 264 et
1687 222 1878 264 deducet

1046 281 1090 318 te
1107 276 1363 318 mirabiliter
1382 277 1565 319 dextera
1582 284 1669 320 tua.

1100 333 1281 385 Sagittae
1312 337 1398 374 tuae
1427 338 1583 384 acutae,
1611 335 1768 387 pepuli
1795 335 1876 375 sub

1045 394 1090 431 te
1114 389 1288 439 cadent,
1316 391 1340 416 *
1367 390 1411 430 in
1439 390 1577 431 corda
1600 391 1877 432 inimicerum

1045 446 1192 496 Regis.

1100 501 1236 543 Sedes
1260 506 1335 542 tua
1354 502 1475 542 Deus
1498 502 1543 542 in
1567 503 1778 544 saeculum
1798 505 1876 544 sae-

1048 557 1148 599 culi:
1176 559 1201 585 *
1227 558 1350 608 virga
1379 557 1633 599 directienis
1662 559 1785 609 virga
1813 572 1875 600 re-

1045 614 1120 664 gni
1138 614 1212 654 tui.

1098 669 1301 710 Dilexisti
1329 669 1553 721 justitiam,
1583 674 1626 710 et
1646 670 1780 711 odisti
1800 671 1875 711 ini-

1047 726 1276 776 quitatem:
1319 727 1343 752 *
1383 727 1622 778 propterea
1667 727 1790 767 unxit
1831 732 1876 768 te

1045 781 1181 832 Deus,
1206 782 1326 822 Deus
1350 786 1453 822 tuus
1473 781 1571 822 eleo
1595 781 1763 823 laetitiae
1782 796 1876 835 prae

1046 837 1330 878 consertibus
1348 837 1447 878 tuis.

1099 892 1289 944 Myrrha,
1320 898 1364 934 et
1387 898 1525 944 gutta,
1554 898 1598 934 et
1623 895 1740 935 casia
1762 908 1787 935 a
1806 908 1876 936 ve-

1047 949 1263 989 stimentis
1278 949 1377 998 tuis,
1397 961 1422 989 a
1439 948 1644 990 demibus
1657 950 1876 992 eburneis:

1045 1005 1069 1030 *
1090 1017 1143 1045 ex
1169 1004 1328 1055 quibus
1353 1004 1684 1047 delectaverunt
1707 1011 1752 1047 te
1772 1007 1875 1048 filiae

1043 1073 1197 1110 regum
1215 1060 1259 1100 in
1278 1059 1447 1101 honere
1466 1065 1554 1102 tuo.

1097 1117 1250 1157 Astitit
1283 1118 1434 1166 regina
1466 1129 1491 1157 a
1520 1116 1687 1158 dextris
1715 1118 1805 1159 tuis
1832 1119 1875 1158 in

1043 1174 1204 1212 vestitu
1224 1171 1451 1213 deaurato:
1470 1173 1494 1198 *
1514 1173 1786 1215 circumdata
1805 1187 1875 1215 va-

1043 1227 1209 1268 rietate.

1096 1283 1216 1324 Audi
1234 1283 1335 1332 filia,
1361 1288 1404 1324 et
1424 1284 1536 1333 vide,
1561 1288 1605 1325 et
1625 1285 1786 1326 inclina
1805 1299 1876 1326 au-

1043 1351 1136 1380 rem
1163 1343 1297 1379 tuam:
1324 1339 1348 1364 *
1377 1344 1420 1380 et
1448 1339 1709 1381 obliviscere
1737 1343 1876 1393 pepu-

1042 1395 1133 1435 lum
1149 1399 1284 1444 tuum,
1305 1399 1348 1436 et
1367 1394 1548 1436 domum
1567 1397 1704 1447 patris
1724 1397 1798 1438 tui.

1093 1450 1150 1490 Et
1170 1452 1453 1502 concupiscet
1470 1451 1568 1492 Rex
1589 1451 1796 1493 decerem
1812 1458 1876 1494 tu-

1042 1519 1133 1546 um:
1155 1506 1179 1531 *
1208 1506 1415 1558 queniam
1441 1507 1538 1558 ipse
1567 1512 1634 1548 est
1660 1507 1876 1549 Deminus

1042 1561 1164 1602 Deus
1183 1566 1295 1611 tuus,
1316 1566 1360 1603 et
1378 1562 1627 1604 adorabunt
1647 1576 1757 1604 eum.

1094 1617 1151 1658 Et
1170 1617 1271 1658 filiae
1287 1618 1394 1669 Tyri
1412 1618 1457 1658 in
1475 1619 1728 1660 muneribus
1748 1621 1771 1646 *
1786 1620 1875 1661 vul-

1042 1678 1136 1714 tum
1166 1678 1290 1714 tuum
1322 1673 1690 1726 deprecabantur:
1723 1688 1875 1717 omnes

1043 1728 1201 1771 divites
1218 1729 1371 1781 plebis.

1096 1785 1247 1826 Omnis
1266 1785 1406 1835 gleria
1431 1787 1522 1837 ejus
1542 1786 1645 1827 filiae
1663 1788 1799 1838 Regis
1820 1788 1874 1829 ab

1043 1841 1175 1891 intus,
1194 1841 1283 1881 *in
1311 1841 1495 1883 fimbriis
1523 1843 1667 1884 aureis
1695 1844 1874 1885 circum-

1043 1899 1203 1938 amicta
1222 1897 1518 1939 varietatibus.

1095 1952 1384 1994 Adducentur
1411 1954 1524 2005 Regi
1554 1955 1744 2005 virgines
1771 1960 1875 2007 post

1043 2020 1155 2049 eam:
1165 2009 1188 2033 *
1199 2009 1413 2060 preximae
1432 2010 1523 2060 ejus
1534 2010 1770 2051 afferentur
1783 2010 1874 2051 tibi.

1094 2063 1346 2105 Afferentur
1372 2065 1415 2105 in
1439 2064 1592 2106 laetitia
1617 2070 1660 2106 et
1688 2066 1874 2107 exsulta-

1041 2119 1177 2161 tiene:
1213 2121 1238 2147 *
1273 2120 1546 2162 adducentur
1581 2122 1626 2161 in
1662 2122 1874 2174 templum

1042 2175 1189 2226 Regis.

1093 2231 1180 2273 Pro
1208 2231 1410 2284 patribus
1437 2232 1523 2272 tuis
1551 2233 1643 2273 nati
1669 2237 1770 2274 sunt
1793 2233 1874 2275 tibi

1041 2285 1134 2327 filii:
1153 2288 1177 2314 *
1196 2290 1436 2328 constitues
1461 2300 1539 2328 eos
1562 2289 1786 2340 principes
1805 2302 1872 2331 su-

1041 2354 1121 2394 per
1141 2355 1316 2384 omnem
1335 2347 1510 2383 terram.

1092 2398 1311 2439 Memores
1336 2402 1462 2439 erunt
1481 2399 1670 2440 neminis
1689 2400 1767 2441 tui:
1786 2401 1810 2426 *
1828 2401 1873 2441 in

1042 2454 1160 2494 omni
1176 2454 1456 2504 generatiene
1477 2459 1521 2495 et
1534 2456 1872 2505 generatienem.

1091 2509 1335 2562 Propterea
1363 2509 1518 2562 pepuli
1545 2511 1871 2554 confitebuntur

1039 2564 1119 2606 tibi
1145 2565 1190 2605 in
1217 2566 1443 2606 aeternum:
1467 2565 1491 2592 *
1520 2571 1564 2608 et
1590 2566 1634 2607 in
1661 2568 1872 2610 saeculum

1040 2620 1201 2662 saeculi.
