2066 2904
467 157 537 190 Die
562 156 595 190 8.
621 155 721 195 Maii.
764 154 802 187 In
824 152 1081 195 Apparitione
1108 152 1142 184 S.
1171 148 1372 182 Michaelis·
1400 148 1592 187 Archang.

1821 147 1891 182 499

170 253 323 295 Lectio
348 250 490 292 sancti
507 248 736 300 Evangelii
759 247 1002 289 secundum

451 305 720 347 Matthaeum.

275 370 427 410 Lectio
448 368 516 408 vii.
717 367 821 417 Cap.
841 366 898 404 18.

168 421 245 527 In
269 424 345 466 illo
370 424 588 475 tempore:
616 421 913 462 Accesserunt
940 419 1000 460 di-

230 479 387 533 scipuli
401 477 459 520 ad
472 479 496 519 J
500 490 635 527 esum,
651 475 862 518 dicentes:
882 475 1001 525 Quis,

167 541 309 590 putas,
322 537 461 588 major
476 539 543 576 est
557 534 601 575 in
615 545 751 584 regno
764 529 1000 573 coelorum?

168 593 226 634 Et
243 592 424 644 reliqua.

203 669 394 712 Homilia
413 668 554 710 sancti
572 667 732 709 Hilarii
750 665 975 719 Episcopi.

281 738 491 772 Comment.
519 736 556 769 in
581 735 711 769 Matth.
738 745 818 768 can.
846 734 897 766 18.

193 840 195 849 Α
224 802 271 843 ῑ,-;
289 790 445 833 onnisi
480 791 684 831 reversos
719 789 764 830 in
801 792 1003 831 naturam

194 842 268 904 Q,
319 848 558 901 puerorum
598 846 781 887 introire
821 859 1004 897 regnum

200 901 256 925 Χ
320 903 535 947 coelorum
553 902 769 944 Dominus
789 901 935 943 docet:
958 901 1005 943 id

171 966 248 1012 est,
267 974 349 1014 per
369 959 695 1013 simplicitatem
711 958 928 1012 puerilem
945 959 1003 998 vi-

171 1018 233 1059 tia
269 1019 505 1070 corporum
540 1017 795 1057 nostrorum
831 1015 1004 1056 animae-

172 1086 257 1127 que
271 1072 533 1115 revocanda.
560 1072 730 1113 Pueros
749 1076 897 1112 autem
914 1083 1004 1111 cre-

171 1130 327 1172 dentes
347 1141 500 1171 omnes
519 1141 601 1181 per
619 1127 856 1169 audientiae
871 1126 1006 1168 fidem

170 1186 451 1239 nuncupavit.
503 1185 564 1226 Hi
595 1185 711 1226 enim
739 1187 912 1237 patrem
940 1195 1004 1224 se-

173 1245 379 1295 quuntur,
402 1246 590 1283 matrem
609 1245 776 1289 amant,
800 1239 1005 1292 proximo

171 1298 285 1340 velle
300 1298 463 1339 malum
477 1297 688 1346 nesciunt,
709 1308 857 1337 curam
870 1308 1006 1347 opum

171 1354 412 1405 negligunt:
455 1367 546 1395 non
582 1353 871 1401 insolescunt,
917 1364 1006 1392 non

174 1410 379 1461 oderunt,
421 1423 511 1451 non
546 1409 834 1457 mentiuntur,
877 1407 1006 1449 dictis

174 1466 377 1516 credunt,
411 1470 456 1508 et
482 1464 603 1519 quod
627 1464 825 1513 audiunt,
853 1476 1006 1505 verum

172 1522 347 1565 habent.
405 1522 735 1564 Revertendum
772 1521 903 1571 igitur
940 1525 1007 1561 est

174 1577 232 1620 ad
263 1579 589 1632 simplicitatem
619 1577 866 1625 infantium,
906 1576 1007 1628 quia

173 1635 219 1676 in
244 1648 296 1676 ea
322 1635 545 1685 collocati,
572 1634 766 1687 speciem
791 1631 1007 1673 humilita-

172 1691 230 1732 tis
249 1691 481 1733 dominicae
501 1690 868 1733 circumferemus.

227 1749 278 1799 R.
304 1749 355 1788 In
379 1749 620 1800 conspectu
639 1746 847 1788 Gentium
871 1744 1008 1786 nolite

173 1803 344 1845 timere:
378 1816 459 1845 vos
487 1803 604 1845 enim
630 1803 676 1843 in
703 1801 913 1844 cordibus
936 1813 1007 1842 ve-

176 1859 278 1901 stris
304 1859 488 1902 adorate
516 1865 560 1902 et
583 1859 736 1901 timete
754 1858 1008 1899 Dominum:

177 1918 198 1941 *
216 1915 413 1967 Angelus
433 1916 550 1958 enim
570 1916 662 1967 ejus
680 1914 911 1956 vobiscum
930 1918 1008 1962 est,

177 1971 359 2024 alleluJa.
414 1967 464 2018 V.
495 1972 629 2014 Stetit
661 1970 857 2026 Angelus
890 1971 1010 2022 juxta

177 2041 298 2070 aram
328 2028 498 2081 templi,
537 2027 706 2069 habens
738 2026 1010 2068 thuribulum

177 2087 359 2126 aureum
377 2084 422 2125 in
439 2098 572 2127 manu
591 2097 680 2126 sua.
708 2083 914 2134 Angelus.

232 2141 393 2184 Bened.
422 2143 621 2191 Quorum
638 2141 812 2183 festum.

467 2210 619 2250 Lectio
639 2209 722 2248 viii.

271 2288 309 2316 ae
349 2275 452 2316 huic
487 2274 651 2317 mundo
691 2274 746 2316 ab
782 2273 1011 2316 scandalis.

282 2331 517 2373 Humilitas
562 2331 783 2384 passionis
829 2329 1010 2371 scanda-

179 2386 270 2428 lum
295 2387 461 2429 mundo
487 2391 564 2428 est.
604 2387 656 2427 In
679 2387 765 2428 hoc
789 2387 905 2428 enim
923 2388 1011 2426 ma-

180 2444 295 2484 xime
311 2443 559 2495 ignorantia
576 2442 795 2484 detinetur
811 2442 1013 2491 humana,

183 2499 303 2550 quod
321 2499 404 2541 sub
419 2499 702 2541 deformitate
716 2499 868 2548 crucis,
887 2500 1012 2539 aeter-

181 2566 250 2595 nae
281 2554 434 2606 gloriae
461 2554 701 2596 Dominum
731 2554 872 2595 noluit
904 2555 1012 2595 acci-

182 2622 300 2662 pere.
334 2611 392 2652 Et
416 2610 523 2663 quid
546 2611 712 2652 mundo
735 2616 826 2651 tam
844 2610 1013 2662 pericu—

182 2665 343 2716 losum,
376 2679 508 2718 quam
534 2679 623 2708 non
648 2669 869 2718 recepisse
894 2665 1013 2706 Chri-

1055 243 1194 287 stum?
1223 243 1333 286 Ideo
1362 256 1469 285 vero
1497 245 1680 285 necesse
1707 256 1805 285 esse
1831 243 1891 284 ait

1057 304 1208 344 venire
1244 300 1467 342 scandala:
1513 300 1615 352 quia
1655 298 1712 341 ad
1749 312 1890 341 sacra-

1054 360 1250 399 mentum
1283 355 1524 398 reddendae
1558 356 1687 398 nobis
1719 356 1890 397 aeterni-

1055 415 1177 464 tatis,
1206 414 1348 454 omnis
1372 413 1417 453 in
1441 425 1495 454 eo
1514 413 1735 465 passionis
1754 412 1891 454 humi-

1055 471 1154 512 litas
1174 475 1293 512 esset
1312 469 1542 522 explenda.

1110 540 1160 588 R.
1176 535 1365 577 Michael
1385 534 1690 585 Archangelus
1710 535 1830 576 venit
1849 534 1893 574 in

1057 593 1322 645 adjuterium
1341 591 1510 644 populo
1531 592 1630 641 Dei,
1651 595 1672 616 *
1693 592 1823 633 Stetit
1848 591 1893 631 in

1057 649 1267 691 auxilium
1286 661 1369 701 pro
1391 647 1620 689 animabus
1635 648 1771 699 justis,
1792 647 1892 688 alle-

1056 706 1153 758 luja.
1188 703 1237 753 V.
1260 705 1390 746 Stetit
1410 704 1607 755 Angelus
1631 704 1750 755 juxta
1770 717 1893 744 aram

1057 762 1222 815 templi,
1240 761 1408 803 habens
1423 760 1696 802 thuribulum
1712 762 1895 801 aureum

1057 820 1102 860 in
1126 832 1258 860 manu
1282 831 1372 859 sua.
1410 817 1551 859 Stetit.
1590 816 1742 858 Gloria
1761 817 1894 857 Patri.

1057 876 1197 917 Stetit.
1374 878 1377 881 '

1361 958 1513 998 Lectio
1535 958 1588 997 ix.

1058 1018 1272 1124 Videte
1297 1034 1353 1062 ne
1374 1021 1666 1062 contemnatis
1685 1034 1820 1062 unum
1841 1019 1896 1062 de

1158 1078 1329 1131 pusillis
1343 1078 1437 1119 istis
1458 1077 1532 1129 qui
1553 1076 1737 1118 eredunt
1755 1077 1799 1118 in
1815 1090 1897 1118 me.

1059 1135 1353 1187 Aptissimum
1371 1133 1595 1175 vinculum
1618 1133 1759 1175 mutui
1779 1136 1895 1175 amo-

1058 1191 1117 1231 ris
1137 1191 1366 1243 imposuit,
1394 1189 1451 1231 ad
1475 1202 1552 1231 eos
1576 1191 1802 1242 praecipue
1823 1190 1897 1242 qui

1059 1259 1163 1288 vere
1188 1247 1232 1287 in
1251 1246 1444 1287 Domino
1472 1244 1775 1287 credidissent.
1813 1246 1896 1287 Pu-

1060 1302 1258 1343 sillorum
1279 1303 1394 1344 enim
1414 1301 1574 1353 Angeli
1594 1302 1792 1353 quotidie
1812 1304 1896 1344 De-

1059 1372 1134 1399 um
1153 1358 1318 1400 vident:
1339 1359 1441 1410 quia
1459 1358 1596 1398 Filius
1616 1357 1807 1400 hominis
1826 1372 1897 1400 ve-

1060 1415 1122 1456 nit
1141 1415 1314 1456 salvare
1332 1427 1431 1467 quae
1446 1414 1622 1467 perdita
1638 1420 1749 1456 sunt.
1776 1416 1896 1465 Ergo

1061 1476 1105 1512 et
1124 1471 1260 1512 Filius
1284 1471 1474 1512 hominis
1502 1471 1661 1520 salvat,
1690 1476 1734 1513 et
1753 1472 1898 1512 Deum

1061 1528 1220 1578 Angeli
1251 1527 1418 1577 vident,
1452 1532 1495 1568 et
1528 1527 1685 1577 Angeli
1717 1528 1897 1580 pusillo-

1060 1597 1158 1624 rum
1176 1589 1375 1636 praesunt
1394 1583 1589 1625 fidelium
1612 1584 1898 1625 orationibus.

1060 1641 1259 1682 Praeesse
1288 1640 1485 1691 Angelos
1513 1639 1717 1681 absoluta
1749 1642 1897 1681 aucto-

1060 1697 1168 1738 ritas
1205 1701 1282 1738 est.
1336 1697 1614 1738 Salvatorum
1651 1697 1782 1747 igitur
1818 1710 1898 1749 per

1063 1752 1283 1794 Christum
1312 1754 1538 1795 orationes
1567 1753 1726 1804 Angeli
1757 1755 1898 1804 quoti-

1062 1810 1133 1851 die
1153 1810 1251 1850 Deo
1272 1809 1471 1851 offerunt.
1504 1810 1623 1861 Ergo
1647 1809 1898 1862 periculose

1061 1866 1134 1907 ille
1167 1866 1478 1916 contemnitur,
1511 1867 1632 1917 cujus
1667 1865 1897 1914 desideria,

1062 1935 1114 1963 ac
1143 1922 1466 1974 postulationes
1499 1921 1557 1963 ad
1591 1924 1820 1970 aeternum,
1854 1927 1898 1962 et

1061 1978 1325 2020 invisibilem
1361 1978 1506 2020 Deum
1542 1977 1777 2019 ambitioso
1811 1977 1897 2017 An-

1062 2034 1262 2085 gelorum
1307 2034 1521 2076 famulatu
1566 2047 1618 2075 ac
1655 2033 1897 2074 ministerio

1063 2091 1376 2143 pervehuntur.

1124 2156 1186 2197 Te
1205 2157 1350 2198 Deum
1369 2155 1610 2197 laudamus.
1628 2154 1688 2195 15.

1328 2246 1408 2288 Ad
1434 2244 1632 2287 Laudes

1274 2313 1324 2342 et
1364 2317 1461 2350 per
1500 2306 1696 2339 Horas.

1117 2372 1217 2411 Ant.
1252 2372 1280 2410 1.
1321 2371 1453 2412 Stetit
1488 2368 1686 2420 Angelus
1718 2368 1742 2394 *
1780 2367 1900 2418 juxta

1065 2439 1185 2467 aram
1194 2426 1359 2478 templi,
1370 2426 1537 2467 habens
1548 2423 1818 2466 thuribulum
1827 2426 1899 2463 au-

1065 2494 1190 2523 reum
1207 2482 1251 2522 in
1269 2495 1402 2523 manu
1422 2494 1511 2530 sua,
1533 2480 1715 2531 alleluja.

1116 2548 1183 2586 Ps.
1212 2546 1429 2587 Dominus
1448 2545 1658 2596 regnavit.
1677 2546 1736 2585 16.

1115 2612 1152 2650 2.
1194 2611 1311 2651 Dum
1346 2609 1622 2662 praeliaretur
1654 2609 1678 2635 *
1711 2609 1900 2650 Michael

1065 2665 1370 2716 Archangelus
1394 2677 1493 2706 cum
1517 2663 1726 2714 dracone,
1751 2665 1901 2706 audita
