2066 2956
626 180 671 214 In
694 179 821 214 Festis
846 179 887 213 B.
911 179 1046 213 Mariae
1069 178 1114 212 V.
1137 187 1207 220 per
1233 186 1383 210 annum.

463 279 616 321 Lectio
638 278 676 318 ii.

159 342 389 448 Mecum
421 349 522 387 sunt
553 343 733 392 divitiae‚
767 346 810 384 et
838 341 988 392 gloria,

280 417 388 457 opes
408 401 611 455 superbae
632 404 676 441 et
694 398 867 451 justitia.
900 398 988 439 Me-

158 462 241 503 lior
261 465 328 503 est
347 459 462 501 enim
481 458 649 499 fructus
667 468 791 496 meus
807 467 925 504 auro,
946 459 990 495 et

158 516 306 570 lapide
332 515 548 568 pretioso,
576 517 620 555 et
646 511 865 563 genimina
891 523 989 551 mea

159 575 340 624 argento
360 571 512 613 electo.
540 570 591 610 In
606 569 690 610 viis
709 567 883 620 justitiae
903 569 990 607 am-

158 629 280 678 bulo,
307 628 353 668 in
380 626 526 668 medio
554 625 808 667 semitarum
831 623 990 675 judicii,

159 690 208 727 ut
228 685 364 726 ditem
385 683 615 734 diligentes
634 693 722 730 me,
751 685 794 721 et
817 679 990 721 thesau-

159 754 234 782 ros
254 742 407 782 eorum
426 738 632 791 repleam.
658 736 876 777 Dominus
891 748 990 787 pos-

161 796 275 839 sedit
300 809 371 838 me
395 796 441 836 in
464 794 588 835 initio
607 793 778 834 viarum
804 794 990 840 suarum,

162 855 398 905 antequam
413 850 651 903 quidquam
666 849 831 890 faceret
845 860 870 888 a
882 847 992 900 prin-

162 909 289 962 cipio.
316 907 388 949 Ab
410 909 578 948 aeterno
599 905 802 947 ordinata
821 917 929 952 sum,
950 908 993 944 et

162 978 216 1007 ex
241 964 431 1017 antiquis
460 965 695 1014 antequam
719 965 838 1002 terra
855 960 993 1001 fieret.

160 1020 371 1063 Nondum
395 1024 519 1062 erant
542 1018 706 1070 abyssi,
733 1022 777 1058 et
803 1028 885 1067 ego
908 1017 994 1067 jam

162 1079 379 1130 concepta
403 1088 538 1117 eram:
566 1073 755 1116 necdum
780 1073 926 1114 fontes
951 1084 992 1112 a-

163 1135 348 1186 quatum
377 1135 628 1184 eruperant:
655 1129 844 1171 necdum
872 1141 991 1169 mon-

1781 168 1873 212 [157]

1039 283 1199 323 panem
1212 282 1369 319 meum,
1386 273 1430 311 et
1443 267 1582 310 bibite
1593 267 1741 308 vinum
1754 265 1875 318 quod

1039 326 1195 368 miscui
1214 325 1351 367 vobis.

1092 394 1143 445 R.
1175 391 1315 432 Beata
1346 403 1394 431 es
1420 389 1560 441 Virgo
1587 389 1742 437 Maria,
1775 399 1874 438 quae

1042 447 1280 489 Dominum
1341 445 1548 498 portasti,
1620 444 1876 485 Creatorem

1041 502 1207 544 mundi:
1246 508 1268 532 *
1310 502 1513 543 Genuisti
1554 500 1628 552 qui
1674 505 1719 541 te
1760 499 1875 548 fecit,

1044 564 1087 601 et
1123 560 1168 599 in
1210 560 1424 600 aeternum
1460 559 1693 610 permanes
1725 555 1876 605 Virgo.

1042 616 1093 668 V.
1126 615 1223 656 Ave
1252 615 1406 663 Maria,
1442 613 1582 664 gratia
1614 612 1760 665 plena,
1788 612 1875 651 Do-

1044 671 1187 711 minus
1232 676 1390 712 tecum.
1451 669 1663 710 Genuisti.
1723 667 1877 709 Gloria

1044 727 1175 768 Patri.
1214 726 1425 768 Genuisti.

1275 809 1325 848 In
1346 809 1396 847 11.
1419 808 1642 847 Nocturno.

1097 874 1197 914 Ant.
1226 869 1383 921 Specie
1412 873 1488 910 tua
1516 869 1539 895 *
1568 871 1611 909 et
1639 866 1877 919 pulchritu-
1933 887 1936 890 <

1045 925 1146 967 dine
1165 930 1241 966 tua
1264 924 1458 974 intende,
1486 926 1700 977 prospere
1725 923 1877 975 proce-

1046 981 1112 1031 de,
1133 986 1177 1022 et
1195 994 1341 1032 regna.

1312 1059 1512 1099 Psalmus
1541 1059 1607 1098 44.

1049 1152 1062 1179 ἢ
1079 1120 1351 1184 ,Ji
1382 1132 1468 1160 -cor
1507 1131 1654 1159 meum
1695 1116 1880 1158 verbum

1079 1173 1091 1204 *⁵
1177 1177 1359 1218 bonum:
1401 1176 1425 1201 *
1466 1174 1566 1216 dico
1614 1186 1696 1224 ego
1744 1175 1880 1225 opera

160 1194 228 1231 tes
256 1189 379 1240 gravi
406 1187 524 1229 mole
557 1188 861 1228 constiterant:
893 1188 993 1225 ante
1053 1180 1062 1231 l
1079 1199 1147 1237 ω

162 1246 297 1287 colles
317 1257 399 1297 ego
418 1242 705 1298 parturiebar.

213 1314 264 1366 R.
297 1307 672 1360 Congratulamini
698 1306 805 1347 mihi
830 1317 994 1354 omnes,

164 1366 239 1419 qui
267 1365 446 1416 diligitis
473 1363 728 1412 Dominum,
767 1361 869 1414 quia
895 1373 994 1401 cum

163 1435 307 1464 essem
322 1419 518 1474 parvula,
539 1418 687 1471 placui
707 1417 952 1458 AltissimO:
968 1421 990 1445 *

162 1479 220 1520 Et
239 1477 298 1520 de
315 1476 425 1518 meis
443 1474 689 1517 visceribus
708 1473 839 1525 genui
853 1473 997 1513 Deum

165 1539 209 1576 et
226 1533 459 1575 hominem.
484 1526 535 1579 V.
558 1531 743 1572 Beatam
761 1541 831 1570 me
849 1527 996 1569 dicent

164 1602 316 1631 omnes
335 1587 654 1640 generationes,
675 1585 777 1638 quia
795 1583 996 1625 ancillam

163 1645 372 1687 humilem
390 1643 586 1696 respexit
603 1643 737 1683 Deus.
764 1641 832 1682 Et.

215 1708 379 1750 Bened.
406 1708 594 1761 Spiritus
614 1706 755 1748 sancti
772 1705 923 1757 gratia.

466 1781 619 1822 Lectio
638 1780 693 1820 iii.

167 1847 373 1952 Beatus
400 1852 536 1894 homo
569 1851 645 1903 qui
673 1850 797 1891 audit
823 1863 912 1901 me,
951 1855 995 1892 et

261 1909 336 1960 qui
354 1908 507 1960 vigilat
530 1906 587 1948 ad
606 1906 724 1947 fores
748 1918 870 1947 meas
891 1919 996 1959 quo-

165 1964 289 2015 tidie,
321 1968 365 2006 et
392 1963 600 2005 observat
627 1961 685 2003 ad.
715 1966 869 2014 postes
896 1962 997 2003 ostii

166 2021 263 2062 mei.
292 2020 376 2070 Qui
393 2032 464 2061 me
483 2017 710 2066 invenerit,
729 2017 923 2058 inveniet
937 2018 996 2058 vi-

166 2081 267 2126 tam,
287 2079 331 2117 et
348 2074 519 2116 hauriet
538 2073 726 2114 salutem
745 2085 771 2113 a
789 2073 997 2114 Domino:

168 2132 243 2184 qui
262 2135 408 2172 autem
426 2131 470 2171 in
488 2142 560 2171 me
578 2128 846 2181 peccaverit,
864 2128 999 2170 laedet

167 2188 358 2229 animam
374 2199 508 2227 suam.
530 2184 705 2233 Omnes,
721 2183 796 2235 qui
809 2196 880 2224 me
896 2183 998 2225 ode-

167 2248 282 2294 runt,
316 2242 502 2293 diligunt
534 2244 734 2281 mortem.
776 2239 998 2291 Sapientia

168 2298 403 2341 aedificavit
422 2297 507 2338 sibi
526 2295 721 2344 domum,
746 2294 908 2336 excidit
927 2307 997 2335 co-

168 2355 339 2396 lumnas
373 2358 553 2405 septem.
594 2350 845 2392 Immolavit
877 2350 997 2391 victi-

167 2423 263 2452 mas
287 2423 404 2459 suas,
435 2407 611 2449 miscuit
633 2407 797 2456 vinum,
830 2410 875 2447 et
899 2418 998 2458 pro-

168 2466 318 2519 posuit
335 2477 532 2506 mensam
556 2476 690 2504 suam.
726 2462 846 2504 Misit
870 2461 998 2504 ancil-

168 2522 234 2563 las
259 2534 360 2562 suas
383 2526 432 2562 ut
450 2522 661 2561 vocarent
685 2518 742 2560 ad
761 2531 924 2568 arcem,
957 2522 1001 2558 et

170 2577 227 2619 ad
245 2577 406 2618 mo'enia
423 2576 627 2618 civitatis:
647 2575 692 2616 Si
708 2575 804 2626 quis
820 2579 888 2616 est
902 2576 999 2626 par-

170 2633 312 2682 vulus,
331 2633 478 2674 veniat
497 2631 553 2673 ad
571 2644 653 2672 me.
685 2631 743 2672 Et
762 2630 999 2682 insipienti-

170 2688 254 2730 bus
280 2688 430 2730 locuta
457 2692 542 2730 est:
572 2687 748 2735 Venite,
781 2685 999 2727 comedite

1178 1245 1277 1274 mea
1296 1232 1401 1283 regi.

1097 1291 1267 1341 Lingua
1298 1301 1398 1330 mea
1426 1287 1620 1329 calamus
1649 1285 1824 1334 scribae,
1856 1284 1880 1310 *

1047 1347 1258 1388 velociter
1286 1344 1529 1385 scribentis.

1099 1402 1335 1454 Speciosus
1369 1400 1511 1441 forma
1542 1411 1637 1451 prae
1670 1397 1770 1438 filiis
1805 1396 1879 1437 ho-

1046 1459 1221 1506 minum,
1251 1456 1409 1498 diffusa
1438 1460 1504 1496 est
1525 1454 1667 1505 gratia
1685 1454 1729 1494 in
1752 1452 1880 1494 labiis

1046 1515 1148 1556 tuis:
1163 1514 1436 1566 *propterea
1456 1510 1682 1552 benedixit
1698 1515 1743 1551 te
1758 1509 1879 1550 Deus

1047 1571 1091 1611 in
1120 1572 1342 1612 aeternum.

1100 1627 1345 1676 Accingere
1373 1622 1520 1674 gladio
1555 1627 1632 1664 tuo
1661 1634 1794 1674 super
1823 1621 1879 1662 fe-

1049 1695 1147 1723 mur
1173 1687 1308 1730 tuum,
1336 1681 1360 1706 *
1387 1679 1702 1732 potentissime,

1101 1738 1256 1791 Specie
1283 1742 1359 1779 tua
1383 1740 1427 1777 et
1453 1734 1778 1788 pulchritudine
1805 1739 1881 1775 tua

1048 1795 1073 1821 *
1108 1793 1302 1842 intende,
1337 1794 1552 1845 prospere
1589 1790 1800 1843 procede,
1838 1795 1882 1831 et

1049 1863 1194 1901 regna.

1099 1907 1290 1959 Propter
1309 1905 1551 1953 veritatem,
1572 1908 1616 1944 et
1633 1905 1880 1944 mansuetu-

1050 1963 1207 2012 dinem,
1236 1967 1280 2003 et
1308 1961 1529 2013 justitiam:
1562 1959 1586 1985 *
1619 1963 1663 2001 et
1691 1958 1882 2000 deducet

1048 2023 1094 2060 te
1120 2017 1377 2059 mirabiliter
1406 2016 1588 2058 dextera
1615 2020 1701 2057 tua.

1103 2075 1283 2125 Sagittae
1318 2078 1407 2115 tuae
1435 2075 1591 2121 acutae,
1618 2071 1771 2123 populi
1799 2069 1880 2111 sub

1049 2135 1093 2171 te
1123 2130 1291 2180 cadent,
1320 2130 1343 2155 *
1371 2129 1415 2169 in
1443 2127 1579 2169 corda
1606 2127 1881 2167 inimicorum

1050 2198 1176 2236 reg1s.

1105 2241 1242 2283 Sedes
1261 2246 1337 2283 tua
1354 2240 1476 2281 Deus
1502 2239 1547 2279 in
1570 2237 1779 2279 saeculum
1804 2238 1881 2276 sae-

1053 2297 1154 2338 culi:
1182 2297 1206 2323 *
1233 2297 1356 2347 virga
1385 2294 1636 2336 directionis
1668 2293 1792 2343 virga
1818 2304 1882 2332 re-

1052 2353 1126 2403 gni
1152 2353 1226 2394 tui.

1103 2407 1307 2450 Dilexisti
1332 2405 1549 2458 justitiam,
1578 2409 1622 2446 et
1649 2403 1782 2445 odisti
1807 2403 1883 2444 ini-

1054 2465 1281 2516 quitatem:
1291 2463 1314 2489 *
1325 2462 1562 2514 propterea
1574 2460 1698 2501 unxit
1706 2464 1751 2501 te
1761 2460 1883 2501 Deus

1052 2519 1173 2561 Deus
1200 2525 1301 2561 tuus
1336 2518 1435 2558 oleo
1464 2516 1628 2557 laetitiae
1660 2528 1755 2568 prae
1783 2528 1883 2557 con-

1053 2575 1245 2617 sortibus
1272 2574 1369 2615 tuis.

1104 2630 1294 2683 Myrrha,
1323 2634 1367 2670 et
1394 2633 1527 2678 gutta,
1556 2631 1600 2669 et
1628 2627 1746 2668 casia
1770 2639 1796 2667 a
1814 2639 1884 2667 ve-

1052 2686 1265 2728 stimentis
1289 2685 1386 2735 tuiS,
1404 2697 1429 2725 a
1445 2683 1648 2726 domibus
1667 2682 1886 2725 eburneis:
