2028 2892
182 146 251 181 428

756 150 908 194 Septem
933 151 1118 185 Dolorum
1144 151 1183 184 13.
1211 151 1254 184 M.
1283 151 1323 184 V.

184 258 269 286 me:
284 246 308 271 *
324 245 529 296 quoniam
544 257 631 286 non
651 244 859 295 gaudebit
876 246 1012 287 inimi-

186 314 262 342 cus
280 314 403 342 meus
422 313 555 353 super
573 314 655 343 me.

237 357 308 399 Me
341 363 487 399 autem
515 364 699 410 propter
724 358 1015 400 innocentiam

186 414 435 467 suscepisti:
455 416 478 440 *
499 420 542 456 et
574 414 843 457 confirmasti
874 428 943 456 me
972 415 1014 455 in

189 473 429 524 conspectu
448 476 524 512 tuo
545 472 587 512 in
606 473 826 514 aeternum.

239 527 504 570 Benedictus
519 529 733 570 Dominus
749 528 869 569 Deus
879 528 1015 570 Israel

187 598 211 625 a
241 585 404 626 saeculo
434 590 478 626 et
504 598 644 638 usque
671 586 713 626 in
743 584 966 626 saeculum:
992 586 1015 611 *

188 642 273 691 fiat,
292 641 377 683 fiat.

240 699 338 739 Ant.
372 699 540 740 Inimici
566 699 650 740 mei
676 698 878 741 dixerunt
902 699 1016 740 mala

187 754 304 795 mihi:
333 754 520 805 Quando
539 756 767 806 morietur,
793 761 837 797 et
856 755 1016 809 peribit

186 824 345 853 nomen
365 810 477 864 ejus?

241 874 337 912 Ant.
366 872 499 919 Deus,
527 869 662 911 vitam
688 882 831 910 meam
856 883 1015 911 annun-

187 925 292 966 tiavi
319 923 412 966 tibi:
444 925 632 977 posuisti
663 926 865 967 lacrimas
897 939 1016 967 meas

188 981 230 1021 in
249 983 489 1034 conspectu
507 988 596 1024 tuo.

464 1040 658 1079 l'salmus
678 1040 743 1079 ὅς’).

189 1092 454 1198 Miserere
500 1097 585 1138 mei
630 1097 767 1147 Deus,
813 1098 1018 1149 queniam

320 1153 594 1195 conculcavit
617 1167 687 1195 me
712 1154 862 1195 homo:
880 1156 903 1181 *
923 1159 1018 1196 tota

190 1208 260 1250 die
279 1210 540 1262 impugnans
558 1210 783 1253 tribulavit
801 1224 881 1253 me.

244 1266 622 1308 Conculcaverunt
651 1280 721 1309 me
746 1268 906 1310 inimici
934 1268 1019 1309 mei

189 1328 284 1365 tota
312 1323 398 1364 die:
422 1325 444 1349 *
470 1323 675 1375 quoniam
703 1324 827 1366 multi
855 1325 1018 1367 bellan-

189 1386 256 1421 tes
275 1378 509 1421 adversum
527 1393 608 1422 me.

242 1437 314 1478 Ab
338 1435 567 1479 altitudine
589 1436 676 1479 diei
693 1437 873 1480 timebo:
893 1440 916 1465 *
936 1451 1019 1489 ego

191 1506 296 1535 vero
315 1493 358 1534 in
378 1499 421 1535 te
441 1493 643 1546 sperabo.

243 1551 294 1591 In
313 1551 410 1592 Deo
429 1549 621 1592 laudabo
642 1554 867 1593 sermones
885 1565 1020 1602 meOS,

190 1608 234 1648 in
253 1608 350 1649 Deo
370 1608 559 1660 speravi:
578 1610 601 1634 *
620 1621 707 1650 non
731 1609 895 1651 timebo
916 1608 1020 1661 quid

194 1664 323 1706 faciat
341 1663 448 1704 mihi
467 1677 581 1706 caro.

244 1721 361 1763 Tota
380 1720 451 1762 die
468 1721 603 1763 verba
620 1735 717 1764 mea
737 1722 1020 1764 exsecraban-

192 1784 277 1820 tur:
295 1780 318 1805 *
339 1777 572 1819 adversum
590 1791 661 1820 me
681 1791 832 1820 omnes
860 1780 1020 1830 cogita-

193 1836 334 1877 tiones
355 1837 506 1876 eorum
525 1835 568 1875 in
587 1835 761 1876 malum.

247 1891 559 1934 Inhabitabunt
596 1898 639 1934 et
676 1892 964 1935 abscondent:
999 1895 1022 1919 ¹⁰¹

194 1949 278 2003 ipsi
294 1948 546 1990 calcaneum
559 1962 704 1991 meum
715 1949 1023 1994 observabunt.

246 2006 366 2048 Sicut
394 2005 691 2048 sustinuerunt
720 2006 909 2047 animam
936 2019 1022 2047 me-

196 2077 277 2113 am,
295 2075 378 2116 pro
397 2061 531 2103 nihilo
552 2062 698 2104 salvos
718 2063 852 2105 facies
871 2063 985 2105 illos:
999 2065 1023 2090 *

194 2121 238 2161 in
256 2120 319 2161 ira
337 2119 530 2172 pepulos
549 2119 807 2170 confringes.
871 2136 873 2138 ’

246 2177 384 2226 Deus,
426 2176 560 2218 vitam
595 2189 738 2218 meam
774 2176 1024 2218 annuntiavi

195 2233 288 2275 tibi:
320 2234 343 2261 *
375 2233 565 2286 posuisti
595 2233 797 2275 lacrimas
828 2245 949 2275 meas
981 2233 1024 2273 in

198 2291 440 2343 conspectu
459 2294 548 2340 tu0‚

248 2347 370 2389 Sicut
401 2352 444 2389 et
474 2347 519 2388 in
554 2347 847 2400 promissiOne
878 2352 968 2388 tua:
1001 2347 1024 2373 *

196 2409 300 2445 tunc
327 2405 637 2447 convertentur
663 2403 825 2444 inimici
851 2403 936 2444 m'ei
960 2415 1024 2445 re·

198 2462 405 2501 trorsum:

250 2517 301 2557 In
338 2521 614 2569 quacumque
651 2515 721 2558 die
758 2516 1025 2557 invocavero

199 2578 258 2614 te:
276 2576 299 2600 *
325 2585 428 2615 ecce
456 2574 644 2625 cognovi
673 2573 878 2626 quoniam
906 2573 1027 2614 Deus

200 2643 323 2671 meus
342 2642 400 2671 es.

251 2687 301 2727 In
321 2686 418 2728 Deo
442 2686 632 2729 laudabo
656 2685 853 2735 verbum,
877 2686 920 2726 in
939 2685 1026 2726 Do-

1065 246 1182 288 mino
1201 246 1392 289 laudabo
1410 251 1672 291 sermonem:
1690 250 1715 278 *
1731 250 1775 291 in
1794 250 1892 292 Deo

1066 303 1255 355 speravi,
1293 317 1381 346 non
1417 304 1583 347 timebo
1621 305 1726 358 quid
1763 306 1893 349 faciat

1066 359 1171 400 mihi
1190 359 1334 402 homo.

1117 417 1167 457 In
1186 429 1256 459 me
1275 422 1375 459 sunt
1389 418 1510 459 Deus
1524 424 1627 460 vota
1645 423 1731 469 tua,
1750 420 1775 447 *¹
1794 432 1894 472 quae

1066 472 1258 523 reddam,
1277 473 1550 516 laudationes
1568 475 1659 517 tibi.

1119 530 1334 580 Quoniam
1347 530 1544 583 eripuisti
1555 532 1741 573 animam
1753 545 1894 574 meam

1068 585 1123 628 de
1142 592 1294 637 morte,
1314 592 1358 628 et
1377 586 1515 639 pedes
1533 600 1657 630 meos
1677 588 1732 630 de
1753 588 1895 642 lapsu:

1067 644 1090 669 *
1105 648 1153 684 ut
1171 642 1370 695 placeam
1390 655 1539 685 coram
1554 644 1651 686 Deo
1673 645 1716 686 in
1733 645 1895 687 lumine

1068 699 1315 742 viventium.

1123 756 1220 796 Ant.
1250 757 1386 806 Deus,
1411 757 1546 798 vitam
1569 770 1712 798 meam
1735 770 1895 799 annun-

1067 812 1173 854 tiavi
1198 812 1295 854 tibi:
1326 813 1515 865 posuisti
1546 813 1749 855 lacrimas
1775 827 1897 856 meas

1067 869 1111 909 in
1130 870 1372 921 conspectu
1389 874 1479 911 tuo.

1124 928 1222 966 Ant.
1259 924 1351 965 Filii
1375 924 1616 975 huminum,
1645 925 1800 968 dentes
1824 929 1895 969 eo-

1070 995 1165 1023 rum
1185 994 1305 1023 arma
1323 987 1367 1023 et
1386 984 1573 1032 sagittae:
1598 988 1643 1024 et
1660 983 1807 1033 lingua
1827 986 1897 1025 eo-

1070 1052 1164 1080 rum
1184 1037 1355 1089 gladius
1375 1042 1540 1081 acutus.

1346 1095 1540 1136 l’salmus
1560 1096 1626 1135 56.

1173 1152 1335 1194 iserere
1379 1153 1464 1194 mei
1510 1153 1646 1199 Deus,
1691 1153 1899 1195 miserere

1199 1209 1301 1250 mei:
1321 1210 1344 1235 *
1365 1209 1571 1261 quoniam
1590 1209 1633 1250 in
1652 1215 1697 1252 te
1716 1208 1899 1251 confidit

1072 1265 1215 1306 anima
1231 1278 1340 1307 mea.

1123 1322 1179 1363 Et
1198 1321 1241 1362 in
1259 1321 1415 1364 umbra
1433 1322 1600 1364 alarum
1615 1325 1788 1364 tuarum
1803 1335 1899 1376 spe-

1071 1378 1192 1428 rabo,
1210 1380 1234 1405 *
1255 1377 1397 1420 donec
1414 1380 1608 1420 transeat
1627 1379 1844 1431 iniquitas.

1125 1434 1335 1477 Clamabo
1355 1434 1412 1477 ad
1431 1435 1574 1477 Deum
1592 1435 1900 1478 altissimumz*

1073 1492 1215 1534 Deum
1236 1491 1310 1544 qui
1326 1491 1544 1534 benefecit
1560 1492 1678 1533 mihi.

1124 1548 1242 1590 Misit
1261 1548 1317 1590 de
1336 1548 1466 1598 coelo,
1490 1554 1534 1590 et
1556 1548 1758 1591 liberavit
1775 1561 1859 1590 me:
1877 1549 1901 1574 *

1074 1604 1196 1647 dedit
1218 1605 1261 1646 in
1286 1605 1576 1659 opprobrium
1595 1605 1903 1648 conculcantes

1073 1675 1154 1704 me.

1127 1719 1245 1761 Misit
1263 1719 1384 1760 Deus
1402 1717 1747 1761 misericordiam
1768 1732 1902 1768 suam,

1075 1782 1118 1818 et
1137 1776 1366 1818 veritatem
1385 1788 1519 1825 suam,
1534 1775 1558 1803 ¹*
1573 1780 1618 1817 et
1636 1775 1796 1828 eripuit
1815 1775 1902 1816 ani-

1074 1846 1190 1874 mam
1220 1845 1363 1874 meam
1395 1831 1450 1873 de
1480 1831 1628 1873 medio
1660 1831 1903 1874 catulamm

1074 1890 1264 1932 leonum:
1284 1888 1470 1931 dormivi
1489 1887 1787 1930 conturbatus.

1127 1947 1230 1988 Fssii.
1248 1946 1474 1988 hominum
1492 1945 1647 1987 dentes
1667 1946 1820 1986 eorum
1838 1958 1902 1986 ar-

1075 2017 1147 2045 ma
1178 2009 1222 2045 et
1253 2005 1440 2054 sagittae:
1459 2003 1482 2028 *
1506 2007 1550 2043 et
1574 2001 1723 2053 lingua
1752 2003 1903 2043 eorum

1075 2059 1246 2112 gladius
1265 2062 1430 2102 acutus.

1127 2117 1333 2158 Exaltare
1353 2128 1486 2169 super
1505 2114 1643 2157 coelos
1661 2115 1798 2156 Deus:
1816 2116 1840 2143 *
1860 2119 1904 2156 et

1076 2175 1119 2215 in
1139 2186 1314 2215 omnem
1333 2179 1496 2215 terram
1513 2172 1655 2223 gloria
1671 2177 1759 2214 tua.

1127 2231 1356 2283 Laqueum
1403 2230 1669 2283 paraverunt
1715 2226 1904 2281 pedibus

1075 2288 1199 2330 meis:
1223 2287 1246 2313 *
1275 2292 1319 2329 et
1349 2287 1686 2328 incurvaverunt
1717 2284 1904 2326 animam

1076 2357 1230 2386 meam.

1130 2399 1356 2442 Foderunt
1379 2404 1478 2441 ante
1500 2399 1658 2440 faciem
1678 2409 1821 2439 meam
1843 2397 1903 2438 fo-

1077 2470 1216 2500 veam:
1235 2458 1259 2483 *
1279 2461 1322 2498 et
1339 2455 1587 2498 inciderunt
1604 2455 1649 2495 in
1667 2466 1775 2496 eam.

1129 2515 1336 2556 Paratum
1360 2525 1437 2554 cor
1454 2524 1600 2554 meum
1618 2511 1754 2560 DeuS‚
1779 2512 1905 2563 para·

1078 2576 1171 2614 tum
1190 2582 1267 2612 cor
1285 2582 1444 2611 meum:
1463 2569 1486 2595 *
1507 2567 1710 2617 cantab0‚
1729 2572 1773 2609 et
1791 2566 1904 2620 psal-

1079 2641 1198 2669 mum
1216 2626 1370 2669 dicam.

1131 2685 1330 2734 Exsurge
1374 2682 1513 2734 gleria
1556 2693 1668 2731 mea,
1719 2683 1906 2732 exsurge
