2066 2956
452 192 523 226 Die
548 192 596 225 11.
622 191 730 225 Febr.

135 284 203 326 his
239 284 455 327 recenseri
494 286 774 337 peramanter
807 288 961 327 consu-

135 341 215 384 luit
235 354 287 382 ac
304 339 539 383 mandavit.

186 401 236 453 R.
265 396 371 439 Vidi
391 398 647 449 conjunctos
666 397 785 439 viros
804 396 962 439 haben-

135 458 202 495 tes
238 452 446 505 lugubres
481 458 645 504 vestes,
689 458 733 495 et
767 453 963 505 Angelus

135 510 313 551 Domini
330 509 504 551 locutus
525 514 592 552 est
610 509 667 552 ad
684 522 771 560 me,
797 510 962 552 dicens:

134 569 157 594 ’⁸¹
186 565 266 607 Isti
298 570 398 607 sunt
425 566 506 607 viri
538 566 678 608 sancti
705 566 808 608 facti
837 568 964 608 amici

136 622 230 664 Dei.
258 617 309 670 V.
336 621 442 664 Vidi
461 622 678 674 Angelum
697 622 781 664 Dei
805 623 964 665 fortem

135 678 358 720 volantem
375 691 456 731 per
474 678 667 721 medium
686 679 864 730 coelum,
889 693 962 721 vo-

136 747 187 776 ce
204 747 363 786 magna
382 735 654 786 clamantem,
675 740 718 777 et
735 734 964 778 dicentem.

135 792 225 834 Isti.
254 791 406 834 Gloria
426 793 556 834 Patri.
581 793 671 834 Isti.

348 874 398 913 In
424 871 495 912 ΙΙΙ.
523 871 746 913 Nocturno.

186 937 285 977 Ant.
325 936 626 988 Ingredientes
658 938 751 980 sine
783 938 963 989 macula,

138 998 183 1035 et
215 994 451 1046 operantes
483 994 709 1046 justitiam,
741 994 964 1037 habitave-

136 1054 237 1091 runt
254 1050 300 1091 in
316 1049 599 1092 tabernaculo
616 1055 710 1101 tuo,
736 1056 779 1093 et
798 1052 964 1104 requie-

136 1108 291 1148 verunt
310 1106 354 1147 in
371 1111 522 1148 monte
541 1112 694 1148 sancto
713 1112 803 1150 tuo.

192 1163 290 1203 Ant.
319 1161 514 1204 Gloriam
538 1168 583 1205 et
603 1177 809 1215 magnum
835 1164 963 1206 deco-

135 1231 229 1261 rem
243 1219 499 1272 imposuisti
524 1233 656 1273 super
676 1233 770 1271 eos,
795 1222 965 1274 Regina

135 1275 393 1328 Martyrum,
421 1289 521 1318 cum
543 1276 587 1317 in
610 1277 868 1319 memoriam
889 1279 963 1320 do-

135 1331 278 1374 lorum
317 1335 492 1374 tuorum
531 1333 762 1385 lugubrem
797 1339 965 1377 vestem

138 1401 215 1430 eos
232 1388 421 1431 induisti.

186 1447 286 1487 Ant.
331 1446 439 1487 Haec
475 1446 555 1488 fuit
588 1447 813 1499 generatio
850 1462 963 1500 quae-

136 1501 323 1543 rentium
370 1502 622 1554 Dominam,
677 1505 965 1556 quaerentium

137 1557 308 1599 stellam
341 1572 395 1601 ex
423 1558 572 1602 Jacob.
627 1561 692 1603 Te
723 1560 964 1612 laudamus,

137 1614 235 1656 Rex
252 1614 415 1666 gloriae.

188 1667 239 1720 V.
263 1671 376 1714 Justi
396 1679 542 1716 autem
560 1674 604 1715 in
622 1676 886 1728 perpetuum
905 1676 964 1716 vi-

137 1731 251 1769 vent.
303 1730 355 1782 R.
388 1729 447 1772 Et
479 1730 598 1784 apud
628 1731 867 1773 Dominum
899 1736 966 1773 est

137 1796 307 1826 merces
326 1798 488 1827 eorum.

138 1853 290 1895 Lectio
314 1856 455 1897 sancti
472 1856 700 1909 Evangelii
724 1856 965 1899 secundum

460 1911 637 1954 Lucam.

220 1965 392 2008 ·Lectio
411 1966 480 2007 vii.
629 1963 732 2017 Cap.
748 1965 804 2005 12.
821 1962 860 2004 d.

138 2022 214 2129 In
231 2026 306 2068 illo
325 2029 539 2081 tempore:
557 2029 679 2072 Dixit
692 2030 717 2071 J
719 2043 820 2072 esus
840 2029 965 2071 disci-

203 2083 319 2135 pulis
343 2085 448 2125 suis:
474 2085 624 2128 Nolite
651 2087 806 2128 timere
833 2086 965 2139 pusil-

138 2139 206 2181 lus
225 2152 343 2190 grex,
362 2141 462 2193 quia
480 2142 746 2196 complacuit
758 2143 879 2184 Patri
894 2155 964 2183 ve-

138 2200 231 2292 lsitro
268 2194 373 2238 dare
407 2197 532 2239 vobis
568 2212 760 2251 regnum.
813 2199 870 2240 Et
901 2200 964 2239 re-

173 2265 268 2304 qua.

234 2317 423 2359 Homilia
451 2320 711 2362 venerabilis
739 2318 875 2361 Bedae

422 2376 685 2429 Presbyteri.

264 2434 344 2468 Lib.
368 2435 398 2468 4.
424 2434 516 2477 Cap.
538 2434 590 2467 54.
616 2434 654 2467 in
679 2434 767 2468 Luc.
796 2433 842 2466 12.

151 2512 153 2540 3
237 2489 428 2531 usillum
442 2502 621 2541 gregem
636 2490 886 2538 electorum,
897 2490 967 2531 vel

150 2569 154 2586 i
185 2543 250 2610 Ξ(
272 2545 330 2587 ob
371 2547 746 2599 comparationem
790 2546 966 2598 majoris

271 2602 440 2644 numeri
463 2602 769 2655 reproborum,
797 2601 867 2643 vel
890 2604 966 2654 po-

142 2656 228 2697 tius
248 2656 305 2699 ob
324 2658 582 2700 humilitatis
599 2658 878 2700 devotionem
892 2660 966 2699 no-

141 2712 294 2753 minat:
339 2715 442 2766 quia
481 2714 685 2756 videlicet
722 2713 968 2756 Ecclesiam
1005 2727 1008 2730 ⁴

777 191 845 225 Bb.
870 191 942 225 VII
966 190 1087 225 Fund.
1114 190 1201 225 Ord.
1226 191 1330 225 Serv.
1357 191 1396 224 B.
1423 190 1469 223 M.
1486 190 1530 223 V.

1015 298 1139 326 suam
1156 286 1426 338 quantalibet
1437 289 1750 331 numerositate
1761 290 1845 341 jam

1016 341 1260 391 dilatatam,
1288 347 1436 385 tamen
1459 357 1599 397 usque
1628 345 1685 386 ad
1713 345 1845 387 finem

1016 398 1167 440 mundi
1186 398 1429 441 humilitate
1448 400 1542 442 vult
1561 403 1772 452 crescere,
1802 407 1846 444 et

1017 454 1074 496 ad
1099 457 1366 507 promissum
1393 469 1574 508 regnum
1601 457 1845 500 humilitate

1016 514 1256 563 pervenire.
1314 511 1512 565 Ideoque
1546 515 1636 567 ejus
1670 514 1846 556 labores

1015 567 1176 610 blande
1205 568 1475 620 consolatus,
1503 583 1634 622 quam
1664 584 1846 622 regnum

1016 624 1101 666 Dei
1126 629 1297 667 tantum
1324 628 1520 677 quaerere
1543 628 1761 680 praecipit,
1790 630 1845 669 ei-

1017 681 1118 723 dem
1137 695 1318 733 regnum
1338 695 1364 723 a
1378 683 1508 724 Patre
1524 683 1716 725 dandum
1731 697 1846 726 com-

1016 738 1179 791 placita
1197 738 1467 790 benignitate
1488 741 1717 792 promittit.

1069 796 1119 848 Rz.
1152 795 1340 837 Dabitur
1368 795 1616 847 lugentibus
1643 797 1747 838 Sion
1776 809 1845 838 co-

1018 854 1126 893 rona
1144 864 1226 905 pro
1247 854 1407 901 cinere,
1433 852 1578 894 oleum
1596 852 1745 904 gaudii
1764 866 1846 906 pro

1016 908 1155 958 luctu,
1186 908 1368 961 pallium
1399 909 1541 951 laudis
1574 922 1657 962 pro
1690 910 1846 962 spiritu

1017 966 1234 1007 moeroris:
1259 966 1281 989 *
1313 965 1370 1007 Et
1404 966 1678 1008 vocabuntur
1710 966 1846 1007 fortes

1017 1022 1209 1074 justitiae,
1237 1022 1452 1075 plantatio
1473 1022 1650 1063 Domini
1674 1022 1731 1064 ad
1755 1022 1846 1074 glo-

1018 1079 1289 1120 rificandum.
1315 1074 1365 1126 V.
1387 1079 1651 1121 Sacerdotes
1670 1079 1848 1120 Domini

1019 1135 1294 1177 vocabuntur
1308 1136 1494 1177 ministri
1509 1136 1593 1177 Dei
1608 1137 1757 1177 nostri.
1780 1136 1848 1177 Et.

1070 1194 1232 1236 Bened.
1259 1195 1455 1243 Quorum
1474 1193 1633 1234 festum
1653 1192 1849 1234 colimus.

1308 1255 1459 1295 Lectio
1480 1254 1561 1294 viii.

1017 1307 1257 1414 Vendite
1278 1323 1377 1362 quae
1395 1310 1652 1362 possidetis,
1682 1315 1725 1351 et
1745 1309 1847 1351 date

1133 1366 1465 1419 eleemosynam.
1508 1367 1668 1416 Nolite,
1692 1367 1847 1419 inquit,
1910 1370 1918 1377 ‘

1018 1423 1181 1472 timere,
1202 1436 1256 1464 ne
1271 1429 1456 1476 propter
1473 1436 1655 1474 regnum
1669 1423 1754 1464 Dei
1770 1423 1846 1463 mi-

1017 1479 1265 1529 litantibus,
1301 1479 1427 1531 hujus
1463 1480 1565 1521 vitae
1601 1479 1847 1521 necessaria

1018 1535 1177 1577 desint:
1214 1536 1317 1588 quin
1351 1536 1482 1578 etiam
1509 1538 1717 1589 possessa
1749 1549 1843 1589 pro-

1017 1598 1116 1645 pter
1143 1593 1467 1645 eleemosynam
1492 1593 1680 1635 vendite.
1717 1592 1847 1644 Quod

1017 1655 1122 1691 tunc
1142 1649 1271 1700 digne
1291 1649 1356 1699 fit,
1385 1649 1560 1701 quando
1588 1650 1685 1702 quis
1711 1649 1846 1691 semel

1017 1719 1099 1758 pro
1118 1705 1310 1747 Domino
1335 1706 1424 1747 suis
1449 1706 1651 1747 omnibus
1676 1706 1846 1758 spretis,

1018 1762 1298 1803 nihilominus
1326 1767 1430 1815 post
1457 1762 1554 1804 haec
1581 1762 1733 1804 labore
1756 1764 1845 1803 ma-

1018 1832 1167 1869 nuum,
1194 1818 1310 1860 unde
1339 1823 1382 1860 et
1405 1819 1568 1860 victum
1595 1821 1846 1870 transigere,

1019 1881 1062 1917 et
1090 1875 1413 1927 eleemosynam
1441 1874 1546 1917 dare
1569 1880 1715 1927 queat,
1743 1887 1845 1927 ope-

1018 1934 1149 1973 ratur.
1194 1931 1321 1973 Unde
1349 1931 1563 1982 gloriatur
1591 1931 1845 1984 Apostolus,

1019 1988 1183 2030 dicens:
1208 1988 1468 2038 Argentum,
1487 1993 1561 2030 aut
1580 2001 1747 2037 aurum,
1772 1992 1846 2028 aut

1019 2050 1187 2086 vestem
1205 2044 1365 2086 nullius
1385 2044 1629 2097 concupivi:
1657 2044 1741 2096 ipsi
1767 2044 1844 2084 sci-

1019 2101 1091 2150 tis,
1118 2101 1324 2153 quoniam
1344 2101 1402 2142 ad
1422 2113 1473 2142 ea
1493 2114 1591 2153 quae
1610 2100 1715 2141 mihi
1734 2112 1845 2152 opus

1020 2162 1158 2207 erant,
1187 2162 1230 2199 et
1253 2156 1320 2198 his
1346 2157 1419 2210 qui
1437 2169 1608 2198 mecum
1628 2161 1743 2205 sunt,
1770 2156 1846 2196 mi-

1019 2214 1314 2255 nistraverunt
1346 2226 1499 2255 manus
1526 2213 1635 2254 istae.
1690 2212 1846 2253 Omnia

1020 2270 1194 2312 ostendi
1221 2270 1365 2320 vobis,
1403 2269 1609 2322 quoniam
1637 2269 1699 2310 sic
1726 2268 1844 2311 labo-

1019 2329 1167 2369 rantes
1190 2328 1367 2379 oportet
1393 2327 1616 2378 suscipere
1639 2325 1846 2367 infirmos.

1071 2383 1121 2435 R.
1164 2383 1258 2434 Ego
1296 2382 1421 2434 quasi
1451 2382 1552 2423 vitis
1587 2381 1846 2423 fructificavi

1020 2439 1281 2480 suavitatem
1333 2438 1498 2479 odoris:
1540 2438 1574 2494 ¹⁸¹·
1607 2438 1665 2479 Et
1714 2437 1846 2479 flores

1019 2496 1105 2537 mei
1130 2496 1296 2536 fructus
1321 2494 1502 2535 honoris
1527 2499 1570 2535 et
1592 2493 1846 2535 honestatis.

1018 2547 1069 2598 V.
1088 2551 1184 2602 Ego
1201 2551 1342 2592 Mater
1366 2549 1562 2602 pulchrae
1587 2549 1846 2600 dilectionis,

1022 2612 1066 2648 et
1082 2607 1267 2656 timoris,
1287 2611 1331 2647 et
1349 2606 1598 2657 agnitionis,
1618 2611 1661 2647 et
1681 2612 1846 2648 sanctae
1876 2649 1879 2652 Δ

1018 2664 1124 2716 spei.
1150 2663 1217 2704 Et.
1247 2662 1399 2703 Gloria
1417 2663 1547 2704 Patri.
1573 2662 1641 2704 Et.

1069 2719 1200 2754 Lectio
1227 2719 1275 2752 ix.
1301 2718 1347 2752 de
1373 2718 1543 2752 Homilia
1568 2718 1701 2752 Feriae.
