2066 2904
467 163 676 198 Commune
702 163 815 196 unius
842 162 1020 207 Martyris
1046 167 1151 197 extra
1178 167 1329 206 tempus
1356 163 1551 198 Pasehale.

1798 167 1867 212 [33]

463 259 671 310 Hymnus.

253 332 398 372 nvicte
418 330 598 382 Martyr,
624 330 801 371 unicum

283 386 425 428 Patris
446 390 624 428 secutus
642 385 812 436 Filium,

255 443 397 485 Victis
415 442 661 496 triumphas
680 442 892 493 hostibuS,

258 499 414 541 Victor
432 500 581 541 fruens
602 499 866 541 coelestibus

206 562 287 605 Tui
305 566 512 617 precatus
530 568 711 607 munere

255 620 470 663 Nostrum
487 623 659 663 reatum
678 621 806 672 dilue,

255 677 426 719 Arcens
445 678 549 719 mali
567 678 829 729 contagium,

256 734 374 776 Vitae
393 734 611 788 repellens
629 734 821 777 taedium.

205 798 358 841 Soluta
375 804 477 841 sunt
494 800 580 852 jam
599 799 772 842 vincula

256 855 342 897 Tui
361 857 527 898 sacrati
540 857 756 910 corporis:

253 911 349 954 Nos
369 912 491 955 solve
511 913 665 955 vinclis
685 912 846 963 saeculi,

254 969 386 1011 Dono
404 970 583 1023 superni
601 970 813 1012 Numinis.

204 1038 301 1078 Deo
319 1034 441 1077 Patri
459 1036 515 1077 sit
532 1035 682 1087 gloria,

254 1091 447 1144 Ejusque
466 1092 549 1134 soli
567 1092 689 1142 Filio,

253 1147 366 1189 Cum
383 1148 548 1201 Spiritu
566 1148 797 1199 Paraclito‚

252 1203 392 1255 Nunc,
421 1210 466 1247 et
482 1218 563 1258 per
582 1218 712 1247 omne
732 1205 954 1247 saeculum.

461 1261 616 1304 Amen.

203 1325 253 1377 V.
295 1327 445 1369 Justus
496 1332 545 1369 ut
596 1328 744 1381 palma
793 1327 979 1370 florebit.

152 1387 202 1439 R.
226 1383 348 1426 Sicut
390 1384 549 1426 cedrus
584 1384 741 1427 Libani
774 1384 979 1437 multipli-

150 1439 330 1482 cabitur.

203 1498 275 1539 Ad
300 1498 461 1541 Bened.
490 1500 590 1542 Ant.
620 1502 705 1551 Qui
729 1501 824 1544 odit
847 1502 871 1528 *
892 1503 979 1543 ani-

149 1569 267 1598 mam
285 1570 410 1598 suam
427 1557 472 1598 in
490 1557 576 1599 hoc
590 1557 767 1609 mundo,
786 1558 830 1600 in
844 1559 980 1601 vitam

149 1615 361 1655 aeternam
382 1614 575 1656 custodit
594 1627 702 1657 eam.

262 1681 347 1721 Pro
368 1680 559 1733 Martyre
580 1687 623 1723 et
642 1681 865 1723 Pontifice.

482 1746 646 1788 Oratio.

194 1808 479 1851 nfirmitatem
504 1814 703 1851 nostram
730 1810 902 1863 respice
933 1823 977 1852 o-

226 1867 477 1919 mnipotens
499 1866 638 1908 Deus:
670 1871 714 1908 et
742 1867 844 1920 quia
870 1880 976 1920 pon-

150 1921 232 1963 dus
250 1922 443 1975 propriae
463 1923 648 1965 actionis
667 1928 831 1975 gravat,
858 1924 978 1966 beati

148 1978 200 2020 N.
218 1977 424 2031 Martyris
442 1980 658 2039 tui-atque
672 1980 898 2022 Pontificis
916 1981 977 2022 in-

148 2035 360 2076 tercessio
400 2035 595 2087 gloriosa
634 2049 717 2078 nos
760 2039 977 2090 protegat.

147 2090 232 2132 Per
250 2090 489 2134 Dominum
506 2096 718 2134 nostrum.

384 2201 388 2204 .
419 2162 517 2203 Alia
538 2160 701 2204 Oratio.

238 2234 331 2272 eus,
360 2223 434 2275 qui
458 2235 541 2264 nos
551 2223 684 2266 beati
700 2226 751 2267 N.
770 2225 977 2277 Martyris

254 2279 319 2320 tui
342 2284 475 2332 atque
493 2280 719 2322 Pontificis
745 2283 888 2323 annua
908 2295 976 2324 so-

147 2333 372 2377 lemnitate
386 2335 599 2378 laetificas:
618 2338 812 2381 concede
830 2340 976 2392 propi-

147 2390 249 2442 tius3
276 2396 324 2433 ut
344 2393 464 2444 cujus
482 2393 680 2436 natalitia
698 2394 893 2445 colimus,
922 2395 977 2437 de

149 2447 341 2499 ejusdem
359 2449 490 2490 etiam
504 2451 781 2503 protectione
796 2451 978 2503 gaudea-

148 2516 256 2546 mus.
288 2505 373 2547 Per
390 2505 630 2549 Dominum
647 2512 860 2550 nostrum.

199 2567 285 2609 Pro
305 2568 495 2622 Martyre
516 2576 695 2612 tantum.
757 2573 923 2614 OratiO:

148 2630 364 2736 Praesta
405 2642 655 2693 quaesumus
698 2643 975 2694 omnipotens

251 2694 388 2737 Deus:
406 2701 455 2738 ut
474 2697 549 2750 qui
565 2697 686 2739 beati
697 2700 750 2740 N.
769 2698 975 2750 Martyris

304 2833 368 2858 Pars
383 2835 476 2861 Verna.

1034 262 1099 303 tui
1117 262 1314 305 natalitia
1332 263 1528 314 colimus,
1552 264 1867 306 intercessione

1035 319 1126 370 ejus
1149 318 1193 359 in
1216 319 1279 360 tui
1304 320 1494 361 nominis
1518 322 1669 363 amore
1688 321 1866 363 robore-

1034 388 1142 417 mur.
1173 376 1258 418 Per
1275 377 1515 419 Dominum
1533 382 1745 420 nostrum.

1312 444 1406 483 Alia
1429 444 1591 484 Oratio.

1118 511 1250 548 raesta
1293 509 1545 559 quaesumus
1588 510 1867 561 omnipotens

1130 564 1266 605 Deus:
1285 568 1334 605 ut
1353 564 1653 607 intercedente
1667 565 1800 607 beato
1817 565 1865 605 N.

1034 620 1228 673 Martyre
1252 625 1345 671 tuo,
1375 626 1419 663 et
1443 635 1469 663 a
1487 622 1656 664 cunctis
1676 622 1866 664 adversi-

1034 676 1199 719 tatibus
1222 677 1458 719 liberemur
1482 679 1527 719 in
1547 681 1751 732 corpore,
1780 683 1823 720 et
1842 692 1867 719 a

1034 734 1182 785 pravis
1224 735 1565 785 cogitationibus
1605 735 1868 777 mundemur

1034 790 1078 831 in
1096 795 1252 833 mente.
1294 792 1378 833 Per
1396 792 1637 834 Dominum
1655 797 1867 834 nostrum.

1301 869 1369 905 Ad
1392 869 1595 907 Tertiam.

1088 927 1187 967 Ant.
1218 925 1302 976 Qui
1321 927 1518 979 sequitur
1537 940 1618 969 me.

1088 988 1226 1040 Capit.
1255 988 1419 1028 Beatus
1439 988 1517 1029 vir.
1543 996 1589 1031 ut
1610 1004 1752 1043 supra.
1783 987 1864 1040 [32]

1088 1050 1137 1101 R.
1158 1049 1218 1089 br.
1247 1047 1400 1089 Gloria
1424 1054 1468 1090 et
1491 1049 1660 1091 honore
1688 1053 1709 1075 *
1733 1049 1866 1090 Coro-

1032 1104 1147 1145 nasti
1162 1117 1262 1145 eum
1276 1105 1476 1147 Domine.
1498 1106 1650 1147 Gloria
1670 1110 1724 1147 et.
1746 1103 1794 1154 Y.
1810 1106 1867 1148 Et

1033 1161 1298 1203 constituisti
1323 1175 1424 1203 eum
1450 1176 1584 1216 super
1614 1165 1751 1216 opera
1777 1164 1865 1204 ma-

1032 1230 1167 1258 nuum
1199 1220 1384 1259 tuarum.
1430 1219 1673 1261 Coronasti.
1715 1219 1866 1261 Gloria

1032 1274 1162 1315 Patri.
1200 1274 1353 1316 Gloria
1378 1280 1432 1317 et.

1088 1332 1138 1382 V.
1153 1336 1348 1378 Posuisti
1366 1337 1557 1380 Domine
1578 1351 1711 1391 super
1732 1343 1865 1391 caput

1034 1392 1135 1444 ejus.
1178 1396 1227 1447 R'·
1260 1393 1481 1435 Coronam
1510 1395 1565 1437 de
1592 1395 1741 1448 lapide
1768 1408 1864 1448 pre-

1031 1449 1159 1490 tioso.

1311 1503 1379 1539 Ad
1403 1502 1590 1541 Sextam.

1087 1563 1185 1602 Ant.
1215 1559 1299 1611 Qui
1317 1560 1424 1601 mihi
1441 1561 1669 1604 ministrat.

1138 1630 1395 1682 Capitulum.
1550 1634 1679 1674 Eccli.
1703 1636 1759 1674 15.

1033 1682 1244 1792 cibavit
1271 1690 1393 1731 illum
1416 1704 1531 1744 pane
1550 1693 1653 1734 vitae
1673 1698 1717 1735 et
1740 1694 1862 1736 intel-

1125 1745 1277 1797 lectus,
1306 1751 1350 1789 et
1369 1760 1485 1800 aqua
1503 1749 1732 1802 sapientiae
1752 1751 1863 1793 salu-

1030 1802 1137 1843 taris
1162 1803 1335 1856 potavit
1357 1804 1479 1846 illum
1497 1806 1715 1848 Dominus
1742 1808 1863 1851 Deus

1029 1863 1191 1901 noster.

1084 1922 1134 1974 Ε).
1154 1923 1216 1964 br.
1246 1921 1440 1964 Posuisti
1462 1924 1654 1966 Domine
1674 1929 1695 1951 *
1721 1926 1863 1979 Super

1031 1982 1164 2029 caput
1192 1978 1293 2030 ejus.
1325 1979 1530 2022 Posuisti.
1564 1976 1613 2028 Y.
1643 1982 1862 2024 Coronam

1031 2032 1087 2075 de
1106 2033 1253 2087 lapide
1276 2036 1487 2088 pretioso.
1524 2037 1675 2091 Super.
1712 2039 1863 2081 Gloria

1029 2089 1162 2132 Patri.
1197 2091 1401 2134 Posuisti.

1083 2147 1133 2198 V.
1151 2152 1311 2204 Magna
1331 2159 1398 2196 est
1416 2154 1557 2206 gloria
1577 2156 1666 2207 ejus
1686 2156 1730 2196 in
1750 2157 1860 2198 salu-

1030 2208 1116 2248 tari
1142 2213 1232 2251 tuo.
1272 2213 1322 2265 R'·
1357 2211 1555 2253 Gloriam
1584 2217 1628 2254 et
1654 2225 1862 2264 magnum

1032 2263 1240 2307 decorem
1258 2266 1460 2320 impones
1480 2281 1613 2321 super
1634 2281 1744 2311 eum.

1307 2344 1375 2381 Ad
1398 2345 1582 2384 Nonam.

1082 2397 1181 2439 Ant.
1216 2401 1326 2443 Volo
1345 2402 1487 2444 Pater.

1134 2469 1392 2521 Capitulum.
1542 2471 1671 2511 Eccli.
1688 2474 1753 2511 39.

1099 2536 1224 2574 ustus
1240 2545 1317 2574 eor
1336 2546 1463 2574 suum
1480 2533 1665 2576 tradidit
1683 2535 1741 2577 ad
1755 2537 1858 2588 vigi-

1118 2587 1301 2631 landum
1321 2589 1513 2632 diluculo
1533 2589 1591 2632 ad
1607 2591 1858 2645 Dominum,

1030 2644 1105 2696 qui
1140 2645 1244 2687 fecit
1280 2645 1420 2696 illum,
1463 2651 1508 2689 et
1538 2647 1584 2688 in
1616 2651 1859 2702 conspectu

1027 2700 1243 2742 Altissimi
1271 2701 1591 2755 depreceibitur.
