2066 2956
350 217 419 250 Die
444 218 502 250 530.
529 216 675 260 Aprilis
701 223 736 250 ct
759 218 788 249 Β.
814 217 912 255 Maii.
931 217 986 249 -7.
1012 218 1045 250 ὃ.
1075 217 1267 249 Benedicti
1295 217 1337 249 Η.
1369 216 1481 258 Ιίιρω
1508 223 1539 249 ct
1568 218 1674 249 (tons.

168 312 300 366 plebe
339 323 452 353 mea:
486 316 507 338 *
540 310 695 352 Manus
743 311 857 352 enim
896 324 995 353 mea

171 368 448 410 auxiliabitur
468 367 524 418 ei,
549 366 729 418 alleluja.
769 367 815 417 V
843 368 995 409 Inveni
1026 399 1027 402 η

169 424 314 466 David
341 436 514 466 servum
532 436 695 473 meum,
723 423 822 465 eleo
843 429 993 466 sancto

169 494 269 523 meo
287 480 392 522 unxi
410 492 519 522 eum.
553 479 719 521 Manus.

465 541 616 581 Lectio
638 541 688 579 vi.

169 590 448 699 Constituit
474 592 721 634 nullatenus
748 596 994 634 transmari-

263 662 368 690 num
381 649 603 691 heminem
616 649 660 689 in
677 648 906 691 clericatus
920 650 994 692 ho-

171 708 324 748 nerem
349 706 440 747 sine
466 706 658 758 quinque
686 706 996 758 episcopcrum

171 762 463 815 chirographo
491 761 827 814 suscipiendum.
867 763 995 804 Item-

172 832 258 872 que
299 818 499 875 sancivit,
543 824 592 860 ut
635 819 996 871 quotiescumque

171 880 323 918 sancta
345 875 632 916 recitarentur
650 875 904 926 Evangelia,
931 889 995 917 sa-

172 931 376 974 cerdetes
403 944 491 973 non
518 931 738 981 sederent,
769 931 849 973 sed
876 933 996 973 curvi

173 994 348 1031 starent.
394 988 518 1030 Fecit
544 988 588 1029 in
620 987 740 1030 Urbe
774 988 996 1030 basilicam

174 1045 525 1087 Crescentianam
560 1045 604 1085 in
638 1045 815 1095 regiene
848 1049 997 1086 secun-

173 1101 247 1151 da,
265 1101 335 1143 via
362 1101 631 1142 Mamertina.
671 1101 856 1143 Duabus
885 1102 996 1143 ordi-

170 1157 420 1200 natienibus
438 1170 587 1200 mense
606 1158 855 1208 Decembri,
879 1161 995 1199 crea-

170 1215 227 1257 tis
244 1214 513 1268 presbyteris
532 1219 646 1264 oct0‚
666 1214 862 1256 diaconis
877 1215 996 1266 quin-

173 1284 268 1324 que,
288 1272 509 1324 episcopis
527 1284 607 1324 per
625 1270 797 1313 diversa
812 1271 910 1312 loca
925 1271 996 1313 de-

173 1340 284 1378 cem,
312 1328 475 1380 quievit
498 1328 542 1368 in
560 1340 687 1380 pace,
711 1328 997 1380 sepultusque

172 1389 240 1426 est
269 1384 315 1425 in
348 1385 601 1426 coemeterio
635 1397 714 1426 suo
747 1384 804 1425 ad
836 1384 997 1425 Ursum

170 1440 397 1490 Pileatum,
416 1440 497 1482 sub
512 1439 705 1482 Arcadio
727 1445 770 1482 et
784 1441 997 1482 Honorio:

172 1509 304 1549 quem
317 1498 378 1548 (ut
393 1502 569 1538 sanctus
584 1497 878 1549 Hieronymus
894 1497 995 1538 scri-

170 1552 250 1605 bit)
274 1552 349 1595 diu
367 1554 510 1595 Roma
533 1553 695 1596 habere
718 1566 805 1594 non
828 1553 996 1603 meruit,

170 1622 225 1652 ne
257 1610 377 1652 orbis
405 1615 538 1663 caput
563 1610 644 1652 sub
670 1610 747 1652 tali
771 1610 996 1663 Episcopo

170 1670 460 1710 truncaretur:
478 1668 565 1708 imo
579 1667 745 1709 idcirco
763 1671 915 1719 raptus
930 1671 997 1708 est

171 1727 303 1776 atque
333 1724 588 1774 translatus,
620 1736 674 1765 ne
702 1723 837 1765 semel
863 1722 995 1764 latam

171 1781 431 1823 sententiam
460 1781 666 1834 precibus
700 1780 790 1821 suis
819 1780 996 1821 flectere

171 1839 419 1888 conaretur3
450 1851 551 1879 nam
580 1836 699 1879 haud
728 1837 866 1878 multo
894 1841 997 1889 post

171 1893 263 1945 ejus
282 1893 464 1944 ebitum,
483 1895 626 1935 Roma
645 1907 671 1936 a
690 1892 848 1935 Gothis
869 1898 997 1945 capta

172 1954 305 2001 atque
325 1950 470 1992 diruta
488 1950 579 1992 fuit.

222 2011 272 2062 R'·
298 2006 390 2048 Iste
409 2012 476 2048 est
496 2007 581 2060 qui.

222 2068 266 2104 In
288 2069 349 2103 III.
372 2069 570 2103 Nocturno
595 2069 765 2103 Homilia
788 2069 826 2102 in
847 2068 991 2111 Evang.

169 2116 309 2198 ξῖἳιέιεοο
330 2116 500 2160 peregre.
538 2116 584 2149 de
621 2117 754 2150 eodem
791 2116 991 2150 Communi

191 2192 198 2198 ·
217 2211 265 2251 ¹In
288 2192 399 2246 Fcria
426 2212 470 2246 Π.
497 2216 532 2246 et
556 2211 618 2246 IV.
644 2202 793 2255 Rogat„
818 2211 916 2245 Lect.
942 2211 990 2245 ix.

171 2259 217 2294 de
242 2259 381 2294 Homil.
407 2264 443 2294 et
464 2270 596 2294 comm.
622 2260 744 2296 Feriae
769 2260 806 2293 in
832 2258 948 2293 Laud.

399 2348 482 2390 Die
501 2348 573 2389 30.
592 2346 768 2400 Aprilis.

172 2417 216 2458 S.
237 2416 522 2458 catharinae
542 2415 772 2456 Senensis
791 2418 992 2467 Virginis,

213 2475 338 2515 almae
359 2475 489 2515 Urbis
513 2476 711 2515 Patronae
731 2473 945 2514 secundae.

425 2536 577 2579 Duplex
594 2538 622 2568 2.
642 2534 788 2568 classis.

222 2595 357 2629 Omnia
380 2601 420 2629 ut
446 2596 481 2628 in
509 2593 707 2628 Brcvimio
734 2593 865 2626 eadem
892 2593 962 2626 dic.

222 2643 263 2677 In
289 2643 315 2677 1.
341 2643 538 2677 Noenu-no
566 2642 663 2675 Lect.
690 2640 746 2673 De
768 2636 994 2681 virginibus.

172 2692 218 2725 de
244 2691 442 2725 Communi
470 2691 571 2731 vii-g.
602 2690 626 2722 1.
652 2690 746 2722 loco.

428 2752 739 2779 *ὑφή-,-

1800 213 1868 250 29*

1242 316 1278 374 1³
1291 316 1465 375 lffi'l‘sx
1508 317 1626 386 11111
1646 318 1677 376 Ι.

1326 434 1408 476 Die
1427 435 1464 475 3.
1483 432 1594 485 Maji.

1161 502 1474 545 Inventionjs
1502 503 1544 543 S.
1570 501 1752 543 Crucis.

1275 567 1422 609 Duplex
1442 569 1471 600 ¹3.
1491 568 1636 600 classis.

1098 623 1292 658 omittitur
1316 623 1361 655 ix.
1387 623 1497 656 Loci..
1525 630 1559 656 ct
1582 624 1766 657 dividitur
1790 626 1864 658 viii,

1046 674 1081 705 in
1109 673 1204 705 duas
1231 672 1276 704 ald
1303 669 1325 712 3
1351 668 1536 705 Intendat.

1098 720 1138 753 ln
1165 720 1343 753 Oratione
1375 729 1442 761 pro
1473 730 1665 753 commem.
1690 722 1745 752 ὃς,
1773 721 1865 753 Mar-

1046 775 1180 812 tyrum.
1207 767 1393 801 omittitur
1419 777 1551 800 nomon
1578 763 1800 799 Alexandri.

1326 844 1408 885 Die
1426 844 1462 884 7.
1481 843 1592 895 Maji.

1082 913 1124 954 S.
1143 912 1400 954 Benedicti
1418 913 1479 953 11.
1499 913 1624 962 l'apac
1648 920 1686 951 ct
1711 913 1829 950 (Ionf.

1100 975 1234 1007 Omnia
1267 975 1311 1007 dc
1343 973 1542 1007 Communi
1576 975 1681 1006 (lons.
1717 974 1865 1008 lamiis..

1047 1030 1185 1065 praetcr
1209 1023 1418 1064 sequentia.

1099 1071 1241 1104 Oratio.
1266 1069 1336 1112 Da,
1361 1069 1593 1112 quaesumus.

1098 1119 1137 1151 In
1170 1119 1194 1151 l.
1228 1118 1423 1151 Noenu-no
1462 1118 1659 1151 Lectiones
1691 1118 1735 1151 dc
1770 1119 1866 1151 Scri-

1046 1172 1154 1209 ptura
1183 1170 1413 1199 occurrente.

1102 1215 1139 1247 In
1168 1214 1276 1248 Fcria
1303 1214 1345 1247 H.
1372 1219 1410 1251 ct
1436 1214 1493 1246 1&ss
1523 1213 1734 1254 lx‘ogation..
1770 1213 1865 1246 licet*

1051 1261 1195 1296 Fidelis
1215 1271 1351 1296 sermo.
1373 1262 1418 1294 dt·
1442 1262 1573 1294 codem
1599 1261 1702 1294 Com.
1728 1263 1752 1294 1.
1772 1262 1865 1294 loco.

1270 1324 1317 1361 In
1345 1323 1394 1360 II.
1423 1323 1643 1361 Nocturno.

1348 1382 1495 1422 Lectio
1519 1382 1569 1420 iv.

1150 1436 1383 1479 ·ened1‘ctus
1422 1436 1547 1487 hujus
1583 1437 1769 1478 neminis
1805 1449 1868 1478 se-

1060 1502 1064 1547 }
1083 1496 1152 1553 533⁴*
1177 1493 1356 1543 cundus,
1371 1493 1595 1534 Romenus
1609 1495 1778 1544 genere,
1797 1505 1870 1546 pa-

1054 1572 1153 1575 μ
1175 1556 1241 1592 tre
1256 1551 1279 1591 J
1283 1552 1424 1591 oanne
1444 1555 1575 1599 ortus,
1593 1555 1695 1601 post
1710 1549 1870 1590 Leonis

1049 1606 1228 1649 secundi
1248 1606 1415 1648 obitum
1434 1605 1490 1647 ad
1507 1618 1661 1647 munus
1681 1605 1871 1658 Aposte-

1048 1664 1179 1705 licum
1197 1666 1448 1715 assumptus
1469 1667 1549 1711 est,
1574 1674 1686 1703 anno
1709 1661 1870 1703 Christi

1049 1719 1365 1761 sexcentesimo
1399 1718 1669 1769 octogesimo
1704 1723 1870 1770 quarto,

1049 1782 1092 1818 et
1118 1778 1369 1829 supremum
1396 1775 1644 1816 christianae
1669 1774 1869 1827 reipubli—

1049 1846 1113 1874 cae
1137 1833 1308 1874 clavum
1330 1845 1487 1874 novem
1511 1831 1682 1873 circiter
1700 1843 1870 1872 menses

1048 1889 1201 1938 tenuit,
1228 1888 1505 1940 dignissimus
1526 1892 1660 1936 certe,
1686 1887 1758 1939 qui
1779 1885 1869 1928 diu-

1047 1946 1134 1988 tius
1162 1947 1346 1994 teneret,
1374 1957 1473 1986 cum
1500 1957 1525 1986 a
1552 1943 1703 1997 primis
1731 1945 1869 1995 pueri-

1048 2003 1121 2044 tiae
1153 2002 1275 2043 annis
1308 2014 1355 2043 se
1388 2006 1530 2042 totum
1564 1999 1870 2042 ecclesiasticis

1047 2058 1297 2100 ministeriis
1317 2056 1573 2106 addixisset,
1602 2068 1653 2097 ac
1672 2054 1867 2096 sedulam

1049 2114 1204 2157 divinis
1223 2114 1378 2156 litteris
1399 2118 1443 2154 et
1460 2125 1595 2154 sacrae
1610 2110 1869 2164 psalmediae

1049 2174 1229 2224 eperam
1247 2172 1460 2212 navasset.

1100 2231 1148 2279 Rs.
1175 2227 1326 2269 Inveni
1344 2224 1498 2267 David.
1517 2224 1596 2265 28*

1356 2283 1505 2324 Lectio
1527 2298 1561 2322 v.

1048 2337 1182 2442 Hic
1208 2352 1296 2381 non
1320 2351 1407 2380 uno
1436 2337 1663 2380 dumtaxat
1685 2335 1870 2385 nemine,

1150 2409 1302 2438 verum
1327 2395 1457 2436 etiam
1481 2393 1671 2435 eoelestis
1693 2391 1868 2434 benedi-

1048 2453 1203 2495 ctienis
1228 2451 1368 2503 gratia
1390 2455 1434 2492 et
1456 2453 1618 2491 sanctae
1642 2461 1869 2490 eonversa-

1047 2509 1178 2551 tionis
1207 2507 1407 2560 exemplo
1436 2503 1720 2554 Benedictus,
1751 2516 1868 2545 man-

1048 2567 1213 2613 suetus,
1245 2563 1363 2604 mitis
1395 2567 1438 2604 et
1466 2559 1659 2610 humilis,
1690 2560 1868 2611 insignis

1049 2622 1178 2663 etiam
1187 2619 1420 2673 patientiae,
1429 2623 1472 2660 et
1482 2620 1725 2670 pauperum
1736 2629 1870 2658 aman-

1047 2678 1254 2724 tissimuS‚
1282 2676 1325 2716 in
1350 2687 1461 2727 quos
1480 2674 1600 2724 larga
1619 2686 1750 2714 manu
1774 2671 1868 2713 red-

1047 2735 1134 2776 itus
1153 2731 1360 2774 Ecclesiae
1374 2729 1581 2783 profudit.
1609 2729 1682 2772 Ad
1704 2733 1865 2770 restau-
