2066 2956
200 219 307 263 [200]

735 219 887 261 Septem
916 218 1057 251 Psalmi
1085 217 1386 251 l‘oenitentiales:

201 315 427 357 oculorum
436 317 644 364 meorum,
656 320 700 356 et
710 315 854 368 ipsum
864 327 949 356 non
962 320 1028 356 est

199 384 383 413 mecum.

251 428 394 469 Amici
412 428 514 478 mei,
535 433 579 469 et
598 428 786 481 proximi
804 428 891 470 mei
911 430 935 455 *
955 427 1027 470 ad-

200 487 373 527 versum
391 498 461 527 me
481 485 959 538 appropinquaverunt,
984 490 1028 527 et

199 544 423 584 steterunt.

249 598 306 640 Et
327 599 400 651 qui
420 600 538 652 juxta
556 612 626 641 me
652 603 790 648 erant,
819 597 874 640 de
897 597 1025 649 longe

198 657 426 697 steterunt:
453 658 476 683 ¹⁸¹
506 660 549 697 et
579 656 668 698 vim
700 655 917 697 faciebant
950 655 1024 706 qui

201 712 456 763 quaerebant
476 712 664 754 animam
681 725 835 754 meam.

250 768 307 809 Et
324 769 397 821 qui
411 768 690 822 inquirebant
703 768 818 810 mala
831 769 947 819 mihi,
966 770 1026 811 lo-

199 825 288 866 cuti
308 830 407 867 sunt
426 826 654 867 vanitates:
674 827 697 852 *
718 829 761 866 et
786 824 914 867 dolos
933 831 1027 868 tota

199 879 269 922 die
287 881 621 924 meditabantur.

250 938 346 989 Ego
361 943 507 980 autem
525 944 749 990 tamquam
764 938 924 980 surdus
938 952 1026 981 non

199 994 446 1036 audiebam:
476 996 501 1022 *
535 1000 579 1037 et
613 995 725 1036 sicut
759 1001 905 1037 mutus
938 1009 1027 1038 non

198 1051 399 1103 aperiens
419 1063 469 1092 os
489 1064 625 1093 suum.

249 1107 305 1149 Et
338 1107 480 1149 factus
513 1121 610 1149 sum
637 1109 749 1151 sicut
776 1108 909 1150 homo
938 1122 1026 1150 non

199 1163 396 1205 audiens:
423 1166 446 1189 *
476 1170 519 1206 et
551 1177 638 1206 non
670 1164 838 1207 habens
871 1165 915 1205 in
949 1178 1026 1207 ore

199 1232 278 1261 suo
299 1219 642 1271 redargutiones.

251 1277 467 1327 Quoniam
481 1277 524 1318 in
538 1282 582 1319 te
597 1278 783 1320 Domine
799 1279 988 1332 speravi:
1002 1280 1025 1306 *

197 1337 245 1374 tu
261 1333 469 1375 exaudies
481 1346 551 1375 me
562 1334 749 1376 Demine
760 1335 880 1377 Deus
891 1348 1025 1377 meus.

252 1390 363 1439 Quia
388 1389 493 1431 dixi:
516 1390 764 1442 Nequando
790 1395 1025 1444 supergau-

199 1446 330 1488 deant
358 1446 462 1487 mihi
488 1447 651 1489 inimici
677 1449 777 1489 mei:
801 1451 825 1475 *
851 1454 895 1490 et
922 1448 1026 1490 dum

198 1505 529 1545 commoventur
544 1503 682 1556 pedes
697 1505 793 1555 11161,
809 1518 940 1558 super
955 1518 1026 1547 me

198 1572 354 1610 magna
370 1559 506 1601 locuti
527 1565 637 1602 sunt.

250 1617 467 1666 Queniam
486 1629 568 1667 ego
590 1617 634 1657 in
653 1617 826 1668 flagella
844 1620 1025 1671 paratus

198 1685 308 1714 sum:
327 1675 350 1699 *
371 1678 414 1714 et
433 1672 561 1715 dolor
579 1686 703 1715 meus
721 1674 766 1715 in
784 1677 1025 1727 conspectu

198 1741 298 1770 meo
318 1741 502 1781 semper.

250 1785 465 1835 Quoniam
491 1786 764 1838 iniquitatem
787 1800 931 1829 meam
954 1801 1024 1829 an-

197 1842 422 1884 nuntiabo:
433 1845 455 1869 *
468 1848 511 1884 61
525 1843 730 1894 cogitabo
743 1857 825 1897 pro
839 1847 1024 1898 peccato

194 1911 305 1940 meo.

247 1955 415 1998 Inimici
430 1961 576 1998 autem
590 1956 676 1998 mei
690 1957 854 2007 vivunt,
870 1962 1023 2000 616011-

195 2011 355 2054 firmati
382 2018 482 2055 sunt
508 2025 641 2065 super
663 2026 748 2055 me:
767 2015 790 2040 *
811 2019 855 2056 et
881 2014 1022 2056 multi-

195 2068 346 2121 plicati
365 2075 466 2111 sunt
486 2069 559 2122 qui
579 2067 766 2111 oderunt
781 2084 851 2112 me
865 2070 1022 2123 inique.

249 2125 333 2177 Qui
359 2125 604 2168 retribuunt
631 2126 746 2167 mala
775 2139 856 2179 pro
884 2127 1022 2178 bonis,

196 2182 486 2225 detrahebant
517 2182 637 2224 mihi:
663 2184 687 2210 *
721 2183 926 2236 quoniam
958 2197 1022 2226 se-

197 2239 363 2292 quebar
380 2239 634 2282 bonitatem.

247 2297 316 2338 Ne
331 2296 609 2349 derelinquas
623 2310 693 2339 me
704 2298 890 2339 Domine
901 2299 1022 2340 Deus

197 2366 333 2395 meus:
352 2356 375 2381 *
394 2367 449 2395 ne
470 2353 724 2396 discesseris
744 2367 769 2395 a
786 2367 867 2396 me.

248 2409 430 2452 Intende
457 2411 500 2451 in
530 2410 793 2462 adjuterium
814 2425 976 2461 meum⁷
998 2413 1021 2439 *

197 2465 382 2508 Domine
401 2467 522 2508 Deus
543 2467 695 2509 salutis
716 2480 838 2509 meae.

250 2530 401 2572 Gloria
420 2532 549 2573 Patri.
584 2546 588 2548 ’

466 2621 660 2661 psalmus
680 2622 752 2660 50.

300 2693 460 2736 iserere
478 2696 562 2737 mei
582 2696 718 2746 Deus,
737 2698 760 2725 *
780 2696 1020 2738 secundum

313 2762 514 2800 magnam
532 2752 876 2795 misericerdiam
891 2759 1021 2795 tuam.

1131 315 1189 356 Et
1215 313 1455 356 secundum
1481 313 1804 356 multitudinem
1830 316 1906 357 mi-

1079 371 1345 413 serationum
1371 373 1560 421 tuarum,
1583 373 1606 398 *
1631 370 1729 413 dele
1756 371 1907 424 iniqui-

1078 430 1215 470 tatem
1236 440 1389 469 meam.

1131 484 1333 537 Amplius
1364 484 1464 526 lava
1494 498 1564 527 me
1593 485 1648 527 ab
1677 485 1908 537 iniquitate

1078 554 1190 583 mea:
1201 544 1224 569 *
1235 546 1279 583 et
1296 554 1322 582 a
1336 543 1522 594 peccato
1537 554 1637 583 meo
1653 541 1816 584 munda
1826 555 1907 585 me.

1131 598 1346 648 Quoniam
1364 597 1639 650 iniquitatem
1661 611 1804 640 meam
1823 612 1906 651 ego

1081 657 1318 706 cognosco:
1353 655 1377 679 *
1415 660 1458 696 et
1494 657 1726 707 peccatum
1761 668 1907 698 meum

1079 716 1232 753 contra
1249 724 1320 753 me
1340 716 1407 753 est
1426 723 1610 764 semper.

1132 767 1233 810 Tibi
1251 768 1335 810 soli
1357 768 1556 821 peccavi,
1593 773 1637 810 et
1654 768 1817 810 malum
1836 782 1905 811 co-

1082 837 1174 866 ram
1191 830 1235 867 te
1254 825 1351 866 feci:
1370 826 1394 850 *
1413 830 1461 867 ut
1484 825 1730 877 justificeris
1753 825 1797 866 in
1820 838 1906 867 ser-

1078 880 1281 923 monibus
1305 882 1409 932 11115,
1437 887 1480 923 61
1505 881 1654 924 vincas
1679 895 1778 924 cum
1801 881 1906 934 judi-

1079 938 1202 979 caris.

1131 995 1247 1036 Ecce
1273 994 1388 1036 enim
1412 994 1456 1035 in
1479 994 1782 1047 iniquitatibus
1807 1009 1906 1038 con-

1079 1053 1233 1104 ceptus
1261 1065 1372 1092 sum:
1395 1053 1419 1079 *
1443 1056 1486 1093 61
1512 1051 1556 1092 111
1582 1053 1778 1105 peccatis
1807 1066 1906 1096 con-

1080 1108 1196 1161 cepit
1214 1122 1284 1150 me
1302 1113 1442 1150 mater
1461 1121 1569 1150 mea.

1129 1165 1245 1207 Ecce
1270 1165 1383 1206 enim
1407 1165 1637 1207 veritatem
1659 1165 1864 1209 dilexisti:
1883 1169 1907 1195 *

1077 1221 1243 1263 incerta
1277 1226 1321 1264 et
1354 1221 1528 1264 occulta
1558 1223 1786 1276 sapientiae
1818 1229 1906 1266 tuae

1078 1278 1367 1320 manifestasti
1384 1277 1500 1319 mihi.

1129 1334 1354 1387 Asperges
1381 1347 1451 1376 me
1478 1334 1693 1388 hyssopo,
1721 1340 1905 1378 611111111-

1079 1390 1233 1432 dabor:
1244 1391 1446 1433 *lavabis
1461 1404 1542 1442 me,
1558 1396 1602 1433 et
1616 1404 1749 1445 super
1760 1393 1907 1435 nivem

1078 1446 1331 1490 dealbabor.

1130 1503 1312 1546 Auditui
1345 1517 1444 1547 meo
1473 1505 1598 1547 dabis
1625 1504 1834 1556 gandium
1862 1511 1906 1549 61

1078 1561 1288 1604 laetitiam:
1304 1562 1328 1588 *
1349 1567 1392 1604 et
1411 1561 1691 1604 exsultabunt
1710 1574 1812 1604 ossa
1829 1561 1904 1604 hu-

1077 1618 1253 1661 miliata.

1127 1675 1292 1718 Averte
1325 1675 1482 1717 faciem
1508 1679 1630 1716 tuam
1657 1688 1683 1716 a
1710 1676 1906 1729 peccatis

1076 1732 1200 1831 gieis:
1218 1732 1241 1758 *
1262 1737 1305 1774 et
1330 1745 1482 1774 omnes
1507 1731 1760 1784 iniquitates
1784 1745 1905 1775 meas

1110 1788 1187 1830 616.

1129 1845 1216 1886 Cor
1234 1843 1444 1887 mundum
1463 1858 1563 1887 crea
1581 1846 1625 1886 in
1642 1858 1713 1887 me
1731 1846 1867 1888 Deus:
1881 1847 1905 1874 ²⁸¹

1078 1907 1121 1944 et
1174 1902 1376 1955 spiritum
1428 1907 1598 1944 rectum
1650 1904 1810 1944 innova
1861 1902 1904 1943 in

1077 1958 1317 2001 visceribus
1336 1959 1457 2001 meis.
1611 1966 1613 1968 ’

1127 2015 1170 2057 N
1172 2029 1195 2058 e
1219 2016 1423 2069 projicias
1447 2029 1516 2058 me
1539 2029 1564 2057 a
1583 2016 1692 2058 facie
1709 2020 1800 2057 tua:
1818 2016 1842 2042 *
1861 2021 1905 2058 61

1076 2073 1284 2126 Spiritum
1303 2078 1501 2115 sanctum
1521 2078 1643 2115 tuum
1662 2086 1716 2115 ne
1732 2073 1904 2115 auferas

1076 2143 1102 2171 a
1119 2142 1200 2171 me.

1128 2186 1284 2229 Redde
1324 2186 1430 2227 mihi
1465 2186 1662 2229 laetitiam
1701 2186 1903 2228 salutaris

1076 2244 1153 2286 tui:
1191 2244 1215 2269 *
1252 2248 1296 2286 et
1332 2243 1487 2297 spiritu
1528 2243 1761 2296 principali
1802 2255 1902 2285 con-

1076 2301 1202 2342 firma
1221 2313 1303 2342 me.

1125 2357 1309 2399 Docebo
1341 2356 1516 2409 iniquos
1543 2356 1637 2398 vias
1668 2361 1781 2398 tuas:
1807 2357 1831 2383 *
1860 2360 1903 2397 et

1075 2414 1195 2466 impii
1215 2413 1272 2455 ad
1290 2419 1335 2455 16
1355 2414 1678 2454 convertentur.

1125 2469 1285 2512 Libera
1302 2482 1373 2511 me
1393 2469 1448 2511 de
1469 2468 1749 2519 sanguinibus
1769 2469 1901 2518 Deus,

1075 2527 1195 2568 Deus
1220 2526 1371 2568 salutis
1396 2538 1521 2567 meae:
1546 2526 1569 2551 *
1596 2531 1639 2567 et
1665 2524 1902 2567 exsultabit

1074 2583 1219 2634 lingua
1237 2595 1335 2624 mea
1353 2582 1558 2634 justitiam
1577 2587 1708 2623 tuam.

1126 2640 1329 2689 Domine,
1354 2638 1470 2680 labia
1493 2651 1590 2680 mea
1611 2638 1796 2691 aperies:
1815 2639 1838 2664 *
1858 2643 1902 2680 et

1076 2710 1125 2738 os
1140 2710 1285 2738 meum
1300 2695 1574 2737 annuntiabit
1586 2694 1760 2736 laudem
1769 2700 1901 2737 tuam.

1127 2753 1342 2804 Queniam
1357 2753 1393 2793 si
1404 2752 1617 2794 voluisses
1629 2751 1900 2802 sacrificium,
