2028 2892
178 193 246 227 316

799 198 903 231 Furia
934 198 978 230 ix'.
1009 197 1272 238 lzogationum.

182 289 374 332 Homih'a
388 288 529 331 sancti
539 288 773 341 Augustini
786 288 1009 341 Episcopi.
1062 289 1108 338 Υ,
1143 288 1196 328 In
1224 284 1503 328 decach6rdo
1530 283 1755 337 psalteriO,
1787 294 1887 324 cum

259 357 380 389 Tum.
412 356 486 388 wi.
515 356 549 388 in
575 355 712 388 Jonnn.
736 354 806 387 sub
831 353 928 386 med.

213 424 214 427 ¹
270 406 412 445 oterat
434 402 649 444 Dominus
673 407 839 451 noster,
866 401 1010 453 unige-

220 459 257 493 «ν’
294 460 409 502 nitus
442 465 485 501 et
518 460 764 501 coaeternus
795 458 931 507 Patri,
967 458 1010 498 in

186 517 324 559 forma
348 516 480 566 servi,
509 521 552 558 et
575 528 630 557 ex
652 515 791 556 forma
815 514 947 564 servi,
975 515 1010 555 si

184 574 270 615 hoc
290 587 402 626 opus
422 579 553 623 esset,
574 574 701 613 orare
720 571 906 612 silentio:
932 570 1011 612 sed

182 631 243 673 ita
268 643 315 672 se
335 630 454 672 Patri
478 629 683 671 exhibere
702 628 840 670 voluit
863 640 1011 680 preca-

182 690 341 737 torem,
375 692 423 728 ut
447 686 715 728 meminisset
741 690 940 726 nostrum
964 697 1011 726 se

185 757 281 786 esse
297 742 535 785 doctorem.
554 740 744 783 Proinde
759 754 865 790 eam,
882 754 1011 792 quam

180 800 286 842 fecit
314 800 556 841 orationem
582 811 664 851 pro
692 797 836 847 nobis,
863 802 1012 839 notam

184 857 286 899 feeit
307 862 349 899 et
368 855 510 898 nobis:
532 855 738 907 quoniam
755 854 863 895 tanti
881 856 1012 905 magi—

185 914 263 956 stri
290 926 377 954 non
406 912 549 954 solum
577 910 633 953 ad
659 911 782 964 ipsos
810 910 1012 952 sermoci-

183 970 321 1020 natio,
350 968 429 1011 sed
457 968 588 1011 etiam
613 980 696 1021 pro
722 967 829 1020 ipsis
856 965 912 1008 ad
934 967 1012 1008 Pa-

183 1033 295 1069 trem
315 1026 473 1075 oratio,
494 1023 808 1077 discipulorum
827 1028 893 1065 est
912 1023 1012 1066 aedi-

185 1084 347 1125 ficatio:
368 1088 410 1124 et
430 1082 466 1123 si
484 1081 668 1131 illorum,
689 1080 763 1132 qui
781 1080 877 1122 haec
897 1079 1013 1122 dicta

183 1139 364 1182 {iderant
393 1137 597 1187 audituri,
634 1136 834 1190 profecto
869 1142 911 1179 et
939 1150 1012 1178 no-

183 1202 288 1247 stra,
327 1196 401 1248 qui
428 1195 647 1237 fueramus
676 1196 926 1247 conscripta
956 1193 1012 1235 le-

183 1253 305 1295 ettiri.

237 1315 286 1366 R.
319 1310 439 1351 Deus
474 1307 692 1350 canticum
724 1319 888 1348 novum
915 1319 1012 1348 ean-

182 1366 288 1408 tabo
322 1366 419 1417 tibi,
455 1364 642 1416 alleluia:
670 1372 690 1393 *
721 1364 772 1404 In
803 1363 1012 1416 psalterio

185 1423 338 1465 decem
358 1421 624 1464 chordarum
642 1419 829 1473 psallam
843 1419 935 1470 tibi,
955 1419 1012 1461 al-

183 1479 323 1532 leluja,
351 1479 532 1531 alleluja.
586 1479 634 1530 X',
663 1477 785 1519 Deus
812 1489 936 1518 meus
965 1489 1013 1518 es

184 1542 246 1587 tu,
276 1541 320 1579 et
348 1535 593 1578 confitebor
620 1533 714 1576 tibi:
741 1534 862 1575 Deus
890 1546 1014 1576 meus

184 1606 232 1635 es
251 1598 313 1644 tu,
339 1598 382 1636 et
402 1591 606 1635 exaltabo
626 1596 681 1633 te.
716 1591 768 1631 In
791 1590 1013 1643 psalterio.

496 1665 645 1705 Lectio
668 1665 705 1704 ii.

271 1722 511 1774 uaprOpter
529 1719 616 1760 hoc
636 1715 757 1770 quod
776 1717 848 1759 ait:
872 1717 1014 1767 Pater,

280 1777 398 1819 venit
417 1776 540 1827 hora,
567 1774 758 1817 clarifica
775 1773 933 1814 Filium
950 1778 1014 1815 tu-

185 1849 273 1878 um:
289 1831 491 1883 ostendit,
507 1844 634 1874 omne
644 1836 830 1883 tempuS,
843 1835 887 1872 et
898 1829 1014 1882 quid,

187 1890 363 1945 quando
379 1890 553 1939 faceret,
572 1887 644 1930 vel
658 1887 753 1929 fieri
768 1889 939 1937 sineret,
959 1886 1014 1928 ab

186 1949 261 1990 illo
292 1959 389 1990 esse
417 1944 695 1999 dispositum,
725 1943 799 1995 qui
825 1942 1015 1996 tempori

187 2003 388 2048 subditus
406 2015 494 2044 non
514 2007 594 2044 est:
615 2000 821 2053 quoniam
840 2012 938 2051 quae
955 1999 1015 2040 fu-

186 2066 286 2105 tura
304 2065 426 2103 erant
444 2071 524 2112 per
544 2057 713 2109 singula
730 2058 946 2109 tempora,
973 2056 1014 2097 in

187 2119 271 2161 Dei
290 2116 502 2171 sapientia
518 2127 673 2157 causas
688 2113 927 2155 efficientes
944 2112 1016 2154 ha·

187 2176 307 2226 bent,
339 2174 383 2215 in
417 2186 502 2225 qua
533 2171 651 2213 nulla
678 2175 778 2211 sunt
805 2171 1016 2222 tempora.

187 2233 289 2275 Non
317 2243 422 2282 ergo
447 2227 650 2271 credatur
672 2226 770 2268 haec
793 2225 902 2267 hora
926 2226 1016 2268 fato

188 2291 369 2340 urgente
401 2287 591 2335 venisse,
629 2282 709 2325 sed.
739 2283 837 2324 Deo
870 2282 1017 2335 p6tius

191 2344 430 2387 ordinante.
466 2342 561 2384 Nec
587 2339 758 2382 siderea
779 2339 1017 2380 necessitas

193 2401 351 2443 Christi
371 2398 604 2442 connexuit
620 2396 884 2451 passionem:
904 2394 1018 2437 absit

192 2458 305 2499 enim
323 2463 370 2499 ut
389 2456 534 2499 sidera
551 2453 663 2496 mori
682 2454 889 2503 cogerent
908 2450 1018 2493 side-

191 2527 287 2555 rum
307 2513 590 2555 conditorem.

252 2569 298 2618 lx{·.
320 2570 493 2612 Bonum
512 2573 579 2611 est
597 2565 797 2609 confiteri
814 2564 1018 2614 Domino,

194 2626 381 2678 alleluja:
426 2626 446 2647 *
485 2626 542 2668 Et
582 2622 788 2678 psallere,
839 2620 1019 2672 alleluja.

1062 344 1235 386 cantico
1276 348 1320 385 et
1358 342 1535 384 cithara.
1592 341 1651 382 Et
1689 339 1888 393 psallere.

1061 401 1215 443 Gloria
1233 400 1363 442 Patri.
1389 399 1447 442 Et
1464 398 1663 453 psallere.

1361 476 1510 517 Lectio
1532 477 1584 516 iii.

1141 537 1399 580 larificdtum
1422 548 1448 577 a
1464 535 1595 577 Patre
1612 533 1769 575 Fssium
1787 545 1909 574 non--

1148 594 1253 636 nulli
1278 592 1497 646 accipiunt
1519 591 1563 632 in
1580 591 1684 640 hoe,
1710 588 1831 642 quod
1851 589 1890 630 ei

1063 665 1151 694 non
1169 649 1381 704 pepercit,
1408 647 1487 690 sed
1509 661 1592 701 pro
1611 646 1738 690 nobis
1757 645 1890 688 omni·

1064 708 1146 750 bus
1169 705 1350 750 tradidit
1369 719 1479 747 eum.
1515 703 1602 746 Sed
1626 703 1663 745 si
1686 702 1890 756 passione

1065 764 1327 806 clarificatus
1355 761 1528 812 dieitur,
1563 765 1726 813 quanto
1753 758 1890 810 magis

1065 817 1405 863 resurrectiOne?
1458 818 1573 859 Nam
1607 817 1652 858 in
1685 815 1890 870 passione

1064 878 1202 930 magis
1229 878 1319 929 ejus
1344 875 1579 925 humilitas,
1615 887 1746 926 quam
1770 871 1891 914 clari-

1064 940 1132 977 tas
1152 931 1497 982 commendatur,
1523 929 1744 984 Apostolo
1767 933 1891 979 teste,

1067 991 1140 1044 qui
1167 990 1285 1033 dicit:
1312 988 1569 1030 Humiliavit
1594 988 1892 1039 semetipsum,

1065 1049 1205 1090 factus
1229 1045 1439 1089 obediens
1462 1057 1602 1097 usque
1621 1042 1678 1086 ad
1694 1047 1892 1094 mortem,

1065 1110 1251 1147 mortem
1275 1108 1420 1146 autem
1446 1101 1598 1144 crucis.
1633 1098 1805 1142 Deinde
1831 1100 1893 1141 se-

1067 1162 1222 1213 quitur,
1243 1166 1286 1202 et
1305 1159 1360 1201 de
1381 1160 1471 1212 ejus
1486 1157 1796 1200 clarificatione
1811 1157 1896 1208 jam

1066 1217 1184 1260 dicit:
1209 1218 1398 1270 Propter
1423 1213 1543 1268 quod
1567 1219 1610 1256 et
1628 1214 1750 1255 Deus
1773 1212 1895 1254 illum

1066 1274 1291 1323 exaltavit,
1335 1277 1378 1314 et
1420 1271 1600 1313 donavit
1640 1270 1681 1311 ei
1719 1281 1894 1319 nomen,

1067 1329 1188 1383 quod
1208 1335 1274 1373 est
1294 1341 1426 1382 super
1445 1340 1573 1370 omne
1591 1339 1767 1368 nomen:
1786 1331 1834 1367 ut
1851 1325 1896 1366 in

1066 1387 1240 1429 nomine
1265 1387 1289 1428 J
1292 1399 1371 1428 esu
1396 1397 1523 1427 omne
1546 1397 1661 1436 genu
1683 1383 1895 1432 flectatur,

1067 1443 1323 1494 coelestium,
1342 1441 1623 1491 terrestrium,
1649 1445 1693 1482 et
1710 1438 1895 1480 inferno-

1067 1514 1173 1542 rum.
1207 1500 1265 1542 Et
1292 1499 1432 1541 omnis
1454 1498 1603 1550 lingua
1625 1495 1896 1546 confiteatur,

1069 1557 1170 1610 quia
1205 1556 1420 1598 Dominus
1456 1555 1583 1596 Jesus
1619 1552 1816 1594 Christus
1851 1551 1896 1592 in

1067 1613 1292 1666 gloriaest
1310 1611 1394 1654 Dei
1412 1610 1565 1653 Patris.
1592 1610 1704 1651 Haec
1725 1613 1793 1651 est
1812 1607 1895 1650 cla-

1067 1670 1253 1712 rificatio
1278 1668 1456 1710 DOmini
1481 1667 1621 1709 nostri
1645 1666 1671 1707 J
1673 1679 1751 1708 esu
1777 1664 1895 1707 Chri-

1068 1727 1134 1778 sti,
1156 1739 1254 1779 quae
1273 1725 1328 1768 ab
1345 1726 1436 1778 ejus
1450 1722 1769 1766 resurrectione
1783 1734 1896 1763 sum·

1067 1783 1156 1838 psit
1174 1781 1412 1826 exordium.

1123 1846 1186 1886 'l'e
1203 1845 1349 1886 Deum
1365 1841 1606 1884 laudamus.
1624 1841 1684 1882 15.

1121 1907 1169 1957 V.
1205 1911 1257 1952 In
1278 1907 1598 1951 resurrectione
1620 1911 1696 1947 tua
1715 1903 1896 1953 Christe,

1070 1967 1253 2020 alleluja.
1287 1968 1334 2018 R.
1358 1964 1469 2007 Coeli
1488 1968 1531 2005 et
1548 1967 1666 2005 terra
1683 1961 1896 2010 laetentur,

1070 2024 1251 2077 alleluja.

1123 2092 1190 2133 Ad
1210 2091 1369 2133 Bcned.
1399 2092 1496 2132 Ant.
1534 2090 1668 2139 Pater,
1686 2087 1805 2131 venit
1822 2087 1898 2129 ho-

1070 2164 1128 2202 ra,
1143 2153 1167 2178 *
1183 2149 1374 2192 clarifica
1386 2147 1545 2190 Filium
1561 2152 1684 2188 tuum
1702 2144 1897 2187 claritate

1072 2221 1203 2260 quam
1233 2205 1383 2255 habui,
1423 2203 1679 2257 priusquam
1709 2199 1897 2243 mundus

1072 2269 1198 2314 esset,
1218 2261 1337 2316 apud
1354 2267 1409 2311 te,
1429 2259 1610 2312 alleluja.

1402 2330 1564 2370 Oratio.

1074 2389 1251 2494 Deus»,
1278 2404 1304 2432 a
1324 2403 1411 2443 quo
1430 2389 1548 2432 bona
1570 2393 1727 2430 cuncta
1745 2388 1897 2440 proce-

1176 2448 1305 2497 dunt,
1329 2447 1488 2498 largire
1508 2443 1779 2498 supplicibus
1797 2443 1898 2485 tuis:

1073 2510 1120 2548 ut
1152 2505 1394 2556 cogitemus
1427 2507 1471 2544 te
1503 2501 1760 2554 inspirante,
1799 2512 1897 2552 quae

1072 2566 1192 2605 reeta
1219 2566 1332 2611 sunt,
1369 2564 1412 2601 et
1437 2563 1482 2600 te
1509 2557 1795 2610 gubernante,
1831 2558 1898 2597 ea-

1073 2618 1174 2662 dem
1191 2618 1411 2660 facimus.
1436 2615 1522 2657 Per
1539 2613 1788 2656 D6minum.
