2066 2956
527 208 703 241 officium
733 210 903 243 votivum
931 211 976 244 dc
1003 211 1059 244 ὃς.
1084 211 1340 246 Eucharistiae
1365 213 1622 247 Sat-ramento.

264 303 383 344 Vota
415 316 514 344 mea
545 304 646 345 Dfio
681 303 866 346 reddam
899 317 1064 353 coram⁴

213 359 332 400 omni
344 359 512 411 populo
528 361 634 412 ejus:
649 361 673 386 *
686 361 884 413 pretiosa
896 361 941 402 in
955 373 1049 403 con-

213 417 367 467 spectu
386 415 475 456 Dni
493 429 614 457 mors
634 419 887 459 sanctorum
907 418 1013 469 ejus:

266 472 303 513 O
315 472 414 514 Dfie
426 472 528 525 quia
539 485 621 524 ego
633 486 787 515 servus
797 479 914 515 tuus:
929 475 952 499 '⁸¹
965 486 1047 525 ego

213 541 366 569 servus
386 534 498 579 tuus,
518 534 562 571 et
580 529 697 571 filius
717 530 886 572 ancillae
906 535 1006 572 tuae.

264 585 481 638 Dirupisti
499 586 673 628 vincula
697 599 810 628 mea:
834 587 858 612 *
882 586 962 628 tibi
982 599 1047 627 sa·

213 640 423 683 crificabo
439 641 630 684 hostiam
648 642 803 692 laudis,
825 648 869 684 et
888 656 1047 685 nomen

214 697 394 738 Domini
412 698 644 740 invocabo.

263 754 384 795 Vota
411 767 510 796 mea
535 755 636 796 Dfio
668 754 852 797 reddam
877 755 921 796 in
948 767 1047 796 con-

213 811 370 862 spectu
384 811 527 852 omnis
541 811 696 864 populi
711 812 817 863 ejus:
831 812 910 852 *in
925 811 1048 853 atriis

214 865 372 907 domus
386 867 484 916 Dffi,
495 867 540 908 in
554 867 702 909 medio
715 868 778 909 tui
791 867 1048 909 Jerusalem.

269 935 366 973 Ant.
384 932 577 974 calicem
597 932 801 974 salutaris
819 933 1044 986 accipiam,

214 992 257 1029 et
277 988 536 1030 sacrificabo
556 989 747 1031 hostiam
765 989 920 1031 laudis.

266 1053 362 1092 Ant.
390 1053 512 1096 Sicut
530 1054 716 1096 novellae
737 1054 963 1096 olivarum.

486 1125 679 1165 l‘sulmus
703 1127 782 1164 127.

214 1177 385 1281 Beati
412 1196 577 1234 omnes,
598 1184 672 1236 qui
695 1184 851 1226 timent
872 1184 1000 1235 Dfim,
1025 1186 1048 1213 *

324 1240 398 1292 qui
417 1240 642 1282 ambulant
660 1240 705 1281 in
723 1240 805 1282 viis
825 1241 927 1293 ejus.

263 1296 462 1338 Labores
496 1298 704 1338 manuum
737 1299 913 1338 tuarum
947 1297 1049 1349 quia

212 1351 517 1394 manducabis:
543 1354 567 1380 *
591 1353 749 1395 beatus
774 1365 838 1403 es,
868 1358 912 1395 et
935 1352 1048 1395 bene

211 1408 292 1450 tibi
312 1409 404 1450 erit.

264 1465 387 1507 Uxor
409 1470 485 1506 tua
505 1466 619 1508 sicut
638 1466 740 1508 vitis
760 1465 1001 1516 abundans,
1024 1467 1048 1493 *

211 1522 254 1562 in
273 1521 484 1563 lateribus
505 1521 664 1564 domus
682 1527 783 1564 tuae.

263 1578 363 1619 Filii
385 1578 449 1620 tui
474 1578 588 1620 sicut
610 1578 799 1621 novellae
824 1578 1049 1629 olivarum,

212 1637 235 1660 *
255 1635 301 1675 in
321 1635 508 1676 circuitu
526 1648 692 1677 mensae
711 1640 811 1677 tuae.

263 1691 381 1733 Ecce
418 1691 482 1732 sic
518 1690 807 1734 benedicetur
838 1692 993 1741 homo,
1025 1692 1049 1718 *

215 1747 290 1799 qui
312 1747 437 1789 timet
460 1747 711 1789 Dominum.

264 1803 509 1845 Benedicat
527 1803 608 1846 tibi
622 1804 839 1846 Dominus
860 1817 914 1846 ex
929 1804 1049 1846 Sion:

212 1860 235 1885 *
261 1864 305 1901 et
329 1859 481 1901 videas
506 1860 625 1903 bona
643 1860 888 1902 Jerusalem
913 1860 1047 1902 omni-

213 1915 296 1957 bus
317 1915 472 1957 diebus
491 1917 595 1958 vitae
614 1922 714 1958 tuae.

264 1971 322 2013 Et
341 1971 493 2014 videas
514 1973 629 2014 filios
648 1973 840 2015 filiorum
860 1975 1048 2023 tuorum,

212 2028 236 2053 *
254 2040 411 2080 pacem
430 2041 564 2082 super
582 2029 731 2071 Israel.

274 2092 307 2128 A
316 2095 372 2129 nt.
385 2089 511 2131 Sicut
525 2089 712 2131 novellae
729 2090 954 2139 olivarum,
967 2090 1048 2131 Ec-

214 2144 360 2186 clesiae
385 2145 464 2186 filii
490 2146 577 2188 sint
601 2147 646 2187 in
673 2146 860 2188 circuitu
883 2159 1048 2188 mensae

214 2201 402 2242 Domini.

272 2263 371 2303 Ant.
396 2262 482 2311 Qui
499 2275 667 2316 pacem.

484 2329 679 2369 l’salmus
703 2329 787 2367 147.

218 2381 390 2485 Ijmda
433 2387 679 2430 Jerusalem
724 2388 980 2430 Dominum:
1024 2389 1050 2415 ¹*

310 2445 334 2470 *
362 2443 493 2485 lauda
520 2445 664 2486 Deum
691 2450 817 2487 tuum
844 2444 959 2486 Sion.

269 2499 486 2547 Quoniam
510 2501 776 2543 confortavit
804 2513 926 2541 seras
949 2513 1049 2553 por-

216 2555 359 2594 tarum
395 2558 588 2597 tuarum:
626 2559 650 2583 *
684 2556 912 2599 benedixit
948 2556 1050 2597 filiis

217 2609 304 2650 tuis
331 2610 376 2650 in
403 2616 458 2652 te.

270 2665 353 2714 Qui
380 2668 530 2717 posuit
557 2668 667 2710 fines
694 2674 796 2711 tuos
825 2681 998 2721 pacem:
1027 2671 1050 2696 *

218 2726 263 2762 et
291 2720 423 2773 adipe
450 2722 655 2766 frumenti
683 2725 815 2767 satiat
841 2730 896 2767 te.

1153 305 1239 356 Qui
1264 306 1423 348 emittit
1450 306 1674 359 eloquium
1699 320 1827 348 suum
1850 312 1935 348 ter-

1100 373 1180 402 rae:
1207 363 1231 388 *
1257 362 1468 405 velociter
1496 363 1631 405 currit
1659 375 1804 405 sermo
1833 364 1936 416 ejus.

1154 418 1238 468 Qui
1273 418 1349 460 dat
1384 419 1530 461 nivem
1566 420 1679 462 sicut
1712 420 1876 461 lanam:
1911 420 1935 445 *

1100 474 1306 516 nebulam
1331 475 1445 518 sicut
1471 478 1664 518 cinerem
1692 477 1871 529 spargit.

1153 531 1287 574 Mittit
1301 532 1558 585 crystallum
1573 546 1699 575 suam
1713 533 1827 575 sicut
1840 532 1937 575 buc·

1101 587 1250 629 cellas:
1279 589 1303 614 *
1327 594 1428 630 ante
1456 589 1614 631 faciem
1639 589 1815 641 frigoris
1844 589 1936 642 ejus

1101 644 1199 696 quis
1229 644 1485 687 sustinebit?

1152 701 1336 744 Emittet
1358 702 1543 744 verbum
1567 715 1706 752 suum,
1732 706 1776 745 et
1798 702 1935 755 lique-

1100 756 1233 799 faciet
1258 771 1325 799 ea:
1353 759 1377 784 *
1402 758 1527 801 flabit
1551 759 1731 812 spiritus
1756 759 1864 811 erS,
1892 763 1937 801 et

1101 813 1239 856 fluent
1266 827 1405 867 aquae.

1154 870 1238 920 Qui
1262 872 1490 913 annuntiat
1512 871 1698 914 verbum
1721 878 1849 914 suum
1866 871 1892 912 J
1894 884 1936 913 a·

1101 926 1200 968 cob:
1214 927 1238 953 *
1252 928 1451 979 justitias,
1467 933 1511 970 et
1525 928 1685 981 judicia
1699 941 1778 970 sua
1788 927 1937 970 Israel.

1152 983 1256 1025 Non
1274 983 1378 1026 fecit
1399 984 1546 1027 taliter
1565 985 1685 1027 omni
1707 984 1890 1027 nationi:
1911 985 1936 1012 *

1102 1044 1146 1081 et
1164 1039 1323 1092 judicia
1342 1053 1422 1082 sua
1441 1054 1529 1083 non
1548 1041 1847 1083 manifestavit
1863 1041 1937 1082 eis.

1158 1100 1255 1139 Ant.
1284 1097 1369 1147 Qui
1391 1111 1548 1150 pacem
1570 1098 1697 1151 ponit
1721 1098 1832 1140 fines
1854 1097 1936 1139 Ec-

1103 1152 1269 1204 clesiae‚
1301 1154 1507 1196 frumenti
1536 1154 1668 1208 adipe
1695 1154 1827 1196 satiat
1853 1166 1936 1196 nos

1101 1209 1329 1251 Dominus.

1154 1281 1413 1331 Capitulum.
1611 1282 1638 1320 1.
1661 1282 1757 1321 Cor.
1780 1282 1830 1320 ll.
1850 1294 1884 1322 e.

1186 1345 1343 1382 ratres:
1371 1341 1467 1393 Ego
1497 1340 1613 1383 enim
1636 1340 1789 1394 accepi
1810 1340 1938 1383 aDo·

1202 1397 1323 1438 mino
1363 1397 1484 1450 quod
1521 1402 1565 1439 et
1600 1396 1764 1439 tradidi
1799 1396 1938 1449 vobis,

1104 1453 1312 1504 quoniam
1343 1454 1560 1496 Dominus
1592 1454 1617 1494 J
1619 1466 1740 1504 esuS,
1774 1453 1819 1494 in
1852 1466 1939 1506 qua

1102 1514 1234 1551 nocte
1261 1509 1536 1561 tradebatur,
1568 1510 1740 1563 accepit
1766 1522 1937 1562 panem,

1103 1570 1147 1606 et
1180 1566 1346 1617 gratias
1378 1579 1514 1617 agens
1546 1566 1695 1617 fregit,
1732 1570 1778 1607 et
1810 1565 1938 1608 dixit:

1103 1621 1327 1674 Accipite,
1361 1628 1404 1665 et
1434 1621 1719 1664 manducate:
1752 1621 1839 1664 hoc
1871 1626 1939 1664 est

1104 1690 1267 1731 corpus
1286 1692 1443 1730 meum,
1466 1678 1587 1732 quod
1605 1691 1688 1732 pro
1707 1678 1836 1720 vobis
1854 1682 1938 1720 tra-

1103 1733 1245 1776 detur:
1268 1735 1355 1777 hoc
1374 1736 1506 1778 facite
1525 1736 1570 1777 in
1586 1748 1731 1777 meam
1749 1747 1938 1777 comme-

1102 1792 1406 1834 morationem.

1419 1850 1627 1899 Hymnus.

1243 1925 1355 1964 ange
1377 1912 1526 1964 lingua
1542 1913 1725 1965 gloriosi

1260 1970 1471 2022 Corporis
1490 1969 1759 2023 mysterium,

1206 2026 1529 2078 Sanguinisque
1547 2026 1742 2078 pretiosi,

1207 2083 1350 2132 Quem
1368 2083 1413 2123 in
1431 2081 1583 2124 mundi
1600 2082 1792 2135 pretium

1206 2138 1395 2180 Fructus
1414 2139 1580 2180 ventris
1599 2138 1804 2190 generosi

1208 2195 1306 2237 Rex
1325 2194 1480 2237 effudit
1498 2195 1716 2236 Gentium.

1163 2262 1299 2318 Nobis
1319 2263 1460 2314 datus,
1478 2263 1606 2305 nobis
1625 2268 1755 2305 natus

1208 2320 1277 2361 Ex
1294 2321 1461 2362 intacta
1478 2320 1672 2371 Virgine,

1207 2376 1265 2418 Et
1283 2377 1328 2417 in
1346 2376 1511 2418 mundo
1533 2377 1833 2425 conversatus,

1209 2433 1374 2485 Sparso
1394 2432 1518 2474 verbi
1536 2433 1711 2482 semine,

1208 2488 1283 2529 Sui
1301 2501 1449 2530 moras
1466 2488 1686 2530 incolatus

1207 2544 1320 2586 Miro
1342 2544 1497 2586 clausit
1517 2544 1684 2586 ordine.

1164 2614 1209 2653 In
1229 2614 1447 2665 supremae
1466 2617 1598 2654 nocte
1617 2624 1768 2661 coenae,

1209 2669 1489 2711 Recumbens
1509 2681 1609 2709 cum
1627 2667 1836 2709 fratribus

1210 2726 1458 2768 Observata
1475 2725 1573 2776 lege
1591 2724 1722 2777 plene
