2066 2904
758 133 969 167 Commune
993 141 1070 165 non
1092 129 1304 174 Virginum.

231 234 333 274 Ant.
352 234 446 274 Jam
464 233 603 274 hiems
617 231 802 280 transiit,
821 232 845 258 *
862 230 1003 273 imber

176 289 295 339 abiit,
316 294 360 331 et
374 288 570 330 recessit:
589 300 719 339 surge
736 288 877 327 amica
894 299 1003 335 mea,

177 350 222 386 et
239 345 351 387 veni.

442 401 641 441 Psalmus
659 402 738 440 121.

243 457 402 496 aetatus
435 468 532 496 sum
563 455 608 495 in
634 454 718 503 his,
756 465 855 504 quae
884 452 1004 494 dicta

269 515 371 552 sunt
389 510 510 552 mihi:
524 513 548 538 *
562 511 607 551 in
626 510 807 551 domum
824 509 1003 549 Domini

174 565 346 607 ibimus.

226 621 402 664 Stantes
428 627 552 663 erant
574 621 712 674 pedes
736 621 893 671 nostri,
911 622 936 648 *
959 620 1004 661 in

176 678 300 719 atriis
318 678 406 719 tuis
425 678 679 719 Jerusalem.

226 733 480 783 Jerusalem,
500 746 600 785 quae
617 733 861 775 aedificatur
878 738 927 774 ut
946 735 1002 774 ci-

175 789 304 830 vitas:
331 791 356 816 *
383 790 504 841 cujus
531 789 813 842 participatio
839 789 930 841 ejus
959 789 1004 829 in

174 844 377 897 idipsum.

226 900 338 941 Illuc
372 901 487 942 enim
525 901 818 943 ascenderunt
850 900 1004 951 tribus,

176 955 318 997 tribus
378 957 576 998 Domini:
627 959 651 985 *
703 956 1006 998 testimonium

174 1011 314 1077 Israel
333 1012 390 1054 ad
410 1012 708 1054 confitendum
732 1012 899 1053 nomini
916 1012 1005 1053 Do-

173 1081 291 1108 m1n1.

228 1124 341 1173 Quia
367 1124 458 1165 illic
486 1124 696 1166 sederunt
723 1124 853 1166 sedes
876 1124 921 1164 in
945 1125 1003 1175 ju-

176 1178 303 1229 dicio,
317 1181 342 1207 *
355 1179 485 1221 sedes
506 1194 638 1233 super
658 1180 838 1222 domum
847 1180 1004 1221 David.

224 1235 397 1286 Rogate
426 1248 525 1287 quae
554 1236 612 1278 ad
639 1249 796 1289 pacem
819 1241 920 1277 sunt
936 1236 961 1276 J
964 1248 1004 1277 e-

174 1291 380 1388 {usalemz
395 1293 419 1319 *
436 1297 480 1333 et
498 1292 769 1334 abundantia
788 1291 1004 1342 diligenti-

206 1360 258 1388 us
278 1352 339 1388 te:

226 1402 326 1443 Fiat
346 1416 434 1455 pax
457 1404 502 1444 in
525 1403 688 1445 virtute
712 1409 802 1445 tua:
823 1406 847 1431 *
867 1408 911 1445 et
930 1403 1003 1445 ab·

174 1458 387 1499 undantia
404 1459 449 1499 in
466 1459 662 1501 turribus
680 1460 779 1501 tuis.

190 1555 193 1557 .
226 1514 417 1566 Propter
440 1515 596 1557 fratres
618 1528 761 1564 meos,
790 1520 834 1556 et
857 1515 1003 1567 proxi-

174 1581 272 1610 mos
286 1581 420 1621 meos,
435 1572 460 1598 *
473 1570 689 1622 loquebar
703 1584 860 1623 pacem
874 1570 930 1612 de
945 1576 1003 1612 te:

225 1625 415 1677 Propter
435 1625 614 1667 domum
631 1625 812 1667 Domini
826 1627 911 1668 Dei
930 1639 1002 1667 no-

175 1681 266 1731 stri,
285 1681 309 1707 *
329 1682 513 1732 quaesivi
529 1681 648 1723 bona
665 1682 756 1723 tibi.

230 1738 331 1780 Ant.
356 1737 450 1778 Jam
477 1735 617 1779 hiems
645 1738 835 1788 transiit,
862 1738 1003 1780 imber

175 1791 292 1843 abiit,
313 1797 356 1834 et
369 1794 567 1835 recessit:
586 1807 715 1845 surge
734 1797 875 1835 amica
893 1807 1002 1844 mea,

175 1852 220 1889 et
238 1848 348 1889 veni.

230 1906 332 1946 Ant.
366 1905 475 1946 Veni
501 1905 642 1946 electa
667 1918 782 1955 mea,
805 1906 830 1931 *
857 1910 901 1947 et
925 1919 1002 1958 po-

174 1971 276 2000 nam
293 1959 337 2000 in
356 1964 401 2001 te
419 1960 628 2002 thronum
643 1973 800 2010 meum,
819 1961 1002 2013 alleluja.

437 2016 637 2057 Psalmus
657 2018 742 2057 126.

270 2071 323 2111 isi
354 2071 571 2112 Dominus
605 2072 892 2113 aedificaverit
927 2072 1001 2114 do-

286 2140 422 2176 mum,
449 2127 474 2153 *
505 2127 550 2167 in
581 2141 742 2168 vanum
778 2127 1001 2176 laborave-

174 2187 275 2223 runt
294 2183 369 2234 qui
389 2182 610 2224 aedificant
629 2196 736 2224 eam.

224 2238 322 2279 Nisi
335 2238 552 2279 Dominus
572 2239 833 2280 custodierit
853 2239 1001 2281 civita-

173 2298 280 2343 tem,
299 2295 323 2320 *
342 2294 504 2335 frustra
529 2294 682 2345 vigilat
709 2295 783 2347 qui
806 2295 1002 2336 custodit

173 2362 280 2390 eam.

223 2405 399 2446 Vanum
440 2411 508 2447 est
549 2406 676 2447 vobis
720 2411 822 2447 ante
857 2406 1001 2447 lucem

173 2464 369 2512 surgere:
388 2462 412 2487 *
431 2462 598 2512 surgite
621 2467 859 2514 postquam
878 2461 1000 2503 sede-

172 2516 287 2612 sstis,
324 2517 400 2568 qui
432 2517 709 2559 manducatis
736 2530 896 2570 panem
924 2517 999 2558 do-

219 2584 290 2612 ris.

226 2627 336 2668 Cum
377 2628 550 2670 dederit
590 2628 763 2670 dilectis
805 2628 895 2669 suis
931 2640 999 2669 so-

1054 244 1219 272 mnum:
1247 230 1271 257 *
1301 243 1404 272 ecce
1437 229 1675 271 haereditas
1706 228 1887 270 Domini

1054 287 1149 327 fssii:
1167 299 1349 335 merces,
1368 286 1537 327 fructus
1554 285 1733 327 ventris.

1106 342 1228 383 Sicut
1252 344 1426 393 sagittae
1451 342 1496 382 in
1519 354 1652 382 manu
1676 340 1886 393 potentis:

1055 398 1079 424 *
1097 398 1160 439 ita
1178 398 1258 438 filii
1279 400 1574 439 excussorum.

1108 454 1273 495 Beatus
1298 454 1364 494 vir
1390 453 1465 505 qui
1489 452 1689 505 implevit
1716 451 1886 493 deside-

1055 510 1168 551 rium
1187 523 1314 551 suum
1339 522 1393 550 ex
1416 509 1540 561 ipsis:
1559 509 1583 535 *
1602 520 1690 548 non
1708 508 1886 549 confun-

1056 565 1185 607 detur
1213 578 1313 606 cum
1340 565 1547 616 loquetur
1579 564 1766 604 inimicis
1795 563 1886 604 suis

1055 621 1100 662 in
1123 627 1264 674 porta.

1113 678 1214 719 Ant.
1241 677 1350 718 Veni
1370 677 1511 718 electa
1528 689 1637 724 mea,
1661 680 1705 716 et
1723 687 1887 727 ponam

1056 733 1100 772 in
1119 738 1164 774 te
1181 733 1388 774 thronum
1404 745 1561 781 meum,
1581 731 1765 782 alleluja.

1112 791 1212 831 Ant.
1241 790 1333 830 Ista
1351 793 1418 830 est
1441 788 1645 840 speciosa
1664 787 1687 813 *
1706 787 1821 827 inter
1840 786 1886 826 fi-

1055 843 1136 885 lias
1155 844 1411 886 Jerusalem.

1324 904 1522 944 Psalmus
1544 904 1628 944 147.

1121 955 1237 996 auda
1280 955 1526 997 Jerusalem
1567 954 1822 996 Dominum:
1862 953 1886 979 *

1171 1011 1303 1053 lauda
1320 1012 1466 1053 Deum
1483 1017 1608 1053 tuum
1626 1010 1743 1051 Sion.

1107 1068 1326 1117 Quoniam
1352 1066 1618 1109 confortavit
1644 1078 1766 1106 seras
1785 1077 1885 1116 por-

1053 1125 1197 1164 tarum
1233 1125 1424 1164 tuarum:
1458 1125 1482 1150 *
1518 1121 1747 1164 benedixit
1783 1120 1886 1160 filiis

1053 1179 1140 1220 tuis
1159 1179 1204 1219 in
1223 1184 1278 1221 te.

1106 1235 1191 1285 Qui
1218 1236 1368 1287 posuit
1395 1235 1506 1276 fines
1534 1239 1636 1275 tuos
1664 1245 1838 1285 pacem:
1862 1233 1886 1258 *

1054 1296 1098 1332 et
1116 1291 1248 1343 adipe
1268 1291 1475 1332 frumenti
1497 1290 1630 1331 satiat
1649 1294 1705 1330 te.

1107 1347 1192 1397 Qui
1220 1347 1382 1388 emittit
1410 1346 1635 1398 eloquium
1656 1358 1784 1386 suum
1802 1348 1886 1385 ter-

1054 1416 1130 1444 rae:
1155 1403 1179 1429 *
1205 1403 1418 1444 velociter
1448 1402 1583 1443 currit
1612 1413 1758 1442 sermo
1785 1401 1887 1451 ejus.

1108 1459 1193 1508 Qui
1228 1458 1304 1499 dat
1337 1459 1483 1499 nivem
1520 1458 1633 1498 sicut
1666 1457 1828 1497 lanam:
1863 1458 1887 1483 *

1054 1514 1259 1555 nebulam
1279 1514 1393 1555 sicut
1414 1517 1605 1555 cinerem
1624 1512 1802 1565 spargit.

1106 1570 1240 1611 Mittit
1256 1570 1511 1622 crystallum
1522 1582 1646 1610 suam
1659 1568 1773 1609 sicut
1783 1567 1886 1609 buc-

1055 1625 1204 1667 cellas:
1231 1628 1255 1653 *
1279 1631 1380 1667 ante
1409 1626 1566 1667 faciem
1590 1624 1766 1675 frigoris
1795 1624 1886 1674 ejus

1056 1681 1154 1733 quis
1174 1681 1431 1723 sustinebit?

1106 1738 1289 1779 Emittet
1307 1737 1492 1778 verbum
1516 1749 1660 1786 suum,
1688 1740 1732 1777 et
1751 1735 1886 1786 lique-

1055 1793 1186 1834 faciet
1214 1806 1279 1834 ea:
1298 1795 1322 1820 *
1346 1793 1470 1834 flabit
1498 1793 1679 1844 spiritus
1707 1792 1814 1843 erS‚
1843 1796 1887 1832 et

1054 1849 1192 1890 fluent
1211 1862 1349 1901 aquae.

1107 1905 1192 1955 Qui
1215 1905 1443 1946 annuntiat
1462 1904 1647 1946 verbum
1672 1916 1799 1944 suum
1817 1903 1842 1942 J
1845 1915 1885 1943 a-

1055 1960 1155 2002 cob:
1165 1962 1189 1988 *
1199 1961 1398 2012 justitias,
1415 1965 1458 2001 et
1473 1960 1634 2012 judicia
1647 1972 1727 2000 sua
1736 1957 1885 1998 Israel.

1105 2016 1209 2057 Non
1227 2016 1332 2057 fecit
1351 2016 1498 2058 taliter
1518 2015 1638 2057 omni
1661 2014 1841 2055 nationi:
1861 2013 1885 2038 *

1056 2076 1099 2112 et
1117 2071 1276 2122 judicia
1296 2085 1375 2113 sua
1393 2085 1483 2113 non
1499 2069 1797 2112 manifestavit
1813 2069 1885 2110 eis.

1108 2126 1209 2167 Ant.
1242 2129 1332 2169 Ista
1365 2133 1432 2169 est
1463 2127 1667 2180 speciosa
1697 2126 1811 2166 inter
1838 2124 1885 2164 fi-

1053 2183 1134 2224 lias
1153 2184 1407 2225 Jerusalem.

1212 2239 1300 2279 Pro
1329 2239 1521 2289 Martyre
1550 2243 1731 2278 tantum.

1162 2294 1422 2345 Capitulum.
1572 2294 1705 2334 Eccli.
1725 2295 1783 2332 51.

1059 2344 1352 2450 Confitebor
1375 2349 1471 2398 tibi,
1494 2348 1685 2389 Domine
1703 2348 1814 2398 Rex,
1841 2353 1885 2389 et

1144 2405 1407 2448 collaudabo
1439 2410 1484 2445 te
1515 2405 1660 2445 Deum
1687 2403 1883 2444 Salvato-

1053 2475 1147 2503 rem
1160 2475 1317 2503 meum.
1345 2459 1598 2502 Confitebor
1611 2459 1778 2500 nomini
1791 2463 1884 2500 tuo:

1053 2518 1260 2569 quoniam
1293 2517 1467 2568 adjutor
1500 2520 1544 2556 et
1570 2517 1797 2567 protector
1824 2515 1883 2555 fa·

1052 2578 1148 2615 ctus
1181 2586 1228 2615 es
1259 2573 1383 2621 mihi,
1415 2577 1459 2613 et
1489 2570 1690 2613 liberasti
1721 2583 1883 2622 corpus

1051 2641 1198 2670 meum
1216 2642 1242 2670 a
1259 2627 1519 2680 perditione.
