2066 2904
794 146 1006 180 Commune
1031 146 1245 187 Virginum.

157 253 262 281 num
278 251 376 281 esse
390 242 575 291 propter
588 237 825 278 instantem
839 248 987 277 neces-

158 296 353 345 sitatem,
392 293 599 346 quoniam
626 292 791 334 bonum
819 296 886 333 est
912 291 987 333 ho-

158 351 264 393 mini
289 351 352 392 sic
376 362 483 392 esse.
519 348 736 399 Alligatus
762 360 809 389 es
837 346 987 389 uxori?

157 407 248 449 noli
275 408 472 459 quaerere
498 405 774 446 solutionem.
810 403 989 445 Solutus

159 476 205 505 es
225 462 279 504 ab
295 460 455 504 uxore?
475 461 566 502 noli
582 462 780 512 quaerere
794 461 989 501 uxorem.

157 519 203 561 Si
234 523 380 560 autem
412 517 636 569 acceperis
665 518 866 565 uxorem,
901 529 990 557 non

157 575 364 627 peccasti.
391 574 449 615 Et
468 574 505 614 si
522 573 722 625 nupserit
739 572 881 623 virgo,
901 585 989 613 non

158 630 371 684 peccavit.
437 629 784 671 Tribulationem
842 633 988 670 tamen

159 687 302 728 carnis
329 685 554 727 habebunt
580 684 839 737 hujusmodi.
893 686 989 736 Ego

159 747 307 784 autem
342 741 469 783 vobis
505 753 652 794 parco.
706 741 807 782 Hoc
841 743 990 793 itaque

160 798 279 848 dico,
307 798 479 839 fratres:
520 797 716 849 Tempus
742 796 878 839 breve
909 801 990 838 est:

159 854 376 906 reliquum
391 858 470 902 est,
488 857 538 894 ut
556 857 599 894 et
618 853 691 904 qui
706 852 871 895 habent
884 855 990 894 uxo-

160 922 251 960 res,
278 914 505 961 tamquam
530 921 619 949 non
647 908 861 950 habentes
889 909 990 950 sint:

161 970 205 1007 et
224 965 299 1018 qui
317 965 438 1014 fient,
463 969 688 1016 tamquam
712 977 801 1005 non
821 965 991 1006 flentes:

160 1026 204 1063 et
225 1021 299 1073 qui
315 1020 519 1072 gaudent,
537 1024 763 1072 tamquam
782 1033 871 1061 non
889 1034 990 1071 gau-

159 1078 328 1120 dentes:
368 1082 412 1119 et
447 1077 522 1130 qui
557 1081 721 1126 emunt,
762 1081 988 1129 tamquam

160 1147 248 1175 non
279 1133 575 1187 possidentes:
618 1138 662 1174 et
700 1133 775 1185 qui
810 1136 991 1175 utuntur

160 1191 246 1232 hoc
275 1190 461 1240 mundo,
493 1194 720 1242 tamquam
751 1203 840 1231 non
867 1193 991 1232 utan-

160 1251 246 1288 tur:
289 1247 488 1299 praeterit
529 1246 645 1288 enim
684 1245 825 1296 figura
865 1246 991 1299 hujus

160 1302 322 1344 mundi.

418 1357 504 1398 Pro
527 1357 731 1408 Martyre.

214 1418 264 1469 R,
296 1410 413 1452 Veni
442 1423 607 1463 sponsa
635 1411 812 1460 Christi,
841 1411 993 1463 accipe

163 1469 383 1516 coronam,
404 1479 536 1518 quam
556 1466 637 1508 tibi
650 1467 868 1508 Dominus
883 1479 993 1518 prae-

162 1523 335 1575 paravit
362 1522 407 1562 in
435 1523 661 1564 aeternum:
689 1536 772 1576 pro
801 1524 922 1574 cujus
952 1535 993 1563 a-

162 1581 286 1620 more
306 1578 562 1629 sanguinem
575 1583 700 1620 tuum
715 1578 875 1628 fudisti,
892 1582 914 1604 *
937 1579 995 1620 Et

164 1647 264 1676 cum
290 1633 472 1685 Angelis
502 1634 548 1674 in
578 1635 833 1687 paradisum
862 1635 994 1676 intro-

163 1691 247 1732 isti.
272 1690 323 1741 ΥΤ.
342 1690 458 1732 Veni
478 1689 618 1732 electa
635 1703 744 1741 mea,
768 1696 812 1733 et
831 1704 994 1743 ponam

163 1747 208 1787 in
227 1751 272 1788 te
295 1746 503 1788 thronum
520 1759 682 1796 meum,
712 1747 814 1799 quia
838 1759 993 1788 concu-

164 1803 273 1855 pivit
291 1803 390 1844 Rex
407 1802 602 1854 speciem
618 1807 750 1844 tuam.
781 1803 839 1844 Et
857 1816 968 1844 cum.

220 1865 262 1900 Si
284 1875 365 1899 non
388 1864 503 1899 fuerit
527 1864 683 1907 Martyr,
709 1864 782 1898 dic.
808 1874 914 1907 sequ.

218 1916 269 1967 R.
285 1914 402 1956 Veni
421 1914 560 1967 electa
577 1927 686 1965 mea,
707 1919 751 1956 et
768 1928 932 1968 ponam
950 1916 995 1956 in

164 1974 209 2011 te
236 1969 442 2011 thronum
469 1982 632 2011 meum:
651 1971 674 1995 ¹⁸¹
697 1971 809 2021 Quia
837 1984 994 2013 concu-

165 2026 275 2078 pivit
289 2026 388 2067 Rex
403 2026 598 2078 speciem
610 2030 743 2067 tuam.
771 2021 823 2073 V.
839 2027 995 2080 Specie

165 2086 241 2123 tua
272 2086 316 2123 et
346 2081 670 2134 pulchritudine
702 2087 778 2124 tua
806 2083 996 2133 intende,

166 2140 381 2190 prospere
399 2137 608 2189 procede,
634 2142 678 2179 et
696 2151 840 2189 regna.
874 2140 995 2189 Quia.

222 2191 385 2232 Bened.
412 2192 670 2244 Unigenitus
688 2194 783 2236 Dei.

389 2292 393 2295 .
480 2254 631 2295 Lectio
650 2254 689 2294 ii.

262 2313 335 2355 olo
374 2318 520 2354 autem
550 2326 632 2355 vos
665 2314 758 2355 sine
790 2313 996 2354 sollicitu-

271 2369 373 2411 dine
393 2382 502 2411 esse.
535 2370 625 2420 Qui
644 2371 737 2412 sine
760 2372 900 2411 uxore
919 2374 997 2419 est,

169 2425 381 2467 sollicitus
424 2431 490 2467 est
532 2439 630 2478 quae
666 2426 845 2467 Domini
885 2430 997 2475 sunt,

170 2481 394 2534 quomodo
412 2481 587 2534 placeat
605 2482 715 2523 Deo.
747 2482 831 2531 Qui
850 2486 998 2522 autem

169 2550 269 2578 cum
291 2539 429 2578 uxore
457 2542 540 2587 est,
570 2537 782 2579 sollicitus
807 2542 874 2578 est
899 2550 997 2588 quae

169 2597 271 2634 sunt
320 2593 489 2644 mundi,
546 2593 770 2646 quomodo
824 2592 999 2645 placeat

169 2649 311 2699 uxori,
348 2654 392 2691 et
425 2649 590 2691 divisus
623 2654 702 2691 est.
754 2649 812 2690 Et
842 2648 999 2690 mulier

1772 136 1871 181 [105]

1038 235 1236 287 innupta,
1265 238 1309 276 et
1331 234 1455 285 virgo
1482 233 1647 284 cogitat
1666 246 1765 285 quae
1784 234 1873 274 Do-

1039 291 1144 332 mini
1164 295 1275 339 sunt,
1294 295 1343 331 ut
1362 291 1419 331 sit
1439 294 1592 332 sancta
1612 292 1810 342 corpore,
1831 294 1875 331 et

1041 347 1210 400 spiritu.
1243 347 1354 396 Quae
1373 351 1521 388 autem
1539 351 1678 398 nupta
1697 350 1779 396 est,
1804 348 1873 387 co-

1040 403 1153 454 gitat
1182 415 1281 455 quae
1310 407 1412 443 sunt
1443 401 1610 451 mundi,
1649 402 1874 454 quomodo

1042 459 1217 512 placeat
1236 458 1342 499 viro.
1369 458 1511 499 Porro
1533 457 1619 499 hoc
1639 457 1695 499 ad
1714 458 1876 499 utilita-

1042 520 1132 557 tem
1150 520 1345 557 vestram
1360 515 1475 556 dico:
1494 527 1583 556 non
1602 519 1651 555 ut
1669 514 1876 566 laqueum

1044 572 1171 614 vobis
1189 572 1388 624 injiciam,
1407 571 1487 613 sed
1507 571 1564 612 ad
1582 570 1638 620 id,
1661 571 1782 622 quod
1801 571 1876 612 ho-

1043 631 1217 670 nestum
1256 633 1338 679 est,
1380 632 1424 670 et
1466 627 1587 680 quod
1621 627 1877 669 facultatem

1042 685 1242 738 praebeat
1265 686 1358 727 sine
1386 684 1702 737 impedimento
1727 684 1876 724 Domi-

1042 755 1147 782 num
1166 741 1439 783 obsecrandi.

1096 816 1148 867 R.
1189 810 1361 851 Diffusa
1398 815 1465 852 est
1501 811 1641 862 gratia
1673 811 1717 851 in
1750 809 1878 851 labiis

1043 868 1145 910 tuis:
1165 872 1189 895 *
1207 867 1451 919 Propterea
1474 866 1700 909 benedixit
1724 872 1769 908 te
1793 867 1877 907 De-

1043 938 1096 965 us
1124 925 1168 965 in
1197 925 1421 964 aeternum.
1469 923 1520 972 Y.
1545 923 1702 976 Specie
1729 929 1805 964 tua
1835 927 1879 964 et

1044 979 1371 1033 pulchritudine
1390 984 1466 1021 tua
1484 979 1677 1029 intende,
1695 982 1878 1032 prospe-

1044 1050 1092 1079 re
1110 1035 1315 1090 procede,
1336 1041 1380 1077 et
1398 1048 1543 1086 regna.
1570 1036 1826 1088 Propterea.

1097 1102 1260 1143 Bened.
1288 1101 1475 1153 Spiritus
1495 1101 1635 1142 sancti
1653 1101 1806 1151 gratia.

1351 1174 1503 1215 Lectio
1524 1175 1578 1214 iii.

1047 1238 1132 1344 Si
1161 1240 1258 1292 quis
1287 1244 1434 1281 autem
1461 1244 1638 1292 turpem
1667 1252 1713 1281 se
1742 1239 1882 1281 videri
1928 1251 1929 1255 ¹

1130 1296 1350 1337 existimat
1395 1308 1528 1348 super
1573 1296 1741 1347 virgine
1787 1309 1881 1345 sua,

1047 1352 1168 1404 quod
1191 1352 1248 1393 sit
1274 1351 1575 1404 superadulta,
1601 1356 1646 1392 et
1668 1352 1729 1392 ita
1753 1354 1880 1404 opor-

1045 1413 1110 1449 tet
1127 1408 1237 1450 fieri:
1259 1407 1379 1460 quod
1394 1407 1488 1449 vult
1506 1407 1653 1449 faciat:
1672 1420 1761 1449 non
1781 1421 1880 1460 pec-

1047 1469 1136 1514 cat,
1166 1465 1203 1505 si
1226 1463 1374 1505 nubat.
1414 1464 1530 1504 Nam
1560 1465 1635 1516 qui
1658 1465 1811 1506 statuit
1837 1465 1881 1505 in

1047 1520 1183 1562 corde
1207 1533 1288 1561 suo
1314 1520 1482 1570 firmus,
1509 1532 1598 1561 non
1622 1519 1791 1561 habens
1810 1533 1881 1562 ne-

1047 1577 1315 1626 cessitatem,
1342 1578 1612 1628 potestatem
1637 1581 1784 1618 autem
1809 1576 1881 1618 ha-

1046 1631 1156 1673 bens
1186 1645 1277 1673 suae
1305 1632 1565 1681 voluntatis,
1599 1637 1643 1673 et
1671 1632 1758 1673 hoc
1776 1633 1881 1684 judi-

1048 1688 1164 1729 cavit
1191 1688 1235 1728 in
1264 1687 1400 1730 corde
1428 1700 1528 1738 suo,
1558 1690 1735 1730 servare
1754 1689 1881 1739 virgi-

1046 1757 1148 1785 nem
1168 1757 1304 1793 suam,
1323 1744 1436 1786 bene
1454 1744 1568 1785 facit.
1596 1745 1734 1796 Igitur
1749 1749 1793 1786 et
1809 1746 1883 1797 qui

1046 1800 1327 1842 matrimonio
1353 1800 1491 1852 jungit
1510 1801 1723 1851 virginem
1748 1814 1882 1851 suam,
1929 1811 1932 1814 ⁴

1047 1856 1160 1898 bene
1183 1857 1301 1898 facit:
1330 1861 1374 1898 et
1400 1857 1475 1908 qui
1499 1869 1588 1898 non
1615 1857 1768 1908 jungit,
1795 1860 1882 1898 me-

1047 1912 1131 1954 lius
1158 1913 1273 1954 facit.
1309 1913 1468 1954 Mulier
1495 1913 1672 1964 alligata
1701 1919 1770 1955 est
1796 1914 1883 1965 legi

1050 1974 1215 2021 quanto
1226 1971 1427 2022 tempore
1437 1970 1503 2010 vir
1516 1970 1607 2021 ejus
1618 1970 1734 2011 vivit.
1752 1970 1883 2019 Quod

1049 2025 1086 2066 si
1110 2025 1339 2067 dormierit
1362 2026 1428 2066 vir
1452 2026 1558 2077 ejus,
1586 2025 1773 2067 liberata
1801 2030 1882 2067 est:

1049 2082 1119 2122 cui
1138 2081 1231 2123 vult
1249 2081 1399 2133 nubat,
1426 2086 1596 2123 tantum
1615 2081 1660 2121 in
1678 2081 1882 2123 Domino.

1048 2137 1230 2179 Beatior
1248 2142 1395 2179 autem
1414 2137 1511 2187 erit,
1541 2137 1577 2178 si
1600 2137 1663 2178 sic
1682 2139 1882 2189 perman-

1049 2194 1172 2243 serit,
1201 2193 1445 2235 secundum
1467 2206 1614 2235 meum
1639 2193 1883 2234 consilium:

1049 2254 1158 2301 puto
1187 2254 1335 2291 autem
1364 2248 1485 2301 quod
1504 2253 1548 2291 et
1568 2261 1650 2299 ego
1674 2249 1883 2301 Spiritum

1049 2305 1134 2347 Dei
1151 2305 1350 2347 habeam.

1106 2370 1157 2421 R.
1188 2370 1346 2422 Specie
1377 2374 1453 2410 tua
1484 2373 1528 2410 et
1555 2368 1884 2421 pulchritudine

1050 2429 1126 2466 tua
1159 2428 1182 2451 *
1200 2425 1404 2473 Intende,
1433 2426 1649 2477 prospere
1676 2425 1884 2477 procede,

1052 2485 1096 2522 et
1117 2494 1263 2533 regna.
1303 2478 1354 2527 V.
1377 2480 1550 2521 Diffusa
1578 2485 1644 2522 est
1671 2481 1813 2531 gratia
1840 2482 1884 2522 in

1050 2536 1178 2578 labiis
1202 2537 1304 2586 tujS,
1330 2538 1570 2588 propterea
1594 2536 1821 2579 benedixit
1839 2542 1885 2579 te

1051 2593 1173 2634 Deus
1197 2594 1241 2633 in
1263 2594 1487 2633 aeternum.
1510 2592 1707 2635 Intende.
1734 2593 1885 2634 Gloria

1050 2649 1182 2691 Patri.
1208 2647 1404 2690 Intende.
