2066 2956
228 192 324 237 [398]

830 193 1068 236 Praeparatio

1095 192 1141 226 ad
1168 191 1335 225 Missam.

280 287 385 323 Deus
415 292 456 322 tu
485 289 697 323 conversus
719 287 939 323 vivificabis
963 298 1051 323 nos:

228 338 248 362 *
273 341 310 372 et
332 337 443 381 plebs
468 340 533 372 tua
556 337 751 372 laetabitur
773 337 813 372 in
835 341 883 372 te.

281 387 448 422 Ostende
483 387 598 422 nobis
631 387 715 422 Dfie
747 387 1054 423 misericordiam

228 442 348 472 tuam:
372 438 393 462 ¹⁸¹
417 442 454 473 et
479 438 646 473 salutare
669 442 776 473 tuum
801 438 851 473 da
874 438 999 473 nobis.

279 488 448 523 Audiam
472 488 566 533 quid
588 488 770 532 loquatur
789 489 829 523 in
848 499 908 523 me
924 488 1054 523 Domi-

228 547 300 572 nus
324 537 444 572 Deus:
468 538 489 562 *
511 538 694 582 quoniam
716 538 895 583 loquetur
918 549 1054 583 pacem

228 588 267 622 in
289 588 442 632 plebem
466 598 585 623 suam.

279 638 326 673 Et
349 648 467 682 super
490 642 647 674 sanctos
671 649 779 674 suos:
803 639 824 664 *
850 643 886 674 et
910 639 950 673 in
974 649 1053 683 eOS‚

229 688 294 733 qui
319 690 595 724 convertantur
617 689 667 724 ad
690 700 766 725 cor.

278 738 550 773 Verumtamen
587 749 709 784 prope
747 740 924 775 timentes
967 751 1054 775 eum

229 789 394 824 salutare
424 790 562 834 ipsius:
593 790 614 815 *
644 795 684 825 ut
712 790 900 826 inhabitet
929 791 1054 835 gloria

228 838 266 873 in
291 843 391 874 terra
415 844 558 875 nostra.

278 889 558 935 Misericordia,
583 895 621 926 et
636 891 780 927 veritas
797 892 1054 928 obviaverunt

229 940 318 976 sibi:
342 941 363 964 *
386 941 542 984 justitia,
567 946 604 977 et
627 953 706 986 pax
730 943 915 978 osculatae
938 948 1036 979 sunt.

279 990 431 1026 Veritas
457 991 503 1027 de
528 996 628 1027 terra
653 996 736 1027 orta
757 998 829 1028 est:
851 994 872 1018 *
895 997 931 1028 et
949 994 1053 1037 justi-

228 1041 280 1076 tia
305 1041 352 1075 de
377 1042 476 1076 coelo
504 1042 714 1086 prospexit.

282 1092 431 1126 Etenim
467 1092 653 1128 Dominus
693 1094 801 1129 dabit
840 1094 1053 1139 benignita-

227 1146 317 1176 tem:
346 1142 366 1166 *
396 1147 432 1177 et
460 1148 561 1178 terra
590 1148 723 1178 nostra
752 1144 861 1179 dabit
890 1145 1054 1181 fructum

228 1202 348 1227 suum.

279 1242 435 1278 Justitia
469 1247 555 1278 ante
589 1254 675 1279 eum
707 1245 932 1280 ambulabit:
964 1246 984 1270 ‘³‘
1018 1252 1054 1282 et

228 1298 346 1336 ponet
371 1293 409 1328 in
433 1294 497 1328 via
522 1304 679 1337 gressus
704 1305 806 1330 suos.

281 1343 413 1378 Gloria
438 1343 552 1379 Patri.

511 1404 686 1438 psalmus
711 1404 765 1438 85.

229 1467 383 1543 Inclina
413 1467 575 1503 Domine
608 1479 738 1504 aurem
769 1474 889 1513 tuam⁷
923 1474 959 1505 et
990 1481 1053 1505 ex-

283 1517 373 1551 audi
390 1528 465 1552 me:
482 1518 503 1542 *
517 1519 699 1562 quoniam
715 1519 840 1563 inops,
857 1525 893 1555 et
906 1530 1055 1565 pauper

229 1577 312 1601 sum
337 1578 419 1611 ego.

280 1617 442 1652 Custodi
481 1619 646 1654 animam
684 1630 825 1664 meam,
870 1622 1053 1665 quoniam

229 1673 383 1702 sanctus
401 1678 500 1704 sum:
524 1670 545 1694 *
569 1670 720 1705 salvum
736 1671 797 1706 fac
819 1682 974 1707 servum
997 1676 1053 1708 tu-

228 1729 301 1762 um,
325 1719 430 1754 Deus
454 1730 572 1763 meus,
597 1723 816 1765 sperantem
839 1723 879 1757 in
902 1727 949 1758 te.

279 1769 458 1804 Miserere
488 1770 563 1805 mei
593 1770 756 1807 Domine
789 1773 971 1817 quoniam
1003 1774 1053 1809 ad

227 1823 263 1853 te
281 1819 445 1854 clamavi
469 1824 549 1855 tota
574 1820 652 1856 die:
676 1822 696 1845 ²³²
720 1822 872 1857 laetifica
887 1824 1053 1859 animam

229 1869 331 1904 servi
355 1870 421 1912 tui,
446 1870 628 1914 quoniam
652 1872 702 1906 ad
726 1876 761 1907 te
785 1872 949 1908 Domine
974 1875 1053 1909 ani-

227 1929 328 1954 mam
352 1930 476 1954 meam
499 1920 637 1956 levavi.

281 1970 469 2011 Quoniam
488 1976 529 2006 tu
545 1971 707 2007 Domine
730 1974 862 2008 suavis
880 1978 917 2009 et
932 1974 1052 2010 mitis:

228 2021 248 2044 ²¹²
273 2026 309 2055 et
332 2021 462 2056 multae
485 2022 762 2058 misericordiae
791 2024 969 2059 omnibus
999 2025 1053 2060 in-

228 2071 457 2106 vocantibus
480 2076 527 2107 te.

279 2122 451 2158 Auribus
475 2123 630 2167 percipe
653 2124 815 2159 Domine
841 2125 1054 2161 orationem

229 2182 366 2206 meam:
390 2172 410 2196 *
434 2177 470 2208 et
493 2173 646 2208 intende
662 2174 751 2208 voci
769 2174 1053 2219 deprecationis

229 2231 334 2256 meae.

281 2271 324 2305 In
346 2272 408 2307 die
429 2273 690 2308 tribulationis
709 2284 805 2309 meae
823 2275 986 2311 clamavi
1004 2277 1054 2312 ad

230 2325 284 2356 te:
307 2322 328 2345 *
353 2323 443 2366 quia
468 2323 661 2359 exaudisti
682 2335 752 2360 me.

282 2370 368 2406 Non
393 2377 451 2407 est
474 2373 611 2408 similis
635 2375 691 2409 tui
716 2374 756 2409 in
781 2375 857 2410 diis
874 2375 1052 2413 Domine:

153 2450 164 2463 ,
230 2420 251 2444 *
275 2425 311 2455 et
334 2431 410 2456 non
435 2427 493 2457 est
517 2424 727 2459 secundum
751 2426 869 2469 opera
892 2431 968 2462 tua.

285 2469 425 2506 Omnes
456 2478 589 2516 gentes
624 2477 886 2519 quascumque
918 2476 1052 2521 fecisti,

230 2520 397 2564 venient,
431 2528 467 2557 et
500 2524 716 2559 adorabunt
748 2536 878 2561 coram
909 2531 946 2561 te
978 2527 1053 2563 Do-

231 2570 347 2605 mine:
372 2572 393 2595 ¹⁸²
417 2578 453 2607 et
476 2574 744 2616 glorificabunt
769 2587 908 2612 nomen
936 2583 1052 2613 tuum.

283 2620 470 2662 Quoniam
499 2634 660 2668 magnus
689 2636 730 2660 es
754 2631 813 2668 tu,
847 2631 884 2662 et
908 2627 1052 2663 faciens

229 2671 434 2707 mirabilia:
460 2673 480 2697 *
506 2678 546 2709 tu
569 2685 610 2709 es
634 2675 739 2711 Deus
764 2677 881 2712 solus.

284 2721 418 2757 Deduc
447 2733 505 2758 me
536 2724 698 2761 Domine
729 2726 769 2762 in
798 2727 864 2763 via
899 2733 980 2772 tua,
1017 2734 1053 2765 et

1105 286 1302 331 ingrediar
1317 287 1358 322 in
1371 287 1534 323 veritate
1550 291 1631 323 tua:
1655 288 1676 312 ¹*
1697 287 1848 323 laetetur
1868 297 1935 323 cor

1105 346 1231 371 meum
1254 341 1296 372 ut
1318 337 1449 372 timeat
1471 347 1612 373 nomen
1635 341 1752 372 tuum.

1159 386 1382 422 Confitebor
1408 387 1480 422 tibi
1503 386 1668 422 Domine
1691 387 1797 422 Deus
1826 396 1935 422 meus

1106 436 1146 471 in
1176 441 1260 472 toto
1296 436 1412 472 corde
1444 446 1550 480 meo,
1583 437 1605 462 *
1638 442 1676 473 et
1708 437 1935 482 glorificabo

1105 497 1246 522 nomen
1269 491 1377 523 tuum
1399 487 1440 522 in
1464 488 1663 522 aeternum:

1160 537 1259 578 Quia
1292 537 1560 573 misericordia
1597 541 1663 572 tua
1703 547 1845 581 magna
1878 540 1937 572 est

1107 597 1225 631 super
1246 597 1323 623 me:
1352 588 1374 612 *
1398 591 1435 622 et
1459 587 1592 622 eruisti
1621 587 1789 622 animam
1810 596 1936 622 meam

1107 647 1155 672 ex
1179 637 1328 673 inferno
1353 637 1536 672 inferiori.

1159 687 1281 732 Deus,
1327 688 1451 733 iusqui
1488 688 1779 723 insurrexerunt
1819 697 1936 732 super

1106 749 1184 782 me,
1223 743 1261 774 et
1295 739 1496 783 synagoga
1526 737 1743 782 potentium
1773 737 1936 782 quaesie-

1106 793 1194 825 runt
1222 789 1389 824 animam
1411 798 1552 823 meam:
1581 789 1602 812 *
1630 792 1668 823 et
1694 798 1773 823 non
1793 798 1936 833 propo-

1107 840 1265 875 suerunt
1286 843 1323 875 te
1348 839 1388 874 in
1413 839 1623 883 conspectu
1648 849 1730 874 suo.

1158 890 1206 925 Et
1243 895 1283 925 tu
1318 889 1482 924 Domine
1518 889 1625 924 Deus
1662 889 1867 924 miserator
1899 893 1936 924 et

1106 941 1342 976 misericors:
1365 941 1386 965 ’³‘
1403 940 1566 985 patiens,
1584 944 1621 975 et
1641 941 1774 975 multae
1788 939 1936 976 miseri·

1107 991 1262 1035 cordiae,
1287 995 1323 1026 et
1346 1001 1477 1026 verax.

1158 1041 1323 1086 Respice
1341 1041 1380 1075 in
1396 1051 1468 1084 me,
1485 1045 1522 1075 et
1537 1041 1719 1076 miserere
1735 1041 1822 1084 mei,
1843 1041 1865 1065 *
1886 1041 1936 1076 da

1106 1093 1309 1136 imperium
1332 1096 1440 1127 tuum
1463 1093 1585 1135 puero
1609 1095 1691 1126 tuo:
1724 1096 1761 1126 et
1785 1091 1937 1126 salvum

1106 1142 1167 1177 fac
1192 1142 1315 1176 filium
1340 1142 1490 1176 ancsslae
1513 1146 1600 1176 tuae.

1158 1192 1235 1228 Fac
1263 1203 1413 1228 mecum
1444 1192 1598 1236 signum
1627 1193 1667 1227 in
1698 1193 1861 1236 bonum,
1894 1197 1936 1228 ut

1106 1243 1263 1278 videant
1296 1243 1364 1287 qui
1397 1242 1561 1277 oderunt
1594 1252 1673 1286 me,
1708 1246 1746 1278 et
1777 1243 1936 1278 confun-

1107 1293 1261 1328 dantur:
1276 1293 1297 1317 *
1315 1293 1498 1337 quoniam
1514 1296 1555 1327 tu
1571 1292 1734 1328 Domine
1752 1293 1936 1337 adjuvisti

1106 1353 1176 1387 me,
1201 1347 1238 1378 et
1262 1343 1486 1378 consolatus
1511 1353 1552 1378 es
1576 1353 1646 1378 me.

1159 1393 1293 1428 Gloria
1316 1393 1433 1428 Patri.

1386 1463 1564 1500 Psalmus
1590 1464 1661 1499 115.

1111 1537 1289 1613 Credidi,
1306 1542 1466 1582 propter
1486 1538 1593 1583 quod
1615 1539 1768 1574 locutus
1793 1549 1894 1574 sum:
1915 1539 1936 1564 ²⁸

1187 1598 1259 1631 ego
1283 1589 1651 1624 autemhumiliatus
1675 1600 1760 1625 sum
1779 1589 1905 1624 nimis.

1157 1637 1240 1681 Ego
1266 1637 1349 1672 dixi
1373 1637 1412 1672 in
1437 1639 1600 1674 excessu
1622 1649 1725 1674 meo:
1755 1639 1776 1663 *
1801 1638 1936 1674 Omnis

1105 1688 1223 1723 homo
1247 1688 1425 1723 mendax.

1158 1737 1260 1779 Quid
1276 1738 1485 1773 retribuam
1500 1738 1668 1773 Domino
1690 1739 1711 1763 '³‘
1726 1749 1799 1783 pro
1816 1740 1936 1775 omni-

1105 1788 1190 1830 bus,
1215 1797 1303 1832 quae
1327 1789 1504 1823 retribuit
1525 1789 1642 1824 mihi?

1158 1838 1327 1874 Calicem
1345 1839 1526 1874 salutaris
1544 1839 1746 1884 accipiam:
1768 1839 1790 1864 ²*
1811 1844 1848 1874 et
1869 1849 1936 1874 no·
1956 1880 1959 1882 v

1105 1899 1192 1924 men
1216 1888 1373 1924 Domini
1396 1889 1601 1925 invocabo.

1157 1939 1260 1974 Vota
1294 1950 1380 1975 mea
1412 1939 1580 1975 Domino
1613 1940 1773 1976 reddam
1806 1949 1937 1975 coram

1107 1990 1211 2025 omni
1235 1991 1382 2035 populo
1408 1991 1507 2034 ejus:
1536 1991 1557 2015 *
1584 1989 1757 2035 pretiosa
1785 1990 1825 2025 in
1848 2000 1936 2026 con-

1106 2041 1240 2084 spectu
1258 2039 1414 2075 Domini
1436 2050 1541 2075 mors
1566 2041 1787 2076 sanctorum
1810 2041 1903 2085 eius,

1158 2089 1190 2125 Ο
1212 2090 1376 2126 Domine
1401 2091 1493 2135 quia
1522 2101 1595 2135 ego
1620 2101 1757 2126 servus
1781 2094 1885 2126 tuus:
1914 2091 1936 2115 *

1106 2151 1179 2185 ego
1204 2151 1340 2176 servus
1365 2146 1468 2184 tuuS‚
1494 2146 1531 2178 et
1555 2142 1658 2176 filius
1681 2141 1832 2176 ancillae
1847 2145 1935 2177 tuae.

1156 2190 1348 2236 Dirupisti
1363 2192 1518 2227 vincula
1534 2202 1634 2227 mea:
1658 2192 1680 2216 *
1700 2191 1772 2226 tibi
1794 2191 1936 2226 sacrifi-

1107 2241 1203 2276 cabo
1239 2241 1409 2276 hostiam
1440 2241 1586 2285 laudis‚
1625 2245 1663 2276 et
1690 2251 1831 2276 nomen
1860 2240 1936 2276 Do-

1106 2291 1200 2326 mini
1225 2292 1428 2327 invocabo.

1158 2341 1260 2377 Vota
1289 2352 1374 2377 mea
1398 2342 1565 2377 Domino
1593 2341 1754 2376 reddam
1783 2341 1823 2376 in
1847 2351 1936 2376 con-

1106 2393 1240 2436 spectu
1265 2393 1390 2427 omnis
1414 2393 1551 2437 populi
1580 2393 1678 2436 ejus:
1708 2392 1729 2416 ²¹⁵
1757 2392 1798 2426 in
1826 2391 1934 2426 atriis

1106 2443 1245 2478 domus
1268 2442 1441 2486 Domini,
1475 2443 1514 2477 in
1543 2442 1672 2477 medio
1700 2442 1757 2477 tui
1779 2442 1935 2477 Jerusa-

1106 2493 1190 2528 lem.

1158 2543 1293 2579 Gloria
1316 2543 1432 2579 Patri.

1387 2602 1564 2636 Psalmus
1592 2602 1662 2636 129.

1112 2671 1183 2744 De
1208 2681 1412 2725 profundis
1436 2681 1601 2716 clamavi
1626 2680 1676 2715 ad
1700 2685 1737 2715 te
1754 2680 1933 2716 Domine:

1192 2731 1213 2755 *
1236 2731 1399 2767 Domine
1425 2731 1567 2766 exaudi
1590 2741 1726 2766 vocem
1750 2741 1885 2767 meam.
