2066 2956
463 196 531 229 Die
560 197 606 230 ll.
633 197 739 230 Febr.

143 284 209 326 Sit
228 284 362 327 decus
380 285 510 335 Patri,
529 284 744 338 parilique
763 285 892 335 Proli‚

197 341 382 382 Flamini
413 346 457 383 et
489 346 660 391 sancto,
691 341 972 394 tribuantque

453 397 581 439 nobis

195 454 397 496 AEmulos
420 453 578 496 horum
601 453 696 495 fieri
722 453 766 494 in
790 454 973 497 colenda

299 510 480 562 Virgine
500 509 612 552 diva.
640 510 792 551 Amen.

195 569 245 620 V.
273 571 566 613 Exsultabunt
591 571 730 612 sancti
753 571 796 611 in
820 571 970 622 gleria.

142 630 195 683 Rs,
212 627 500 670 Laetabuntur
517 627 562 668 in
580 626 795 669 cubilibus
816 628 916 668 suis.

195 691 265 734 Ad
291 691 450 733 Bencd.
476 693 574 732 Ant.
594 688 715 731 Fecit
733 689 972 730 misericor-

144 744 262 787 diam
293 745 387 786 Dfis
422 758 520 787 cum
556 745 760 787 Patribus
796 746 973 787 nostris:

144 802 282 844 erexit
304 802 432 844 nobis
452 815 588 844 cornu
607 802 758 844 salutis
777 802 821 843 in
841 802 973 844 domo

144 871 236 900 suae
265 858 510 900 Genitricis.
554 858 802 901 Serviamus
829 859 901 900 illi.

478 923 640 963 Oratio.

231 989 324 1027 eus,
348 976 423 1028 qui
440 975 497 1018 ad
514 975 794 1018 recolendam
812 980 973 1019 memo-

239 1033 348 1074 riam
367 1032 571 1075 dolorum
586 1034 871 1075 sanctissimae
885 1039 974 1076 tuae

145 1089 395 1140 Genitricis,
422 1102 503 1142 per
527 1095 697 1142 septem
719 1089 876 1132 beatos
894 1091 972 1132 Pa-

142 1151 233 1188 tres
269 1158 387 1187 nova
418 1146 654 1187 Servorum
685 1147 776 1199 ejus
813 1146 974 1189 familia

142 1202 387 1245 Ecclesiam
412 1206 533 1244 tuam
559 1202 837 1244 foecundasti:
873 1216 972 1245 con-

144 1258 252 1301 cede
270 1259 502 1312 propitius3
522 1258 583 1300 ita
600 1272 682 1301 nos
701 1262 853 1301 e6rum
873 1273 971 1302 con-

144 1315 303 1357 sociari
330 1314 520 1366 fletibus,
553 1320 601 1357 ut
627 1316 902 1369 perfruamur
931 1322 974 1358 et

144 1371 330 1423 gaudiis:
349 1371 434 1422 Qui
451 1371 561 1414 vivis
581 1377 624 1414 et
643 1385 811 1423 regnas.

299 1437 383 1483 Vel
410 1437 506 1479 haec
534 1438 617 1479 alia
645 1438 806 1478 Oratio

233 1493 377 1535 emine
400 1493 505 1535 Jesu
531 1492 718 1543 Christe,
747 1494 821 1546 qui
846 1493 890 1534 in
914 1495 970 1545 ju-

248 1562 348 1601 gem
370 1550 626 1592 memoriam
650 1549 853 1591 dolerum
878 1563 970 1591 san-

145 1606 349 1648 ctissimae
379 1611 468 1648 tuae
504 1606 754 1656 Genitricis,
794 1619 874 1659 per
907 1619 970 1648 se-

143 1667 265 1715 ptem
277 1662 434 1705 beatos
446 1663 600 1704 Patres
615 1675 730 1704 nova
745 1665 971 1704 servorum

144 1718 235 1771 ejus
267 1718 428 1760 familia
458 1719 702 1761 Ecclesiam
735 1723 856 1760 tuam
893 1719 969 1761 foe-

144 1774 359 1817 cundasti:
404 1774 598 1831 concede
633 1774 761 1817 nobis
798 1775 970 1816 famulis

142 1830 245 1881 tuis,
277 1830 321 1871 in
343 1830 427 1873 hac
454 1831 732 1873 lacrimarum
761 1831 873 1873 valle
898 1831 969 1873 de-

142 1886 358 1938 gentibus3
385 1887 446 1930 ita
465 1887 659 1939 eiusdem
677 1888 970 1929 moestissimae

142 1942 294 1984 Matris
321 1944 466 1986 socios
493 1956 593 1985 cum
615 1944 723 1997 ipsis
749 1957 846 1985 esse
872 1957 968 1996 pas-

144 1998 315 2040 sienum
332 2000 376 2040 in
394 2000 537 2050 terris,
556 2005 605 2041 ut
622 2002 850 2053 perpetuae
870 2013 969 2041 con-

144 2054 369 2097 solatienis
412 2058 639 2098 consertes
675 2057 771 2097 fieri
807 2058 968 2097 merea-

142 2124 239 2152 mur
262 2111 306 2152 in
331 2112 470 2154 coelis:
498 2113 582 2163 Qui
603 2113 715 2154 vivis
741 2117 784 2154 et
803 2125 970 2163 regnas.

189 2180 239 2231 *Et
263 2180 304 2215 fit
328 2190 523 2215 commem.
548 2181 681 2215 Feriae.

413 2247 481 2284 Ad
503 2247 706 2284 Tertiam.

194 2307 294 2346 Ant.
321 2303 401 2345 Isti
421 2308 521 2345 sunt
539 2304 621 2345 viri
640 2308 820 2356 septem.

195 2370 331 2422 Capit.
354 2369 544 2410 Fratres:
563 2368 840 2409 Mementote.
860 2367 970 2419 [288]

192 2430 244 2482 Rz.
259 2429 320 2471 br.
342 2428 573 2470 Laetamini
591 2429 634 2469 in
652 2428 853 2478 Domino,
866 2430 887 2454 *
913 2427 970 2469 Et

144 2483 359 2526 exsultate
392 2485 502 2536 justi.
542 2484 781 2526 Laetamini.
830 2480 874 2531 Υ.
913 2483 970 2525 Et

144 2539 390 2591 gloriamini
415 2553 566 2582 omnes
594 2540 702 2582 recti
727 2539 870 2581 corde.
912 2539 970 2580 Et

143 2595 370 2638 exsultate.
400 2597 554 2638 Gloria
571 2596 700 2638 Patri.
731 2595 969 2637 Laetamini.

195 2654 246 2705 V.
279 2655 513 2698 Exsultent
538 2657 639 2708 justi
662 2657 706 2696 in
730 2657 970 2707 conspectu

143 2711 238 2753 Dei.
278 2715 328 2767 R.
355 2712 413 2755 Et
440 2711 710 2754 delectentur
737 2711 780 2752 in
807 2711 969 2753 laetitia.
1010 2726 1013 2730 ·

298 2854 362 2878 Pars
378 2855 472 2879 Vema.

787 198 853 231 Bb.
881 199 949 232 Vll
977 199 1094 233 Fund.
1120 200 1206 233 Ora.
1232 202 1335 234 Serv.
1361 202 1396 234 13.
1427 202 1469 234 M.
1489 202 1529 234 Y.

1756 193 1852 238 [289]

1302 288 1369 324 Ad
1392 288 1578 327 Sextam.

1075 346 1173 386 Ant.
1202 341 1424 393 Apparuit
1443 342 1505 383 eis
1524 342 1723 384 D6mina.

1078 406 1333 458 Capitulum.
1584 407 1709 447 Eccli.
1730 410 1794 446 44.

1107 470 1230 499 mnes
1247 458 1319 499 isti
1333 458 1376 498 in
1391 459 1745 510 generatienibus
1760 473 1854 512 gen-

1126 513 1181 555 tis
1201 527 1291 555 suae
1311 514 1495 565 glariam
1514 515 1663 569 adepti
1681 523 1790 567 sunt,
1810 523 1853 559 et

1024 569 1068 667 igi
1103 569 1257 612 diebus
1290 571 1379 612 suis
1406 570 1620 614 habentur
1647 573 1690 613 in
1717 573 1851 615 laudi-

1056 639 1118 667 us.

1077 689 1125 740 leg.
1150 688 1210 728 br.
1244 684 1478 726 Exsultent
1501 685 1600 736 justi
1625 692 1644 713 *
1674 686 1724 727 In
1752 700 1851 729 con-

1026 741 1182 791 spectu
1200 740 1293 782 Dei.
1322 741 1563 783 Exsultent.
1589 740 1637 791 Y.
1663 743 1719 784 Et
1738 742 1851 786 dele-

1026 798 1196 837 ctentur
1214 797 1258 837 in
1274 797 1436 839 laetitia.
1466 798 1526 838 In.
1553 798 1706 841 (ileria
1724 800 1852 843 Patri.

1027 852 1267 896 Exsultent.

1077 909 1125 960 V.
1152 910 1177 950 J
1178 911 1263 952 usti
1286 915 1431 952 autem
1450 911 1493 951 in
1513 913 1775 964 perpetuum
1794 914 1851 955 vi-

1026 971 1138 1008 vent.
1188 971 1235 1022 R!-
1272 968 1328 1009 Et
1364 966 1482 1020 apud
1514 968 1750 1011 Deminum
1787 976 1853 1012 est

1027 1035 1192 1064 merces
1213 1026 1374 1065 earum.

1306 1095 1373 1131 Ad
1393 1095 1575 1131 Nonam.

1076 1148 1174 1189 Ant.
1203 1145 1404 1189 Laudem
1423 1146 1553 1189 dicite
1572 1147 1680 1189 Deo.

1076 1207 1332 1258 Capitulum.
1580 1208 1709 1250 Eccli.
1730 1210 1795 1247 44.

1023 1260 1175 1365 Filii
1207 1265 1358 1304 earum
1389 1270 1571 1318 propter
1599 1265 1696 1307 illos
1715 1280 1853 1319 usque

1115 1320 1158 1360 in
1177 1322 1387 1361 aeternum
1406 1327 1591 1363 manent.
1619 1323 1774 1365 Semen
1791 1327 1853 1366 θό-

1025 1388 1121 1416 rum
1149 1380 1192 1417 et
1220 1376 1358 1427 gloria
1386 1379 1538 1418 e6rum
1560 1391 1647 1419 non
1671 1379 1850 1421 derelin-

1027 1433 1193 1483 quetur.

1076 1495 1125 1546 R.
1145 1494 1205 1534 br.
1235 1489 1347 1531 Justi
1372 1495 1516 1531 autem
1531 1494 1552 1515 *
1578 1491 1628 1531 In
1646 1494 1849 1545 perpetu-

1024 1558 1098 1585 um
1117 1545 1274 1587 vivent.
1298 1546 1323 1586 J
1325 1547 1421 1587 usti.
1446 1544 1493 1595 Ns.
1522 1547 1578 1588 Et
1598 1548 1716 1601 apud
1736 1550 1851 1590 Dfim

1025 1607 1092 1643 est
1106 1615 1273 1644 merces
1290 1605 1450 1644 e6rum.
1468 1603 1529 1643 In.
1550 1604 1709 1646 Glaria.
1724 1606 1749 1646 J
1751 1607 1846 1648 usti.

1074 1658 1124 1710 V.
1153 1659 1446 1701 Exsultabunt
1470 1661 1606 1702 sancti
1630 1661 1673 1701 in
1698 1662 1849 1712 gleria.

1024 1721 1073 1771 Rl-
1093 1715 1378 1757 Laetabuntur
1397 1716 1440 1756 in
1461 1716 1675 1758 cubilibus
1695 1719 1794 1759 suis.

1229 1793 1290 1833 In
1312 1793 1373 1833 11.
1392 1793 1643 1844 vesperis.

1074 1859 1162 1893 Ant.
1184 1863 1219 1893 ct
1236 1857 1359 1901 Capit.
1379 1858 1425 1891 dc
1444 1857 1560 1890 Laud.
1580 1855 1688 1900 [288]‚
1711 1857 1844 1900 Hymn.

1023 1911 1062 1941 ut
1084 1907 1123 1941 in
1149 1907 1173 1941 Ι.
1198 1907 1313 1949 Vcsp.
1336 1902 1429 1945 [282]

1073 1954 1124 2006 ys,
1158 1954 1292 1995 Orate
1318 1967 1401 2007 pro
1427 1954 1556 1995 nobis
1585 1960 1752 2007 septem
1778 1955 1848 1997 be—

1024 2011 1083 2052 ati
1108 2011 1271 2052 Patres.
1307 2015 1357 2066 Ιζι.
1383 2010 1442 2052 Ut
1466 2009 1584 2062 digni
1608 2011 1847 2052 efficiamur

1022 2065 1384 2120 promissienibus
1405 2065 1572 2108 Christi.

1074 2130 1145 2172 Ad
1165 2131 1336 2179 Magnis.
1367 2131 1464 2170 Ant.
1498 2129 1534 2169 O
1555 2140 1759 2178 magnum
1780 2141 1846 2169 ca-

1022 2181 1164 2223 ritatis
1195 2181 1324 2235 opus!
1369 2182 1537 2233 Regina
1570 2182 1740 2233 generis
1772 2182 1845 2224 hu-

1021 2238 1138 2278 mani
1161 2238 1313 2291 primis
1335 2238 1496 2279 nostris
1514 2237 1717 2280 Patribus
1741 2239 1848 2281 mire

1022 2297 1257 2347 apparens,
1291 2307 1314 2335 e
1346 2293 1508 2334 mundo
1541 2307 1618 2335 eos
1650 2297 1847 2346 evocare,

1023 2350 1298 2401 singulariter
1314 2349 1396 2390 sibi
1411 2349 1604 2400 seligere,
1617 2349 1848 2401 lugubrem

1023 2412 1190 2448 vestem
1217 2405 1416 2455 induere,
1443 2408 1616 2457 unaque
1644 2419 1742 2447 cum
1769 2409 1845 2460 po-

1023 2463 1150 2504 steris
1168 2463 1211 2502 in
1229 2461 1472 2514 peculiares
1491 2474 1642 2503 servos
1662 2475 1713 2504 ac
1731 2463 1846 2505 filios

1023 2521 1281 2560 consecrare
1306 2517 1483 2568 dignata
1505 2523 1581 2560 est.
1623 2519 1687 2560 Te
1706 2519 1846 2561 Mater

1023 2573 1274 2615 dulcissima
1307 2578 1349 2614 et
1380 2573 1569 2615 Domina
1599 2574 1844 2626 laudamus,

1021 2629 1328 2679 benedicimus,
1348 2629 1653 2680 glorificamus.

1073 2695 1119 2729 Et
1144 2696 1185 2729 fit
1209 2704 1403 2728 commem.
1428 2693 1559 2727 Feriae.

1290 2738 1474 2761 —ototo-

1609 2842 1638 2874 Τ
