2028 2892
179 193 242 229 122

233 289 427 339 Quorum
452 298 502 327 os
529 285 726 327 locutum
750 287 817 325 est
841 282 1004 323 vanita-

179 350 282 386 tem:
306 344 329 368 *
354 347 398 384 et
422 342 603 383 dextera
627 342 795 389 eorum,
824 338 1005 380 dextera

180 399 428 452 iniquitatis.

227 456 347 497 Deus
376 454 593 495 canticum
626 464 788 493 novum
817 449 1004 492 cantabo

179 512 271 553 tibi:
281 512 305 537 *
315 512 359 552 in
369 510 588 563 psalterio,
600 506 880 550 decachordo
892 506 1004 559 psal-

178 568 265 608 lam
283 567 373 608 tibi.

231 624 316 673 Qui
343 622 423 664 das
451 622 636 663 salutem
662 620 851 671 regibus:
879 619 903 644 *
932 618 1006 670 qui

179 679 403 721 redemisti
426 677 571 719 David
599 689 773 719 servum
799 680 923 716 tuum
950 673 1005 715 de

178 735 326 787 gladio
345 734 550 785 maligno:
570 734 689 786 eripe
707 745 788 774 me.

231 792 288 833 Et
320 793 423 832 erue
456 803 526 831 me
559 790 614 831 de
650 802 781 830 manu
815 787 1005 828 filiorum

180 848 429 896 alienorum,
451 859 636 899 quorum
655 858 705 886 os
724 845 920 885 locutum
939 848 1006 884 est

180 904 430 945 vanitatem:
440 903 463 928 *
476 907 519 944 et
529 902 709 943 dextera
726 903 888 949 eorum,
904 898 1004 940 dex-

179 964 273 1002 tera
291 959 544 1011 iniquitatis:

231 1017 426 1066 Quorum
444 1014 532 1064 filii,
551 1014 663 1055 sicut
680 1012 867 1054 novellae
886 1012 1004 1064 plan-

179 1072 368 1113 tationes
386 1072 410 1097 *
429 1071 472 1111 in
490 1071 712 1123 juventute
732 1082 821 1111 sua.

230 1128 352 1169 Filiae
384 1129 536 1169 eorum
569 1126 843 1179 compositae:
870 1126 895 1151 *
927 1126 1005 1167 cir-

181 1186 448 1226 cumornatae
467 1188 516 1224 ut
535 1182 772 1223 similitudo
791 1181 955 1234 templi.

230 1240 537 1292 Promptuaria
552 1240 703 1280 eorum
718 1238 860 1291 plena,
873 1239 897 1264 *
914 1251 1005 1279 eru-

180 1296 343 1338 ctantia
361 1309 416 1337 ex
434 1296 520 1337 hoc
538 1295 581 1335 in
599 1294 717 1336 illud.

231 1352 348 1394 Oves
364 1354 516 1393 eorum
529 1351 713 1401 foetosae,
733 1350 1005 1392 abundantes

179 1408 222 1449 in
247 1408 496 1460 egressibus
521 1407 624 1448 suis:
643 1408 667 1433 *
690 1407 829 1448 boves
853 1408 1006 1448 eorum

179 1477 351 1506 crassae.

229 1521 331 1562 Non
363 1525 430 1562 est
462 1522 585 1561 ruina
612 1520 830 1569 maceriae,
862 1531 1005 1571 neque

178 1576 402 1618 transitus:
430 1576 454 1602 *
482 1588 624 1628 neque
652 1575 816 1617 clamor
843 1575 888 1615 in
914 1574 1004 1627 pla-

179 1633 261 1674 teis
281 1635 443 1674 eorum.

231 1689 419 1730 Beatum
446 1687 649 1729 dixerunt
676 1687 908 1740 populum,
937 1688 1006 1729 cui

181 1744 277 1785 haec
297 1748 409 1786 sunt:
428 1744 451 1769 *
476 1743 630 1785 beatus
654 1743 861 1796 populus,
885 1744 1006 1795 cujus

181 1801 395 1842 Dominus
413 1800 534 1841 Deus
554 1800 655 1852 ejus.

235 1858 335 1897 Ant.
364 1855 629 1897 Benedictus
651 1856 866 1898 Dominus
885 1857 1006 1898 Deus

180 1924 315 1954 meus.

233 1968 331 2008 Ant.
366 1970 446 2010 Per
464 1968 658 2019 singulos
678 1968 782 2011 dies.

443 2026 641 2068 Psalmus
660 2028 748 2066 144.

267 2080 445 2122 xaltabo
464 2085 508 2122 te
527 2081 649 2122 Deus
667 2094 790 2123 meus
809 2093 900 2122 rex:
919 2081 943 2107 *
964 2086 1008 2123 et

285 2135 542 2178 benedicam
570 2137 733 2178 nomini
757 2142 833 2178 tuo
861 2137 905 2178 in
929 2139 1006 2179 sae-

183 2192 338 2241 culum,
358 2197 400 2234 et
418 2192 462 2233 in
481 2192 691 2234 saeculum
711 2194 870 2235 saeculi.

233 2248 317 2289 Per
334 2248 528 2299 singulos
542 2248 636 2290 dies
646 2248 904 2291 benedicam
914 2249 1007 2291 tibi:

183 2303 207 2327 ”¹
223 2307 266 2344 et
283 2303 473 2345 laudabo
493 2317 651 2346 nomen
670 2310 794 2346 tuum
812 2306 856 2346 in
873 2308 1006 2347 saecu-

184 2358 284 2406 lum,
303 2364 346 2400 et
363 2360 406 2399 in
426 2360 634 2402 saeculum
653 2361 812 2402 saeculi.

236 2414 419 2465 Magnus
449 2416 664 2458 Dominus
702 2422 746 2459 et
775 2417 1007 2460 laudabilis

184 2470 325 2511 nimis:
348 2471 371 2496 *
395 2476 439 2512 et
464 2472 774 2523 magnitudinis
803 2474 894 2526 eius
920 2487 1008 2516 non

186 2530 254 2566 est
272 2525 381 2567 finis.

238 2581 473 2623 Generatio
498 2589 541 2625 et
563 2586 787 2635 generatio
810 2585 1009 2627 laudabit

185 2639 321 2689 opera
356 2643 445 2678 tua:
480 2639 503 2663 *
535 2645 577 2680 et
612 2642 854 2692 potentiam
888 2646 1009 2682 tuam

184 2693 539 2744 pronuntiabunt.

790 193 959 226 sabbato
987 190 1034 224 ad
1061 190 1264 232 Vesperas

1109 278 1481 330 Magnificentiam
1504 277 1656 328 gloriae
1685 276 1888 318 sanctita-

1059 336 1114 377 tis
1143 339 1232 377 tuae
1267 334 1517 387 loquentur:
1544 333 1568 359 *
1599 337 1644 375 et
1674 331 1890 374 mirabilia

1059 396 1135 433 tua
1152 390 1403 432 narrabunt.

1110 448 1168 489 Et
1193 448 1400 496 virtutem
1428 445 1687 488 terribilium
1713 446 1890 487 tuorum

1059 504 1220 546 dicent:
1252 503 1276 529 *
1309 508 1352 545 et
1387 501 1735 553 magnitudinem
1768 507 1891 543 tuam

1059 559 1310 602 narrabunt.
1881 557 1894 565 ”

1110 616 1369 658 Memoriam
1393 614 1677 657 abundantiae
1702 614 1889 656 suavita-

1059 673 1116 714 tis
1134 678 1223 714 tuae
1243 671 1518 715 eructabunt:
1532 671 1556 697 *
1571 675 1616 713 et
1633 671 1798 723 justitia
1815 675 1891 713 tua

1060 728 1353 771 exsultabunt.

1110 785 1344 827 Miserator
1374 789 1418 826 et
1449 784 1699 826 misericors
1728 784 1839 825 Dfis:
1866 783 1891 810 *

1059 842 1249 894 patiens,
1279 846 1322 883 et
1349 840 1537 882 multum
1563 841 1823 883 misericors.

1111 898 1266 939 Suavis
1293 897 1510 939 Dominus
1537 897 1767 939 universis:
1793 897 1818 923 *
1847 901 1892 939 et

1059 955 1363 996 miserationes
1392 954 1483 1005 ejus
1511 966 1645 1007 super
1672 953 1819 995 omnia
1847 956 1891 995 ό-

1059 1023 1166 1063 pera
1185 1024 1288 1063 ejus.

1113 1067 1415 1109 Confiteantur
1437 1067 1518 1110 tibi
1535 1066 1726 1109 Domine
1745 1066 1893 1108 omnia

1061 1126 1196 1176 opera
1223 1129 1312 1165 tua:
1335 1124 1359 1149 *
1384 1129 1429 1166 et
1456 1124 1598 1165 sancti
1623 1123 1688 1165 tui
1714 1122 1891 1165 benedi-

1060 1185 1162 1221 cant
1181 1180 1272 1222 tibi.

1112 1236 1309 1277 Gloriam
1327 1237 1451 1288 regni
1467 1237 1533 1278 tui
1551 1235 1746 1278 dicentz*
1757 1239 1802 1278 et
1813 1247 1890 1288 po-

1059 1293 1242 1334 tentiam
1259 1298 1380 1334 tuam
1398 1293 1648 1345 loquentur:

1111 1349 1170 1391 Ut
1189 1354 1341 1391 notam
1364 1350 1527 1391 faciant
1545 1349 1646 1390 filiis
1665 1348 1892 1390 hominum

1058 1406 1304 1457 potentiam
1327 1410 1463 1447 tuam:
1481 1406 1506 1432 *
1526 1410 1571 1447 et
1593 1405 1781 1457 gloriam
1803 1416 1891 1446 ma-

1058 1461 1322 1512 gnificentiae
1341 1462 1464 1514 regni
1481 1462 1557 1503 tui.

1110 1518 1313 1570 Regnum
1336 1522 1461 1560 tuum
1487 1531 1672 1570 regnum
1697 1517 1892 1560 omnium

1059 1574 1337 1616 saeculorum:
1355 1575 1380 1601 *
1404 1579 1448 1617 et
1475 1574 1718 1616 dominatio
1745 1578 1822 1616 tua
1847 1573 1892 1615 in

1059 1631 1179 1671 omni
1194 1631 1478 1681 generatione
1493 1635 1538 1673 et
1551 1630 1892 1682 generationem.

1109 1686 1273 1728 Fidelis
1287 1687 1504 1729 Dominus
1518 1687 1563 1727 in
1579 1686 1782 1729 omnibus
1798 1699 1891 1728 ver-

1058 1742 1127 1784 bis
1151 1744 1256 1784 suis:
1279 1744 1304 1770 *
1327 1748 1372 1785 et
1404 1747 1582 1785 sanctus
1613 1743 1658 1784 in
1688 1742 1892 1785 omnibus

1059 1799 1268 1852 operibus
1288 1800 1389 1841 suis.

1111 1855 1287 1898 Allevat
1296 1856 1513 1898 Dominus
1531 1868 1684 1898 omnes
1704 1856 1780 1909 qui
1798 1857 1891 1897 cor-

1059 1917 1204 1954 ruunt:
1222 1913 1247 1939 *
1267 1917 1312 1954 et
1331 1913 1458 1964 erigit
1477 1925 1630 1954 omnes
1650 1911 1794 1954 elisos.

1113 1968 1240 2010 Oculi
1261 1969 1455 2011 omnium
1477 1969 1521 2010 in
1540 1973 1585 2011 te
1603 1972 1785 2022 sperant
1801 1968 1890 2010 Do-

1059 2024 1189 2067 mine:
1208 2025 1232 2051 *
1252 2030 1297 2067 et
1315 2030 1364 2067 tu
1384 2025 1464 2067 das
1484 2037 1632 2068 escam
1655 2024 1830 2067 illorum
1847 2025 1892 2066 in

1059 2082 1260 2134 tempore
1280 2085 1547 2135 opportuno.

1111 2138 1272 2190 Aperis
1292 2143 1341 2180 tu
1359 2152 1538 2181 manum
1555 2144 1691 2182 tuam:
1709 2140 1734 2166 *
1754 2143 1798 2181 et
1816 2138 1891 2180 im·

1059 2193 1156 2245 ples
1176 2206 1306 2236 omne
1326 2195 1485 2236 animal
1504 2195 1823 2238 benedictione.

1111 2250 1137 2290 J
1138 2255 1263 2292 ustus
1281 2251 1498 2293 Dominus
1520 2252 1564 2293 in
1589 2252 1792 2294 omnibus
1809 2252 1892 2293 viis

1061 2306 1164 2348 suis:
1183 2307 1206 2333 *
1227 2311 1271 2348 et
1294 2312 1471 2349 sanctus
1494 2308 1539 2349 in
1563 2308 1765 2351 omnibus
1789 2310 1891 2361 ope-

1060 2362 1180 2404 ribus
1200 2363 1302 2404 suis.

1106 2419 1253 2472 Prope
1277 2424 1344 2461 est
1361 2420 1580 2463 Dominus
1604 2421 1807 2463 omnibus
1831 2421 1890 2462 in-

1060 2474 1322 2517 vocantibus
1351 2489 1464 2517 eum:
1491 2478 1516 2503 *
1542 2478 1745 2520 omnibus
1771 2478 1890 2519 invo-

1061 2530 1262 2572 cantibus
1282 2544 1382 2573 eum
1400 2533 1444 2573 in
1463 2534 1662 2576 veritate.

1111 2587 1400 2629 Voluntatem
1419 2589 1664 2632 timentium
1683 2603 1730 2632 se
1746 2589 1891 2631 faciet:

1060 2643 1084 2668 *
1113 2648 1156 2684 et
1186 2642 1545 2696 deprecationem
1578 2648 1731 2688 eorum
1762 2648 1890 2687 exau-

1062 2698 1168 2740 diet:
1188 2703 1233 2741 et
1251 2699 1399 2741 salvos
1417 2700 1550 2744 faciet
1569 2715 1658 2744 eos.
