2066 2904
203 177 271 211 478

206 273 271 313 nis
297 271 357 312 illi
381 270 590 313 Ecclesiae
622 269 890 312 sanctissime
916 281 1023 321 prae-

204 329 370 377 fuisset,
401 327 619 369 Christum
642 326 725 368 Dei
746 326 902 367 Filium
926 337 1023 366 con-

206 384 467 426 stantissime
504 382 764 436 praedicans,
808 381 1024 435 lapidibus

205 441 391 494 primum
417 441 650 493 appetitur:
681 452 783 481 mox
807 439 849 479 in
873 437 1024 480 altissi-

205 511 322 538 mum
340 496 493 550 templi
511 496 655 538 locum
675 495 901 544 adductus,
926 492 1025 535 inde

205 554 504 606 praecipitatus
541 558 617 594 est.
670 552 753 602 Qui
793 550 1025 593 confractis

206 610 417 659 cruribus,
441 610 584 662 jacens
604 608 851 658 semivivus,
874 619 1026 648 manus

205 665 412 709 tendebat
430 665 487 708 ad
506 665 678 714 coelum,
697 665 926 715 Deumque
944 676 1025 716 pro

207 723 380 764 illorum
420 722 558 763 salute
601 720 918 774 deprecabatur
960 719 1026 760 his

206 779 366 821 verbis:
394 779 577 830 Ignosce
603 778 666 819 eis
690 777 894 824 Domine,
926 776 1028 828 quia

207 836 403 877 nesciunt
428 834 531 887 quid
551 834 723 876 faciunt.
756 834 850 883 Qua
869 833 913 874 in
932 845 1025 874 ora-

206 892 341 941 tione,
363 891 553 942 graviter
579 891 668 942 ejus
692 890 835 943 capite
852 889 1027 931 fullonis

206 948 320 990 fuste
346 950 573 1000 percusso,
601 947 787 988 animam
811 947 908 988 Deo
934 944 1027 987 red-

209 1004 336 1055 didit,
371 1004 558 1057 septimo
594 1003 782 1045 Neronis
818 1015 948 1051 anno,
985 1007 1028 1043 et

207 1062 324 1112 juxta
367 1060 576 1113 templum
617 1060 691 1101 ubi
726 1059 1026 1113 praecipitatus

207 1118 357 1166 fuerat,
376 1117 572 1169 sepultus
592 1122 668 1158 est.
695 1117 836 1158 Unam
855 1116 1029 1169 scripsit

209 1174 452 1227 epistolam,
472 1187 570 1227 quae
590 1173 644 1215 de
665 1179 833 1226 septem
853 1172 1028 1214 catholi-

209 1231 271 1272 cis
291 1236 366 1273 est.
418 1232 466 1283 Rg.
497 1230 575 1272 Isti
594 1235 694 1271 sunt
713 1230 821 1281 agni.
841 1229 920 1282 [22]

429 1309 478 1347 In
495 1308 565 1346 111.
584 1308 804 1347 Nocturno.

212 1370 362 1411 Lectio
383 1369 520 1411 sancti
542 1368 765 1420 Evangelii
789 1368 1029 1410 secundum

507 1425 532 1466 J
534 1427 729 1467 oannem.

308 1488 457 1529 Lectio
478 1489 544 1528 vii.
748 1488 850 1540 Cap.
867 1489 923 1528 14.

208 1542 282 1649 In
301 1546 374 1588 illo
394 1550 605 1601 tempore:
624 1548 744 1590 Dixit
758 1547 781 1588 J
785 1560 884 1589 esus
904 1546 1028 1589 disci-

272 1603 386 1656 pulis
406 1606 509 1646 suis:
527 1605 627 1646 Non
646 1604 845 1646 turbetur
864 1617 941 1645 cor
960 1617 1029 1645 ve-

210 1666 355 1701 strum.
391 1661 576 1703 Creditis
596 1662 639 1702 in
657 1661 814 1711 Deum,
839 1665 882 1702 et
900 1661 943 1701 in
961 1674 1030 1702 me

211 1717 384 1759 credite.
419 1719 468 1759 In
495 1718 626 1760 domo
645 1718 786 1760 Patris
812 1717 896 1759 mei
915 1730 1030 1759 man-

213 1772 355 1814 siones
373 1774 520 1817 multae
541 1780 649 1817 sunt.
677 1776 732 1817 Et
751 1774 928 1826 reliqua.

213 1842 399 1884 Homilia
414 1845 553 1886 sancti
563 1844 795 1896 Augustini
809 1844 1031 1898 Episcopi.

376 1908 498 1942 Tract.
522 1908 572 1941 (57.
600 1909 635 1941 in
660 1908 859 1943 Joanncm.

329 1966 506 2017 rigenda
526 1971 590 2008 est
609 1966 752 2016 nobis,
777 1967 950 2018 fratres,
975 1967 1033 2010 ad

221 1999 230 2074 Ξ
246 1978 317 2091 Β
346 2023 488 2064 Deum
506 2024 642 2074 major
659 2024 852 2075 intentio,
874 2030 921 2067 ut
939 2038 1031 2066 ver-

225 2078 311 2101 ¹0²--
346 2078 402 2120 ba
421 2080 558 2121 sancti
573 2080 805 2131 Evangelii,
826 2095 924 2134 quae
942 2095 1032 2123 mo-

215 2135 271 2177 do
304 2136 345 2176 in
379 2137 538 2177 nostris
570 2137 746 2179 auribus
778 2140 1033 2189 sonuerunt,

216 2192 343 2233 etiam
393 2198 538 2234 mente
588 2196 746 2246 capere
799 2198 1033 2248 utcumque

216 2251 440 2300 possimus.
482 2249 556 2291 Ait
584 2251 697 2292 enim
724 2251 937 2293 Dominus
964 2253 1031 2294 Je-

219 2318 304 2345 sus:
339 2305 437 2347 Non
478 2306 677 2348 turbetur
719 2321 794 2349 cor
830 2315 1034 2351 vestrum.

220 2361 403 2403 Creditis
418 2362 459 2402 in
474 2363 626 2413 Deum,
647 2369 690 2406 et
708 2365 751 2405 in
768 2378 838 2406 me
858 2365 1034 2407 credite.

220 2416 285 2457 Ne
308 2423 493 2459 mortem
516 2425 737 2472 tamquam
764 2421 959 2463 hemines
984 2423 1033 2464 ti-

221 2474 401 2523 merent,
427 2480 470 2517 et
492 2474 591 2518 ideo
615 2476 910 2527 turbarentur,
936 2491 1034 2519 con-

222 2527 385 2570 solatur
415 2543 507 2580 eos,
539 2532 667 2573 etiam
695 2546 742 2574 se
765 2533 907 2575 Deum
939 2548 1035 2577 esse

223 2586 481 2626 contestans.
541 2588 743 2639 Creditis,
790 2590 945 2642 inquit,
994 2592 1035 2632 in

222 2640 379 2690 Deum,
411 2647 453 2683 et
484 2642 526 2683 in
553 2657 621 2685 me
650 2646 823 2687 credite.
878 2646 1035 2689 Conse-

225 2708 360 2747 quens
380 2703 445 2739 est
464 2699 586 2749 enim,
607 2707 654 2743 ut
673 2702 708 2743 si
726 2702 768 2743 in
787 2703 929 2744 Deum
949 2705 1036 2744 cre-

586 177 654 210 Dic
683 177 707 209 1.
736 175 834 215 Maii.
880 175 935 208 ὃς.
963 172 1131 215 Philippi
1157 179 1192 206 ct
1216 172 1353 206 Jacobi
1380 172 1513 214 Apost.

1077 266 1195 316 ditis,
1235 270 1279 308 et
1313 266 1356 307 in
1383 278 1453 307 me
1481 262 1662 306 credere
1690 262 1902 307 debeatis:

1078 321 1197 376 quod
1241 335 1329 364 non
1371 326 1487 364 esset
1528 322 1822 373 consequens,
1866 321 1902 362 si

1077 380 1275 421 Christus
1294 392 1382 421 non
1401 382 1517 420 esset
1535 376 1667 419 Deus.

1129 441 1178 492 K.
1215 437 1310 488 Ego
1343 449 1438 477 sum
1469 434 1570 475 vitis
1600 446 1718 484 vera,
1751 438 1794 475 et
1823 446 1903 475 vos

1077 493 1294 546 palmites:
1323 498 1343 518 ²·
1373 492 1457 542 Qui
1483 494 1631 532 manet
1658 490 1702 531 in
1729 503 1816 540 me,
1860 495 1903 532 et

1078 562 1160 601 ego
1179 550 1223 591 in
1242 562 1306 598 eo,
1326 548 1396 590 hic
1410 548 1494 590 fert
1506 547 1695 589 fructum
1709 547 1903 597 multum,

1078 606 1264 659 alleluja,
1297 604 1477 657 alleluja.
1517 600 1565 652 Y.
1601 604 1721 646 Sicut
1753 603 1904 647 dilexit

1078 676 1147 705 me
1166 664 1305 713 Pater,
1326 666 1369 703 et
1388 674 1470 713 ego
1491 660 1623 703 dilexi
1641 674 1731 703 vos.
1759 661 1854 711 Qui.

1364 719 1512 759 Lectio
1533 718 1614 757 viii.

1157 777 1309 819 reditis
1329 777 1371 817 in
1389 777 1549 827 Deum,
1570 781 1614 818 et
1633 777 1676 817 in
1696 789 1796 818 eum
1816 777 1904 818 cre-

1165 833 1265 884 dite,
1285 833 1354 875 cui
1368 836 1524 875 natura
1539 838 1614 883 est,
1635 846 1723 875 non
1742 834 1904 885 rapina,

1079 903 1176 932 esse
1213 890 1427 943 aequalem
1463 890 1575 931 Deo:
1621 892 1905 943 semetipsum

1080 947 1194 988 enim
1231 946 1480 997 exinanivit,
1515 958 1602 987 non
1637 952 1784 989 tamen
1820 947 1904 988 for-

1079 1017 1194 1044 mam
1226 1003 1309 1045 Dei
1347 1005 1567 1053 amittenS,
1605 1002 1684 1045 sed
1720 1004 1906 1045 formam

1081 1060 1196 1102 servi
1223 1060 1454 1113 accipiens.
1495 1059 1685 1102 Mortem
1711 1060 1906 1103 metuitis

1081 1117 1181 1158 huic
1216 1117 1369 1158 formae
1406 1116 1537 1158 servi:
1583 1129 1671 1159 non
1706 1117 1906 1160 turbetur

1082 1186 1158 1215 cor
1183 1178 1389 1215 vestrum:
1422 1173 1650 1215 suscitabit
1677 1173 1796 1215 illam
1821 1174 1905 1216 for-

1082 1244 1152 1272 ma
1170 1231 1264 1272 Dei.
1291 1230 1379 1272 Sed
1399 1230 1504 1283 quid
1522 1235 1604 1280 est,
1625 1230 1744 1283 quod
1763 1232 1903 1284 sequi-

1082 1293 1169 1338 tur,
1204 1288 1254 1328 In
1286 1287 1418 1329 domo
1443 1287 1587 1329 Patris
1610 1288 1696 1329 mei
1718 1288 1904 1330 mansio-

1081 1357 1158 1385 nes
1188 1343 1337 1386 multae
1371 1349 1484 1386 sunt:
1515 1344 1599 1386 nisi
1627 1344 1728 1397 quia
1753 1348 1797 1386 et
1821 1344 1905 1386 sibi

1081 1399 1354 1443 metuebant?
1407 1401 1534 1444 Unde
1578 1400 1730 1444 audire
1772 1400 1904 1443 debu-

1083 1459 1222 1499 erunt:
1254 1458 1355 1500 Non
1379 1459 1579 1501 turbetur
1602 1471 1679 1501 cor
1702 1463 1907 1501 vestrum.

1082 1515 1187 1565 Quis
1224 1515 1338 1556 enim
1375 1518 1527 1557 eorum
1560 1528 1649 1557 non
1680 1518 1907 1564 metueret,

1082 1584 1181 1612 cum
1199 1572 1332 1613 Petro
1353 1571 1518 1614 dictum
1537 1577 1668 1622 esset,
1687 1570 1909 1613 fidentiori

1082 1633 1214 1679 atque
1248 1629 1525 1681 promptiori:
1567 1628 1670 1670 Non
1714 1626 1908 1670 cantabit

1082 1683 1232 1735 gallus,
1252 1684 1393 1726 donec
1411 1690 1480 1727 ter
1498 1698 1569 1727 me
1587 1683 1744 1736 neges?

1135 1744 1185 1795 R.
1225 1740 1411 1783 Candidi
1441 1741 1544 1783 facti
1577 1746 1678 1783 sunt
1708 1740 1909 1782 Nazaraei

1084 1796 1190 1848 ejus,
1209 1797 1394 1850 alleluja3
1419 1796 1701 1850 splendorem
1718 1797 1816 1839 Deo
1837 1796 1908 1839 de-

1085 1852 1259 1904 derunt,
1286 1853 1471 1906 alleluja:
1491 1857 1513 1881 *
1533 1854 1590 1896 Et
1614 1854 1726 1895 sicut
1750 1854 1821 1895 lac
1839 1866 1909 1896 co-

1084 1909 1247 1960 agulati
1267 1915 1378 1960 sunt,
1397 1910 1578 1962 alleluja,
1598 1910 1708 1952 allel.
1728 1905 1778 1958 V.
1802 1912 1909 1953 Can-

1086 1965 1280 2008 didiores
1299 1967 1416 2016 nive,
1439 1966 1668 2009 nitidiores
1686 1967 1818 2018 lacte,
1841 1981 1908 2009 ru-

1084 2021 1364 2065 bicundiores
1401 2023 1534 2065 ebore
1571 2026 1769 2077 antiquo,
1814 2038 1910 2078 sap-

1084 2078 1212 2131 phiro
1241 2079 1525 2133 pulchriores.
1562 2081 1618 2123 Et
1646 2082 1768 2123 sicut.
1807 2081 1908 2123 Glo-

1086 2136 1149 2177 ria
1166 2137 1296 2178 Patri.
1323 2138 1380 2179 Et
1399 2138 1521 2179 sicut.

1382 2198 1533 2240 Lectio
1551 2199 1605 2239 ix.

1084 2248 1372 2355 Tamquam
1413 2264 1518 2303 ergo
1561 2256 1706 2293 essent
1742 2250 1796 2293 ab
1832 2250 1908 2292 illo

1182 2308 1382 2360 perituri,
1418 2309 1574 2350 merito
1606 2307 1909 2350 turbabantur:

1087 2364 1164 2407 sed
1189 2378 1288 2406 cum
1311 2364 1506 2415 audiunt,
1532 2366 1583 2405 In
1608 2364 1741 2406 domo
1767 2364 1909 2405 Patris

1086 2422 1171 2464 mei
1189 2421 1438 2463 mansiones
1457 2421 1606 2463 multae
1624 2426 1738 2462 sunt:
1765 2420 1801 2461 si
1822 2434 1908 2473 quo

1086 2479 1228 2520 minus
1257 2477 1464 2519 dixissem
1492 2477 1630 2519 vobis:
1657 2478 1768 2528 Quia
1796 2478 1910 2519 vado

1087 2538 1244 2587 parare
1276 2534 1402 2576 vobis
1434 2534 1592 2575 locum:
1628 2548 1652 2575 a
1683 2534 1909 2587 perturba-

1088 2593 1206 2633 tione
1226 2594 1491 2641 recreantur,
1515 2591 1623 2632 certi
1642 2604 1693 2632 ac
1714 2590 1910 2643 fidentes,

1089 2649 1219 2690 etiam
1250 2653 1353 2701 post
1383 2647 1578 2700 pericula
1610 2648 1911 2698 tentationum,

1089 2718 1136 2746 se
1163 2704 1279 2757 apud
1308 2705 1450 2746 Deum
1479 2718 1578 2745 cum
1607 2704 1781 2747 Christo
1813 2718 1911 2747 esse
