2066 2956
522 225 638 258 Aliud
665 224 840 259 Officium
865 226 899 259 S.
925 226 1088 260 tIoannis
1114 227 1377 270 Nepomuccni
1405 230 1507 264 Mart.

173 329 259 370 que
291 316 347 359 ad
373 316 560 367 vincula,
594 316 719 368 quasi
749 317 861 359 male
895 320 996 370 ope-

172 386 287 414 rans:
311 373 391 415 sed
409 372 592 415 verbum
611 373 696 415 Dei
714 386 802 415 non
822 379 888 416 est
907 374 995 415 ani-

172 431 333 481 ge'ltum.
359 429 428 471 Et.

450 502 601 543 Lectio
621 502 702 542 viii.

170 560 296 668 Sed
323 563 492 606 arundo
522 565 684 616 agitata
710 569 842 606 vento
867 565 891 606 J
894 567 994 607 oen-

260 633 339 662 nes
370 633 458 662 non
490 626 598 663 erat:
637 621 737 673 quia
769 620 884 663 hunc
915 635 996 664 nec

170 677 379 719 blandum
397 678 550 729 gratia,
573 687 655 719 nec·
675 678 904 729 cujuslibet
923 679 994 720 de-

169 734 395 776 tractionis
436 734 501 775 ira
545 737 749 787 asperum
792 734 995 777 faciebat:

170 803 251 832 nec
289 792 505 843 prospera
541 790 657 832 hunc
690 793 875 842 erigere,
915 804 995 833 nec

137 887 142 892 .
170 846 357 889 adversa
375 849 589 889 noverant
607 848 827 889 inclinare.
854 848 994 888 Arun-

170 903 228 945 do
269 916 373 955 ergo
404 909 536 946 vento
573 905 736 956 agitata
767 917 855 946 non
887 910 994 955 erat,

170 973 300 1012 quam
319 959 374 1002 ab
393 965 531 1002 status
549 962 615 1002 sui
629 961 890 1003 rectitudine
904 961 994 1002 nul-

167 1017 210 1058 la
237 1029 382 1059 rerum
407 1019 595 1060 varietas
621 1017 881 1060 inflectebat.
921 1018 994 1058 Di-

169 1075 341 1115 scamus
390 1086 510 1124 ergo,
564 1074 718 1116 fratres
769 1074 994 1124 carissimi,

169 1129 424 1172 arundinem
469 1136 601 1172 vento
654 1131 863 1182 agitatam
906 1143 994 1172 non

169 1199 280 1228 esse:
303 1185 542 1228 solidemus
569 1187 759 1228 {mimum
783 1188 897 1229 inter
923 1200 993 1228 au-

168 1255 238 1284 ras
262 1243 508 1295 linguarum
533 1244 740 1297 positum:
767 1249 854 1286 stet
875 1244 994 1285 infle-

168 1299 313 1341 xibilis
347 1306 487 1343 status
518 1301 688 1343 mentis.
745 1300 877 1342 Nulla
912 1313 994 1342 nos

170 1355 386 1399 detractio
406 1357 463 1399 ad
481 1358 591 1399 iram
608 1360 837 1411 provocet,
862 1362 994 1410 atque

169 1411 226 1454 ad
244 1413 545 1456 remissionem
560 1414 722 1456 inutilis
737 1414 888 1465 gratiae
904 1414 993 1455 nul-

167 1468 236 1510 lus
268 1469 393 1511 favor
422 1470 609 1513 inclinet.
648 1470 750 1512 Non
782 1483 862 1511 nos
894 1472 992 1523 pro-

169 1537 298 1577 spera
317 1525 497 1576 elevent,
515 1539 602 1568 non
621 1526 805 1568 adversa
824 1529 992 1579 pertur-

168 1580 287 1623 bent:
310 1587 359 1624 ut
383 1583 457 1635 qui
474 1583 518 1624 in
538 1582 759 1625 soliditate
779 1582 883 1624 fidei
901 1582 992 1633 figi-

168 1650 280 1688 mur,
307 1641 587 1692 nequaquam
605 1652 750 1681 rerum
769 1642 993 1681 transeun-

167 1694 277 1736 tium
294 1695 537 1738 mobilitate
556 1709 822 1738 moveamur.

218 1762 267 1814 R«.
302 1760 516 1803 Reddidit
542 1761 663 1803 Deus
690 1761 803 1813 justo
831 1762 993 1803 merce—

171 1814 272 1859 dem
294 1816 496 1859 laborum
519 1820 713 1868 suorum,
743 1822 787 1859 et
812 1817 994 1859 deduxit

169 1873 358 1915 illumin
383 1874 454 1916 via
476 1873 678 1916 mirabili:
696 1876 717 1900 *
748 1874 806 1916 Et
829 1874 909 1916 fuit
932 1874 994 1915 illi

169 1929 214 1970 in
232 1929 478 1972 velamento
496 1930 591 1982 diei,
611 1936 654 1973 et
673 1931 716 1972 in
734 1931 831 1972 luce
851 1930 992 1972 stella-

169 1999 355 2039 rumper
367 1991 554 2037 noctem,
569 1987 750 2040 alleluJ'a.
766 1984 814 2035 V.
834 1987 992 2028 Trans-

170 2043 290 2084 vexit
331 2042 453 2084 illum
492 2056 573 2096 per
609 2056 768 2096 aquarn
804 2044 993 2093 nimiam3

169 2098 369 2141 inimicos
387 2104 533 2142 autem
551 2100 665 2142 illius
685 2100 900 2142 demersit.
927 2100 993 2141 Et.

171 2155 322 2197 Gloria
339 2156 469 2198 Patri.
495 2156 563 2199 Et.

465 2227 615 2268 Lectio
636 2228 689 2267 ix.

248 2294 364 2336 dhuc
387 2299 534 2336 autem
558 2295 612 2336 de
636 2295 727 2346 ejus
751 2293 993 2346 expressio-

272 2364 327 2392 ne
355 2350 642 2403 subjungitur:
674 2350 760 2392 Sed
789 2349 893 2402 quid
922 2362 991 2391 ex-

169 2408 265 2449 istis
291 2406 440 2449 videre
467 2408 511 2448 in
540 2405 740 2449 desorto?
773 2406 994 2447 hominem

169 2464 374 2506 mollibus
394 2462 622 2506 vestitum?
650 2464 765 2505 Ecce
791 2462 864 2514 qui
887 2462 991 2503 mol-

169 2519 284 2561 libus
318 2521 579 2570 vestiuntur,
615 2520 658 2561 in
695 2518 896 2561 domibus
928 2531 992 2560 re-

170 2590 272 2628 gum
298 2582 408 2619 sunt.
445 2577 717 2618 Camelorum
744 2575 857 2616 enim
882 2575 992 2627 pilis,

170 2637 219 2674 ut
249 2633 388 2684 scitiS,
423 2635 607 2675 vestitus
634 2633 825 2674 -Joa'mnes
860 2631 992 2672 fuisse

171 2687 441 2731 describitur.
493 2690 550 2731 Et
585 2688 689 2741 quid
726 2693 792 2729 est
829 2686 992 2729 dicere:

170 2744 285 2786 Ecce
318 2745 393 2797 qui
425 2745 629 2787 mollibus
657 2744 915 2792 vestiuntur,
948 2743 992 2783 in

1777 222 1869 268 [377]

1048 318 1250 360 domibus
1283 331 1434 369 regum
1466 324 1579 361 sunt:
1609 319 1691 360 nisi
1718 321 1869 372 aperta

1048 375 1261 416 sententia
1293 374 1611 425 demonstrare,
1650 376 1751 427 quia
1782 389 1869 417 non

1048 431 1218 472 coelesti
1249 430 1327 472 sed
1359 433 1533 473 terreno
1564 432 1656 483 regi
1684 432 1870 474 militant

1046 487 1091 537 ii,
1120 487 1192 539 qui
1215 500 1296 540 pro
1316 487 1413 529 Deo
1437 488 1608 540 perpeti
1633 491 1789 541 aspera
1808 489 1869 530 fu-

1046 544 1185 594 giunt,
1214 548 1258 585 et
1282 543 1388 585 solis
1414 544 1701 586 exterioribus
1722 545 1869 596 de‘diti,

1046 600 1276 653 praesentis
1300 600 1402 642 vitae
1430 601 1658 642 mollitiem
1687 606 1730 643 et
1755 601 1868 644 dele-

1047 657 1283 698 ctationem
1304 661 1516 708 quaerunt.

1099 714 1160 755 Te
1179 713 1322 754 Deum
1340 712 1658 770 laudamus-15.

1309 790 1387 830 Ad
1413 790 1607 831 Laudes

1247 850 1296 879 et
1335 856 1432 888 pcr
1470 848 1661 884 Horas.

1095 900 1191 940 Ant.
1220 902 1247 939 1.
1288 900 1594 951 Interrogabat
1620 914 1719 942 eum
1743 903 1767 928 *
1792 914 1869 943 rex

1045 955 1192 997 multis
1223 956 1509 998 sermonibus:
1550 962 1595 998 at
1630 957 1724 1009 ipse
1764 958 1869 998 nihil

1045 1011 1107 1052 illi
1125 1012 1432 1065 respondebat,
1454 1013 1634 1065 alleluja.

1100 1071 1164 1109 Ps.
1191 1069 1403 1110 Dominus
1422 1070 1629 1120 regnavit.
1649 1071 1707 1111 16.

1093 1128 1128 1165 2.
1165 1126 1259 1167 Rex
1284 1125 1407 1167 dixit:
1432 1126 1455 1170 *f
1479 1126 1547 1168 Ne
1572 1126 1818 1185 {abscondas
1843 1141 1867 1168 a

1045 1195 1114 1223 me
1150 1181 1350 1232 verbum,
1397 1182 1517 1234 quod
1555 1188 1599 1224 te
1635 1183 1868 1234 interrogo.

1046 1238 1162 1279 Dixi:
1185 1239 1410 1280 Secretum
1429 1252 1573 1280 meum
1591 1240 1710 1291 mihi,
1730 1242 1867 1282 secre-

1045 1300 1138 1336 tum
1157 1308 1302 1337 meum
1320 1295 1434 1347 mihi,
1455 1296 1636 1348 alleluja.

1097 1354 1132 1391 3.
1171 1351 1431 1393 Affirmabat
1458 1365 1536 1394 rex
1564 1355 1588 1380 *
1616 1366 1662 1395 se
1691 1354 1870 1396 divitem

1047 1414 1090 1450 et
1113 1408 1293 1450 beatum
1318 1408 1542 1450 facturum.
1578 1409 1679 1451 Non
1709 1411 1868 1452 obedio

1045 1466 1269 1518 praecepto
1298 1465 1428 1515 regis,
1456 1466 1535 1506 sed
1564 1469 1786 1519 praecepto
1811 1467 1867 1509 le-

1045 1521 1122 1572 gis,
1144 1534 1241 1573 quae
1262 1520 1364 1562 data
1384 1526 1450 1562 est
1467 1521 1605 1571 nobis,
1626 1522 1806 1575 alleluja.

1093 1580 1130 1618 4.
1168 1578 1292 1618 Tunc
1320 1590 1414 1627 rex,
1443 1580 1650 1619 accensus
1678 1579 1759 1628 ira,
1778 1581 1802 1606 *
1825 1580 1868 1620 in

1046 1634 1159 1675 hunc
1179 1646 1310 1686 super
1331 1646 1482 1675 omnes
1502 1634 1718 1676 crude'lius
1734 1634 1868 1677 desae-

1045 1691 1133 1740 viit,
1153 1690 1334 1742 alleluja.

1098 1750 1134 1787 5.
1167 1748 1329 1788 Beatus
1353 1747 1376 1773 *
1402 1747 1476 1798 qui
1502 1747 1648 1798 lingua
1675 1760 1754 1789 sua
1781 1761 1867 1789 non

1046 1807 1112 1844 est
1135 1802 1301 1855 lapsuS‚
1329 1808 1372 1844 et
1398 1803 1471 1854 qui
1496 1816 1583 1845 non
1609 1804 1785 1846 servivit
1808 1804 1866 1845 in-

1046 1859 1186 1910 dignis
1206 1872 1264 1909 se,
1284 1859 1466 1911 alleluja.

1120 1929 1377 1981 Capitulum.
1530 1928 1658 1969 Eccli.
1673 1930 1729 1968 21.
1747 1929 1784 1968 d.

1045 1985 1222 2091 Labia
1249 1989 1590 2042 imprudentium
1618 1990 1749 2031 stulta
1774 2002 1866 2030 nar-

1146 2045 1317 2088 rabunt:
1346 2046 1480 2088 verba
1508 2051 1653 2087 autem
1680 2045 1865 2098 pruden-

1044 2102 1153 2143 tium
1191 2104 1352 2144 statera
1387 2101 1758 2155 ponderabuntur.
1816 2102 1867 2142 In

1046 2170 1123 2199 ore
1159 2158 1379 2199 fatuorum
1415 2171 1492 2199 cor
1526 2158 1712 2199 illorum:
1749 2162 1794 2199 et
1823 2158 1867 2198 in

1045 2213 1178 2256 corde
1199 2215 1458 2267 sapientium
1477 2226 1526 2255 os
1546 2214 1730 2255 illorum.

1347 2275 1552 2323 Hymnus.

1187 2336 1230 2376 ix
1249 2335 1293 2375 in
1312 2334 1546 2387 sepulchro
1566 2335 1779 2385 conditur,

1207 2391 1348 2442 Signis
1368 2391 1392 2431 J
1395 2403 1556 2432 oannes
1577 2390 1788 2444 proditur,

1148 2448 1231 2488 Per
1251 2446 1434 2488 cratium
1453 2447 1662 2499 repagula

1147 2503 1428 2545 Intermicant
1446 2503 1663 2545 miracula.

1094 2572 1178 2613 Hic
1197 2573 1287 2623 ejus
1306 2571 1456 2613 hostes
1476 2572 1592 2614 illico

1147 2628 1321 2670 Pudore
1340 2629 1486 2670 moesti
1506 2629 1697 2682 publico,

1148 2685 1312 2727 Ultrice
1331 2684 1484 2727 dextra
1502 2686 1712 2736 Numinis,

1146 2743 1304 2784 Poenas
1323 2741 1567 2795 rependunt
1587 2743 1788 2784 criminis.
1843 2758 1847 2765 ¹
