2028 2892
564 163 762 197 Dominica
792 164 886 196 inira
914 164 1097 197 Octavam
1126 164 1385 197 Asccnsjcmis.

125 258 229 311 quid
247 258 307 300 ibi
324 257 456 307 vides,
478 256 598 309 quod
617 255 818 309 displicet
837 257 945 306 Deo,

123 314 239 357 tolle.
293 312 343 363 Rz.
381 312 647 355 Ascendens.
675 313 766 354 323.

335 387 383 426 In
411 386 481 425 III.
510 386 730 426 Nocturno.

128 449 276 491 Lectio
302 447 440 489 sancti
459 447 681 498 Evangelii
707 446 945 488 secundum

423 503 449 544 J
450 506 645 545 oannem.

200 565 350 606 Lectio
372 566 438 606 vii.
639 565 740 617 Cap.
758 567 813 605 15.
830 565 867 606 d.

122 617 198 724 In
216 621 291 663 illo
309 624 522 674 tempore:
548 621 668 662 Dixit
681 621 706 661 J
709 633 808 662 esus
829 620 947 662 disci·

196 678 310 731 pulis
325 678 429 718 suis:
455 678 563 719 Cum
580 677 746 719 venerit
760 677 946 719 Paracli-

122 739 204 785 tus,
220 747 350 786 quem
360 747 441 785 ego
453 734 620 776 mittam
631 733 756 775 vobis
772 747 796 775 a
806 735 945 783 Patre,

122 790 329 843 Spiritum
343 790 548 840 veritatis,
568 790 640 842 qui
660 803 685 830 a
698 790 827 832 Patre
847 803 945 843 pro-

125 846 255 896 cedit,
283 846 354 888 ille
381 847 675 888 testimonium
699 846 946 900 perhibebit

125 901 179 944 de
198 915 278 944 me.
305 903 362 944 Et
380 903 556 955 reliqua.

128 980 314 1022 Homilia
328 981 467 1022 sancti
479 982 712 1032 Augustini
726 982 946 1034 Episcopi.

262 1048 464 1084 Tractatus
482 1051 533 1083 92.
554 1051 587 1083 in
607 1051 804 1084 Joannem.

138 1125 140 1155 ;
163 1122 173 1153 5
194 1106 221 1150 ξ»,
257 1098 425 1140 ominus
473 1099 599 1140 Jesus
649 1098 693 1138 in
736 1101 945 1147 sermone,

137 1162 141 1204 ξ
165 1157 193 1202 μ’
208 1167 215 1184 ³
283 1167 411 1206 quem
435 1155 607 1197 locutus
631 1160 697 1196 est
721 1153 946 1207 discipulis

137 1208 170 1228 ἰ
281 1211 369 1252 suis
393 1217 496 1264 post
517 1224 696 1261 coenam,
720 1211 945 1263 proximus

122 1267 328 1320 passioni,
355 1273 578 1320 tamquam
604 1268 753 1317 iturus,
781 1273 824 1309 et
851 1267 945 1308 reli-

123 1327 270 1366 ctarus
317 1337 394 1366 eos
438 1324 672 1377 praesentia
715 1324 945 1376 corporali,

123 1393 221 1422 cum
245 1380 444 1422 omnibus
463 1386 607 1422 autem
627 1380 715 1421 suis
741 1393 879 1431 usque
903 1380 945 1420 in

123 1437 538 1478 consummationem
582 1436 730 1477 saeculi
777 1436 946 1478 futarus

122 1492 354 1544 praesentia
378 1492 571 1545 spiritali,
600 1491 854 1534 exhortatus
880 1498 946 1533 est

123 1560 200 1589 eos
228 1547 283 1590 ad
311 1548 592 1601 perferendas
619 1548 946 1601 persecutiones

122 1604 363 1657 impiorum,
376 1617 486 1656 quos
501 1604 650 1647 mundi
664 1605 836 1646 nomine
851 1618 948 1646 nun-

123 1661 317 1714 cupavit:
363 1674 417 1703 ex
462 1674 549 1713 quo
594 1667 739 1703 tamen
782 1660 946 1703 mundo

124 1717 254 1759 etiam
278 1717 399 1770 ipsos
425 1717 664 1770 discipulos
688 1731 734 1759 se
763 1717 946 1768 elegisse

125 1772 247 1815 dixit:
269 1779 317 1816 ut
336 1773 494 1816 scirent
513 1786 559 1815 se
578 1774 661 1815 Dei
681 1775 819 1825 gratia
839 1787 946 1824 esse,

126 1829 245 1881 quod
264 1835 376 1880 sunt;
400 1830 487 1871 suis
507 1836 652 1872 autem
670 1830 784 1873 vitiis
803 1831 946 1881 fuisse,

125 1885 245 1931 Quod
262 1886 444 1928 fuerunt.

180 1946 226 1997 Η.
245 1943 340 1994 Ego
359 1943 526 1994 rogabo
544 1944 734 1993 Patrem,
755 1948 798 1984 et
816 1943 948 1984 alium

124 1999 387 2041 Paraclitum
414 2000 535 2054 dabit
562 2000 699 2049 vobis,
729 2004 749 2025 *
775 2000 834 2042 Ut
859 2002 946 2041 ma-

125 2061 226 2096 neat
245 2055 471 2097 vobiscum
493 2070 537 2097 m
562 2058 789 2104 aeternum,
816 2056 946 2108 Spiri-

125 2116 219 2152 tum
237 2111 448 2161 veritatis,
473 2112 654 2164 alleluja.
691 2109 738 2159 V.
766 2113 810 2154 Si
834 2113 947 2153 enim

125 2180 212 2209 non
236 2167 399 2217 abiero,
426 2168 667 2210 Paraclitus
695 2181 782 2210 non
805 2169 947 2210 veniet

125 2223 182 2265 ad
209 2236 305 2265 vos:
341 2224 378 2264 si
405 2229 548 2266 autem
577 2225 741 2274 abiero,
778 2225 947 2267 mittam

126 2293 224 2321 eum
243 2279 299 2322 ad
318 2293 408 2322 vos.
437 2281 494 2322 Ut
513 2283 696 2322 maneat.

415 2342 561 2382 Lectio
582 2342 662 2380 viii.

106 2393 342 2498 ’Deinde
370 2400 674 2449 persecutores
703 2404 746 2439 et
773 2411 875 2438 suos
903 2403 947 2439 et

248 2453 460 2505 ipsorum,
501 2452 679 2495 Judaeos
724 2452 946 2495 evidenter

127 2508 355 2561 expressit:
403 2514 450 2550 ut
495 2511 670 2550 omnino
715 2511 946 2562 appareret

127 2564 255 2605 etiam
277 2564 398 2617 ipsos
421 2564 571 2606 mundi
594 2564 851 2606 damnabilis
874 2578 946 2617 ap-

127 2619 359 2671 peUatione
401 2621 647 2670 conclusos,
689 2621 762 2672 qui
802 2633 946 2673 perse-

129 2677 316 2725 quantur
343 2682 528 2718 sanctos
565 2677 759 2729 Cumque
785 2675 839 2718 de
863 2676 947 2718 illis

998 255 1177 307 diceret,
1214 257 1334 309 quod
1368 258 1619 309 ignorarent
1651 271 1766 307 eum,
1799 272 1823 299 a

998 326 1085 364 quo
1105 314 1262 354 missus
1282 319 1362 363 est3
1391 319 1434 356 et
1457 320 1603 356 tamen
1628 314 1824 356 odissent

998 375 1041 411 et
1068 370 1241 420 Filium,
1270 376 1313 412 et
1340 371 1529 419 Patrem,
1557 370 1643 412 hoc
1671 376 1752 421 est,
1781 377 1824 413 et

998 439 1097 467 eum
1121 427 1195 478 qui
1212 427 1369 467 missus
1389 431 1471 476 est,
1495 433 1538 468 et
1563 440 1662 468 eum
1686 440 1711 467 a
1736 440 1823 479 quo

997 483 1154 523 missus
1174 488 1254 524 est:
1279 482 1349 533 (de
1375 483 1532 534 quibus
1558 483 1758 524 omnibus
1780 484 1824 523 in

998 539 1093 579 aliis
1121 539 1392 580 sermonibus
1417 540 1499 591 iam
1527 538 1824 591 disseruimus)

998 594 1054 636 ad
1072 595 1158 637 hoc
1176 596 1384 648 pervenit,
1410 595 1483 637 ubi
1504 596 1577 637 ait:
1610 595 1669 637 Ut
1693 595 1824 637 adim-

998 652 1170 704 pleatur
1198 665 1352 700 sermo,
1383 653 1455 703 qui
1483 653 1526 692 in
1554 652 1649 703 lege
1675 655 1825 693 eorum

999 708 1186 760 scriptus
1206 714 1286 750 est:
1319 709 1429 759 Quia
1454 707 1557 750 odio
1582 708 1826 750 habuerunt

997 777 1066 805 me
1085 765 1230 815 gratis.

1054 825 1102 875 R.
1118 820 1162 861 Si
1178 821 1291 862 enim
1306 834 1393 862 non
1409 821 1569 871 abiero,
1584 821 1826 863 Paraelitus

998 889 1085 918 non
1099 877 1242 918 veniet
1260 876 1316 918 ad
1336 890 1430 918 vos:
1450 877 1485 918 si
1506 883 1650 919 autem
1666 877 1827 925 abiero,

998 933 1165 974 mittam
1186 946 1284 974 eum
1304 933 1360 975 ad
1385 947 1475 975 vos.
1506 939 1525 958 *
1552 934 1661 975 Cum
1680 940 1825 975 autem

998 990 1164 1031 venerit
1199 990 1286 1039 ille,
1324 989 1500 1032 docebit
1536 1004 1616 1032 vos
1653 1003 1826 1032 omnem

997 1045 1236 1096 veritatem,
1271 1046 1452 1098 alleluja.
1501 1043 1547 1093 Y.
1577 1047 1679 1088 Non
1712 1047 1825 1088 enim

997 1101 1201 1153 loquetur
1238 1115 1262 1143 a
1299 1105 1552 1155 semetipso:
1595 1102 1673 1144 sed
1711 1115 1825 1154 quae-

998 1161 1184 1209 cumque
1213 1157 1371 1209 audiet,
1399 1159 1617 1210 loquetur:
1650 1165 1693 1200 et
1727 1172 1825 1210 quae

998 1217 1181 1255 ventura
1217 1220 1331 1262 sunt,
1378 1215 1648 1256 annuntiabit
1688 1214 1825 1256 vobis.

999 1271 1106 1311 Cum
1141 1277 1295 1312 autem.
1354 1271 1501 1312 Gloria
1532 1272 1662 1313 Patri.
1717 1271 1825 1312 Cum

998 1332 1154 1368 autem.

1304 1383 1450 1422 Lectio
1473 1383 1523 1420 ix.

1003 1433 1215 1537 Deinde
1251 1446 1473 1491 tamquam
1507 1444 1825 1492 consequenter

1114 1495 1318 1548 adjanxit,
1329 1495 1443 1537 unde
1454 1496 1588 1538 modo
1600 1496 1824 1549 disputare

999 1552 1283 1604 suscepimus:
1323 1552 1438 1593 'Cum
1475 1558 1619 1594 autem
1660 1552 1825 1593 venerit

999 1607 1250 1658 Paraclitus,
1272 1621 1402 1660 quem
1417 1621 1499 1659 ego
1515 1608 1683 1650 mittam
1698 1608 1824 1650 vobis

1000 1677 1024 1705 a
1051 1665 1196 1714 Patre,
1224 1665 1431 1717 Spiritum
1459 1665 1670 1714 veritatis,
1699 1665 1772 1716 qui
1800 1678 1825 1705 a

998 1721 1127 1762 Patre
1164 1720 1381 1773 procedit,
1417 1720 1489 1762 ille
1530 1721 1824 1762 testimonium

998 1776 1245 1830 perhibebit
1269 1776 1323 1818 de
1347 1790 1433 1819 me:
1461 1783 1504 1819 et
1527 1790 1608 1819 vos
1632 1777 1825 1818 testimo-

999 1834 1117 1874 nium
1147 1832 1447 1886 perhibebitis,
1481 1834 1582 1885 quia
1616 1833 1670 1875 ab
1702 1833 1824 1875 initio

998 1902 1169 1931 mecum
1189 1890 1303 1931 estis.
1332 1889 1447 1940 Quid
1461 1889 1546 1931 hoc
1560 1890 1748 1942 pertinet
1769 1889 1825 1931 ad

998 1945 1106 1987 illud
1143 1945 1262 1997 quod
1295 1945 1478 1988 dixerat:
1519 1946 1646 1987 Nunc
1680 1951 1824 1987 autem

1000 2007 1043 2043 et
1070 2001 1286 2052 viderunt,
1315 2008 1358 2044 et
1386 2002 1571 2044 oderunt
1599 2007 1642 2043 et
1668 2015 1752 2051 me,
1782 2007 1824 2042 et

998 2058 1172 2099 Patrem
1203 2071 1363 2108 meum,
1397 2058 1475 2100 sed
1510 2064 1558 2100 ut
1593 2057 1824 2110 impleatur

999 2126 1153 2164 sermo,
1180 2115 1253 2166 qui
1276 2114 1319 2155 in
1342 2115 1438 2166 lege
1463 2117 1613 2156 eorum
1637 2114 1823 2166 scriptus

999 2175 1078 2211 est:
1112 2170 1223 2220 Quia
1246 2169 1349 2212 odio
1373 2170 1616 2212 habuerunt
1638 2181 1707 2210 me
1730 2182 1823 2219 gra-

997 2225 1075 2267 tis?
1126 2226 1195 2266 An
1233 2227 1334 2279 quia
1369 2226 1610 2268 Paraclitus
1648 2224 1822 2276 quando

999 2283 1115 2324 venit
1134 2283 1319 2335 Spiritus
1338 2283 1543 2331 veritatis,
1564 2294 1652 2330 eOS,
1673 2281 1746 2332 qui
1765 2281 1823 2322 vi-

999 2337 1165 2388 derunt,
1190 2344 1233 2380 et
1253 2338 1449 2387 oderunt,
1469 2337 1717 2379 testimonio
1736 2350 1822 2378 ma-

998 2394 1219 2436 nifestiore
1235 2392 1443 2436 convicit?
1463 2394 1556 2434 Imo
1572 2405 1677 2434 vero
1693 2393 1823 2434 etiam

1000 2450 1169 2502 aliquos
1190 2464 1243 2492 ex
1261 2450 1345 2491 illis
1366 2450 1439 2501 qui
1458 2448 1668 2499 viderunt,
1689 2454 1731 2491 et
1751 2449 1822 2491 ad-

998 2505 1082 2548 huc
1102 2505 1294 2555 oderant,
1310 2505 1366 2547 ad
1384 2504 1527 2554 fidem,
1548 2517 1646 2556 quae
1664 2518 1743 2557 per
1763 2505 1822 2547 di-

998 2562 1228 2604 lectionem
1248 2563 1468 2614 operatur,
1497 2561 1562 2602 sui
1580 2561 1822 2603 manifesta-

998 2618 1115 2659 tione
1136 2617 1359 2659 convertit.

1052 2681 1113 2720 Te
1132 2679 1273 2720 Deum
1291 2676 1528 2719 laudamus.
1556 2678 1615 2719 15.
