2028 2892
559 161 658 194 Infra
684 161 973 194 chdomadam
998 161 1046 194 iv.
1071 160 1390 200 ‹Quadi-agesimo

137 269 191 298 ex
216 256 393 308 obliquo
416 256 630 297 Dominus
654 256 795 298 Deum
820 270 867 298 se
891 256 951 298 di-

136 313 214 354 xit:
245 317 428 366 propter
455 311 668 364 quosdam
695 312 767 364 qui
795 318 952 364 negant

136 369 291 410 Filium
308 368 392 410 Dei
410 368 552 410 Deum
571 381 676 410 esse.

186 426 236 477 R.
262 424 438 477 Moyses
457 425 652 466 famulus.
669 425 755 466 174.

187 484 257 525 Ad
288 483 447 524 Bened.
491 484 589 523 Ant.
629 481 820 523 Lazarus
852 485 951 523 ami-

137 549 214 579 cus
237 541 387 579 noster
404 537 428 563 *
453 537 627 579 dormit:
659 540 822 588 eamus,
855 543 898 580 et
927 552 951 580 a

138 606 292 636 somno
312 594 547 636 excitemus
566 607 675 636 eum.

465 655 625 696 Oratio.

135 706 315 812 Deus,
338 707 412 759 qui
434 707 723 750 ineffabilibus
745 707 951 749 mundum

238 764 423 805 renovas
459 765 753 806 sacramentis:
791 769 951 817 praesta

137 820 399 871 quaesumus3
431 825 479 862 ut
505 820 702 862 Ecclesia
729 826 803 862 tua
831 826 874 863 et
897 834 950 862 ae-

135 876 270 916 ternis
295 877 497 929 proficiat
523 878 747 928 institutis,
779 882 821 919 et
847 882 950 919 tem-

134 931 360 984 poralibus
383 946 470 975 non
494 933 753 976 destituatur
773 934 951 975 auxiliis.

134 987 218 1029 Per
236 988 482 1031 Dominum.

188 1052 313 1087 Hodie
341 1052 411 1086 dic.
436 1052 579 1086 Psalmi
605 1051 903 1085 poenitentiales.

186 1104 255 1145 Ad
288 1105 459 1155 Magnis.
500 1104 597 1144 Ant.
638 1103 837 1153 Domine,
864 1103 887 1129 *
916 1103 951 1144 si

136 1157 293 1199 fuisses
308 1157 388 1207 hic,
406 1158 598 1200 Lazarus
613 1172 699 1201 non
715 1164 829 1201 esset
841 1161 951 1200 mor-

136 1218 250 1255 tuus:
273 1226 374 1256 ecce
395 1215 479 1267 jam
497 1215 621 1258 foetet
641 1215 953 1268 quatriduanus

135 1269 180 1311 in
197 1272 488 1312 monumento.

469 1329 630 1369 Oratio.

223 1396 249 1424 a
262 1383 399 1434 nobis,
416 1386 664 1436 quaesmus
680 1388 953 1438 omnipotens

239 1440 374 1482 Deus:
409 1445 457 1482 ut
489 1441 562 1492 qui
592 1441 853 1483 infirmitatis
880 1455 953 1483 no-

139 1501 242 1537 strae
262 1497 441 1546 conscii,
469 1496 523 1539 de
546 1502 622 1539 tua
645 1498 804 1540 virtute
826 1499 954 1541 confi-

139 1551 296 1603 dimus,
344 1553 423 1595 sub
465 1558 542 1595 tua
582 1567 754 1607 semper
792 1556 954 1608 pietate

137 1608 413 1660 gaudeamus.
440 1610 523 1653 Per
540 1611 785 1653 Dominum.

405 1713 690 1752 Sabbata

139 1765 291 1808 Lectio
315 1767 453 1808 sancti
472 1768 695 1820 Evangelii
717 1768 955 1810 secundum

436 1824 461 1864 J
463 1826 658 1866 oannem.

239 1880 389 1921 Lectio
410 1880 434 1920 i.
643 1879 743 1929 Cap.
759 1878 795 1917 8.
812 1877 851 1917 b.

139 1929 214 2036 In
237 1935 312 1977 illo
337 1937 549 1989 tempore:
580 1937 773 1979 Locutus
799 1942 865 1979 est
887 1938 953 1978 Je-

211 2004 284 2032 sus
315 1992 456 2034 turbis
486 1993 753 2043 Judaeorum‚
791 1993 954 2035 dicens:

139 2047 234 2098 Ego
260 2059 356 2089 sum
379 2048 454 2090 lux
478 2049 639 2091 mundi:
669 2050 741 2102 qui
760 2049 954 2102 sequitur

139 2116 224 2152 me,
252 2117 339 2145 non
364 2105 556 2147 ambulat
577 2106 620 2146 in
643 2106 849 2154 tenebris,
877 2104 955 2146 sed

141 2158 318 2202 habebit
336 2161 481 2203 lumen
499 2163 611 2204 vitae.
639 2163 695 2203 Et
713 2162 888 2213 reliqua.

142 2228 328 2270 Homilia
343 2231 481 2272 sancti
491 2231 723 2283 Augustini
736 2230 954 2283 Episcopi.

214 2290 336 2323 Tract.
354 2291 404 2323 34.
424 2291 459 2323 in
477 2290 678 2325 Joanncm,
696 2293 783 2331 post
801 2288 877 2320 init.

160 2342 322 2401 (5³le
341 2343 400 2383 ait
416 2343 639 2392 Dominus,
659 2344 752 2392 Ego
768 2356 861 2383 sum
880 2342 953 2382 lux

155 2394 228 2436 w
244 2399 407 2450 mundi;
436 2399 601 2441 clarum
627 2404 733 2452 puto
760 2411 854 2440 esse
881 2398 953 2446 eis,

143 2457 216 2508 qui
234 2457 395 2498 habent
414 2456 582 2505 oculos,
611 2455 725 2496 unde
750 2455 871 2505 hujus
894 2454 953 2494 lu-

142 2513 204 2553 cis
222 2513 457 2566 participes
476 2512 595 2553 fiant:
615 2512 688 2564 qui
707 2515 849 2552 autem
867 2522 954 2550 non

142 2568 303 2610 habent
329 2569 496 2618 oculos,
523 2568 605 2609 nisi
631 2568 674 2608 in
698 2567 791 2608 sola
816 2577 954 2614 carne,

142 2625 353 2666 mirantur
382 2624 501 2677 quod
534 2624 697 2665 dictum
725 2627 790 2663 est
817 2634 842 2662 a
868 2621 954 2661 Do-

142 2680 259 2722 mino
286 2681 310 2721 J
313 2693 390 2722 esu
417 2680 606 2722 Christo:
637 2679 731 2730 Ego
760 2690 854 2718 sum
881 2676 954 2717 lux

1002 257 1162 298 mundi.
1194 258 1251 300 Et
1274 258 1384 300 forte
1411 272 1496 300 non
1520 260 1632 302 desit
1657 261 1729 312 qui
1750 260 1810 302 di-

1003 318 1074 355 cat
1107 314 1224 366 apud
1255 318 1547 368 semetipsum:
1590 316 1810 370 Numquid

1002 369 1114 411 forte
1149 370 1361 412 Dominus
1401 371 1596 413 Christus
1639 378 1703 414 est
1746 373 1810 414 sol

1002 426 1102 475 iste,
1139 427 1212 478 qui
1247 432 1344 468 ortu
1380 433 1423 469 et
1456 430 1613 470 occasu
1643 430 1810 481 peragit

1004 481 1140 523 diem?
1167 482 1268 524 Non
1292 484 1405 525 enim
1431 483 1656 526 defuerunt
1679 485 1810 527 haere—

1002 538 1093 588 tici,
1121 539 1194 591 qui
1212 539 1295 580 ista
1313 541 1550 581 senserunt.
1585 541 1811 582 Manichaei

1003 594 1140 636 solem
1164 596 1294 636 istum
1322 596 1457 637 oculis
1484 597 1648 638 carneis
1671 597 1811 639 visibi-

1002 650 1102 701 lem,
1136 653 1380 704 expositum
1408 658 1451 694 et
1478 652 1698 705 publicum
1724 666 1812 694 non

1002 711 1169 749 tantum
1193 708 1453 758 hominibus,
1486 709 1564 750 sed
1589 710 1717 750 etiam
1741 722 1810 762 pe-

1004 763 1177 805 coribus
1223 764 1278 806 ad
1322 765 1555 807 videndum
1598 765 1812 806 Christum

1002 821 1234 862 Dominum
1256 834 1350 863 esse
1368 823 1639 874 putaverunt.

1058 882 1107 930 R.
1131 877 1366 930 Splendida
1384 877 1507 919 facta.
1527 878 1612 918 175.

1306 936 1451 976 Lectio
1472 936 1508 974 ii.

1073 990 1128 1032 ed
1152 990 1376 1032 catholicae
1394 990 1600 1032 Ecclesiae
1625 995 1742 1032 recta
1767 991 1810 1031 fi-

1084 1047 1161 1089 des
1179 1046 1396 1099 improbat
1413 1047 1499 1088 tale
1514 1049 1812 1096 commentum,

1008 1109 1051 1145 et
1070 1103 1326 1145 diabolicam
1345 1103 1583 1145 doctrinam
1602 1116 1696 1144 esse
1716 1116 1811 1153 cog-

1007 1161 1166 1201 noscit:
1204 1173 1284 1201 nec
1323 1159 1461 1200 solum
1498 1160 1691 1210 agnoscit
1727 1173 1813 1201 cre-

1008 1216 1166 1266 dendo,
1196 1215 1273 1257 sed
1301 1216 1344 1256 in
1369 1215 1524 1268 quibus
1547 1220 1692 1268 potest
1717 1229 1812 1257 con-

1007 1273 1140 1314 vincit
1172 1273 1301 1313 etiam
1333 1272 1603 1324 disputando.
1651 1272 1813 1324 Impro-

1006 1329 1157 1370 bemus
1180 1331 1325 1380 itaque
1350 1328 1592 1380 hujusmodi
1615 1330 1814 1377 errorem,

1007 1398 1134 1437 quem
1153 1390 1299 1426 sancta
1322 1385 1375 1426 ab
1399 1385 1518 1426 initio
1538 1384 1813 1425 anathemati-

1005 1443 1121 1483 zavit
1156 1441 1359 1483 Ecclesia.
1416 1441 1515 1482 Non
1558 1440 1814 1481 arbitremur

1006 1498 1239 1539 Dominum
1269 1498 1415 1539 Jesum
1448 1496 1665 1537 Christum
1700 1495 1813 1536 hunc

1007 1567 1101 1596 esse
1117 1554 1263 1604 solem,
1285 1567 1413 1606 quem
1433 1552 1626 1594 videmus
1645 1552 1746 1593 oriri
1759 1551 1812 1592 ab

1007 1612 1193 1660 Oriente,
1211 1610 1408 1652 occidere
1423 1610 1465 1650 in
1481 1608 1727 1650 Occidente:
1746 1621 1814 1648 cu-

1007 1669 1071 1720 jus
1091 1667 1233 1709 cursui
1251 1679 1338 1708 nox
1353 1665 1554 1714 succedit,
1574 1666 1691 1716 cujus
1706 1663 1814 1704 radii

1006 1724 1120 1765 nube
1152 1722 1476 1765 obumbrantur:
1511 1721 1583 1773 qui
1614 1725 1731 1762 certa
1761 1719 1814 1760 de

1006 1780 1104 1821 loco
1123 1780 1166 1820 in
1184 1779 1327 1821 locum
1345 1778 1536 1820 motione
1554 1776 1814 1827 commigrat.

1005 1836 1105 1877 Non
1143 1841 1208 1877 est
1245 1835 1328 1876 hoc
1364 1834 1574 1875 Dominus
1611 1832 1814 1873 Christus.

1005 1892 1105 1934 Non
1130 1897 1196 1934 est
1218 1891 1430 1932 Dominus
1451 1889 1645 1930 Christus
1670 1887 1735 1929 sol
1757 1887 1813 1928 fa-

1006 1954 1116 1998 ctm,
1141 1948 1218 1989 sed
1242 1960 1320 2000 per
1345 1959 1472 1999 quem
1496 1945 1561 1986 sol
1580 1945 1718 1985 factus
1738 1947 1811 1984 est.

1007 2005 1161 2046 Omnia
1186 2004 1296 2045 enim
1319 2015 1398 2057 per
1416 2003 1557 2054 ipsum
1574 2001 1686 2041 facta
1704 2003 1811 2047 sunt,

1006 2065 1050 2102 et
1069 2061 1160 2102 sine
1178 2061 1276 2112 ipso
1295 2059 1455 2100 factum
1474 2061 1540 2098 est
1558 2055 1670 2097 nihil.

1060 2118 1107 2167 Rv.
1132 2117 1245 2157 Ecce
1263 2115 1398 2156 mitto.
1418 2114 1501 2154 175.

1302 2168 1450 2208 Lectio
1472 2167 1524 2205 iii.

1007 2224 1131 2327 Est
1150 2240 1253 2278 ergo
1272 2227 1362 2276 lux,
1380 2238 1476 2277 quae
1499 2223 1598 2265 fecit
1619 2221 1728 2262 hanc
1751 2220 1810 2284 lu-

1094 2297 1198 2325 cem.
1236 2283 1360 2324 Hanc
1387 2282 1590 2327 amemuS,
1617 2277 1727 2317 hanc
1752 2290 1810 2316 1n-

1005 2340 1198 2390 telligere
1213 2339 1442 2391 cupiamus,
1456 2337 1593 2387 ipsam
1608 2333 1810 2381 sitiamus,

1005 2402 1052 2438 ut
1080 2395 1135 2437 ad
1160 2396 1297 2448 ipsam
1323 2393 1431 2434 duce
1458 2391 1551 2443 ipsa
1577 2388 1809 2440 aliquando

1005 2453 1240 2494 veniamus:
1280 2455 1323 2491 et
1354 2449 1396 2488 in
1414 2447 1486 2487 illa
1516 2446 1575 2486 ita
1606 2444 1810 2492 vivamus,

1005 2513 1052 2549 ut
1086 2519 1318 2559 numquam
1360 2505 1531 2545 omnino
1567 2500 1810 2541 moriamur.

1005 2565 1095 2605 Ista
1114 2563 1225 2605 enim
1243 2562 1317 2602 lux
1336 2564 1415 2607 est,
1441 2557 1495 2599 de
1521 2569 1605 2608 qua
1628 2555 1809 2608 prophe-

1002 2620 1065 2662 tia
1094 2619 1196 2660 olim
1225 2617 1449 2669 praemissa
1480 2613 1540 2654 ita
1568 2613 1612 2652 in
1640 2611 1809 2665 Psalmo

1006 2675 1173 2716 cecinit:
1198 2671 1409 2722 Quoniam
1432 2668 1548 2721 apud
1570 2673 1613 2709 te
1632 2672 1698 2708 est
1715 2666 1810 2707 fons
