2028 2892
798 177 1001 212 Dominica
1027 180 1065 213 in
1091 180 1213 214 Albis.

151 265 272 308 debit
292 279 368 308 cor
386 271 596 317 vestrum,
619 272 664 309 et
681 268 889 318 gaudium
907 281 978 310 ve-

150 326 288 362 strum
306 334 436 363 nemo
456 322 582 364 tollet
600 336 626 364 a
644 323 782 365 vobis.

200 384 250 435 R,
304 378 482 419 Virtute
530 391 689 430 magna
734 379 978 421 reddebant

149 432 373 485 Apostoli,
394 441 415 464 *
444 434 764 476 Testimonium
788 448 977 476 resurre-

150 489 307 530 ctionis
323 489 348 529 J
351 502 429 530 esu
449 489 610 532 Christi
630 491 809 532 Domini
828 491 976 540 nostri,

148 543 336 596 alleluja,
369 545 550 597 alleluja.
590 548 641 599 V,
677 547 855 598 Repleti
887 547 975 598 qui-

149 599 250 641 dem
285 600 451 652 Spiritu
492 607 646 644 sancto
683 602 976 654 loquebantur

149 668 248 696 cum
283 655 445 698 fiducia
481 658 665 699 verbum
698 659 791 699 Dei.
836 658 975 699 Testi-

147 711 354 753 monium.
401 712 552 754 Gloria
582 714 714 756 Patri.
760 714 975 755 Testimo-

147 767 277 808 nium.

367 842 415 880 In
434 843 505 881 III.
525 844 747 885 Noeturno.

195 903 295 943 Ant.
330 902 531 953 Alleluja,
555 902 660 943 Noli
679 902 802 952 flere,
826 903 974 952 Maria,

146 956 332 1009 alleluja:
357 959 597 1000 resurrexit
616 958 847 1007 Dominus,
873 958 973 1000 alle-

145 1012 241 1064 luja,
261 1013 442 1065 alleluJa.

193 1064 243 1116 V.
268 1069 419 1110 Gavisi
438 1074 539 1111 sunt
559 1069 772 1122 discipuli,
792 1070 973 1123 allehija.

140 1128 191 1179 R.
213 1125 323 1166 Viso
343 1126 546 1176 Domino,
567 1126 749 1178 alleluja.

146 1192 299 1234 Lectio
325 1193 463 1235 sancti
480 1194 708 1244 Evangelii
732 1195 972 1236 secundum

446 1249 471 1290 J
473 1251 670 1291 oannem.

217 1310 369 1352 Lectio
392 1312 459 1352 vii.
651 1315 753 1366 Cap.
768 1317 839 1356 20.
857 1330 890 1357 c.

189 1377 218 1404 n
245 1363 319 1404 illo
346 1366 563 1417 tempore:
591 1364 700 1406 Cum
726 1377 825 1406 sero
855 1372 972 1408 esset

208 1419 278 1461 die
298 1418 391 1469 illo,
415 1432 501 1461 una
521 1419 821 1470 sabbatorum,
847 1427 890 1462 et
909 1422 970 1462 fo-

141 1487 212 1516 res
232 1481 380 1517 essent
398 1476 576 1524 clausae,
601 1475 676 1517 ubi
701 1481 824 1517 erant
844 1476 969 1518 disci-

140 1530 234 1582 puli
279 1531 533 1582 congregati
577 1536 760 1583 propter
804 1537 970 1574 metum

140 1586 166 1626 J
167 1586 411 1628 udaeorum:
430 1587 549 1628 venit
564 1587 589 1627 J
592 1599 704 1637 esuS,
724 1592 768 1629 et
787 1589 909 1630 stetit
925 1589 968 1629 in

139 1642 303 1693 medio,
327 1647 371 1684 et
391 1642 501 1684 dixit
520 1643 599 1684 eis:
626 1643 719 1683 Pax
738 1643 876 1684 vobis.
911 1645 969 1686 Et

139 1697 318 1750 reliqua.

188 1767 380 1809 Homilia
399 1767 539 1808 sancti
559 1767 763 1818 Gregorii
781 1768 925 1820 Papae.

286 1830 456 1864 Homilia
474 1831 526 1864 215.
546 1831 582 1864 in
602 1831 823 1873 Evangelia.

277 1880 363 1920 ima
385 1880 588 1921 lectionis
608 1879 734 1930 hujus
754 1880 967 1931 evangeli-

140 1878 335 2017 Hcae
368 1936 555 1987 quaestio
588 1935 780 1975 animum
806 1935 967 1987 pulsat:

217 2033 225 2043 ,
272 1991 497 2043 quomodo
542 1995 647 2043 post
687 1992 966 2032 resurrectio-

138 2059 239 2087 nem
284 2059 445 2099 corpus
490 2046 770 2087 Dominicum
814 2059 967 2087 verum

138 2102 232 2152 fuit,
269 2101 388 2153 quod
411 2102 572 2143 clausis
595 2101 734 2153 januis
759 2101 815 2143 ad
841 2101 965 2143 disci-

138 2157 268 2209 pulos
300 2157 471 2208 ingredi
501 2155 670 2210 potuit?
711 2157 798 2198 Sed
830 2158 965 2198 scien-

139 2212 244 2254 dum
262 2212 390 2254 nobis
410 2218 487 2263 est,
507 2212 628 2264 quod
648 2212 794 2254 divina
813 2215 965 2264 opera·

137 2268 212 2318 tio,
231 2268 268 2309 si
282 2268 452 2310 ratione
467 2267 861 2320 comprehenditur,
876 2280 964 2308 non

139 2329 206 2365 est
243 2323 531 2365 admirabilis:
566 2336 649 2364 nec
684 2323 796 2364 fides
832 2323 965 2364 habet

137 2380 350 2429 meritum,
370 2380 440 2421 cui
457 2379 646 2420 humana
665 2379 778 2420 ratio
794 2379 964 2431 praebet

139 2435 494 2486 experimentum.
530 2434 617 2476 Sed
644 2434 740 2476 haec
766 2435 862 2486 ipsa
888 2446 963 2474 no-

138 2490 217 2530 stri
249 2490 560 2542 Redemptoris
594 2492 745 2542 opera,
779 2502 876 2541 quae
909 2501 963 2530 ex

138 2546 385 2598 semetipsis
438 2545 751 2598 comprehendi
803 2546 962 2595 nequa-

139 2612 270 2651 quam
287 2606 490 2653 possunt,
517 2614 572 2642 ex
596 2601 681 2641 alia
701 2601 790 2651 ejus
810 2612 962 2651 opera-

1789 181 1853 216 271

1030 268 1240 311 rabilibus
1288 271 1420 313 fidem
1467 275 1695 326 praebeant
1739 277 1854 318 facta

1029 325 1305 367 mirabiliora.
1328 327 1443 370 Illud
1459 331 1573 371 enim
1590 344 1752 384 corpus
1766 333 1852 374 Do-

1028 381 1135 421 mini
1162 381 1340 423 intravit
1370 384 1427 424 ad
1452 385 1690 438 discipulos
1715 388 1852 439 januis

1030 436 1200 486 clausis,
1219 438 1338 488 quod
1351 439 1554 483 videlicet
1570 442 1626 483 ad
1640 442 1852 484 humanos

1029 492 1181 533 oculos
1195 506 1275 545 per
1288 495 1557 538 nativitatem
1572 511 1693 539 suam
1704 499 1852 540 clauso

1029 548 1164 589 exivit
1196 551 1323 590 utero
1353 551 1557 601 Virginis.
1602 554 1716 603 Quid
1747 567 1850 605 ergo

1027 603 1199 653 mirum,
1231 605 1268 645 si
1300 605 1460 647 clausis
1492 608 1627 659 januis
1658 615 1761 661 post
1788 624 1851 652 re-

1028 660 1346 702 surrectionem
1393 675 1515 703 suam
1557 664 1600 704 in
1642 667 1851 706 aeternum

1027 715 1111 765 jam
1135 716 1330 757 victurus
1355 717 1549 768 intravit,
1579 720 1652 771 qui
1674 722 1851 762 moritu-

1027 783 1100 811 rus
1118 772 1308 821 veniens,
1332 786 1420 814 non
1439 777 1592 826 aperto
1612 779 1736 816 litero
1756 777 1851 817 Vir-

1026 826 1138 876 ginis
1158 827 1314 868 exivit?

1080 887 1130 937 R2.
1168 883 1235 924 De
1273 895 1348 925 ore
1385 884 1612 936 prudentis
1650 887 1851 937 procedit

1025 938 1127 988 mel,
1165 938 1350 990 alleluja:
1388 940 1575 981 dulcedo
1611 942 1751 982 mellis
1785 948 1850 984 est

1026 994 1106 1035 sub
1134 994 1279 1045 lingua
1307 996 1414 1046 ejus,
1442 995 1626 1047 alleluja:
1655 1002 1677 1025 *
1705 998 1848 1038 Favus

1026 1049 1242 1091 distillans
1265 1050 1382 1092 labia
1406 1052 1512 1102 ejus,
1538 1052 1723 1103 alleluja,
1748 1054 1847 1094 alle-

1024 1104 1120 1156 luja.
1182 1104 1231 1154 V.
1273 1106 1494 1158 Sapientia
1534 1108 1768 1159 requiescit
1804 1109 1847 1148 in

1025 1161 1160 1202 corde
1181 1162 1286 1212 ejus,
1311 1166 1355 1203 et
1373 1162 1606 1214 prudentia
1624 1163 1667 1203 in
1688 1166 1847 1205 sermo-

1023 1229 1079 1257 ne
1099 1218 1188 1258 oris
1207 1216 1331 1257 illius.
1359 1218 1513 1259 Favus.

1310 1276 1460 1315 Lectio
1483 1277 1562 1315 viii.

1026 1324 1153 1429 Sed
1178 1328 1279 1378 quia
1307 1329 1364 1369 ad
1389 1329 1495 1370 illud
1522 1341 1701 1381 corpuS,
1730 1331 1847 1381 quod

1110 1382 1248 1423 videri
1263 1385 1449 1435 poterat,
1465 1384 1574 1424 fides
1589 1385 1847 1426 intuentium

1023 1437 1267 1479 dubitabat:
1309 1439 1501 1480 ostendit
1545 1439 1607 1479 eis
1647 1441 1846 1491 protinus

1022 1505 1176 1533 manus
1207 1499 1251 1535 et
1286 1494 1416 1535 latus:
1453 1494 1719 1546 palpandam
1755 1509 1845 1536 car-

1021 1560 1121 1589 nem
1139 1549 1346 1600 praebuit,
1372 1562 1502 1600 quam
1528 1549 1685 1591 clausis
1708 1551 1845 1601 januis

1021 1603 1276 1645 introduxit.
1305 1606 1401 1655 Qua
1419 1605 1463 1645 in
1482 1617 1530 1646 re
1551 1605 1639 1646 duo
1658 1607 1781 1657 mira,
1803 1612 1846 1649 et

1020 1660 1140 1710 juxta
1163 1659 1396 1701 humanam
1418 1660 1633 1702 rationem
1657 1662 1740 1703 sibi
1759 1663 1844 1703 val-

1021 1715 1077 1756 de
1112 1716 1332 1756 contraria
1363 1715 1569 1757 ostendit:
1607 1716 1711 1758 dum
1742 1723 1845 1770 post

1020 1771 1386 1813 resurrectionem
1405 1784 1529 1813 suam
1545 1784 1704 1824 corpus
1720 1786 1844 1814 suum

1020 1825 1367 1878 incorruptibile,
1393 1831 1436 1868 et
1459 1832 1605 1868 tamen
1624 1828 1844 1880 palpabile

1020 1881 1348 1923 demonstravit.
1404 1882 1518 1923 Nam
1550 1888 1594 1924 et
1625 1885 1843 1936 corrumpi

1019 1939 1200 1978 necesse
1221 1942 1288 1978 est
1309 1937 1429 1989 quod
1446 1938 1666 1990 palpatur:
1692 1943 1735 1980 et
1753 1939 1841 1991 pal-

1018 1993 1116 2044 pari
1133 2005 1220 2034 non
1238 1997 1389 2045 potest
1408 1993 1527 2045 quod
1548 2006 1634 2034 non
1654 1998 1841 2035 corrum-

1017 2048 1146 2099 pitur.
1183 2047 1270 2089 Sed
1293 2049 1405 2089 miro
1429 2048 1562 2090 modo
1588 2054 1718 2100 atque
1741 2049 1840 2089 inae-

1018 2103 1226 2144 stimabili
1243 2102 1519 2156 Redemptor
1541 2109 1690 2145 noster
1713 2109 1756 2144 et
1781 2105 1839 2144 in-

1018 2158 1306 2211 corruptibile
1333 2164 1435 2211 post
1466 2159 1839 2208 resurrectionem,

1018 2218 1062 2254 et
1094 2214 1317 2266 palpabile
1350 2227 1510 2266 corpus
1542 2213 1750 2255 exhibuit:
1791 2220 1840 2255 ut

1016 2270 1302 2311 monstrando
1322 2269 1664 2321 incorruptibile,
1683 2269 1838 2310 invita-

1016 2329 1084 2365 ret
1103 2324 1159 2365 ad
1174 2325 1417 2377 praemium:
1436 2329 1480 2365 et
1494 2323 1732 2375 praebendo
1748 2324 1838 2376 pal-

1015 2379 1176 2430 pabile,
1208 2380 1402 2421 firmaret
1429 2379 1486 2420 ad
1511 2378 1654 2419 fidem.
1695 2379 1751 2420 Et
1778 2380 1836 2420 in-

1016 2435 1343 2487 corruptibilem
1363 2447 1410 2475 se
1428 2446 1550 2484 ergo,
1575 2438 1619 2475 et
1642 2434 1836 2486 palpabi-

1015 2489 1101 2531 lem
1121 2490 1452 2532 demonstravit:
1478 2494 1526 2530 ut
1549 2489 1748 2541 profecto
1773 2503 1836 2531 es-

1015 2557 1062 2586 se
1080 2551 1183 2597 post
1201 2545 1564 2586 resurrectionem
1585 2545 1837 2586 ostenderet

995 2613 1174 2652 corpus
1206 2613 1331 2640 suum
1362 2604 1406 2640 et
1437 2599 1631 2650 ejasdem
1656 2603 1835 2649 naturae,

136 2656 257 2696 tione
274 2656 502 2708 pensanda
521 2661 636 2698 sunt:
659 2660 708 2696 ut
730 2655 862 2696 rebus
885 2654 960 2694 mi-
1014 2660 1058 2696 et
1077 2655 1253 2697 alterius
1271 2654 1433 2704 gloriae.
