2028 2892
172 203 223 239 70

229 298 440 341 Animalia
458 303 531 339 tua
550 294 806 337 habitabunt
824 292 866 333 in
887 303 952 332 ea:
970 290 992 315 *

177 355 339 409 parasti
372 355 413 395 in
447 351 674 394 dulcedine
707 355 781 391 tua
811 346 992 402 pauperi

179 414 439 509 D‘ffg'minug
464 464 584 507 dabit
607 462 788 505 verbum
815 472 994 510 evange-

179 523 416 571 lizantibus,
435 523 458 547 ¹⁸¹
478 522 636 562 virtute
655 519 800 560 multa.

230 582 326 622 Rex
345 579 550 620 virtu‘tum
570 576 715 618 dilecti
734 574 893 616 dilecti:
911 574 934 598 ¹⁸¹
954 578 997 614 et

179 636 340 691 speciei
359 635 514 676 domus
534 632 727 675 dividere
747 630 897 683 spolia.

230 694 273 735 Si
294 691 518 734 dormiatis
536 691 646 731 inter
662 687 830 729 medios
845 686 996 734 cleros,

180 762 334 803 pennae
355 746 569 789 columbae
588 746 892 796 deargentatae,
912 743 934 767 *
955 747 997 783 et

180 805 424 860 posteriera
470 802 587 844 dorsi
629 802 717 854 ejus
753 800 795 841 in
830 799 997 852 pallere

181 862 283 904 auri.

233 919 348 960 Dum
393 917 596 960 discernit
638 913 827 955 coelestis
873 925 999 963 reges

182 988 313 1028 super
345 988 455 1025 eam,
486 974 583 1015 nive
612 969 928 1012 dealbabuntur
956 969 999 1009 in

182 1032 370 1073 Selmon:
384 1032 407 1058 *
421 1043 546 1072 mons
564 1028 658 1077 Dei,
677 1039 801 1067 mons
817 1025 999 1078 pinguis.

233 1088 359 1129 Mons
379 1086 646 1138 coagulatus,
669 1096 792 1124 mons
816 1082 1000 1135 pinguis:

184 1146 207 1171 *
226 1150 273 1186 ut
294 1144 397 1196 quid
416 1141 693 1196 suspicamini
714 1144 885 1181 montes
904 1152 1000 1180 coa-

184 1199 377 1252 gulatos?

235 1257 376 1305 Mons,
403 1258 446 1298 in
475 1268 560 1308 quo
587 1253 908 1306 beneplacitum
937 1257 1002 1293 est

185 1314 281 1355 Deo
309 1313 504 1355 habitare
531 1313 573 1352 in
602 1324 669 1352 eo:
691 1312 714 1335 *
739 1309 897 1351 etenim
915 1309 1001 1350 De-

184 1370 324 1411 minus
343 1368 553 1411 habitabit
571 1368 614 1409 in
633 1367 774 1408 finem.

238 1426 397 1467 Currus
415 1425 498 1466 Dei
518 1424 670 1466 decem
691 1422 879 1464 millibus
898 1422 1002 1462 mlil-

186 1482 336 1535 tiplex‚
370 1482 501 1523 millia
527 1480 779 1522 laetantium:
806 1480 829 1504 ’⁸‘
856 1478 1002 1520 Demi-

187 1551 266 1580 nus
284 1539 326 1579 in
347 1538 408 1580 eis
428 1538 470 1578 in
490 1538 590 1578 Sina
609 1538 651 1577 in
670 1541 833 1577 sancto.

239 1594 486 1636 Ascendisti
513 1594 555 1635 in
584 1593 727 1641 altum,
756 1592 910 1645 cepisti
937 1605 1003 1633 ca-

188 1651 445 1704 ptivitatem:
463 1652 487 1676 *
506 1650 713 1702 accepisti
738 1649 852 1690 dona
869 1649 912 1690 in
930 1648 1004 1689 ho-

189 1706 388 1748 minibus:

241 1763 411 1805 Etenim
433 1775 519 1803 non
548 1761 786 1810 credentes,
804 1762 827 1787 *
845 1761 1006 1803 inhabi-

190 1822 284 1861 tare
303 1819 536 1860 Deminum
554 1819 706 1859 Deum.

244 1874 506 1916 Benedictus
533 1874 744 1915 Dominus
772 1873 842 1915 die
872 1875 1007 1926 quoti-

193 1932 277 1973 die:
295 1932 318 1956 *
337 1933 597 1984 presperum
624 1931 705 1971 iter
733 1930 861 1972 faciet
883 1930 1009 1971 nobis

193 1988 314 2029 Deus
333 1987 583 2029 salutarium
600 1989 858 2028 nostrerum.

244 2044 364 2085 Deus
399 2048 563 2092 noster,
609 2043 729 2084 Deus
766 2043 909 2083 salvos
954 2042 1010 2083 fa·

194 2099 348 2142 ciendi:
366 2100 389 2125 *
410 2103 453 2141 et
476 2099 649 2139 Domini
674 2099 847 2140 Demini
874 2099 1012 2140 exitus

193 2155 355 2197 mortis.

246 2213 556 2254 Verumtamen
607 2211 727 2252 Deus
774 2212 1013 2261 confringet

197 2269 340 2321 capita
364 2268 633 2309 inimieorum
657 2269 851 2308 suerum:
874 2269 896 2294 *
922 2270 1013 2309 ver-

196 2325 325 2366 tieem
362 2323 504 2376 capilli
543 2323 933 2376 perambulantium
971 2325 1013 2365 in

198 2380 365 2422 delictis
393 2380 491 2421 suis.

251 2437 368 2478 Dixit
392 2436 622 2477 Deminus:
653 2436 718 2476 Ex
747 2436 889 2477 Basan
918 2449 1015 2477 con—

199 2495 374 2542 vertam,
388 2494 411 2518 *
433 2494 682 2534 convertam
697 2492 739 2532 in
755 2492 1017 2544 profundum

198 2563 341 2590 mans:

252 2605 309 2646 Ut
328 2605 562 2654 intingatur
580 2618 659 2657 pes
678 2611 778 2647 tuus
795 2606 835 2646 in
852 2607 1017 2654 sangui-

200 2674 268 2702 ne:
287 2662 309 2686 *
335 2661 479 2710 lingua
507 2674 658 2703 canum
678 2664 851 2703 tuorum
873 2675 924 2703 ex
945 2663 1017 2703 ini-

201 2717 332 2766 micis,
352 2716 406 2758 ab
426 2717 534 2769 ipso.

727 198 836 232 Fcria
862 202 994 240 quarta
1022 194 1070 228 ad
1095 191 1330 227 Matutinum.

1096 285 1311 327 Viderunt
1330 282 1549 332 ingressus
1571 282 1671 319 tuos
1690 275 1827 325 Deus,
1846 274 1870 300 *

1044 344 1263 393 ingressus
1290 339 1375 380 Dei
1401 337 1501 378 mei:
1521 333 1656 385 Regis
1682 331 1770 374 mei
1798 331 1870 384 qui

1045 405 1111 443 est
1129 399 1172 440 in
1192 401 1355 438 sancto.

1095 459 1406 501 Praevenerunt
1420 452 1640 507 principes
1655 449 1872 502 conjuncti

1045 514 1342 570 psallentibus,
1361 513 1384 537 *
1402 511 1446 552 in
1465 507 1611 550 medio
1628 506 1871 559 juvencula-

1045 586 1139 615 rum
1156 568 1568 624 tympanistriarum.

1096 631 1147 670 In
1176 626 1371 670 ecclesiis
1398 621 1644 666 benedicite
1664 621 1764 662 Deo
1785 620 1873 661 De-

1046 687 1174 735 mino,
1193 685 1217 710 *
1237 683 1292 725 de
1313 680 1504 723 sentibus
1523 678 1670 720 Israel.

1098 742 1165 784 Ibi
1197 738 1420 791 Beniamin
1452 733 1819 784 adolescentuluS,
1851 733 1874 759 *

1048 801 1091 841 in
1109 797 1266 840 mentis
1287 797 1479 838 excessu.

1100 854 1325 906 Principes
1348 850 1475 900 Juda,
1504 849 1639 891 duces
1668 850 1834 890 eerum:
1852 846 1876 872 *

1050 911 1270 966 principes
1280 907 1490 957 Zabulon,
1501 905 1722 959 principes
1729 903 1876 957 Neph-

1050 969 1136 1011 tali.

1103 1023 1263 1066 Manda
1287 1023 1409 1064 Deus
1436 1020 1587 1062 virtuti
1613 1025 1716 1062 tuae:
1734 1018 1758 1046 *
1778 1029 1877 1060 con-

1053 1083 1176 1124 firma
1194 1080 1279 1122 hoc
1297 1080 1433 1129 Deus,
1460 1076 1580 1130 quod
1603 1078 1812 1130 operatus
1831 1087 1879 1116 es

1052 1140 1094 1181 in
1113 1138 1251 1180 nobis.

1105 1195 1145 1236 A
1163 1193 1330 1246 templo
1349 1196 1426 1234 tuo
1445 1192 1489 1232 in
1502 1191 1527 1232 J
1530 1188 1881 1240 erusalem‚*tibi

1055 1252 1238 1294 efferent
1258 1262 1384 1300 reges
1401 1251 1593 1290 munera.

1105 1310 1290 1360 Increpa
1310 1307 1423 1348 feras
1443 1305 1680 1355 arundinis,
1702 1315 1881 1354 congre-

1055 1366 1173 1417 gatio
1200 1365 1425 1406 taurerum
1452 1363 1495 1403 in
1523 1362 1669 1404 vaccis
1695 1360 1881 1414 popule·

1056 1436 1163 1464 rum:
1183 1422 1206 1447 *
1230 1427 1278 1463 ut
1302 1419 1536 1462 excludant
1560 1431 1653 1469 eos,
1682 1417 1756 1471 qui
1781 1429 1882 1470 pro-

1055 1479 1147 1521 bati
1165 1482 1264 1520 sunt
1282 1478 1474 1528 argento.

1107 1535 1283 1587 Dissipa
1294 1533 1470 1583 Gentes,
1483 1545 1582 1585 quae
1591 1531 1709 1574 bella
1717 1530 1884 1573 volunt:

1057 1592 1229 1633 venient
1244 1590 1376 1642 legati
1394 1603 1449 1631 ex
1459 1590 1671 1642 AEgypto:
1680 1589 1705 1615 *
1715 1587 1884 1630 AEthie-

1057 1649 1130 1701 pia
1148 1647 1387 1701 praeveniet
1404 1659 1558 1688 manus
1578 1646 1670 1698 ejus
1687 1645 1797 1687 Deo.

1109 1706 1261 1755 Regna
1275 1709 1415 1753 terrae,
1431 1705 1605 1745 cantate
1614 1703 1728 1744 Deo:
1737 1702 1761 1727 *
1771 1700 1885 1754 psal·

1059 1762 1133 1803 lite
1153 1761 1355 1802 Demino.

1110 1817 1287 1859 Psallite
1307 1818 1421 1866 Deo,
1446 1817 1519 1869 qui
1538 1815 1736 1858 ascendit
1754 1826 1887 1868 super

1062 1875 1220 1916 coelum
1241 1874 1351 1923 coeli,
1370 1874 1392 1899 *
1413 1873 1469 1915 ad
1489 1873 1724 1915 Orientem.

1113 1931 1228 1972 Ecce
1248 1930 1368 1972 dabit
1387 1930 1485 1971 voci
1510 1942 1601 1971 suae
1626 1941 1783 1973 vocem
1806 1928 1887 1970 vir-

1062 1988 1183 2037 tutis,
1211 1987 1311 2028 date
1340 1987 1523 2037 gloriam
1541 1987 1639 2028 Deo
1668 1997 1801 2038 super
1827 1985 1888 2025 Is-

1063 2043 1163 2093 rael,
1181 2044 1204 2069 '⁸‘
1223 2043 1543 2094 magnificentia
1563 2043 1668 2095 ejus,
1689 2047 1734 2084 et
1750 2042 1889 2084 virtus

1065 2101 1154 2151 ejus
1173 2100 1213 2140 in
1234 2099 1432 2141 nubibus.

1116 2156 1325 2198 Mirabilis
1359 2157 1480 2198 Deus
1512 2157 1555 2197 in
1590 2156 1752 2198 sanctis
1785 2155 1891 2204 suis,

1065 2214 1186 2254 Deus
1202 2213 1335 2254 Israel
1356 2213 1451 2265 ipse
1472 2213 1594 2255 dabit
1611 2213 1828 2262 virtutem,
1848 2215 1892 2252 et

1067 2269 1363 2311 fortitudinem
1390 2269 1509 2322 plebi
1537 2283 1644 2320 suae,
1668 2270 1691 2295 *
1716 2267 1891 2311 benedi-

1067 2331 1163 2367 ctus
1181 2326 1313 2367 Deus.

1122 2384 1217 2423 Ant.
1261 2382 1513 2425 Benedicite
1550 2384 1716 2425 Gentes
1752 2383 1894 2424 Deum

1069 2444 1278 2481 nostrum.

1122 2495 1169 2533 ln
1202 2494 1417 2544 Quadrag.
1459 2492 1506 2542 V.
1543 2497 1676 2538 Scuto
1714 2496 1895 2537 circum-

1071 2551 1192 2593 dabit
1210 2556 1255 2593 te
1275 2552 1436 2593 veritas
1456 2554 1557 2603 ejus.
1584 2554 1634 2604 Ra
1655 2553 1758 2594 Non
1776 2551 1895 2593 time-

1070 2607 1137 2648 bis
1157 2621 1180 2648 a
1201 2608 1358 2649 timere
1376 2613 1604 2650 nocturno.

1122 2661 1273 2713 Tcmp.
1302 2661 1532 2702 Passionis.
1563 2656 1614 2709 V.
1643 2665 1711 2706 Ne
1735 2663 1898 2718 perdas

1073 2732 1169 2760 cum
1203 2721 1347 2773 impiis
1373 2721 1494 2762 Deus
1527 2721 1715 2763 animam
1745 2733 1899 2762 meam.
