2066 2956
539 213 610 246 Die
637 214 683 246 15.
712 213 920 247 Februarii.
967 216 1002 247 5.
1028 214 1202 247 Martinam:
1228 214 1330 255 Virg.
1358 220 1392 247 ct
1420 214 1524 247 Mart.

407 309 455 346 In
475 308 524 346 ΙΙ.
545 308 768 346 Nocturno.

476 372 627 413 Lectio
647 372 699 411 iv.

182 452 200 480 μ
225 442 290 488 24ng
331 432 470 471 artina
492 430 617 481 virgo
640 430 853 481 Romana,
878 435 1005 483 patre

182 483 223 546 ⁵⁷¹2
263 517 290 541 ,
357 486 597 535 consulari,
642 486 799 528 illustri
844 489 1005 537 genere

354 547 468 592 nata,
502 542 665 583 teneris
702 542 845 583 adhuc
881 543 1005 583 annis

174 598 331 640 orbata
348 597 616 650 parentibus,
643 597 892 639 christianae
915 600 1004 650 pie-

172 655 276 697 tatis
296 653 454 695 ardore
472 654 695 703 succensa,
712 653 898 704 divitias,
915 655 1004 705 qui-

172 711 255 753 bus
275 709 496 759 affluebat,
522 709 632 750 mira
657 709 701 749 in
720 713 939 762 pauperes
957 710 1004 750 li-

172 766 403 809 beralitAte
429 765 661 807 distribuit.
708 765 798 807 Sub
818 765 1004 807 Alexan-

173 823 254 865 dro
272 823 483 876 principe,
502 835 602 863 eum
627 821 737 863 deos
758 821 910 863 inanes
935 825 1003 863 co-

171 879 262 921 lere
313 878 551 931 iuberetur,
601 878 790 919 immane
836 878 1004 919 facinus

172 948 343 977 summa
365 934 572 976 libertate
597 934 852 975 detestatur.
893 935 1004 984 Qua-

171 994 356 1044 propter
381 993 541 1033 iterum
563 994 696 1041 atque
722 992 880 1031 iterum
904 990 1003 1032 affe-

173 1053 245 1090 cta
267 1047 537 1096 verberibus,
562 1046 697 1095 uncis,
723 1046 897 1096 ungulis
924 1047 1003 1087 fer-

171 1104 268 1154 reis,
287 1106 503 1160 testarum
525 1103 781 1153 fragmentis
799 1102 1003 1152 lacerata,

173 1160 436 1202 acutissimis
449 1158 608 1209 gladiis
618 1158 899 1200 membratim
912 1171 1005 1200 con-

172 1219 278 1266 cisa,
306 1216 438 1268 adipe
467 1215 654 1256 ferventi
675 1217 904 1267 peruncta,
933 1214 1003 1256 de-

171 1286 291 1314 mum
326 1273 371 1313 in
408 1270 735 1324 amphitheatro
773 1270 1005 1312 damnatur

172 1328 230 1370 ad
252 1328 432 1370 bestias:
456 1340 482 1369 a
508 1326 666 1379 quibus
690 1327 829 1368 illaesa
853 1326 1004 1368 divini-

172 1389 243 1426 tus
271 1384 481 1434 evadens,
516 1384 560 1424 in
588 1382 815 1425 ardentem
847 1396 1004 1434 rogum

171 1442 344 1494 injecta,
384 1440 616 1482 incolumis
653 1439 749 1492 pari
786 1439 1002 1481 beneficio

172 1500 384 1540 servatur.

230 1567 280 1618 R.
314 1563 504 1616 Propter
535 1562 779 1610 veritatem‚
813 1567 856 1603 et
886 1574 1002 1601 man-

172 1619 466 1669 suetudinem,
495 1624 539 1660 et
565 1617 789 1670 justitiam,
821 1617 907 1658 *Et
932 1616 1003 1657 de-

172 1676 305 1718 ducet
340 1681 385 1717 te
416 1674 673 1716 mirabiliter
706 1673 887 1715 dextera
918 1678 1004 1722 tua,

176 1728 228 1780 V.
241 1732 397 1784 Specie
416 1737 503 1781 tua‚
523 1735 567 1772 et
584 1729 911 1782 pulchritudine
930 1734 1005 1770 tua

171 1787 364 1838 intende,
392 1790 608 1840 prospere
631 1785 842 1838 procede,
871 1790 915 1827 et
941 1797 1004 1826 re-

173 1857 269 1895 gna.
296 1844 356 1886 Et
375 1843 577 1886 deducet.

488 1926 639 1966 Lectio
663 1940 696 1964 v.

178 1986 291 2091 Ex
318 1990 409 2041 ejus
427 1988 671 2031 tortoribus
694 1986 905 2035 nonnulli,
932 1987 1007 2027 mi-

279 2044 418 2087 raculi
449 2045 646 2087 novitate
679 2043 890 2095 correpti,
923 2042 1007 2083 Dei

175 2102 397 2154 aspirante
412 2101 565 2152 gratia,
585 2100 748 2142 Christi
767 2099 900 2140 fidem
920 2111 1006 2138 am-

175 2158 312 2211 plexi,
357 2162 460 2210 post
505 2157 725 2199 cruciatus
769 2155 1008 2206 gloriesam

175 2214 372 2267 martyrii
389 2214 581 2266 palmam
599 2212 757 2265 capitis
777 2210 1007 2253 abscissio-

177 2283 231 2312 ne
251 2271 546 2323 promeruere.
588 2267 661 2310 Ad
689 2266 886 2320 ejusdem
912 2279 1007 2318 pre-

177 2339 250 2368 ces
298 2338 415 2367 nunc
458 2323 784 2367 terraemetibus
832 2322 1008 2371 exortis,

175 2395 290 2423 nunc
318 2381 491 2432 ignibus
525 2393 549 2422 e
578 2380 693 2421 coelo
720 2381 903 2421 tonante
936 2377 1007 2418 de-

176 2438 330 2490 lzipsis,
367 2437 553 2479 deorum
583 2435 750 2488 templa
786 2435 1009 2487 prostrata

177 2498 288 2543 sunt,
308 2498 352 2535 et
371 2493 606 2534 simulacra
627 2494 901 2542 consumpta.
941 2489 1008 2528 In-

176 2548 351 2590 terdum
370 2561 426 2590 ex
440 2547 693 2590 vulneribus
711 2546 780 2587 lac
795 2558 894 2586 cum
912 2547 1007 2585 san-

176 2605 306 2655 guine
334 2605 493 2657 erupit,
523 2603 822 2656 splendorque
843 2601 1007 2642 nitidis-

178 2661 331 2710 simus,
358 2674 410 2702 ac
430 2660 714 2702 suavissimus
734 2657 847 2699 odor
871 2669 895 2698 e
914 2659 1006 2698 cor-

178 2729 287 2768 pore
307 2716 539 2759 emanavit:
566 2713 784 2757 interdum
809 2712 1008 2754 sublimis

1057 307 1176 357 regia
1203 307 1246 347 in
1272 307 1376 349 sede
1397 307 1554 348 divinis
1574 306 1778 347 laudibus
1802 319 1887 346 una

1058 375 1157 403 cum
1177 363 1400 405 coelitibus
1419 364 1631 404 interesse
1650 362 1743 402 visa
1763 367 1840 402 est.

1112 426 1160 477 R.
1192 423 1397 464 Dilexisti
1425 423 1649 474 justitiam,
1683 427 1727 463 et
1754 420 1887 463 odisti

1057 479 1348 530 iniquitatem:
1379 484 1399 504 *
1422 480 1664 530 Propterea
1692 478 1816 519 unxit
1843 483 1886 519 te

1056 534 1197 584 Deus,
1246 535 1368 576 Deus
1417 540 1518 576 tuus
1569 534 1667 575 oleo
1712 534 1886 575 laetitiae.

1061 590 1108 641 Y.
1134 591 1323 643 Propter
1347 592 1592 639 veritatem,
1626 595 1668 631 et
1688 602 1886 630 mansue-

1056 646 1263 697 tudinem,
1283 652 1327 688 et
1346 647 1563 699 justitiam.
1591 646 1844 698 Propterea.

1363 713 1514 752 Lectio
1536 714 1587 750 vi.

1152 763 1242 804 isce
1270 763 1497 816 prodigiis,
1526 764 1705 813 ejusque
1733 762 1775 802 in
1804 762 1886 813 pri-

1166 820 1248 860 mis
1264 820 1521 868 constantia,
1542 819 1700 859 acriter
1716 820 1886 870 permo-

1057 880 1128 917 tus
1155 875 1300 927 judex,
1330 880 1462 928 caput
1489 875 1643 926 virgini
1668 875 1885 926 amputari

1056 932 1287 984 praecepit3
1326 944 1412 983 qua
1443 933 1686 983 perempta,
1721 929 1885 970 auditi]-

1058 1000 1143 1040 que
1163 988 1218 1029 de
1238 989 1352 1029 coelo
1372 1000 1492 1036 voce,
1514 1000 1600 1038 qua
1618 986 1675 1027 ad
1693 985 1886 1037 Superos

1058 1044 1341 1093 evocabatur,
1370 1043 1475 1084 urbs
1500 1048 1594 1084 tota
1614 1042 1885 1089 contremuit,

1057 1113 1108 1141 ac
1122 1100 1248 1140 multi
1258 1099 1478 1141 idolerum
1490 1099 1681 1140 culteres
1697 1097 1754 1138 ad
1768 1097 1885 1138 Chri-

1058 1156 1113 1197 sti
1144 1154 1277 1196 fidem
1306 1155 1507 1196 conversi
1541 1159 1652 1195 sunt.
1706 1154 1886 1194 Sacrum

1058 1212 1257 1252 Martinae
1297 1223 1476 1262 corpus,
1515 1209 1695 1251 sedente
1733 1214 1886 1249 sancto

1057 1267 1236 1309 Urbano
1257 1267 1416 1319 primo,
1441 1266 1649 1318 martyrio
1671 1265 1886 1313 affectum,

1058 1319 1237 1361 Urbano
1268 1321 1427 1360 octavo
1447 1317 1662 1358 Pontifice
1683 1317 1887 1364 Maximo,

1057 1377 1100 1415 in
1119 1378 1374 1428 pervetusta
1395 1373 1590 1426 ejusdem
1610 1373 1810 1422 ecclesia,
1831 1373 1886 1413 ad

1057 1432 1365 1472 Mamertinum
1385 1432 1621 1478 carcerem,
1647 1430 1691 1469 in
1713 1428 1886 1480 Capito-

1057 1487 1132 1527 lini
1153 1487 1252 1528 clivi
1267 1486 1498 1534 radicibus,
1519 1498 1618 1526 cum
1634 1487 1885 1525 sanctorum

1058 1544 1299 1595 Martyrum
1319 1542 1570 1590 Concordii‚
1588 1540 1824 1593 Epiphanii
1845 1546 1888 1581 et

1058 1600 1280 1640 socierum
1291 1597 1551 1650 corporibus
1566 1599 1800 1649 repertum,
1816 1598 1885 1637 eo-

1059 1656 1159 1697 dem
1174 1655 1273 1696 loco
1294 1655 1337 1694 in
1351 1654 1577 1695 meliorem
1592 1653 1776 1694 formam
1792 1652 1886 1693 red-

1059 1714 1174 1761 acto,
1199 1716 1332 1762 atque
1351 1710 1577 1751 decentius
1604 1711 1775 1757 ornato,
1800 1721 1886 1749 ma-

1058 1780 1143 1818 gno
1168 1766 1321 1819 populi
1339 1769 1572 1814 concursu,
1595 1767 1731 1806 totius
1755 1764 1887 1806 Urbis

1058 1824 1227 1872 laetitia,
1256 1822 1439 1863 solemni
1458 1822 1545 1862 ritu
1564 1834 1616 1862 ae
1635 1833 1801 1873 pompa
1824 1832 1886 1860 re-

1059 1879 1253 1932 positum
1273 1882 1349 1919 est.
1382 1879 1430 1928 R.
1447 1876 1696 1918 Afferentur
1716 1877 1837 1926 Regi.

1079 1951 1081 1953 '
1117 1944 1159 1977 In
1181 1944 1243 1977 111,
1266 1943 1464 1978 Nocturno
1491 1943 1661 1976 Homilia
1684 1943 1721 1975 in
1747 1942 1887 1983 Evung.

1063 1991 1195 2026 Simile
1231 1991 1303 2026 erit
1337 2000 1498 2034 regnum
1533 1989 1718 2023 coelorum
1757 1988 1889 2022 decem

1060 2040 1287 2083 virginibus.
1308 2039 1354 2073 dc
1373 2040 1508 2074 eodem
1530 2038 1634 2072 Corn.
1659 2038 1685 2071 1.
1704 2038 1799 2071 loco.

1115 2092 1247 2125 Lectio
1272 2092 1321 2124 ix.
1348 2091 1394 2125 de
1419 2090 1606 2126 Homilia,
1632 2094 1667 2123 et
1693 2098 1887 2122 commem.

1064 2140 1187 2174 Feriae
1217 2139 1255 2172 in
1282 2139 1415 2174 Laud..
1447 2138 1585 2172 deinde
1610 2137 1665 2170 Ss.
1692 2136 1889 2170 Faustina:

1063 2192 1100 2221 et
1124 2187 1267 2221 Jovitae
1290 2186 1396 2220 Mart.

1319 2256 1397 2296 Ad
1422 2255 1631 2296 Laudes.

1372 2318 1580 2369 Hymnus.

1063 2375 1170 2478 Tu
1194 2376 1338 2418 natale
1358 2375 1499 2416 solum
1517 2377 1718 2427 pretege,
1743 2379 1792 2415 tu
1815 2374 1890 2415 bo-

1113 2489 1183 2529 Da
1214 2487 1336 2539 pacis
1367 2444 1563 2550 ilgffluiem
1596 2484 1889 2527 Christiadum

1114 2601 1349 2640 Armorum
1364 2542 1584 2662 8ἷῇῗὲῗῇᾞῆ
1605 2600 1648 2638 et
1668 2596 1758 2638 fera
1779 2598 1888 2648 prae-

1112 2711 1162 2750 In
1181 2709 1290 2750 fines
1309 2654 1634 2759 agelzst'lrhrzieios.
