2028 2892
569 170 639 202 Dic
663 170 714 202 24.
739 170 798 203 vel
825 171 875 202 ’.ἒ-’1.
906 169 1010 202 Febr.
1059 169 1094 201 S.
1122 168 1276 201 Mathizu
1304 168 1493 210 Apostoli.

185 268 229 305 et
252 264 387 305 exivit
408 264 522 306 inter
538 276 621 305 nos
639 265 855 306 Dominus
873 265 898 306 J
901 277 1013 315 esus,

184 320 397 372 incipiens
441 332 468 361 a
511 319 775 372 baptismate
819 320 844 361 J
846 321 1012 370 oannis,

184 388 323 427 usque
342 376 387 416 in
406 375 540 426 diem,
569 389 656 428 qua
673 379 925 428 assumptus
945 382 1012 418 est

183 444 208 471 a
227 431 372 481 nobis,
389 436 550 474 testem
567 432 902 474 resurrectionis
921 433 1012 484 ejus

182 487 415 529 nobiscum
434 488 529 530 fieri
547 501 682 529 unum
702 501 756 529 ex
774 488 882 529 istis.

235 545 284 596 R.
326 544 489 586 Tollite
520 545 669 597 jugum
702 557 850 586 meum
881 557 1014 597 super

183 612 275 649 vos,
294 599 401 642 dicit
414 601 642 650 Dominus,
662 605 706 642 01
723 600 878 643 discite
893 613 918 641 a
932 613 1013 651 me,

185 656 287 707 quia
310 657 427 698 mitis
447 670 545 698 sum
564 662 608 698 et
626 657 802 698 humilis
822 656 973 698 corde:
987 656 1009 680 *

182 712 343 763 Jugum
371 714 486 755 enim
512 726 659 754 meum
688 715 821 755 suave
850 718 933 763 est,
970 717 1014 754 et

184 780 295 809 onus
314 781 460 810 meum
484 769 591 811 leve.
624 767 672 815 V.
705 770 763 810 Et
785 770 1014 811 invenietis

183 824 381 876 requiem
403 825 631 866 animabus
650 826 820 867 vestris.
856 825 1012 876 Jugum

185 880 301 921 enim
319 893 476 922 meum.

487 947 638 987 Lectio
660 947 712 986 iii.

265 1010 283 1046 t
308 1007 554 1047 statuerunt
573 1005 701 1056 duos,
729 1007 753 1047 J
756 1006 913 1059 oseph,
941 1008 1016 1058 qui

277 1061 518 1103 vocabatur
528 1062 760 1112 Barsabas,
773 1063 846 1114 qui
863 1075 1017 1114 cogno-

183 1116 375 1158 minatus
394 1123 462 1158 est
476 1118 501 1158 J
502 1122 638 1167 ustus,
659 1123 702 1159 et
718 1118 941 1160 Mathiam.
959 1119 1016 1160 Et

183 1175 361 1214 orantes
381 1173 600 1215 dixerunt:
623 1174 693 1215 Tu
711 1175 916 1225 Domine,
941 1175 1016 1226 qui

185 1228 322 1269 corda
332 1229 450 1270 nosti
462 1230 664 1280 omnium,
678 1230 874 1280 ostende,
886 1243 1017 1282 quem

184 1283 370 1335 elegeris
396 1298 451 1326 ex
469 1285 537 1326 his
557 1285 732 1327 duobus
752 1300 887 1327 unum
906 1288 1015 1328 acci-

182 1352 290 1391 pere
326 1340 475 1382 locum
514 1342 747 1383 ministerii
783 1341 927 1394 hujus,
974 1347 1018 1384 et

183 1396 479 1448 apostolatus,
508 1396 563 1439 de
589 1410 676 1450 quo
699 1399 1017 1450 praevaricatus

184 1456 251 1493 081
269 1452 293 1492 J
295 1451 416 1502 udas,
435 1458 484 1495 ut
503 1453 646 1495 abiret
659 1454 703 1494 in
717 1454 865 1495 locum
880 1467 1018 1495 suum.

183 1508 241 1549 Et
267 1507 483 1550 dederunt
511 1514 655 1551 sortes
685 1510 763 1560 eis,
792 1515 837 1552 et
856 1510 1017 1552 cecidit

185 1576 284 1604 sors
303 1577 436 1617 super
454 1565 678 1615 Mathiam,
699 1571 742 1607 et
761 1569 1015 1608 annumera-

184 1624 255 1660 tus
275 1625 342 1661 est
361 1633 460 1661 cum
479 1621 683 1663 undecim
703 1621 944 1674 Apostolis.

238 1676 287 1726 R.
311 1676 430 1718 Dum
449 1677 670 1719 steteritis.
689 1677 743 1730 [7]

412 1754 460 1793 In
488 1754 538 1792 II.
567 1754 790 1794 Nocturno.

188 1813 255 1855 De
286 1813 578 1866 Expositione
610 1817 750 1858 sancti
781 1816 1017 1867 Augustini

186 1870 400 1922 Episcopi
429 1883 562 1923 super
589 1872 813 1913 Psalmum
841 1875 1016 1923 octoge-

420 1926 579 1968 simum
597 1933 781 1969 sextum.

290 1986 442 2026 Lectio
463 1986 515 2025 iv.

194 2068 199 2078 1
237 2097 244 2105 ..
259 2051 569 2102 Γ1111ᾶε111101113
600 2053 690 2104 ejus
723 2053 767 2093 in
794 2053 1016 2095 montibus

190 2111 199 2128 ²
238 2133 285 2165 “ss
320 2108 498 2149 sanctis:
522 2108 664 2160 diligit
682 2109 898 2150 Dominus
916 2122 1015 2162 por-

254 2171 286 2187 4
319 2168 389 2205 tas
412 2164 528 2205 Sion.
569 2165 715 2214 Quare
742 2170 843 2206 sunt
867 2165 1016 2207 funda-

184 2220 334 2260 menta
383 2220 608 2272 Apostoli,
662 2226 706 2262 et
755 2220 1015 2274 Prophetae?

186 2275 299 2324 Quia
326 2278 480 2317 eorum
506 2277 746 2318 auctoritas
773 2282 923 2329 portat
955 2278 1015 2318 in-

184 2329 438 2373 firmitatem
474 2336 682 2373 nostram.
737 2333 882 2382 Quare
915 2339 1017 2375 sunt

184 2387 350 2436 portae?
395 2388 507 2438 Quia
540 2401 620 2441 per
652 2389 774 2441 ipsos
805 2389 1016 2431 intramus

185 2439 243 2481 ad
270 2454 452 2493 regnum
478 2444 575 2485 Dei.
624 2444 873 2486 Praedicant
902 2446 1016 2486 enim

184 2496 329 2537 nobis:
354 2504 398 2539 et
422 2512 522 2540 cum
547 2513 627 2552 per
651 2500 774 2552 ipsos
793 2501 1015 2551 intramus,

185 2564 266 2603 per
295 2553 516 2596 Christum
548 2557 771 2597 intramus.
812 2557 916 2609 Ipse
949 2563 1016 2598 est

187 2607 302 2648 enim
321 2609 458 2659 ianua.
491 2612 547 2652 Et
567 2625 667 2653 cum
686 2611 889 2654 dicuntur
910 2612 1014 2654 duo-

186 2662 330 2705 decim
364 2671 507 2717 portae
544 2668 806 2719 Jerusalem,
851 2674 895 2710 et
931 2682 1016 2709 una

628 1992 729 2025 Ante
746 1991 926 2025 medium.

1067 270 1198 317 porta
1222 265 1437 315 ChristuS,
1465 270 1509 307 et
1534 264 1771 307 duodecim
1793 277 1894 318 por-

1067 326 1126 362 tae
1141 320 1349 371 Christus,
1368 322 1471 373 quia
1483 322 1528 362 in
1544 319 1781 363 duodecim
1794 333 1895 373 por-

1069 377 1126 418 tis
1154 377 1370 419 Christus:
1398 382 1443 419 et
1469 377 1571 419 ideo
1602 375 1899 418 duodenarius

1068 435 1275 475 numerus
1288 433 1621 486 Apostolorum.
1648 433 1899 474 Sacramen-

1068 493 1161 530 tum
1182 502 1391 541 magnum
1414 489 1540 541 hujus
1565 488 1826 531 duodenarii
1845 488 1898 529 si-

1069 545 1291 595 gnificatio
1328 550 1396 587 est
1430 545 1612 587 numeri.
1664 543 1901 594 SedebitiS,

1068 600 1227 652 inquit,
1253 613 1387 653 super
1413 599 1650 642 duodecim
1669 598 1814 650 sedes,
1840 601 1899 651 ju-

1069 656 1266 698 dicantes
1286 656 1522 699 duodecim
1539 655 1682 698 tribus
1700 655 1850 697 Israel.

1120 721 1169 773 R.
1195 721 1301 763 Vidi
1320 721 1578 773 conjunctos
1596 720 1728 770 viros,
1741 719 1901 761 haben-

1068 781 1136 818 tes
1164 776 1420 829 splendidas
1447 781 1609 826 vesteS,
1637 781 1681 818 et
1704 775 1902 828 Angelus

1068 832 1248 874 Domini
1266 833 1442 874 locutus
1463 837 1533 874 est
1553 831 1611 873 ad
1628 845 1716 882 me,
1736 831 1903 873 dicens:

1068 886 1091 910 *
1120 889 1202 930 Isti
1234 893 1335 930 sunt
1362 889 1446 930 viri
1475 888 1615 930 sancti
1642 888 1746 929 facti
1773 887 1903 929 amici

1069 943 1164 985 Dei.
1189 938 1239 989 Y·
1260 945 1367 987 Vidi
1385 944 1604 995 Angelum
1622 944 1707 985 Dei
1730 944 1901 994 fortem,

1070 1000 1294 1042 volantem
1312 1013 1393 1053 per
1411 1000 1605 1041 medium
1627 999 1804 1050 coelum,
1826 1012 1899 1041 vo-

1070 1069 1121 1097 ce
1139 1069 1299 1107 magna
1318 1057 1590 1107 clamantem,
1611 1061 1656 1098 et
1670 1055 1902 1097 dicentem.

1070 1113 1150 1153 Isti
1171 1118 1272 1154 sunt
1290 1113 1382 1155 viri.

1380 1190 1533 1230 Lectio
1554 1203 1591 1229 v.

1068 1249 1154 1356 Si
1185 1258 1421 1301 duodecim
1442 1259 1563 1301 sellae
1586 1260 1647 1302 ibi
1673 1262 1789 1309 sunt,
1811 1270 1901 1300 non

1157 1320 1225 1356 est
1256 1316 1332 1358 ubi
1364 1316 1516 1358 sedeat
1546 1314 1901 1357 tertiusdecimus

1070 1371 1231 1412 Paulus
1245 1371 1502 1424 Apostolus,
1523 1377 1567 1414 et
1584 1385 1674 1414 non
1693 1371 1776 1413 erit
1795 1372 1900 1423 quo-

1069 1427 1205 1468 modo
1225 1428 1403 1478 judicet:
1429 1433 1474 1470 et
1498 1428 1594 1480 ipse
1619 1440 1667 1469 80
1689 1426 1900 1479 judicatu-

1070 1495 1167 1523 rum
1198 1483 1324 1534 dixit,
1366 1497 1456 1525 non
1489 1484 1690 1525 homines
1719 1487 1902 1533 tantum,

1071 1539 1150 1580 sed
1168 1544 1212 1581 et
1231 1541 1423 1592 angelos.
1457 1541 1579 1591 Quos
1599 1539 1796 1592 angelos,
1818 1539 1900 1580 nisi

1070 1597 1297 1647 apostatas
1313 1596 1515 1648 angelos?
1529 1596 1734 1645 Nescitis,
1747 1595 1901 1647 inquit,

1071 1651 1173 1702 quia
1187 1652 1369 1703 angelos
1383 1650 1694 1704 judicabimus?
1710 1652 1902 1704 Respon-

1070 1706 1195 1749 deret
1229 1720 1334 1759 ergo
1366 1708 1511 1750 turba:
1544 1707 1662 1758 Quid
1691 1712 1736 1749 te
1765 1708 1901 1760 jactas

1069 1762 1384 1813 judicaturum?
1427 1763 1515 1805 Ubi
1542 1762 1741 1805 sedebis?
1781 1763 1899 1804 Duo·
1931 1807 1934 1810 ,

1070 1817 1213 1859 decim
1246 1819 1375 1861 sedes
1408 1818 1518 1861 dixit
1543 1819 1760 1860 Dominus
1792 1818 1898 1859 duo-

1070 1872 1213 1915 decim
1235 1875 1481 1928 Apostolis:
1504 1888 1618 1916 unus
1645 1873 1804 1916 cecidit
1827 1874 1852 1915 J
1854 1887 1898 1915 u-

1070 1929 1166 1981 das,
1194 1931 1238 1971 in
1265 1931 1413 1973 locum
1440 1931 1578 1984 ipsius
1604 1935 1783 1972 sanctus
1809 1930 1898 1972 Ma-

1069 1985 1183 2027 thias
1217 1987 1444 2029 ordinatus
1477 1992 1559 2038 est;
1594 1986 1801 2040 impletus
1832 1991 1901 2028 est

1071 2041 1369 2084 duodenarius
1388 2046 1595 2084 numerus
1615 2042 1800 2084 sediumz
1817 2042 1901 2082 Pri-

1069 2110 1142 2139 mo
1161 2098 1307 2140 locum
1325 2099 1481 2149 inveni,
1500 2098 1576 2140 ubi
1589 2098 1757 2148 sedeas,
1775 2102 1820 2140 et
1837 2098 1900 2139 sic

1069 2159 1113 2195 te
1130 2154 1297 2196 minare
1320 2155 1622 2206 judicaturum.
1654 2154 1900 2195 Duodecim

1070 2223 1174 2261 ergo
1194 2210 1323 2252 sedes
1349 2210 1454 2263 quid
1478 2210 1562 2252 sibi
1580 2210 1730 2260 velint,
1753 2209 1899 2251 videa-

1069 2279 1177 2307 mus.
1218 2267 1548 2307 Sacramentum
1579 2272 1646 2308 est
1673 2265 1900 2318 cujusdam

1070 2322 1383 2373 universitatis,
1419 2323 1520 2375 quia
1550 2335 1631 2375 per
1659 2327 1803 2364 totum
1830 2334 1897 2362 01·-

1068 2377 1171 2419 bem
1202 2380 1419 2419 terrarum
1451 2378 1596 2419 futura
1629 2383 1723 2419 erat
1749 2377 1897 2419 Eccle-

1070 2434 1149 2475 sia:
1185 2433 1302 2475 unde
1334 2436 1517 2475 vocatur
1547 2434 1633 2475 hoc
1664 2432 1899 2475 aedificium

1069 2489 1126 2531 ad.
1146 2489 1308 2530 Christi
1327 2491 1598 2542 compagem.

1124 2554 1173 2603 R*-
1194 2558 1321 2599 Beati
1341 2557 1457 2606 estis,
1477 2570 1577 2598 cum
1595 2555 1899 2599 maledixerint

1069 2613 1195 2655 vobis
1231 2613 1447 2663 homines,
1484 2618 1528 2654 et
1563 2613 1785 2665 persecuti
1817 2626 1898 2654 vos

1068 2670 1245 2720 fuerint,
1278 2674 1322 2710 et
1354 2668 1545 2711 dixerint
1576 2681 1705 2710 omne
1736 2669 1899 2710 malum
