2066 2956
452 180 626 214 Officium
653 179 823 213 votivum
850 179 895 212 dc
921 179 976 212 Ss.
1004 178 1254 211 Euentu-istite
1280 179 1534 211 &aemimonto

200 273 345 314 Funes
360 269 609 313 ceciderunt
622 268 727 310 mihi
740 269 783 310 in
793 270 972 322 praecla-

149 329 223 370 ris:
247 328 270 354 *
296 327 454 369 etenim
483 325 716 367 haereditas
740 339 838 367 mea
861 340 970 379 prae-

150 385 268 427 clara
286 388 353 426 est
369 382 484 424 mihi.
536 410 540 414 -

200 445 464 497 Benedicam
498 443 754 493 Deminum,
792 444 865 495 qui
899 446 971 484 tri-

148 503 242 545 buit
259 501 364 543 mihi
385 500 666 543 intellectum:
685 499 708 526 *
727 502 905 552 insuper
929 504 972 541 et

149 571 287 611 usque
306 557 362 600 ad
380 562 554 599 noctem
576 557 884 609 increpuerunt
901 569 971 598 me

148 628 276 657 renes
294 627 390 656 me1.
821 655 823 657 ,

199 674 492 717 Providebam
522 673 758 715 Dominum
793 673 837 714 in
873 686 971 714 con-

149 734 302 785 spectu
328 743 426 773 meo
455 743 642 785 semper:
665 730 688 755 *
715 730 920 782 queniam
947 742 977 775 a

150 788 315 831 dextris
334 792 401 830 est
419 786 534 836 mihi,
552 799 607 828 ne
626 788 914 828 commavear.

199 850 387 902 Propter
426 848 511 890 hoc
550 847 747 888 laetatum
787 852 853 888 est
894 860 971 888 cor

148 918 308 955 meum,
347 910 390 947 et
422 904 654 947 exsultavit
684 903 830 955 lingua
859 917 971 945 mea:

148 962 172 989 *
199 964 376 1015 insuper
403 966 447 1003 et
475 973 577 1003 caro
604 973 701 1002 mea
728 960 973 1013 requiescet

148 1032 192 1060 m
210 1031 299 1071 spe.
314 1060 315 1065 ,

200 1079 415 1130 Queniam
449 1091 538 1120 11011
574 1077 849 1130 derelinques
886 1078 972 1118 ani·

148 1148 264 1178 mam
290 1148 434 1177 meam
460 1135 504 1176 in
530 1134 714 1175 inferno:
740 1134 764 1160 *
790 1147 871 1176 nec
900 1133 971 1175 da-

148 1192 216 1235 bis
252 1196 460 1234 sanctum.
486 1196 609 1233 tuum
643 1190 793 1232 videre
827 1203 971 1232 corru-

148 1249 354 1302 ptionem.

199 1310 340 1351 Notas
362 1309 467 1350 mihi
489 1309 631 1350 fecisti
648 1309 740 1350 vias
758 1308 876 1358 vitae,
900 1308 971 1350 ad-

149 1365 351 1419 implebis
369 1378 439 1407 me
457 1365 609 1407 laetitia
627 1378 726 1406 cum
739 1365 863 1406 vultu
880 1370 973 1406 tuo:

150 1423 174 1449 *
199 1422 511 1464 (16166131101168
534 1422 579 1463 in
603 1421 784 1463 dextera
806 1426 881 1463 tua
905 1435 972 1463 us-

153 1479 298 1532 quein
317 1478 458 1520 finem.

204 1551 301 1591 Ant.
340 1547 653 1590 Communione
685 1546 851 1597 calicis,
886 1559 973 1599 quo

149 1605 270 1646 Deus
293 1605 388 1658 ipse
411 1604 605 1654 sumitur,
628 1616 716 1646 non
737 1604 974 1645 vituIOrum

151 1661 382 1712 sanguine,
432 1660 714 1712 congregavit
759 1673 840 1702 nos
885 1660 973 1702 Do-

150 1718 302 1759 minus

204 1779 253 1829 V.
273 1779 436 1820 Panem
455 1777 557 1820 coeli
577 1776 699 1820 dedit
717 1777 789 1819 eis.
820 1781 870 1831 ΒΕ.
893 1778 971 1818 Ρ3-

150 1847 250 1882 116111
258 1834 528 1887 Angelorum
541 1832 820 1876 manducavit
829 1834 973 1875 homo.

204 1904 406 1939 Lectiones
432 1904 477 1938 dc
499 1904 694 1947 Scriptura
720 1910 950 1939 occurrente.

206 1957 255 2009 sp
275 1956 298 1995 i.
322 1955 570 1997 Immolabit
587 1954 767 1998 hoedum
785 1954 973 1996 multitu-

153 2011 210 2054 do
227 2011 414 2054 filiarum
427 2011 565 2053 Israel
584 2011 640 2054 ad
653 2013 882 2064 vesperam
895 2011 973 2052 Pa-

153 2068 284 2110 schae:
299 2069 321 2093 *
338 2068 395 2110 Et
409 2067 540 2110 edent
554 2070 722 2118 carnes,
737 2072 780 2110 et
795 2070 973 2120 azymos

152 2137 300 2177 panes.
334 2122 385 2171 V.
411 2124 580 2166 Pascha
602 2130 800 2166 nostrum
824 2125 972 2165 immo-

152 2181 267 2223 latus
283 2186 349 2223 est
364 2180 574 2222 Christus:
587 2183 735 2233 itaque
750 2180 975 2234 epulemur

153 2237 198 2278 in
225 2237 388 2289 azymis
415 2237 672 2279 sinceritatis
698 2241 741 2279 et
768 2236 974 2279 veritatis.

154 2294 210 2336 Et
229 2292 362 2336 edent
379 2306 542 2335 carnes.
759 2325 763 2330 .

209 2360 256 2410 Rg.
278 2359 314 2397 ii.
342 2356 592 2400 Comedetis
611 2370 774 2407 carnes,
799 2362 842 2399 et
861 2361 975 2398 satu-

155 2413 355 2455 rabimini
376 2413 576 2467 panibus:
597 2420 617 2438 *
640 2415 730 2456 1816
753 2418 820 2456 681
840 2413 976 2466 panis,

158 2482 288 2521 quem
308 2469 428 2512 dedit
449 2470 576 2512 vobis
594 2470 807 2512 Deminus
830 2468 887 2510 ad
906 2481 975 2510 ve-

158 2524 376 2568 scendum.
423 2523 471 2573 lt.
510 2527 611 2568 Non
642 2527 819 2579 Moyses
855 2524 977 2566 dedit

157 2581 283 2623 vobis
309 2595 467 2635 panem
492 2582 547 2625 de
575 2583 709 2632 coelo,
741 2581 821 2623 sed
846 2581 978 2622 Pater

157 2650 280 2679 meus
314 2637 389 2680 dat
423 2639 550 2681 vobis
587 2651 746 2692 panem
777 2637 832 2679 de
865 2637 978 2679 coelo

158 2706 322 2736 verum.
345 2695 435 2737 Iste
454 2700 522 2738 est
538 2695 674 2748 panis.

1755 166 1846 209 [243]

1075 274 1123 324 Ra
1153 273 1204 312 iii.
1242 266 1455 319 Respexit
1482 265 1599 306 Elias
1632 264 1688 306 ad
1716 268 1847 316 caput

1023 339 1150 367 suum
1187 322 1520 366 subcinericium
1555 334 1733 374 panem:
1774 319 1848 372 qui

1023 395 1203 433 surgens
1223 378 1414 423 comedit
1434 383 1477 420 et
1495 378 1620 420 bibit:
1642 391 1661 409 *
1685 378 1742 419 Et
1761 390 1847 419 am-

1023 439 1190 482 bulavit
1229 438 1273 478 in
1314 434 1569 477 fortitudine
1611 434 1696 476 cibi
1732 433 1847 474 illius

1022 507 1162 548 usque
1186 493 1242 535 ad
1264 497 1458 550 montem
1476 491 1571 532 Dei.
1612 494 1657 542 v,
1682 490 1726 531 Si
1750 490 1847 542 quis

1022 549 1352 593 manducaverit
1378 561 1433 590 ex
1458 547 1544 589 1106
1571 559 1701 600 pane,
1730 547 1848 588 vivet

1022 609 1066 649 in
1086 609 1307 650 aeternum.
1334 606 1402 647 Et.
1431 604 1583 646 (iloria
1600 603 1730 645 Patri.
1757 603 1825 644 Et.

1079 694 1117 727 ln
1143 691 1447 733 Quadi-agesima
1473 699 1562 723 vcro
1590 688 1767 721 dicuntur
1792 698 1846 721 sc-

1026 747 1184 785 qucntcs
1209 739 1420 773 Lectiones.

1060 801 1127 840 De
1154 797 1353 850 Epistola
1380 796 1520 848 prima
1546 794 1665 836 beati
1691 793 1814 835 Pauli

1154 853 1361 906 Apostoli
1382 851 1438 894 ad
1458 851 1720 893 Corinthios.

1103 918 1253 957 Lectio
1281 918 1301 955 i.
1540 917 1640 965 (lap.
1663 916 1710 953 ll.
1732 913 1769 953 d.

1031 983 1478 1034 fflonvenientibus
1499 982 1625 1025 vobis
1643 983 1850 1030 inunum,

1068 1022 1137 1089 <31:551
1160 1042 1245 1094 jam
1267 1053 1355 1082 non
1379 1045 1445 1082 est
1463 1039 1739 1081 Dominicam
1764 1050 1848 1079 coe-

1116 1116 1125 1120 -
1160 1111 1260 1138 113111
1287 1096 1564 1138 manducare.
1609 1095 1849 1146 Unusquis-

1025 1166 1108 1205 que
1135 1154 1250 1195 enim
1276 1166 1400 1194 suam
1427 1165 1598 1194 coenam
1622 1150 1849 1203 praesumit

1024 1205 1081 1246 ad
1111 1204 1476 1247 manducandum.
1530 1206 1586 1245 Et
1617 1203 1727 1245 alius
1760 1203 1849 1255 qui-

1025 1261 1125 1303 dem
1144 1262 1295 1304 esurit:
1316 1262 1425 1303 alius
1446 1266 1593 1303 autem
1612 1260 1757 1302 ebrius
1774 1265 1850 1301 est.

1023 1318 1249 1370 Numquid
1280 1318 1436 1360 domos
1473 1331 1561 1359 non
1592 1316 1760 1358 habetis
1794 1314 1850 1357 ad
1897 1319 1899 1325 ⁴

1023 1373 1375 1416 manducandum
1407 1379 1450 1415 et
1482 1371 1742 1415 bibendum?
1776 1377 1850 1413 aut

1024 1431 1267 1473 Ecclesiam
1280 1431 1364 1472 Dei
1383 1430 1670 1479 contemnitis,
1690 1434 1734 1470 et
1750 1441 1848 1470 con-

1023 1486 1204 1529 funditis
1225 1500 1311 1537 eos,
1333 1487 1406 1540 qui
1424 1499 1512 1528 non
1530 1484 1714 1527 habent?
1736 1483 1850 1535 Quid

1025 1542 1167 1585 dicam
1190 1543 1338 1585 vobis?
1373 1542 1525 1585 Laudo
1551 1541 1653 1584 vos?
1690 1543 1740 1583 In
1763 1541 1849 1582 hoc

1025 1613 1113 1642 non
1132 1600 1277 1642 laudo.

1082 1665 1130 1714 Rg.
1155 1660 1406 1715 Immolabit
1423 1659 1615 1702 hoedum.
1645 1668 1689 1701 ut
1710 1672 1851 1710 supra.

1338 1730 1486 1770 Lectio
1509 1730 1545 1768 ii.

1108 1803 1165 1842 go
1185 1790 1298 1832 enim
1317 1790 1473 1842 accepi.
1486 1802 1511 1831 3
1525 1789 1715 1830 Domino
1735 1787 1853 1841 quod

1122 1853 1166 1890 et
1188 1846 1352 1889 tradidi
1375 1846 1515 1896 vobis,
1541 1846 1746 1898 quoniam
1765 1846 1851 1886 Do-

1025 1907 1168 1947 minus
1195 1904 1341 1951 Jesus,
1369 1903 1413 1944 in
1442 1916 1528 1955 qua
1554 1907 1684 1944 noete
1712 1902 1851 1943 trade-

1026 1962 1174 2012 batur,
1207 1959 1376 2012 accepit
1405 1972 1582 2012 panem,
1615 1963 1659 2000 et
1689 1958 1852 2009 gratias

1027 2031 1160 2070 agens
1183 2017 1325 2068 fregit,
1352 2021 1396 2060 et
1419 2016 1542 2058 dixit:
1565 2015 1781 2067 Accipite,
1807 2018 1851 2055 et

1026 2074 1302 2116 manducate:
1327 2073 1413 2114 hoc
1431 2077 1498 2114 est
1517 2084 1677 2124 corpus
1695 2083 1851 2120 meum,

1029 2130 1149 2182 quod
1162 2143 1245 2183 pro
1260 2129 1386 2171 vobis
1400 2128 1610 2170 tradetur:
1625 2127 1710 2168 hoc
1722 2127 1851 2168 facite

1027 2187 1071 2227 in
1097 2199 1240 2228 meam
1269 2184 1738 2228 commemorationem.
1791 2182 1851 2223 Si-

1027 2243 1187 2285 militer
1212 2248 1256 2285 et
1284 2242 1479 2291 calicem,
1506 2245 1742 2293 postquam
1768 2252 1852 2281 coe-

1029 2300 1167 2350 navit,
1210 2299 1378 2341 dicens:
1422 2297 1507 2338 Hic
1543 2296 1655 2338 calix
1690 2308 1853 2337 novum

1028 2357 1337 2398 testamentum
1360 2358 1426 2396 est
1447 2354 1492 2394 in
1509 2365 1608 2394 meo
1632 2352 1851 2403 sanguine.

1029 2412 1130 2454 Hoc
1146 2411 1286 2461 facite,
1307 2409 1666 2462 quotiescumque
1680 2408 1851 2458 bibetis,

1029 2469 1072 2510 in
1086 2481 1228 2510 meam
1242 2465 1713 2509 commemorationem.
1737 2465 1851 2515 Quo-

1028 2525 1302 2575 tiescumque
1319 2522 1433 2564 enim
1446 2520 1764 2563 manducabitis
1779 2534 1851 2573 pa-

1029 2594 1128 2623 nem
1146 2580 1271 2629 hunc,
1290 2584 1334 2620 et
1353 2578 1533 2620 calicem
1550 2577 1722 2627 bibetis,
1741 2590 1852 2618 mor·

1029 2642 1119 2678 tem
1145 2635 1322 2677 Demini
1350 2633 1679 2684 annuntiabitis,
1711 2633 1852 2676 donec

1030 2693 1184 2735 veniat.
1216 2694 1266 2742 R.
1289 2690 1549 2733 Comedetis.
1576 2695 1782 2740 utsupra.
1813 2698 1817 2704 ‘
