2066 2956
214 203 305 247 [352]

376 300 464 341 Ad
490 299 879 341 Matutinum.

269 365 435 404 Invitat.
463 363 622 403 Sancta
645 360 783 401 Maria
806 359 890 400 Dei
911 359 1040 400 Geni-

214 419 299 459 trix
322 418 478 468 Virgo,
507 417 648 458 Mater
673 416 786 457 Boni
814 413 994 457 Consilii
1018 422 1039 443 *

214 472 442 516 Intercede
462 486 544 525 pro
564 472 704 523 nobis,
723 471 906 522 alleltija.

271 537 333 575 l’s.
358 535 511 575 Venite
531 533 808 575 exsultemus.
826 533 864 573 2.

529 611 735 660 Hymnus.

296 671 427 714 laude
442 672 613 722 festivo,
633 671 706 723 pia
725 683 844 722 gens,
863 671 1043 720 honore,

330 729 448 769 Dum
486 728 782 770 Genestanam
818 727 1042 768 veneraris

525 784 678 833 aedem,

267 841 363 890 Qua
381 841 465 882 Dei
483 853 654 891 magnae
675 839 909 881 Genitricis
929 839 1044 880 alma

368 896 579 949 Splendet
596 897 754 948 imago.

220 968 323 1006 llaec
341 965 418 1006 ubi
435 965 590 1006 miram
610 964 802 1017 speciem
821 966 1004 1017 repente

266 1021 437 1062 Obtulit
460 1021 574 1062 laetis
596 1020 774 1074 pepulis
797 1020 1043 1070 videndam,

267 1077 405 1118 Multa
423 1090 528 1118 mox
545 1090 694 1118 secum
709 1076 826 1119 bona
840 1077 954 1118 ferre
968 1089 1043 1118 no-

371 1189 479 1230 Visa
497 1138 708 1240 ρίξΐῖἰειε.

180 1261 183 1265 ’
220 1259 318 1309 Ipsa
335 1262 440 1299 tunc
459 1257 588 1308 aegris
609 1256 772 1305 aderat,
791 1255 1003 1297 molestos

270 1314 480 1366 Cerporis
504 1312 684 1409 nlmrbos
709 1312 929 1364 animique
954 1312 1042 1364 pel-

266 1426 418 1477 Longe
443 1430 487 1467 et
511 1382 729 1466 aeiiiznas
752 1424 881 1465 Latio
907 1424 1044 1465 immi-

525 1483 679 1523 nentes

371 1539 475 1591 Ipsa
493 1537 682 1588 fugabat.

220 1607 372 1657 Virgo,
412 1619 510 1659 quae
545 1606 713 1670 magnis
750 1607 959 1649 decorata
992 1609 1044 1650 si-

268 1718 396 1759 Nunc
429 1675 840 1771 quogiiles'effnlges,
874 1721 1045 1763 miseris

526 1774 727 1825 juvamen

269 1829 399 1879 Affer,
419 1835 463 1871 et
481 1829 587 1870 fusis
605 1830 779 1882 patiens
799 1832 1006 1874 clientum

292 1894 297 1898 ·
373 1886 528 1926 Annue
547 1886 675 1927 votis.

216 1955 281 1995 Sit
299 1954 416 1995 salus
435 1955 507 2003 illi,
528 1954 662 1995 decus
682 1960 814 2007 atque
834 1957 984 2007 virtus,

269 2010 352 2059 Qui
371 2023 503 2062 super
522 2010 623 2051 coeli
641 2011 752 2052 solio
771 2015 1019 2064 cortiscans,

271 2066 428 2107 Totius
447 2065 597 2107 mundi
617 2067 775 2107 seriem
793 2068 1008 2119 gubernat

369 2122 530 2163 Trinus
550 2127 594 2164 et
612 2135 735 2163 unus.
763 2123 916 2166 Amen.

459 2205 507 2244 111
527 2204 556 2243 1.
577 2204 798 2245 Nocturno.

274 2268 371 2308 Ant.
414 2265 578 2317 Accipe
618 2267 847 2309 consilium
879 2269 1042 2310 intelle-

218 2325 330 2363 etus,
359 2326 402 2361 et
427 2333 481 2361 ne
506 2320 683 2372 abjicias
707 2324 937 2365 consilium
956 2338 1043 2367 me-

218 2388 300 2423 um,
319 2376 500 2428 alleluja.

272 2437 413 2471 Psalmi
431 2439 543 2473 trium
562 2439 844 2474 Nocturnorum
863 2445 901 2475 ut
920 2441 956 2474 in
975 2441 1040 2475 Fe-

220 2485 288 2518 stis
307 2485 346 2518 B.
364 2486 410 2519 M.
429 2487 470 2519 V.
495 2485 586 2528 [155]

271 2531 319 2581 V.
355 2534 581 2577 Venerunt
610 2537 716 2578 mihi
749 2539 894 2580 emnia
926 2539 1043 2582 bona

218 2588 381 2639 pariter
400 2602 498 2631 cum
516 2591 606 2640 illa,
627 2592 808 2645 alleluja.
836 2597 885 2648 R.
908 2596 964 2637 Et
983 2597 1041 2637 in-

219 2644 496 2686 numerabilis
532 2647 739 2690 honestas
774 2663 854 2702 per
890 2665 1043 2693 manus

219 2698 343 2749 illius,
363 2700 544 2753 alleluja.

576 206 646 240 Die
670 207 722 239 213.
748 206 906 249 Aprilis.
954 205 993 239 13.
1020 205 1066 238 M.
1095 204 1135 237 V.
1162 204 1208 237 de
1236 203 1345 237 Bono
1371 202 1558 236 Consilio.

1222 299 1290 339 De
1308 295 1423 337 libro
1441 293 1796 336 Proverbiorum.

1198 362 1351 403 Lectio
1372 362 1394 400 i.
1612 360 1716 409 Cap.
1731 358 1767 397 2.
1784 357 1822 397 b.

1101 424 1212 477 &11
1228 420 1456 462 intraverit
1471 420 1686 473 sapientia
1702 431 1778 460 cor
1793 423 1928 466 tuum,

1101 462 1191 539 &N
1217 481 1261 517 et
1285 477 1468 519 scientia
1491 476 1648 517 animae
1671 481 1762 517 tuae
1779 473 1927 527 placu-

1109 535 1184 557 ὃν]
1217 532 1311 573 erit:
1330 532 1561 574 consilium
1575 530 1797 574 custediet
1810 535 1866 580 te,
1885 535 1930 572 et

1097 587 1331 640 prudentia
1350 588 1544 631 servabit
1561 593 1622 638 te,
1644 592 1693 630 ut
1716 587 1883 629 eruaris
1903 599 1929 628 a

1096 644 1165 685 via
1190 644 1320 697 mala,
1355 650 1398 687 et
1423 645 1479 686 ab
1504 645 1698 694 homine,
1733 643 1808 696 qui
1831 655 1928 696 per-

1096 702 1225 742 versa
1242 701 1452 754 lequitur:
1478 701 1553 753 qui
1576 701 1829 753 relinquunt
1845 700 1930 741 iter

1095 762 1276 807 rectum,
1296 763 1340 800 et
1358 757 1584 799 ambulant
1602 770 1682 810 per
1698 756 1794 798 vias
1811 760 1928 798 tene-

1094 813 1266 854 brosas:
1292 814 1367 867 qui
1391 814 1599 855 laetantur
1618 826 1719 855 cum
1737 811 1852 854 male
1870 812 1929 853 fe·

1096 869 1250 920 cerint,
1273 875 1318 912 et
1337 870 1559 912 exsultant
1578 870 1622 911 in
1641 869 1774 911 rebus
1792 868 1929 922 pessi·

1095 925 1192 966 mis:
1226 939 1414 978 quorum
1448 926 1532 967 viae
1564 927 1790 979 perversae
1818 929 1930 974 sunt,

1096 986 1141 1023 et
1159 982 1344 1024 infames
1362 995 1542 1034 gressus
1562 985 1727 1024 eorum.

1150 1048 1198 1096 Ιζι.
1225 1046 1270 1087 Si
1289 1046 1553 1099 sapientiam
1570 1044 1862 1095 invocaveriS‚
1887 1049 1931 1086 et

1095 1101 1373 1144 inclinaveris
1406 1115 1483 1144 cor
1513 1107 1639 1144 tuum
1666 1100 1931 1155 prudentiae:

1098 1160 1117 1180 *
1139 1158 1264 1199 Tunc
1283 1158 1500 1210 intelliges
1519 1159 1723 1200 timerem
1741 1156 1931 1207 Domini,

1097 1219 1140 1255 et
1159 1214 1388 1256 scientiam
1406 1215 1491 1257 Dei
1508 1215 1721 1264 invenies,
1745 1212 1931 1265 alleluja.

1101 1267 1149 1317 V.
1181 1270 1292 1320 Quia
1319 1271 1536 1312 Dominus
1565 1269 1641 1312 dat
1669 1269 1931 1322 sapientiam

1097 1330 1141 1367 et
1156 1338 1211 1367 ex
1229 1338 1305 1368 ore
1321 1328 1413 1378 ejus
1427 1325 1662 1379 prudentia
1677 1330 1721 1368 et
1736 1324 1931 1367 scientia.

1096 1381 1223 1423 Tunc
1241 1382 1469 1434 intelliges.

1201 1446 1355 1487 Lectio
1375 1446 1414 1486 ii.
1620 1448 1722 1498 Cap.
1737 1447 1774 1486 3.
1791 1459 1825 1487 c.

1184 1508 1229 1549 ili
1247 1508 1323 1558 mi,
1350 1520 1406 1549 ne
1430 1507 1612 1549 effluant
1630 1507 1728 1550 haec
1749 1508 1805 1551 ab
1829 1510 1930 1550 ecu-

1190 1564 1245 1606 lis
1273 1564 1371 1606 tuis.
1415 1563 1600 1606 Custodi
1626 1564 1771 1616 legem
1797 1569 1930 1618 atque

1097 1621 1344 1662 consilium:
1369 1625 1413 1662 et
1433 1621 1516 1662 erit
1534 1621 1625 1662 vita
1648 1621 1806 1662 animae
1829 1626 1931 1672 tuae,

1097 1682 1142 1718 et
1166 1677 1308 1728 gratia
1332 1676 1534 1718 faucibus
1559 1677 1657 1718 tuis
1693 1677 1820 1719 Tunc
1843 1689 1930 1718 am-

1095 1732 1269 1775 bulabis
1302 1732 1565 1775 fiducialiter
1593 1733 1638 1774 in
1664 1733 1736 1774 via
1762 1738 1853 1784 tua,
1887 1738 1932 1776 et

1097 1801 1178 1841 pes
1202 1794 1304 1830 tuus
1330 1801 1419 1830 non
1443 1789 1674 1841 impinget:
1706 1790 1744 1830 si
1770 1789 1930 1832 dormi-

1098 1845 1200 1894 eris,
1219 1857 1307 1886 non
1326 1845 1515 1887 timebis:
1535 1845 1752 1898 quiesces,
1771 1851 1816 1888 et
1834 1848 1929 1888 sua-

1096 1901 1162 1942 vis
1195 1901 1277 1942 erit
1308 1914 1488 1943 somnus
1520 1906 1632 1943 tuus.
1669 1901 1739 1943 Ne
1763 1903 1929 1955 paveas

1096 1959 1325 2010 repentino
1344 1959 1528 2007 terrore,
1548 1962 1593 1999 et
1610 1958 1828 2000 irruentes
1848 1957 1929 2000 tibi

1095 2013 1317 2064 potentias
1327 2013 1574 2065 impierum.
1587 2013 1805 2056 Dominus
1814 2014 1930 2056 enim

1095 2069 1176 2110 erit
1195 2069 1239 2110 in
1265 2069 1402 2111 latere
1426 2074 1521 2119 tu0,
1551 2075 1596 2111 et
1614 2069 1837 2113 custodiet
1854 2082 1928 2123 pe-

1095 2123 1196 2166 dem
1214 2130 1338 2167 tuum
1359 2138 1413 2167 ne
1433 2125 1633 2178 capiaris.

1150 2193 1200 2244 R.
1222 2190 1267 2232 Si
1286 2190 1513 2232 intraverit
1531 2191 1749 2244 sapientia
1767 2204 1845 2234 cor
1862 2196 1928 2234 tu-

1095 2259 1184 2296 um,
1211 2251 1255 2288 et
1278 2246 1462 2288 scientia
1486 2246 1643 2288 animae
1667 2252 1757 2289 tuae
1779 2247 1927 2300 placu-

1095 2302 1191 2344 erit:
1223 2307 1246 2331 *
1277 2302 1515 2344 Consilium
1542 2303 1764 2346 custodiet
1791 2308 1852 2354 te,
1884 2309 1929 2346 et

1094 2358 1327 2410 prudentia
1338 2358 1533 2400 servabit
1544 2364 1599 2409 te,
1611 2359 1793 2412 allelnja.
1809 2355 1928 2407 V.Ut

1095 2415 1261 2456 eruaris
1288 2427 1315 2455 a
1338 2414 1410 2455 via
1434 2414 1565 2465 mala,
1593 2420 1638 2456 et
1667 2415 1723 2458 ab
1749 2415 1928 2458 hemine

1095 2471 1169 2522 qui
1187 2471 1397 2523 perversa
1414 2469 1621 2522 loquitur.
1650 2470 1900 2517 Consilium.

1200 2538 1353 2579 Lectio
1374 2538 1428 2583 iii.
1603 2539 1707 2589 Cap.
1726 2539 1763 2578 8.
1783 2538 1822 2579 b.

1178 2611 1236 2649 go
1256 2599 1471 2652 sapientia
1494 2598 1645 2641 habito
1664 2600 1708 2640 in
1732 2601 1926 2652 consilio,

1186 2660 1230 2696 et
1254 2655 1438 2696 eruditis
1461 2655 1674 2697 intersum
1698 2658 1925 2708 cogitatie-

1094 2710 1232 2752 nibus.
1265 2711 1419 2752 Timor
1436 2711 1615 2753 Domini
1636 2711 1731 2755 odit
1749 2714 1926 2755 malum:
