2066 2904
538 184 746 217 Commune¹
774 183 884 216 unius
912 182 1087 225 Martyris
1114 186 1219 214 extra
1246 186 1394 223 ternpus
1421 181 1616 215 l'aschale.

513 278 661 318 Lectio
684 278 763 317 viii.

229 329 353 434 Sed
394 335 450 378 ad
492 335 587 377 haec
630 335 778 377 audita
819 334 1051 377 inardescit

314 392 498 442 animus,
535 393 706 444 jamque
730 392 818 434 11110
843 392 963 444 cupit
986 403 1050 432 as-

227 450 391 498 sistere,
410 448 484 491 ubi
504 461 551 491 se
571 453 719 502 sperat
738 449 829 490 sine
850 448 934 489 fine
951 460 1049 499 gau-

228 504 341 547 dere.
378 505 465 547 Sed
489 504 545 547 ad
572 518 729 557 magna
752 505 933 558 praemia
955 516 1050 556 per-

227 561 364 603 veniri
382 574 469 603 non
489 566 647 614 potest,
674 562 758 602 nisi
772 574 851 614 per
868 572 1050 611 magnos

226 617 411 659 labores.
447 618 573 660 Unde
599 623 642 660 et
666 617 826 662 Paulus
852 616 1050 668 egregius

226 673 491 726 praedicator
507 674 624 716 dicit:
642 673 743 715 Non
759 672 1049 722 coronabitur,

226 730 308 772 nisi
334 731 408 783 qui
431 730 622 781 legitime
648 730 890 772 certaverit.
923 729 1048 770 Dele-

226 791 315 828 ctat
335 800 438 838 ergo
458 792 647 829 mentem
666 785 919 837 magnitudo
938 798 1047 839 prae-

225 843 425 894 miorum,
458 843 536 885 sed
559 856 646 885 non
670 842 888 884 deterreat
913 844 1048 884 certa·

225 912 323 941 men
347 900 555 941 laborum.
591 898 716 941 Unde
736 898 792 941 ad
812 912 859 940 se
878 899 1047 940 venien-

223 955 340 998 tibus
359 956 533 998 Veritas
566 955 684 997 dicit:
725 956 770 997 Si
803 955 899 1008 quis
931 956 1049 997 venit

225 1011 281 1054 ad
303 1025 389 1062 me,
423 1018 466 1055 et
489 1025 575 1054 non
599 1012 692 1054 odit
715 1017 887 1065 patrem
910 1025 1047 1062 suum,

225 1074 268 1110 et
287 1074 481 1119 matrem,
510 1075 552 1111 et
571 1071 764 1119 uxorem,
789 1074 833 1110 et
851 1069 976 1119 filios,
1005 1074 1048 1111 et

224 1126 393 1175 fratres,
431 1131 474 1167 et
503 1127 694 1175 sororeS,
732 1125 874 1167 adhuc
902 1130 1048 1168 autem

225 1187 268 1223 et
289 1182 475 1223 animam
494 1195 627 1232 suam,
652 1195 739 1223 non
758 1187 906 1234 potest
924 1195 1047 1224 meus

225 1251 321 1280 esse
341 1238 590 1291 discipulus.

280 1299 325 1348 R'·
353 1299 436 1341 Hic
457 1304 523 1341 est
542 1312 645 1341 vere
662 1299 843 1351 Martyr,
873 1300 946 1352 qui
964 1312 1046 1352 pro

226 1355 384 1397 Christi
420 1356 592 1397 nomine
630 1357 884 1407 sanguinem
921 1369 1047 1398 suum

224 1411 350 1453 fudit:
386 1411 406 1432 *
447 1413 531 1462 Qui
562 1412 700 1454 minas
736 1413 927 1464 judicum
958 1426 1046 1454 non

222 1469 374 1518 timuit,
402 1482 482 1510 nec
505 1471 689 1511 terrenae
714 1469 937 1520 dignitatis
957 1469 1046 1520 glo-

223 1525 330 1566 riam
369 1526 588 1578 quaesivit,
622 1525 720 1586 ⁸sed
757 1526 813 1567 ad
850 1526 1047 1567 coelestia

223 1594 355 1633 regna
373 1582 581 1634 pervenit.
607 1580 653 1626 Y.
672 1582 695 1622 J
698 1587 844 1623 ustum
865 1582 1047 1624 deduxit

222 1638 435 1678 Dominus
453 1651 532 1690 per
551 1638 642 1679 vias
662 1643 816 1686 rectas,
841 1644 884 1680 et
904 1641 1045 1680 osten-

224 1693 287 1735 dit
318 1693 378 1734 illi
410 1707 590 1745 regnum
622 1694 715 1735 Dei.
757 1695 852 1746 Qui.
894 1695 1046 1736 Gloria

222 1750 351 1791 Patri.
388 1751 481 1801 Qui.

276 1809 447 1852 Sequens
479 1810 518 1853 R„
549 1811 688 1846 dicitur
719 1813 853 1848 ultimo
886 1815 972 1849 loco
1007 1815 1043 1849 in

226 1856 333 1890 festis
372 1868 441 1892 sex
476 1861 531 1893 Se.
570 1860 776 1904 Martyrum
819 1862 1043 1897 Pontificum

224 1905 397 1948 Eusebii,
437 1906 624 1945 Marcelli.
663 1909 844 1952 Jounnis,
880 1911 1045 1949 silverii.

224 1953 391 1990 Martini.
422 1960 457 1988 ct
481 1955 668 1991 Pontiani.

276 2012 326 2062 R.
360 2013 547 2055 Domine
579 2015 828 2066 praevenisti
866 2027 965 2056 eum
1001 2015 1044 2056 in

222 2068 600 2111 benedictionibus
629 2069 887 2112 dulcedinis:
914 2075 935 2098 *
964 2072 1045 2113 Po-

224 2126 347 2167 suisti
379 2126 423 2167 in
456 2126 599 2179 capite
631 2127 720 2178 ejus
751 2129 958 2169 coronam
990 2128 1045 2171 de

223 2181 367 2235 lapide
387 2183 594 2236 pretioso.
631 2179 678 2230 Y.
708 2184 856 2225 Vitam
875 2185 1002 2237 petiit
1020 2198 1045 2226 a

223 2243 277 2287 te,
301 2244 345 2280 et
362 2238 552 2281 tribuisti
567 2239 606 2281 ei
624 2239 938 2291 longitudinem
958 2241 1045 2283 die-

223 2307 318 2336 rum
344 2295 388 2336 in
416 2295 625 2338 saeculum
651 2296 810 2337 saeculi.
846 2297 1044 2339 Posuisti.

226 2350 375 2393 Gloria
393 2352 524 2394 Patri.
552 2352 754 2394 Posuisti.

277 2412 435 2454 Bened.
465 2412 535 2455 Ad
554 2413 821 2455 societatem.

520 2476 669 2517 Lectio
691 2477 743 2517 ix.

226 2527 351 2634 Sed
378 2540 626 2590 percontari
657 2539 780 2589 libet,
822 2540 1044 2592 quomodo

311 2596 530 2646 parentes,
558 2601 601 2638 et
621 2596 851 2638 carnaliter
870 2600 1044 2650 propin-

228 2661 337 2701 quos
356 2652 633 2703 praecipimur
652 2653 810 2702 odisse,
838 2653 912 2705 qui
931 2653 1044 2704 jube-

226 2718 322 2747 mur
340 2711 383 2748 et
401 2707 598 2750 inimicos
617 2709 818 2761 diligere?
853 2710 910 2751 Et
928 2715 1045 2752 certe

1102 276 1279 318 Veritas
1294 276 1349 318 de
1367 279 1505 319 uxore
1521 276 1641 319 dicit:
1661 277 1791 328 Quod
1804 278 1926 320 Deus

1102 333 1338 385 conjunxit,
1371 333 1504 375 homo
1530 346 1617 375 non
1645 335 1829 387 separet.
1868 334 1926 376 Et

1099 389 1262 430 Paulus
1298 389 1373 431 ait:
1413 389 1527 440 Viri,
1564 389 1729 441 diligite
1764 391 1926 432 uxores

1101 451 1288 496 vestras,
1329 446 1443 488 sieut
1476 451 1521 488 et
1549 446 1746 488 Christus
1779 447 1926 489 Eccle-

1100 503 1219 543 siam.
1250 502 1377 553 Ecce,
1404 502 1644 556 discipulus
1662 505 1846 545 uxorem
1865 502 1926 545 di-

1099 558 1318 611 ligendam
1342 559 1571 612 praedicat,
1599 572 1699 601 cum
1717 562 1927 611 magister

1101 615 1234 657 dicat:
1270 616 1354 666 Qui
1379 618 1562 658 uxorem
1588 628 1677 658 non
1705 615 1809 666 odit,
1840 629 1926 658 non

1101 676 1250 724 potest
1268 684 1392 714 meus
1412 685 1509 714 esse
1525 672 1776 725 discipulus.
1793 672 1927 714 Num-

1104 728 1210 780 quid
1250 728 1369 771 aliud
1410 728 1540 781 judex
1579 729 1768 779 nuntiat,
1809 728 1927 771 aliud

1101 797 1251 838 praeco
1271 783 1451 827 clamat?
1479 786 1551 826 An
1570 785 1699 827 simul
1717 790 1761 827 et
1780 784 1927 827 odisse

1101 843 1346 894 possumus,
1375 846 1419 884 et
1438 840 1641 893 diligere?
1677 841 1765 884 Sed
1784 842 1821 883 si
1838 841 1927 883 vim

1101 899 1315 951 praecepti
1339 898 1662 951 perpendimus,
1693 902 1927 950 utrumque

1102 956 1232 1006 agere
1263 968 1343 1008 per
1377 955 1685 997 discretionem
1717 954 1927 996 valemus:

1100 1017 1149 1053 ut
1165 1013 1359 1062 uxorem,
1380 1016 1424 1053 et
1440 1024 1528 1062 eos,
1549 1011 1623 1064 qui
1640 1011 1769 1054 nobis
1785 1011 1927 1053 carnis

1101 1069 1361 1120 cognatione
1380 1068 1599 1121 conjuncti
1618 1073 1728 1119 sunt,
1753 1072 1797 1110 et
1816 1080 1927 1121 quos

1100 1125 1328 1178 proximos
1356 1125 1577 1175 novimus,
1606 1124 1855 1176 diligamus3
1884 1129 1928 1166 et

1102 1194 1213 1234 quos
1240 1181 1519 1224 adversarios
1546 1181 1591 1223 in
1619 1181 1689 1223 via
1706 1181 1791 1223 Dei
1818 1181 1927 1234 pati-

1099 1251 1213 1289 mur,
1241 1237 1432 1280 odiendo
1460 1243 1505 1280 et
1531 1237 1737 1289 fugiendo
1763 1237 1926 1280 nescia-

1100 1308 1207 1336 mus.

1157 1357 1221 1398 Te
1240 1356 1384 1397 Deum
1402 1356 1642 1399 laudamus.
1669 1356 1728 1398 15.

1363 1447 1443 1488 Ad
1468 1447 1665 1490 Laudes

1319 1514 1337 1539 e
1352 1509 1366 1538 t
1400 1514 1425 1547 p
1441 1515 1460 1538 0
1476 1515 1493 1538 r
1525 1503 1561 1538 H
1575 1514 1597 1539 o
1612 1515 1630 1537 r
1643 1515 1664 1538 a
1678 1514 1706 1538 s.

1154 1566 1252 1606 Ant.
1268 1566 1296 1605 1.
1322 1566 1406 1614 Qui
1427 1578 1498 1607 me
1516 1563 1740 1607 confessus
1760 1562 1890 1604 fuerit
1903 1562 1927 1587 *

1102 1635 1251 1664 eoram
1287 1622 1556 1672 hominibus,
1601 1619 1845 1662 confitebor
1883 1623 1927 1661 et

1100 1692 1181 1730 ego
1211 1692 1312 1721 eum
1340 1692 1489 1721 coram
1514 1679 1646 1720 Patre
1673 1689 1784 1718 meo.

1153 1744 1220 1784 Ps.
1251 1745 1465 1786 Dominus
1483 1743 1692 1795 regnavit.
1719 1743 1778 1783 16.

1151 1811 1186 1850 2.
1222 1810 1307 1861 Qui
1338 1809 1534 1862 sequitur
1560 1820 1647 1858 me,
1669 1807 1693 1833 *
1720 1819 1808 1848 non
1836 1807 1923 1847 am-

1097 1866 1220 1913 bulat
1246 1867 1290 1907 in
1317 1865 1520 1914 tenebriS,
1552 1863 1631 1907 sed
1657 1862 1837 1906 habebit
1862 1862 1923 1904 lu-

1097 1936 1198 1964 men
1217 1923 1331 1973 vitae,
1359 1922 1464 1964 dicit
1477 1921 1705 1963 Dominus.

1151 1989 1186 2028 3.
1223 1989 1307 2038 Qui
1331 1987 1437 2029 mihi
1458 1987 1688 2036 ministrat,
1711 1986 1735 2012 *
1762 1997 1833 2027 me
1859 1997 1923 2026 se-

1100 2047 1273 2098 quatur:
1302 2049 1346 2086 et
1364 2043 1439 2086 ubi
1458 2055 1539 2094 ego
1560 2056 1670 2093 sum,
1698 2042 1786 2084 illie
1806 2041 1863 2083 sit
1880 2045 1924 2083 et

1098 2102 1296 2143 minister
1314 2113 1449 2143 meus.

1151 2168 1188 2206 4.
1223 2166 1269 2206 Si
1297 2166 1394 2218 quis
1420 2164 1525 2206 mihi
1552 2162 1877 2212 ministraverit,
1899 2162 1923 2188 ¹⁸¹

1098 2222 1405 2264 honorificabit
1424 2234 1523 2264 eum
1541 2221 1671 2263 Pater
1690 2233 1824 2270 meus,
1849 2218 1923 2272 qui

1098 2283 1165 2320 est
1182 2278 1226 2319 in
1246 2278 1380 2328 coelis,
1409 2277 1515 2320 dicit
1533 2277 1760 2319 Dominus.

1150 2347 1188 2386 5.
1222 2342 1329 2384 Volo
1344 2343 1487 2394 Pater,
1505 2343 1529 2368 *
1553 2346 1601 2384 ut
1619 2342 1693 2384 ubi
1712 2354 1794 2393 ego
1815 2354 1922 2391 sum,

1097 2399 1183 2441 illic
1202 2399 1258 2441 sit
1278 2404 1321 2440 et
1338 2399 1535 2440 minister
1552 2411 1686 2440 meus.

1204 2470 1461 2522 Capitulum.
1632 2468 1656 2508 J
1658 2481 1719 2509 30.
1736 2469 1763 2508 1.
1779 2466 1818 2508 b.

1097 2537 1302 2643 Beatus
1327 2541 1407 2591 vir,
1446 2540 1519 2593 qui
1543 2539 1696 2582 suffert
1721 2540 1920 2582 tentatio-

1201 2611 1315 2640 nem:
1353 2597 1557 2650 quoniam
1583 2610 1683 2639 cum
1707 2596 1921 2650 probatus

1097 2655 1237 2705 fuerit,
1248 2654 1433 2707 accipiet
1448 2655 1656 2696 coronam
1666 2653 1779 2704 vitae,
1791 2666 1921 2706 quam

1098 2711 1349 2764 repromisit
1365 2711 1487 2753 Deus
1504 2709 1782 2762 diligentibus
1802 2723 1860 2753 se.
