2066 2956
654 212 830 245 Officium
856 212 1031 245 votivum
1058 212 1104 245 dc
1131 203 1284 246 Sanctis
1309 212 1481 253 Angelis.

205 305 517 347 descendendo
546 307 715 348 visione
746 307 901 357 gloriae
930 308 1039 349 frau-

204 362 374 411 dantur,
396 363 497 414 quia
517 375 693 415 semper
711 362 863 405 vident
880 364 1040 405 faciem

206 419 361 460 Patris.

262 480 305 527 Ιζι.
350 475 548 526 Angelus
590 476 770 517 Domini
810 476 1040 519 descendit

205 544 304 572 cum
323 532 485 573 Azaria
505 538 549 574 et
568 533 701 574 sociis
723 534 814 585 ejus
833 534 878 574 in
896 534 1038 575 forna-

204 600 312 637 cem,
333 594 377 630 et
396 589 590 630 excussit
609 590 831 631 flammam
849 590 963 640 ignis
984 590 1039 631 de

203 644 398 686 fornace:
418 650 437 671 *
456 646 512 686 Et
531 658 620 687 non
640 646 786 697 tetigit
805 659 882 688 eos
904 649 1038 688 omni-

203 713 260 741 no
275 700 400 751 ignis,
420 714 564 754 neque
581 702 870 744 contristavit.
891 699 939 750 V.
957 703 1038 744 Be-

203 756 405 798 nedictus
437 758 560 799 Deus
598 760 768 809 eorum,
811 759 885 810 qui
921 759 1039 801 misit

204 813 424 863 Angelum
460 826 605 863 suum,
650 820 695 861 et
736 815 848 856 eruit
884 828 1039 857 servos

204 882 320 918 suos,
341 870 415 921 qui
435 869 716 913 crediderunt
736 872 780 911 in
801 884 911 913 eum.
939 872 1006 913 Et.

493 930 644 970 Lectio
666 931 747 969 viii.

281 995 354 1022 um
390 982 634 1025 ascendunt
675 983 732 1024 ad
769 985 1038 1037 contempla-

288 1038 465 1087 tionem,
484 1039 710 1092 inquiruntv
722 1040 966 1091 veritatem,
983 1041 1038 1083 de

203 1107 290 1146 qua
323 1099 367 1136 et
400 1094 696 1138 desiderando
730 1097 961 1146 satiantur,
994 1103 1038 1139 et

203 1150 405 1192 satiando
426 1151 689 1194 desiderant.
719 1153 828 1194 Cum
843 1166 950 1195 vero
966 1153 1037 1196 de-

203 1207 435 1257 scendunt,
461 1208 628 1250 faciunt
655 1209 886 1251 nobiscum
911 1211 1038 1252 mise·

203 1263 453 1314 ricordiam,
479 1269 527 1306 ut
551 1265 803 1307 custodiant
825 1279 906 1307 nos
930 1267 974 1307 in
995 1269 1037 1308 o-

202 1319 377 1361 mnibus
412 1320 495 1361 viis
528 1322 703 1362 nostris.
748 1322 1037 1365 Administra-

202 1376 304 1416 torii
333 1376 448 1417 enim
477 1377 658 1429 spiritus
687 1383 805 1428 sunt,
837 1379 960 1420 missi
993 1380 1037 1420 in

202 1432 493 1474 ministerium
530 1439 714 1486 propter
750 1448 843 1477 nos.
901 1435 1037 1478 Plane

202 1488 389 1530 ministri
409 1491 566 1539 nostri,
592 1503 681 1532 non
702 1490 868 1532 domini
887 1493 1037 1534 nostri.

202 1544 258 1585 Et
290 1545 333 1585 in
365 1545 451 1586 hoc
476 1546 698 1597 Unigeniti
730 1548 917 1589 formam
944 1549 1036 1590 imi—

201 1602 367 1650 tantur,
407 1602 482 1654 qui
513 1615 600 1643 non
634 1604 755 1645 venit
786 1605 1037 1655 ministrari,

201 1656 281 1698 sed
299 1658 564 1709 ministrare,
595 1660 668 1711 qui
693 1661 815 1702 stetit
838 1661 952 1703 inter
976 1661 1036 1704 di-

201 1713 397 1765 scipulos
433 1719 660 1767 tamquam
700 1717 774 1768 qui
807 1717 1036 1760 ministrat.

200 1769 389 1811 Fructus
405 1771 699 1822 angelicarum
715 1773 896 1823 viarum,
914 1773 1035 1826 quod

201 1824 258 1866 ad
276 1826 399 1877 ipsos
419 1833 608 1879 spectat,
638 1841 717 1870 sua
740 1830 938 1881 ipsorum
962 1830 1034 1872 be-

201 1881 383 1931 atitudo,
402 1887 447 1924 et
466 1883 719 1926 obedientia
738 1891 806 1927 est
823 1886 1034 1928 caritatis:

202 1937 323 1989 quod
346 1943 494 1980 autem
517 1939 574 1981 ad
592 1953 673 1982 nos
698 1942 905 1994 pertinet,
933 1943 1035 1984 inde

201 1993 380 2044 quidem
418 1994 624 2037 obtentus
668 1996 828 2039 divinae
865 1999 1034 2049 gratiae,

201 2048 301 2091 hinc
320 2063 427 2092 vero
447 2052 650 2094 custodia
669 2054 753 2094 viae
778 2059 957 2096 nostrae:
982 2058 1035 2096 si-

202 2104 380 2157 quidem
403 2107 586 2158 Angelis
613 2109 703 2150 suis
727 2109 953 2152 mandavit
978 2111 1034 2153 de

199 2167 259 2211 te,
284 2167 333 2204 ut
351 2163 605 2206 custodiant
623 2170 666 2207 te
686 2166 730 2206 in
750 2167 954 2209 omnibus
973 2168 1033 2209 in-

201 2217 405 2269 digentiis
424 2220 523 2261 tuis.

256 2276 304 2327 R!-
329 2275 398 2316 Tu
424 2277 630 2327 Domine,
667 2279 741 2331 qui
765 2279 922 2321 misisti
946 2281 1032 2322 An-

200 2330 345 2380 gelum
369 2337 493 2374 tuum
518 2333 599 2375 sub
619 2334 811 2376 Ezechia
835 2349 939 2387 rege
962 2338 987 2378 J
990 2351 1033 2379 u-

202 2386 274 2435 da,
302 2393 346 2429 et
378 2389 635 2432 interfecisti
667 2391 722 2433 de
747 2393 904 2434 castris
929 2394 1032 2435 Sen-

201 2443 410 2491 nacherib
444 2451 620 2488 centum
654 2451 882 2499 octoginta
913 2451 1033 2501 quin-

203 2510 287 2548 que
316 2500 466 2542 millia:
494 2505 516 2527 *
544 2503 600 2545 Et
629 2517 745 2546 nunc
772 2505 1033 2548 Dominator

202 2554 415 2596 coelorum
434 2559 559 2600 mitte
575 2561 794 2611 Angelum
814 2567 938 2603 tuum
959 2562 1033 2604 bo-

202 2622 304 2650 num
323 2618 423 2653 ante
440 2627 531 2663 nos,
552 2616 595 2655 in
610 2616 769 2658 timore
785 2622 829 2659 et
842 2620 1034 2659 tremore

201 2666 512 2714 magnitudinis
549 2671 716 2713 brachii
753 2674 827 2714 tui.
888 2667 937 2718 V-
976 2675 1034 2716 Ut

201 2722 398 2764 metuant
426 2726 500 2775 qui
533 2739 633 2768 cum
662 2728 936 2781 blasphemia
964 2733 1033 2772 ve-

1094 308 1218 349 niunt
1246 309 1457 351 adversus
1486 316 1687 352 sanctum
1714 310 1928 363 populum

1094 370 1227 406 tuum.
1254 366 1322 407 Et.
1348 365 1503 407 Gloria
1521 367 1652 409 Patri.
1680 366 1749 408 Et.

1145 426 1275 460 Lectio
1300 426 1348 459 ix.
1382 426 1429 460 dc
1456 427 1554 461 festo
1579 427 1771 469 Simplici.
1803 427 1836 460 si
1864 438 1925 461 oc·

1092 479 1232 511 currat:
1259 475 1356 507 alius

1399 525 1550 566 Lectio
1571 526 1623 565 ix.

1090 583 1301 688 Interim
1339 598 1445 638 ergo
1486 586 1711 629 mandevit
1746 586 1928 638 Angelis

1151 642 1241 684 suis
1260 643 1399 692 Deus,
1427 655 1516 684 non
1541 642 1719 694 quidem
1742 648 1791 686 ut
1809 645 1928 685 amo-

1094 703 1225 740 veant
1244 703 1288 740 te
1308 712 1334 740 a
1353 699 1435 740 viis
1454 699 1556 749 tuis,
1575 698 1656 741 sed
1674 699 1719 740 in
1738 699 1801 742 eis
1819 699 1928 752 ipsis

1093 759 1137 796 te
1170 755 1438 805 custodiant,
1477 759 1522 796 et
1560 755 1687 807 quasi
1722 768 1804 808 per
1835 756 1928 797 vias

1095 823 1214 861 suas,
1240 811 1334 853 vias
1358 816 1457 853 tuas
1478 811 1670 863 dirigant
1687 812 1732 853 in
1751 812 1846 853 vias
1864 812 1927 865 ip-

1094 869 1195 908 sius.
1224 868 1426 918 Quonam
1442 867 1591 917 modo,
1609 866 1777 920 inquis?
1796 868 1928 910 Nem-

1093 936 1150 976 pe
1176 929 1224 965 ut
1253 923 1375 976 quod
1400 924 1598 975 Angelus
1623 937 1679 966 ex
1702 924 1798 966 sola
1822 924 1928 966 cari-

1092 982 1184 1022 tate
1203 981 1357 1033 purius
1377 981 1482 1032 agit,
1502 986 1550 1023 ut
1568 981 1753 1034 propria
1771 980 1928 1022 saltem

1093 1037 1357 1079 necessitate
1383 1037 1637 1090 compulsus
1662 1042 1707 1079 et
1732 1037 1927 1079 admoni-

1092 1098 1181 1143 tus,
1213 1093 1475 1144 descendas,
1507 1099 1552 1136 et
1579 1092 1928 1143 condescendas3

1093 1149 1301 1192 exhibere
1330 1150 1500 1193 scilicet
1530 1150 1736 1203 proximo
1763 1149 1927 1191 miseri-

1092 1205 1303 1248 cordiam:
1342 1211 1387 1248 et
1423 1220 1598 1248 rursum
1636 1219 1736 1248 cum
1769 1204 1928 1248 eodem

1093 1262 1265 1313 Angelo
1290 1263 1441 1304 levans
1471 1261 1691 1305 desideria
1712 1267 1804 1313 tua,
1832 1267 1928 1304 tota

1093 1318 1225 1359 animi
1240 1319 1484 1372 cupiditate
1494 1319 1734 1361 ascendere
1744 1317 1926 1361 studeas

1091 1374 1149 1416 ad
1172 1388 1388 1416 summam
1411 1380 1455 1418 et
1474 1377 1736 1428 perpetuam
1754 1374 1926 1417 Verita-

1090 1436 1191 1472 tem.
1232 1431 1349 1473 Hinc
1377 1432 1492 1487 enim
1519 1433 1750 1474 monemur
1776 1430 1926 1473 levare

1091 1487 1228 1529 corda
1259 1492 1411 1529 nostra
1443 1501 1543 1530 cum
1575 1487 1792 1539 manibus,
1823 1486 1927 1528 hinc

1091 1542 1293 1586 audimus
1322 1544 1535 1596 quotidie:
1566 1545 1751 1587 Sursum
1778 1542 1926 1585 corda.

1090 1600 1206 1642 Hine
1251 1613 1429 1653 quoque
1470 1601 1742 1653 negligentes
1785 1600 1927 1651 argui-

1090 1669 1202 1706 mur,
1236 1663 1280 1699 et
1305 1657 1465 1698 dicitur
1487 1657 1633 1700 nobis:
1665 1656 1766 1698 Filii
1787 1655 1926 1698 homi—

1090 1726 1209 1763 num,
1247 1716 1480 1766 usquequo
1517 1713 1642 1765 gravi
1677 1710 1836 1755 corde?
1878 1716 1927 1754 ut

1091 1768 1199 1820 quid
1218 1769 1398 1821 diligitis
1413 1770 1652 1812 vanitatem
1667 1774 1711 1811 et
1727 1768 1926 1821 quaeritis

1088 1824 1392 1867 mendacium?
1408 1827 1710 1868 Exoneratum
1721 1825 1837 1867 enim
1847 1837 1925 1866 cor

1089 1886 1133 1922 et
1152 1881 1249 1923 leve
1268 1882 1440 1924 levatur
1458 1882 1609 1933 magis,
1628 1886 1677 1924 ut
1696 1886 1867 1934 quaerat
1881 1885 1926 1923 et

1089 1937 1243 1988 diligat
1263 1938 1506 1983 veritatem.

1143 1994 1206 2035 Te
1225 1994 1370 2036 Deum
1389 1994 1631 2036 laudamus.
1650 1995 1710 2035 15.

1356 2066 1436 2107 Ad
1458 2066 1656 2108 Laudes

1297 2126 1348 2154 et
1387 2131 1485 2164 per
1523 2121 1719 2155 Horas.
1781 2148 1786 2154 .

1143 2170 1244 2214 Ant.
1271 2172 1298 2211 l.
1334 2172 1491 2223 Angeli
1518 2172 1696 2213 Domini
1722 2173 1746 2198 ¹⁸¹
1773 2172 1922 2213 Domi·
1963 2215 1965 2221 ,

1088 2241 1192 2268 num
1210 2227 1459 2270 benedicite
1478 2228 1522 2269 in
1542 2230 1766 2270 aeternum.

1142 2283 1209 2322 Ps.
1238 2284 1452 2325 Dominus
1471 2284 1683 2335 regnavit.
1701 2285 1761 2326 16.

1141 2340 1178 2379 2.
1208 2340 1386 2391 Angelis
1407 2340 1496 2381 suis
1514 2341 1538 2366 *
1557 2341 1679 2382 Deus
1697 2339 1923 2382 mandavit

1088 2396 1143 2438 de
1164 2403 1223 2446 te,
1247 2402 1296 2438 ut
1319 2396 1570 2438 custodiant
1592 2402 1637 2438 te
1655 2396 1699 2437 in
1719 2396 1921 2438 omnibus

1087 2453 1168 2493 viis
1188 2453 1285 2494 tuis.

1143 2511 1179 2549 3.
1200 2508 1356 2559 Angeli
1372 2511 1524 2550 eorum
1539 2509 1562 2534 *
1577 2520 1752 2560 semper
1769 2508 1920 2551 vident

1087 2565 1243 2606 faciem
1263 2565 1405 2606 Patris
1423 2565 1520 2614 mei,
1543 2565 1617 2616 qui
1637 2570 1705 2606 est
1722 2564 1765 2604 in
1785 2564 1920 2606 coelis.

1142 2622 1179 2660 4.
1210 2619 1406 2662 Laudate
1433 2621 1577 2662 Deum
1601 2621 1625 2645 *
1654 2632 1807 2662 omnes
1832 2620 1919 2661 An-

1085 2677 1171 2727 geli
1196 2678 1304 2729 ejus,
1332 2676 1509 2718 laudate
1534 2689 1635 2718 eum
1659 2688 1812 2718 omnes
1837 2677 1918 2718 vir-

1085 2736 1203 2774 tutes
1223 2734 1325 2785 ejus.
