2028 2892
885 152 947 185 Ad
971 152 1150 186 Tertiam.

220 239 270 291 V.
297 244 322 285 J
324 243 410 286 ube
429 243 589 287 domne
607 245 879 288 benedicere.

218 304 486 347 Benedictio.
532 305 639 348 Dies
680 311 724 348 et
759 312 882 348 actus
918 320 992 349 no-

169 364 284 402 stros
308 360 352 401 in
379 374 457 402 sua
481 374 591 414 pace
617 362 822 415 disponat
844 364 992 406 Domi-

167 429 250 457 nus
270 419 559 470 omnipotens.
592 421 642 472 R.
675 420 828 461 Amen.

217 485 280 518 Ad
299 486 592 520 Absolutionem
613 488 781 530 Capituli
808 490 845 523 in
863 490 987 524 Festis

167 532 238 566 dic.
264 533 355 576 Cap.
380 534 514 568 Nonae.
551 535 643 569 Post
665 536 882 571 Lectionem
908 539 989 572 bre-

166 591 251 615 vem
277 581 417 615 dicitur
510 611 512 613 .

219 630 266 682 V.
303 632 581 685 Adiutorium
613 640 811 676 nostrum
842 636 886 676 in
916 637 990 676 no-

165 688 281 731 mine
300 689 489 731 Domini.
527 692 577 744 R.
601 692 685 741 Qui
707 691 811 733 fecit
831 692 991 733 coelum

166 750 210 786 et
228 750 400 787 terram.

216 802 266 854 V.
287 805 552 849 Benedicite.
581 810 630 862 R.
651 808 784 849 Deus.

216 871 484 914 Benedictio.
519 873 732 914 Dominus
756 886 837 914 nos
861 873 990 915 bene-

166 926 301 978 dicat,
329 933 373 970 et
401 928 455 971 ab
484 929 603 970 omni
629 929 744 971 malo
774 929 989 979 defendat,

166 988 209 1025 et
228 983 285 1025 ad
304 985 438 1026 vitam
456 985 670 1038 perdlicat
695 988 918 1036 aeternam;
947 991 990 1027 et

163 1039 358 1082 fidelium
378 1042 533 1083 animae
552 1055 631 1095 per
646 1042 990 1084 misericordiam

163 1096 248 1138 Dei
265 1098 542 1150 requiescant
560 1099 603 1140 in
622 1111 743 1152 pace.
768 1101 818 1153 R.
837 1099 989 1140 Amen.

525 1188 628 1213 055⁵<

408 1268 488 1309 Ad
514 1268 747 1310 Tertiam.

218 1339 344 1380 Pater
371 1344 531 1381 noster.
572 1341 662 1382 Ave
685 1341 833 1381 Maria.

215 1395 335 1436 Deus
354 1395 398 1435 in
417 1395 689 1447 adjutorium.
709 1397 767 1437 15.

470 1470 680 1521 Hymnus.

259 1545 343 1574 unc
363 1538 512 1575 sancte
531 1534 659 1576 nobis
677 1534 873 1588 Spiritus,

291 1589 435 1631 Unum
454 1590 573 1632 Patri
592 1604 691 1632 cum
710 1591 832 1640 Filio,

263 1645 456 1697 Dignare
474 1652 705 1700 promptus
723 1648 862 1698 ingeri

263 1701 429 1744 Nostro
449 1703 619 1745 refusus
637 1704 818 1757 pectori.

213 1771 286 1820 Os,
304 1770 460 1822 lingua,
480 1785 614 1822 mens,
635 1785 798 1822 sensus,
818 1773 941 1824 vigor

264 1826 594 1870 Confessionem
613 1831 861 1881 personent,

262 1882 555 1926 Flammescat
572 1885 671 1936 igne
692 1885 860 1934 caritas,

262 1939 490 1982 Accendat
509 1941 647 1983 ardor¹
658 1942 894 1994 proximos.

213 2009 388 2059 Praesta,
406 2010 537 2051 Pater
555 2011 760 2063 piissime,

261 2065 469 2118 Patrique
489 2079 669 2119 compar
687 2067 834 2116 Unice,

263 2121 372 2162 Cum
391 2122 554 2175 Spiritu
573 2123 790 2164 Paraclito

262 2178 468 2228 Regnans
487 2192 566 2231 per
586 2191 714 2220 omne
734 2179 953 2220 saeculum.

468 2235 621 2276 Amen.

212 2308 253 2343 In
276 2309 384 2344 Dom.
411 2308 600 2351 Qundrag.
626 2308 712 2341 Ant.
738 2307 905 2351 propria.

208 2370 359 2422 Temp.
381 2369 595 2420 Quadrag.
616 2370 656 2409 in
673 2368 809 2410 feriali
826 2368 981 2408 Officio

158 2425 256 2466 Ant.
292 2423 572 2467 Advenerunt
597 2425 734 2468 nobis.

208 2491 428 2544 Tempore
470 2492 691 2532 Passionis
734 2492 831 2531 Ant.
867 2489 981 2545 Judi-

159 2545 268 2586 casti
294 2545 492 2588 Domine.

210 2612 257 2651 In
280 2613 403 2653 Dom.
424 2614 575 2664 Tcmp.
597 2613 746 2653 Pasch.
772 2619 813 2652 et
841 2613 883 2652 in
907 2612 997 2652 fer.'

158 2666 281 2708 Offie.
310 2670 407 2709 Ant.
439 2667 632 2720 Allehija.

1354 286 1559 327 Psalmus.

1050 365 1063 391 Γ
1073 366 1079 367 ’
1089 370 1286 410 Γ
1304 374 1418 413 pone
1433 362 1536 403 mihi
1550 363 1736 404 Domine
1751 363 1864 404 viam

1081 408 1155 485 εἰ(
1178 416 1530 467 justificationum
1561 421 1747 460 tuarum:
1770 420 1793 444 *
1821 424 1864 460 et

1153 482 1154 486 ’
1178 475 1402 525 exquiram
1421 487 1517 516 eam
1536 488 1716 528 semper.

1095 531 1164 572 Da
1191 533 1295 574 mihi
1322 534 1602 585 intellectum,
1631 540 1674 577 et
1701 538 1862 577 scruta-

1042 586 1125 628 bor
1157 588 1297 639 legem
1330 595 1464 632 tuam:
1491 592 1513 616 *
1547 597 1589 633 et
1621 591 1863 633 custodiam

1042 643 1159 685 illam
1179 645 1223 685 in
1243 651 1338 688 toto
1359 647 1491 689 corde
1511 661 1620 689 meo.

1094 705 1249 747 Deduc
1268 720 1337 748 me
1356 708 1399 748 in
1424 708 1620 749 semitam
1639 707 1861 749 mandato-

1042 774 1139 801 rum
1158 764 1347 804 tuorum:
1366 765 1389 789 *
1410 765 1510 816 quia
1528 765 1668 817 ipsam
1688 764 1814 805 volui.

1093 822 1259 864 Inclina
1282 837 1358 866 cor
1382 837 1526 866 meum
1550 825 1593 865 in
1616 825 1862 866 testimonia

1042 882 1130 919 tua:
1150 880 1172 904 *
1193 885 1236 921 et
1254 893 1341 922 non
1359 881 1402 921 in
1423 881 1657 922 avaritiam.

1094 939 1256 982 Averte
1282 942 1434 983 oculos
1458 955 1580 983 meos
1610 955 1663 983 ne
1688 941 1862 983 videant

1042 996 1291 1038 vanitatem:
1311 999 1334 1023 *
1352 998 1395 1038 in
1415 999 1484 1039 via
1502 1003 1576 1039 tua
1595 998 1764 1039 vivifica
1781 1011 1860 1039 me.

1093 1056 1244 1099 Statue
1260 1071 1387 1100 servo
1403 1064 1478 1100 tuo
1495 1059 1714 1111 eloquium
1729 1063 1860 1108 tuum,

1042 1112 1065 1137 *
1084 1112 1126 1153 in
1146 1113 1302 1156 timore
1322 1120 1409 1157 tuo.

1093 1173 1287 1227 Amputa
1295 1175 1731 1228 opprobriummeum
1744 1174 1862 1227 quod

1042 1231 1287 1283 suspicatus
1311 1245 1420 1273 sum:
1439 1233 1462 1258 *
1488 1233 1586 1284 quia
1609 1230 1764 1284 judicia
1787 1236 1861 1272 tua

1040 1286 1237 1337 jucunda.

1093 1348 1208 1390 Ecce
1237 1350 1466 1402 concupivi
1493 1349 1698 1391 mandata
1725 1353 1813 1388 tua:
1838 1348 1860 1373 *

1039 1403 1084 1443 in
1104 1405 1310 1456 aequitate
1330 1411 1404 1447 tua
1423 1406 1595 1447 vivifica
1614 1419 1692 1447 me.

1091 1465 1147 1505 Et
1163 1466 1308 1507 veniat
1327 1479 1458 1519 super
1476 1479 1544 1507 me
1564 1466 1860 1508 misericordia

1038 1524 1114 1561 tua
1145 1521 1347 1563 Domine:
1371 1524 1394 1547 *
1420 1522 1609 1564 salutare
1642 1528 1763 1564 tuum
1796 1535 1858 1564 se-

1039 1577 1229 1619 candum
1249 1578 1471 1631 eloquium
1489 1584 1622 1620 tuum.

1090 1638 1146 1679 Et
1181 1638 1459 1691 respondebo
1496 1639 1858 1692 exprobrantibus

1037 1694 1142 1735 mihi
1161 1695 1356 1736 verbum:
1371 1696 1393 1720 *
1411 1696 1510 1748 quia
1529 1696 1701 1748 speravi
1716 1696 1758 1736 in
1773 1708 1857 1736 ser-

1037 1751 1239 1792 monibus
1258 1752 1354 1792 tuis.

1089 1812 1145 1852 Et
1171 1825 1226 1853 ne
1254 1812 1424 1853 auferas
1453 1812 1507 1854 de
1536 1825 1610 1854 ore
1638 1824 1736 1853 meo
1766 1824 1855 1852 ver-

1036 1867 1141 1909 bum
1156 1868 1351 1910 veritatis
1366 1870 1695 1921 usquequaque:
1713 1869 1736 1894 *
1757 1868 1855 1920 quia

1035 1923 1079 1964 in
1098 1923 1264 1975 judiciis
1283 1925 1368 1965 tuis
1387 1924 1700 1977 supersperavi.

1087 1985 1144 2026 Et
1168 1985 1411 2027 custodiam
1434 1985 1574 2036 legem
1603 1989 1722 2025 tuam
1746 1996 1852 2024 sem-

1035 2053 1130 2093 per:
1153 2041 1176 2066 *
1200 2041 1243 2081 in
1272 2041 1478 2082 saeculum
1507 2047 1550 2083 et
1577 2041 1620 2082 in
1647 2039 1853 2081 saeculum

1037 2096 1195 2137 saeculi.

1087 2153 1143 2194 Et
1175 2152 1450 2195 ambulabam
1481 2153 1524 2193 in
1554 2150 1797 2192 latiti'idine:
1829 2150 1852 2175 *

1037 2209 1137 2260 quia
1156 2208 1360 2250 mandata
1378 2214 1452 2250 tua
1471 2207 1690 2260 exquisivi.
1727 2221 1730 2224 ⁴

1086 2269 1142 2309 Et
1172 2268 1383 2321 loquebar
1414 2269 1457 2309 in
1484 2267 1739 2309 testimoniis
1767 2267 1851 2308 tuis

1034 2325 1078 2365 in
1097 2327 1335 2377 conspectu
1354 2337 1519 2375 regum:
1538 2324 1561 2349 *
1581 2327 1624 2364 et
1645 2335 1733 2364 non
1753 2336 1850 2364 con-

1033 2380 1255 2422 fundebar.
1300 2390 1310 2399 ·

1087 2441 1142 2482 Et
1160 2439 1402 2482 meditabar
1420 2439 1462 2479 in
1482 2437 1698 2480 mandatis
1716 2439 1812 2488 tuis,
1826 2439 1850 2463 *

1035 2509 1132 2548 quae
1152 2495 1292 2537 dilexi.

1085 2557 1141 2597 Et
1164 2556 1304 2597 levavi
1327 2567 1478 2595 manus
1507 2567 1626 2596 meas
1651 2554 1706 2596 ad
1733 2567 1847 2595 man-

1033 2612 1136 2653 data
1162 2617 1250 2660 tua,
1279 2622 1375 2662 quae
1404 2609 1548 2651 dilexi:
1566 2611 1589 2637 *
1608 2615 1652 2651 et
1678 2611 1846 2651 exerce-

1031 2667 1110 2709 bar
1127 2668 1170 2708 in
1188 2665 1562 2718 justificationibus
1580 2666 1675 2706 tuis.
