2066 2956
195 200 289 244 [348]
611 199 679 232 Die
703 200 755 231 24.
781 198 940 240 Aprilis.

250 298 297 348 Ra
324 295 484 337 Velum
510 294 664 347 templi
689 293 874 335 scissum
900 296 981 339 est,
1001 295 1021 318 *

195 353 250 394 Et
270 352 409 394 omnis
428 356 547 392 terra
565 350 757 391 tremuit:
786 349 921 390 Latro
942 347 1025 388 cla-

195 408 343 449 mabat
363 407 418 449 de
439 420 578 456 cruce,
605 406 772 447 dicens:
801 405 1024 446 Memento

195 465 280 506 mei
307 464 515 511 Domine,
551 462 655 504 dum
683 461 856 503 veneris
888 461 932 501 in
961 473 1024 501 re-

194 535 326 572 gnum
362 525 503 569 tuum,
546 519 730 571 alleluja.
790 512 841 563 V.
878 518 1023 558 Petrae

196 578 346 619 scissae
366 582 482 626 sunt,
506 581 549 617 et
568 576 851 617 monumenta
870 575 1024 626 aperta

195 639 313 683 sunt,
333 639 376 675 et
396 633 533 674 multa
554 634 743 685 corpora
762 632 1025 679 sanctorum,

198 690 270 742 qui
291 690 571 739 dormierant,
591 690 884 729 surrexerunt.
913 687 981 727 Et.

506 747 656 787 Lectio
679 760 714 785 v,

286 803 372 843 iam
401 814 590 854 namque
623 800 833 842 caecitatis
860 804 904 841 et
929 811 1025 851 per-

299 858 493 908 ditionis,
524 858 597 910 qui
621 870 710 898 non
737 856 938 905 credidit,
966 855 1026 895 in-

196 917 372 965 gressus
410 921 489 956 est:
526 915 642 956 viam
678 919 824 955 autem
863 912 1026 962 salutis,

198 973 271 1024 qui
304 971 507 1021 credidit,
539 972 761 1022 ingressus
795 975 877 1011 est:
910 970 1027 1011 viam

198 1028 368 1077 salutis,
401 1028 475 1079 qui
502 1027 707 1076 credidit,
737 1026 924 1079 adeptus
950 1030 1027 1066 est.

197 1085 247 1125 In
272 1097 400 1126 cruce
426 1083 579 1125 didicit
602 1084 714 1125 latro
736 1082 1026 1124 differentiam

198 1142 380 1189 viarum,
415 1140 621 1192 quoniam
653 1140 777 1181 novit
811 1140 1027 1181 Dominus

198 1198 311 1237 viam
340 1198 565 1247 justorum:
598 1196 669 1237 via
701 1201 847 1237 autem
874 1196 1027 1248 impio-

197 1266 293 1293 rum
320 1252 492 1305 peribit.
543 1253 599 1293 Et
627 1252 727 1293 vide
756 1252 840 1293 Dei
868 1253 1028 1304 justum

197 1308 420 1360 judicium,
449 1313 496 1349 ut
522 1307 642 1350 dicas
667 1314 710 1349 et
733 1313 781 1349 tu
805 1321 903 1350 cum
927 1321 1027 1361 pro-

196 1365 344 1417 pheta:
359 1365 382 1405 J
386 1369 510 1405 ustus
526 1377 573 1406 es
583 1365 783 1414 Domine,
799 1369 843 1406 et
858 1370 1027 1406 rectum

197 1421 401 1472 judicium
416 1427 550 1463 tuum.
575 1422 765 1474 Propter
779 1434 914 1462 unum
927 1434 1026 1474 pec-

197 1480 342 1519 catum
362 1478 594 1518 damnatur
610 1478 766 1527 Adam,
786 1482 830 1519 et
844 1483 1028 1530 propter

197 1547 326 1575 unam
362 1533 464 1575 fidei
496 1547 651 1575 vocem
678 1533 792 1575 latro
822 1533 1027 1575 salvatur.

197 1590 341 1631 Unum
378 1592 610 1643 peccatum
647 1590 773 1642 ejecit
809 1589 947 1639 illum,
984 1595 1028 1632 et

197 1660 281 1687 una
318 1647 479 1697 justitia
515 1647 757 1688 introduxit
792 1647 939 1697 istum;
983 1652 1028 1689 et

196 1702 309 1743 latro
329 1702 552 1744 habitator
571 1703 712 1744 factus
737 1708 804 1744 est
822 1702 1028 1755 paradisi.

198 1759 236 1799 O
257 1758 512 1800 admiranda
531 1772 677 1800 rerum
694 1759 913 1801 materies!
933 1759 1028 1800 Nec

197 1814 388 1855 Abrahae
408 1814 510 1856 data
530 1820 597 1857 est
611 1828 690 1867 per
706 1828 862 1857 vocem
878 1828 1027 1868 repro-

198 1871 348 1911 missio
368 1871 571 1922 paradisi.
609 1872 913 1913 Haereditatur
938 1871 1027 1924 qui-

198 1925 298 1967 dem
335 1940 414 1979 per
452 1927 598 1969 fidem:
638 1928 1027 1980 repromissionem

198 1988 344 2024 autem
375 1983 568 2035 paradisi
603 1997 732 2025 nemo
767 1990 868 2026 ante
896 1984 1027 2025 latro-

198 2051 297 2080 nem
318 2040 499 2091 accepit.

252 2095 300 2145 R.
327 2096 469 2137 Nemo
494 2096 881 2149 repromissionem
904 2110 1027 2149 para-

200 2151 282 2192 disi
301 2158 401 2193 ante
420 2152 637 2194 latronem
656 2153 836 2206 accepit,
857 2154 925 2194 cui
940 2154 1027 2194 Do-

200 2208 341 2248 minus
365 2208 407 2248 in
432 2221 561 2250 cruce
587 2208 712 2251 dixit:
730 2211 752 2232 ’⁸'
775 2209 923 2251 Hodie
941 2223 1027 2251 me-

202 2275 298 2303 cum
319 2264 403 2305 eris
422 2265 465 2305 in
484 2264 703 2317 paradiso,
724 2265 907 2317 alleluja,
928 2266 1028 2307 alle-

201 2318 297 2369 luia.
316 2312 366 2364 V.
380 2321 568 2362 Domine
580 2324 800 2363 memento
816 2323 912 2370 mei,
929 2335 1028 2363 cum

203 2376 374 2417 veneris
392 2377 434 2417 in
455 2390 637 2427 regnum
656 2383 790 2419 tuum.
818 2377 976 2419 Hodie.

503 2433 652 2475 Lectio
673 2436 724 2475 vi.

203 2479 317 2584 Iste
355 2499 459 2538 ergo
491 2488 601 2529 vidit
633 2489 907 2531 Salvatorem
940 2502 1027 2530 non

257 2555 387 2595 super
405 2543 563 2585 throno
583 2545 728 2595 regali,
748 2558 836 2586 non
852 2544 1028 2586 adorari

204 2598 245 2638 in
265 2598 448 2650 templo,
474 2613 559 2641 non
586 2601 837 2653 loquentem
862 2600 917 2642 de
943 2614 1027 2642 coe-

204 2653 274 2702 lis,
293 2666 379 2694 non
400 2667 477 2706 per
496 2656 688 2706 Angelos
709 2657 1029 2710 disponentem,

205 2709 284 2751 sed
309 2710 351 2749 in
377 2723 509 2762 poena
535 2712 749 2754 sociatum
771 2713 944 2763 latroni3
969 2713 1028 2753 vi-

989 198 1023 230 S.
1052 196 1149 230 Boni
1177 196 1356 230 Latronis
1382 196 1491 230 Conf.

1078 288 1154 330 det
1179 288 1223 330 in
1254 289 1503 338 tormentis,
1534 294 1579 330 et
1610 293 1837 340 tamquam
1868 288 1912 329 in

1078 345 1216 396 gloria
1235 343 1406 395 adorat3
1425 344 1547 386 videt
1560 345 1604 386 in
1621 357 1761 393 cruce,
1782 349 1825 385 et
1845 356 1910 386 ro-

1077 406 1151 452 gat
1172 401 1296 453 quasi
1315 401 1360 442 in
1380 401 1505 446 coelis
1526 400 1768 451 sedentem;
1790 399 1912 442 videt

1078 457 1437 506 condemnatum,
1466 463 1510 498 et
1530 457 1700 509 Regem
1723 459 1911 506 invocat,

1078 513 1245 555 dicens:
1260 514 1449 555 Domine
1464 515 1686 555 memento
1699 513 1797 562 mei,
1812 525 1913 554 cum

1079 570 1251 611 veneris
1277 570 1322 610 in
1347 583 1530 621 regnum
1555 574 1692 611 tuum.
1735 569 1913 610 Crucifi-

1078 639 1182 667 xum
1202 625 1337 675 vides,
1359 631 1403 668 et
1418 627 1588 677 Regem
1607 625 1842 678 praedicas!
1861 626 1912 666 In

1078 682 1197 733 ligno
1223 682 1418 735 pendere
1442 683 1602 731 cernis,
1627 686 1672 724 et
1698 682 1913 724 coelorum

1079 751 1214 790 regna
1233 738 1480 781 meditaris:
1508 739 1546 780 O
1573 738 1831 780 admiranda
1854 738 1912 780 la-

1077 796 1217 837 tronis
1237 795 1487 838 conversio!

1132 852 1183 903 R.
1202 852 1239 893 Ο
1259 851 1522 894 admiranda
1535 851 1718 893 latronis
1734 853 1914 893 conver-

1079 908 1160 950 sio!
1182 909 1205 933 *
1225 909 1494 950 Crucifixum
1517 907 1653 958 videt,
1680 913 1725 950 et
1743 908 1914 958 Regem

1078 964 1304 1017 praedicat,
1325 965 1507 1017 alleluja.
1539 959 1590 1012 V.
1610 965 1662 1005 In
1675 963 1794 1016 ligno
1810 976 1914 1017 pen-

1080 1019 1257 1062 dentem
1284 1022 1439 1071 cemit,
1472 1026 1516 1063 et
1541 1021 1757 1063 coelorum
1779 1033 1915 1071 regna

1079 1076 1328 1118 meditatur.
1359 1078 1638 1119 Crucifixum.
1666 1075 1821 1118 Gloria
1834 1076 1914 1117 Pa-

1079 1133 1147 1173 tri.
1177 1133 1456 1175 Crucifixum.

1306 1207 1354 1246 In
1373 1207 1444 1246 III.
1464 1206 1688 1245 Nocturno.

1134 1269 1234 1309 Ant.
1263 1268 1469 1317 Domine,
1492 1267 1578 1309 iste
1598 1271 1776 1308 sanctus
1794 1266 1914 1308 habi-

1080 1324 1192 1366 tabit
1207 1324 1250 1364 in
1264 1323 1550 1366 tabernaculo
1563 1328 1652 1372 tuo,
1668 1323 1916 1375 requiescet

1079 1381 1122 1421 in
1142 1386 1291 1422 monte
1311 1385 1464 1421 sancto
1485 1384 1574 1429 tuo,
1594 1379 1778 1431 alleluja.

1135 1431 1186 1482 V.
1201 1437 1287 1478 Hic
1308 1436 1497 1489 accipiet
1515 1435 1870 1477 benedictionem
1890 1449 1916 1476 a

1079 1493 1285 1541 Domino,
1307 1492 1490 1543 alleluja.
1515 1491 1567 1543 Ru
1591 1491 1649 1534 Et
1667 1492 1914 1533 misericor-

1080 1549 1198 1591 diam
1218 1562 1243 1590 a
1261 1549 1358 1590 Deo
1378 1548 1558 1590 salutari
1577 1561 1668 1598 suo,
1689 1548 1872 1601 alleluja.

1080 1619 1235 1660 Lectio
1256 1618 1398 1660 sancti
1416 1617 1647 1668 Evangelii
1669 1616 1915 1658 secundum

1407 1674 1585 1715 Lucam.
1704 1674 1707 1675 ⁷

1184 1733 1336 1774 Lectio
1360 1733 1428 1773 vii.
1585 1731 1691 1783 Cap.
1705 1729 1770 1769 23.
1786 1727 1811 1768 f.

1079 1786 1156 1892 In
1174 1791 1251 1833 illo
1270 1794 1487 1844 tempore:
1515 1791 1639 1833 Unus
1664 1790 1719 1832 de
1744 1789 1812 1830 his
1839 1789 1915 1842 qui

1145 1847 1399 1901 pendebant
1424 1847 1686 1896 latronibus,
1711 1845 1914 1898 blasphe-

1080 1904 1230 1946 mabat
1245 1905 1267 1946 J
1272 1917 1406 1954 esum,
1426 1903 1593 1946 dicens:
1612 1903 1656 1945 Si
1674 1909 1723 1944 tu
1738 1915 1785 1944 es
1795 1901 1914 1943 Chri-

1082 1967 1187 2011 stus,
1202 1961 1372 2002 salvum
1382 1961 1451 2002 fac
1464 1963 1749 2013 temetipsum
1764 1963 1808 2000 et
1822 1971 1915 2000 nos.

1079 2018 1137 2059 Et
1156 2018 1336 2070 reliqua.

1194 2087 1387 2130 Homilia
1414 2087 1554 2128 sancti
1582 2086 1807 2128 Ambrosii

1388 2143 1610 2197 Episcopi.

1236 2207 1354 2243 Serm.
1375 2208 1430 2242 49.
1455 2207 1502 2242 de
1527 2206 1563 2242 S.
1587 2207 1766 2242 Latrone.

1084 2261 1915 2361 ”sssfflffffiefffiassgeffifissff

1092 2377 1124 2383 “
1179 2366 1202 2400 ⁵⁶²]
1225 2375 1453 2418 videamus
1483 2377 1580 2428 quis
1607 2375 1681 2417 ille
1706 2375 1821 2416 latro
1848 2349 1915 2423 sit:

1083 2433 1156 2484 qui
1194 2433 1236 2473 in
1273 2445 1403 2474 cruce
1438 2432 1633 2474 Domino
1675 2430 1914 2472 constituto

1080 2501 1168 2530 non
1189 2489 1331 2530 solum
1347 2490 1633 2541 peccatorum
1651 2489 1829 2528 suorum
1845 2487 1914 2526 ve-

1081 2546 1198 2586 niam
1217 2545 1515 2597 consequitur,
1540 2543 1620 2585 sed
1640 2543 1771 2584 etiam
1789 2555 1913 2595 para-

1082 2602 1166 2642 disi
1207 2601 1461 2642 amoenitate
1502 2600 1706 2648 donatur3
1752 2604 1799 2639 ut
1839 2598 1914 2650 qui

1082 2663 1263 2710 propter
1300 2657 1468 2699 scelera
1505 2656 1736 2697 damnatus
1774 2655 1915 2696 fuerat

1082 2713 1138 2755 ad
1164 2726 1359 2766 poenam,
1394 2717 1578 2766 propter
1610 2711 1744 2753 fidem
1776 2715 1914 2753 trans-
