2028 2892
754 184 858 217 Ferit!
888 185 921 218 ii.
956 186 1217 226 lssogationum.

1766 183 1832 220 313

136 278 414 321 tribulatione
441 280 608 328 eorum,
644 284 687 320 et
713 279 958 320 immacula-

137 341 230 377 tum
250 348 297 377 se
316 334 537 377 custodire
557 334 611 376 ab
632 334 718 376 hoc
738 336 911 377 saeculo.

199 396 245 446 Ιιῖν.
270 394 330 434 br.
369 391 519 433 Gavisi
552 396 652 433 sunt
687 391 904 455 discipuli,
942 397 960 418 *

139 446 334 500 Alleh'ija,
358 447 538 499 alleluja.
576 447 735 489 Gavisi.
782 450 827 495 λ’.
850 449 959 490 Viso

138 503 340 545 Domino.
367 503 563 556 Alleluja,
582 503 763 556 alleluja.
816 504 962 545 (iloria

136 560 266 602 Patri.
295 560 455 602 Gavisi.
508 613 510 615 μ

196 617 246 666 V.
269 616 398 658 Mane
422 616 653 658 nobiscum
675 616 879 665 Domine,
905 616 961 657 al-

138 673 277 726 leluja.
319 679 365 730 R.
386 674 600 724 Quoniam
625 672 962 726 advesperascit,

139 730 320 783 alleluja.

367 803 447 844 Ad
472 803 735 854 vesperas.

196 872 282 905 Ant.
308 876 343 905 et
367 871 427 904 Ps.
454 871 499 904 dc
526 870 632 904 Dom.
657 870 736 905 107.

198 927 333 979 Capit.
364 925 601 967 Carissimi:
619 925 784 968 Estote.
802 926 888 967 312.

143 1033 156 1038 ,-
197 990 405 1040 Hymnus
439 986 506 1028 Ad
526 986 667 1038 regias
687 986 812 1039 Agni.
832 988 918 1028 110.
993 1026 997 1045 ι

144 1090 157 1095 ,,
196 1046 246 1095 Ὦ
274 1046 402 1088 Mane
426 1046 656 1089 nobiscum
680 1047 882 1098 Domine,
909 1047 966 1088 al-

140 1102 280 1155 leh'lja.
319 1108 368 1159 Rg.
392 1103 607 1154 Quoniam
629 1101 967 1157 advesperascit,

142 1159 323 1212 allehija.

199 1216 459 1269 Ad'Magnif.
491 1220 586 1259 Ant.
618 1217 765 1267 Petite,
792 1222 835 1259 et
859 1217 966 1259 acci-

140 1270 286 1324 pietis,
313 1273 337 1298 *
356 1277 416 1314 νῑιῒ
447 1271 656 1324 gaudium
687 1278 881 1316 vestrum
913 1274 968 1315 sit

141 1327 333 1380 plenum:
350 1327 446 1382 ipse
466 1330 580 1371 enim
598 1330 729 1372 Pater
747 1335 863 1371 amat
876 1343 967 1380 vos,

143 1384 245 1436 quia
259 1398 339 1427 vos
357 1398 428 1427 me
443 1386 632 1437 amastis,
653 1392 696 1428 et
711 1385 967 1436 credidistis,

143 1440 325 1494 alleluja.

200 1504 405 1538 Commem.
432 1504 477 1537 de
504 1503 634 1537 Cruce.
654 1502 730 1538 275.

324 1618 494 1655 Feria
527 1618 792 1656 Secunda

369 1674 410 1713 in
432 1673 758 1723 Rogationibus.

200 1745 239 1780 Si
269 1745 386 1779 hodic
416 1750 590 1779 occurrat
621 1745 759 1779 festum
790 1744 829 1778 ix
859 1744 971 1779 Lect..

149 1794 189 1827 fit
213 1793 260 1827 de
285 1803 345 1836 eo,
376 1804 460 1828 cum
486 1794 534 1827 ix.
560 1794 661 1827 Lcct.
687 1793 733 1827 de
766 1803 869 1835 sequ.
894 1791 971 1825 Ho-

149 1841 271 1884 milia,
305 1846 341 1876 et
372 1842 517 1876 Comm.
551 1842 596 1875 de
629 1842 741 1875 Feria
773 1841 822 1874 ad
854 1839 972 1873 Laud.

148 1894 306 1932 tantum,
330 1893 371 1923 ut
387 1890 496 1924 infra.
525 1889 581 1923 Dc
601 1890 698 1923 fcsto
718 1894 843 1922 autem
859 1888 971 1921 trium

149 1936 250 1972 Leet.
275 1938 315 1973 fit
338 1942 484 1972 tantum
509 1937 842 1972 Commemoratio.

149 1999 301 2042 Lectio
327 2001 467 2043 sancti
485 2000 711 2053 Evangelii
730 2000 970 2043 secandum

469 2058 645 2099 Lucam.

255 2112 404 2154 Lectio
424 2113 447 2152 i.
700 2113 801 2164 Cap.
822 2113 871 2151 11.

147 2169 223 2276 In
241 2173 315 2215 illo
334 2175 549 2228 tempore:
566 2173 688 2215 Dixit
702 2173 727 2214 J
729 2186 829 2215 esus
846 2170 970 2214 disci-

208 2230 323 2284 pulis
343 2230 445 2271 suis:
466 2230 571 2281 Quis
585 2235 779 2272 vestrum
793 2229 971 2271 habebit

149 2289 335 2328 amicum
361 2291 404 2328 et
426 2285 504 2328 ibit
523 2285 579 2328 ad
597 2285 718 2327 illum
736 2284 879 2327 media
897 2298 970 2326 no-

149 2349 228 2394 cte,
249 2349 292 2385 et
311 2342 427 2385 dicet
445 2342 520 2383 illi:
546 2342 714 2393 Amice,
740 2340 972 2384 commoda

148 2399 254 2441 mihi
271 2404 361 2442 tres
378 2412 527 2452 panes.
553 2399 610 2441 Et
628 2398 805 2451 reliqua.

156 2469 343 2511 Homilia
361 2469 500 2510 sancti
514 2467 737 2510 Ambrosii
750 2465 972 2519 Episcopi.

290 2536 403 2568 Liber
427 2535 455 2568 7.
482 2536 519 2568 in
544 2535 658 2569 Lucae
684 2544 764 2576 cap.
792 2534 838 2566 11.

164 2593 233 2646 *fg
258 2588 340 2630 lius
364 2588 575 2642 praecepti
599 2588 722 2630 locus
747 2592 828 2637 est,
856 2591 903 2627 ut
928 2587 971 2626 o-

161 2648 173 2676 s‘
194 2663 197 2666 ·
275 2645 447 2687 mnibus
465 2645 708 2694 momentis,
727 2657 813 2685 non
831 2642 973 2683 solum

152 2698 320 2751 diebus,
344 2700 423 2743 sed
443 2701 572 2743 etiam
590 2699 807 2749 noctibus,
832 2698 971 2739 oratio

305 2839 368 2865 Pars
384 2840 476 2866 νει-ηε.

1012 278 1242 321 deferatur.
1277 280 1414 322 Vides
1442 282 1570 332 enim,
1603 282 1722 333 quod
1748 283 1829 325 iste

1014 335 1088 387 qui
1105 334 1248 377 media
1270 342 1398 378 nocte
1420 338 1624 390 perrexit,
1650 343 1738 380 tres
1757 353 1830 392 pa:

1012 404 1090 433 nes
1114 391 1168 433 ab
1196 394 1334 433 amico
1360 406 1438 434 suo
1458 394 1698 446 postulans,
1728 396 1831 436 etin

1012 448 1109 500 ipsa
1131 448 1308 501 petendi
1331 449 1564 491 intentione
1583 453 1831 502 persistens,

1013 517 1101 546 non
1129 503 1407 546 defraudetur
1435 506 1578 547 oratis.
1620 507 1702 556 Qui
1734 513 1832 549 sunt

1014 561 1085 603 isti
1103 566 1193 602 tres
1212 574 1364 614 panes,
1388 562 1469 602 nisi
1492 563 1684 614 mysterii
1706 563 1832 605 coele-

1016 617 1095 659 stis
1127 616 1399 659 alimentum?
1446 618 1574 668 Quod
1610 619 1645 659 si
1681 617 1833 671 diligas

1014 674 1250 715 Dominum
1268 674 1410 715 Deum
1428 679 1566 725 tuum,
1588 688 1674 716 non
1694 675 1834 716 solum

1014 730 1111 780 tibi,
1148 729 1227 771 sed
1254 730 1384 772 etiam
1413 731 1506 772 aliis
1533 732 1697 784 poteris
1725 745 1835 774 eme-

1016 787 1111 828 reri.
1166 787 1271 837 Quis
1310 793 1454 829 autem
1487 788 1664 829 amicior
1694 788 1835 839 nobis,

1018 855 1147 894 quam
1173 843 1245 894 qui
1269 856 1350 896 pro
1376 843 1502 885 nobis
1528 857 1686 897 corpus
1713 858 1836 885 suum

1015 898 1215 941 tradidit?

1038 1009 1040 1012 .
1076 962 1123 1010 R.
1153 956 1311 998 Dicant
1347 969 1477 1007 nunc,
1516 957 1588 1008 qui
1624 956 1837 1010 redempti

1018 1011 1127 1062 sunt,
1147 1012 1328 1063 alleluja,
1348 1017 1367 1037 *
1382 1013 1422 1053 A
1438 1013 1638 1063 Domino,
1658 1013 1837 1065 alleh'ija,

1019 1068 1199 1122 alleluja.
1231 1066 1277 1116 Ὦ.
1298 1070 1418 1119 Quos
1437 1068 1618 1111 redemit
1638 1068 1691 1111 de
1710 1082 1838 1110 manu

1018 1125 1188 1175 inimici,
1209 1131 1251 1167 et
1271 1124 1326 1167 de
1341 1126 1588 1177 regionibus
1608 1128 1838 1177 congrega-

1019 1182 1081 1223 vit
1102 1195 1190 1223 eos.
1218 1182 1259 1222 A
1277 1182 1478 1223 Domino.

1331 1238 1476 1277 Lectio
1500 1237 1535 1275 ii.

1091 1295 1120 1337 b
1139 1295 1224 1336 hoc
1242 1293 1386 1336 media
1404 1299 1532 1336 nocte
1547 1307 1681 1347 panes
1696 1294 1839 1336 David

1123 1351 1263 1404 petiit,
1289 1356 1331 1392 et
1351 1351 1529 1403 accepit.
1564 1351 1692 1392 Petiit
1717 1351 1839 1401 enim,

1022 1406 1195 1459 quando
1217 1406 1404 1448 dicebat:
1430 1405 1574 1448 Media
1599 1412 1726 1448 nocte
1751 1420 1838 1447 sur-

1020 1464 1176 1516 gebam
1203 1462 1259 1505 ad
1288 1462 1580 1504 confitendum
1607 1462 1695 1504 tibi.
1732 1462 1837 1504 Ideo

1019 1520 1176 1562 meruit
1203 1520 1285 1561 hos
1312 1531 1467 1572 panes,
1497 1532 1606 1570 quos
1635 1519 1839 1571 apposuit

1019 1576 1146 1618 nobis
1174 1575 1378 1618 edendos.

1020 1633 1198 1674 Lavabo
1217 1645 1296 1686 per
1311 1631 1500 1683 singulas
1514 1636 1665 1673 noctes
1679 1630 1839 1672 lectum

1019 1703 1174 1731 meum.
1208 1689 1363 1740 Neque
1384 1688 1496 1729 enim
1514 1688 1671 1737 timuit,
1696 1700 1750 1728 ne
1770 1700 1838 1728 ex-

1021 1746 1174 1787 citaret
1185 1744 1481 1794 dormientem,
1498 1756 1626 1796 quem
1641 1743 1721 1785 scit
1732 1756 1838 1784 sem-

1020 1815 1099 1855 per
1116 1801 1375 1852 vigilantem.
1393 1800 1450 1842 Et
1463 1799 1563 1842 ideo
1579 1799 1839 1852 scriptorum

1020 1859 1253 1908 memores,
1277 1856 1477 1898 noctibus
1501 1869 1551 1898 ac
1576 1855 1727 1897 diebus
1747 1868 1837 1896 ora-

1020 1914 1127 1956 tioni
1145 1914 1365 1963 instantes,
1384 1912 1576 1965 peccatis
1594 1911 1753 1953 nostris
1770 1912 1837 1952 ve-

1019 1970 1135 2011 niam
1153 1969 1435 2023 postulemus.

1082 2031 1130 2069 R.
1156 2026 1336 2067 Cantate
1364 2024 1570 2073 Domino,
1604 2022 1786 2075 alleluja:
1820 2027 1840 2048 *

1020 2072 1242 2124 Psalmum
1261 2080 1390 2123 dicite
1410 2080 1464 2130 ei,
1490 2078 1668 2131 alleh'ija.
1703 2075 1750 2126 ,Ὦῖ
1765 2077 1837 2118 Af-

1021 2139 1130 2180 ferte
1149 2138 1337 2179 Domino
1358 2137 1538 2189 gloriam
1558 2140 1600 2177 et
1618 2135 1836 2183 honorem,

1022 2195 1172 2237 afferte
1215 2194 1404 2235 Domino
1451 2192 1631 2244 gloriam
1675 2189 1837 2231 nomini

1023 2252 1124 2303 ejus.
1151 2250 1382 2292 Psalmum.

1330 2303 1476 2343 Lectio
1498 2300 1550 2340 iii.

1030 2355 1186 2460 Nam
1210 2362 1247 2403 si
1271 2361 1343 2402 ille
1367 2365 1454 2401 tam
1479 2362 1667 2407 sanctus,
1696 2361 1739 2398 et
1765 2356 1838 2409 qui

1124 2418 1244 2469 regni
1264 2421 1354 2458 erat
1369 2412 1698 2456 necessitatibus
1714 2425 1838 2454 occu-

1022 2475 1168 2527 patus,
1201 2473 1361 2526 septies
1387 2471 1431 2512 in
1458 2469 1527 2511 die
1552 2468 1726 2510 laudem
1751 2469 1838 2510 Do-

1022 2531 1139 2571 mino
1160 2528 1345 2577 dicebat,
1367 2525 1586 2567 matutinis
1606 2530 1648 2567 et
1667 2538 1839 2578 vesper-

1022 2587 1122 2627 tinis
1164 2583 1383 2626 sacrificiis
1424 2594 1595 2634 semper
1635 2581 1838 2623 intentus:

1024 2641 1129 2694 quid
1160 2653 1239 2682 nos
1271 2640 1411 2680 facere
1444 2640 1635 2690 oportet,
1677 2638 1750 2689 qui
1785 2649 1838 2678 eo

1023 2697 1208 2750 amplius
1226 2697 1380 2746 rogare
1399 2692 1623 2743 debemus,
1648 2705 1735 2744 quo
1760 2692 1839 2733 fre-

1574 2824 1614 2856 21

1430 1575 1558 1616 Petiit
1591 1588 1688 1616 cum
1721 1573 1838 1616 dicit:
1887 1595 1889 1597 ·
