2066 2956
487 225 638 259 Domin.
663 226 689 259 Ι.
715 227 814 269 Maii.
861 228 901 261 B.
927 228 973 262 M.
998 229 1041 262 V.

384 405 666 475 Dominical.
685 433 796 485 Maji.

172 504 224 544 B.
239 503 302 543 M.
318 503 375 543 V.
393 500 554 542 divini
567 501 795 542 Pastoris
810 502 1001 543 Matris.

428 563 583 606 Duplex
608 564 741 607 majus.

384 636 446 676 In
471 636 508 676 Ι.
538 634 788 684 vesperis.

221 696 310 730 Ant.
347 696 393 730 de
424 696 544 731 Laud.
584 696 691 740 [363]‚
726 698 804 739 Ps.‚
839 698 931 742 Cap.
964 703 999 733 ct

170 744 310 788 Hymn.
339 749 380 779 ut
410 744 449 778 in
472 745 599 779 Festis
626 744 667 779 B.
693 746 740 780 M.
766 746 809 780 V.
839 757 908 789 per
936 758 999 781 un-

170 803 262 826 num
285 792 375 835 [152]
398 796 541 835 praeter
565 803 670 836 sequ.

223 840 273 892 V.
299 843 492 894 Dignare
511 855 582 883 me
600 841 781 883 laudare
800 847 844 883 te
863 842 1002 892 Virgo

174 901 361 949 sacrata,
381 898 562 950 allelaja.
587 900 637 951 R.
659 898 727 938 Da
746 898 851 938 mihi
871 898 1001 939 virtu-

171 959 263 997 tem
281 959 436 996 contra
454 954 606 995 hostes
625 958 737 1003 tuos
759 953 940 1006 allehija.

224 1015 296 1057 Ad
328 1016 502 1066 Magnis.
549 1016 648 1056 Ant.
694 1013 816 1056 Sicut
847 1018 1002 1065 pastor

170 1083 350 1122 gregem
385 1082 512 1110 suum
544 1074 714 1122 pascet,
746 1069 790 1109 in
820 1068 1001 1111 brachio

172 1139 252 1168 suo
278 1125 564 1177 congregabit
590 1137 744 1176 agnos,
771 1130 815 1167 et
838 1125 881 1165 in
906 1125 1002 1166 sinu

171 1195 253 1224 suo
272 1182 448 1232 levabit,
469 1181 652 1234 allelaJa.

508 1243 671 1284 Oratio.

171 1295 335 1400 Deus
357 1299 432 1351 qui
450 1299 701 1340 universum
718 1297 929 1339 mundum
942 1298 1001 1338 in-

270 1354 432 1397 effabili
459 1354 737 1407 providentia
768 1354 904 1405 regis,
941 1359 1000 1395 at-

172 1424 257 1464 que
277 1411 510 1462 gubernas:
533 1415 700 1464 praesta
718 1409 847 1451 nobis
866 1409 1000 1450 famu-

169 1468 224 1509 lis
242 1467 344 1517 tuis;
369 1472 418 1508 ut
441 1466 741 1508 intercedente
764 1465 895 1507 beata
913 1465 1001 1506 Ma-

170 1526 235 1565 ria
255 1536 429 1576 semper
447 1523 647 1573 Virgine,
673 1535 771 1575 quae
791 1522 911 1574 vigili
931 1534 1000 1563 cu-

171 1579 318 1622 stodia
334 1592 416 1621 nos
439 1579 597 1632 pascit,
626 1578 681 1620 ab
705 1578 905 1620 hestibus
930 1577 1001 1619 de·

171 1636 298 1686 sensi,
327 1641 371 1678 et
395 1636 564 1677 fruetus
588 1635 654 1677 tui
680 1633 912 1676 dulcedine
937 1646 1000 1674 sa-

170 1692 285 1741 tiati,
312 1691 370 1734 ad
396 1691 622 1734 coelestem
647 1691 835 1743 patriam
860 1689 1002 1731 secari

170 1747 476 1801 perducamur.
503 1748 588 1789 Per
607 1746 854 1788 Dominum.

224 1811 288 1845 Ad
311 1810 615 1854 Completorium
646 1816 683 1845 et
712 1821 781 1854 per
804 1810 932 1845 Horas
962 1811 1000 1844 in

171 1860 246 1893 fine
271 1859 410 1903 Hymn.
437 1858 594 1893 dieitur:

225 1911 339 1961 Jesu,
357 1910 438 1952 tibi
455 1911 511 1952 sit
529 1909 678 1961 gloria,

275 1967 360 2018 Qui
378 1972 506 2009 natus
525 1979 573 2008 es
593 1964 649 2008 de
667 1965 859 2015 Virgine.

332 2043 420 2084 Ad
450 2042 841 2084 Matutinum.

228 2100 399 2141 Invitat.
427 2100 587 2141 Sancta
608 2099 745 2140 Maria
769 2098 902 2140 divini
924 2098 1002 2139 Pa-

174 2157 305 2198 storis
334 2156 475 2198 Mater
503 2158 526 2181 *
554 2153 783 2197 Intercede
817 2167 899 2206 pro
927 2166 1002 2195 no-

174 2213 253 2263 bis,
273 2213 455 2265 aUeluja.

225 2268 294 2307 Ps.
313 2268 481 2318 Venite,
502 2267 778 2309 exsultemus,
796 2267 833 2308 2.

228 2326 437 2377 Hymnus.
466 2327 607 2374 Quem
624 2329 751 2365 terra.
771 2323 876 2375 [154]

409 2399 457 2436 In
486 2399 515 2437 Ι.
544 2397 767 2436 Nocturno.

227 2458 326 2499 Ant.
355 2457 485 2498 Mane
510 2458 739 2508 surgamus
763 2456 819 2496 ad
843 2456 1003 2503 vineas,

176 2515 406 2558 videamus
427 2513 464 2554 si
484 2513 631 2554 floruit
649 2514 791 2560 vinea,
815 2510 852 2551 si
872 2510 1003 2551 flores
1022 2555 1024 2558 ,

177 2572 343 2613 fructus
375 2569 640 2622 parturiunt,
680 2567 741 2609 ibi
778 2565 893 2608 dabo
926 2564 1004 2607 tibi

178 2627 314 2668 abera
332 2639 440 2676 mea,
460 2625 642 2675 alleluja.

229 2681 374 2715 Psalmi
413 2682 527 2716 trium
562 2680 847 2714 Nocturnorum
885 2681 925 2712 ut
962 2678 1000 2711 in

177 2729 370 2763 Festis-B.
394 2730 441 2763 M.
467 2730 509 2763 V.
540 2732 630 2775 [155]

1068 229 1191 262 divini
1215 230 1387 263 Pastoris
1412 230 1555 263 Matris

1109 316 1157 368 V.
1186 321 1342 374 Specie
1370 325 1461 367 tua,
1490 324 1533 360 et
1562 318 1885 372 pulchritudine

1055 382 1145 426 tua,
1166 377 1348 429 alleluia.
1374 380 1423 431 Rv.
1449 375 1647 425 Intende,
1671 378 1884 427 prespere

1056 433 1261 485 procede,
1281 437 1324 474 et
1342 444 1487 482 regna,
1507 431 1686 482 alleluja.

1168 508 1236 547 De
1261 503 1491 546 Parabolis
1514 503 1772 545 Salomonis.

1107 571 1258 613 Lectio
1280 573 1303 611 i.
1562 576 1664 624 Cap.
1682 576 1718 613 8.
1735 580 1777 615 ct
1792 575 1829 614 9.

1065 671 1067 673 .
1098 646 1227 697 ν,Ἴςμχς
1255 632 1471 685 sapientia
1494 631 1647 674 habito
1674 633 1718 672 in
1745 635 1884 674 consi-

1065 700 1071 741 ]
1095 722 1147 748 ⁴
1187 690 1264 740 lio,
1298 694 1341 730 et
1369 688 1550 729 eruditis
1578 688 1787 729 intersum
1814 701 1884 730 co-

1064 766 1165 769 —
1188 744 1481 797 gitatienibus.
1536 744 1688 785 Timor
1708 744 1885 785 Domini

1057 801 1151 843 odit
1166 802 1343 843 malum:
1364 801 1667 851 arrogantiam,
1687 805 1730 841 et
1745 802 1885 852 super-

1054 856 1188 906 biam,
1208 862 1252 898 et
1271 857 1386 898 viam
1404 869 1602 908 pravam,
1627 860 1670 897 et
1689 868 1739 896 os
1759 855 1881 896 bilin-

1055 926 1138 963 gue
1158 911 1366 954 detestor.
1395 912 1542 953 Meum
1562 917 1628 953 est
1646 911 1883 961 consilium,

1056 973 1100 1010 et
1115 969 1312 1020 aequitas,
1331 980 1430 1009 mea
1446 972 1511 1008 est
1525 966 1768 1019 prudentia,
1787 980 1885 1008 mea

1056 1029 1123 1065 est
1153 1023 1377 1065 fortitudo.
1436 1023 1521 1064 Per
1557 1035 1626 1064 me
1662 1035 1789 1073 reges
1821 1036 1884 1064 re-

1054 1085 1202 1130 gnant,
1236 1084 1280 1121 et
1311 1079 1456 1130 legum
1488 1078 1740 1120 conditores
1773 1079 1885 1129 justa

1056 1135 1306 1176 decernunt.
1350 1134 1434 1175 Per
1462 1147 1532 1175 me
1559 1134 1780 1185 principes
1808 1135 1883 1174 im-

1054 1196 1226 1242 perant,
1255 1196 1299 1231 et
1329 1191 1533 1242 potentes
1560 1188 1801 1230 decernunt
1826 1190 1883 1240 ju-

1055 1247 1229 1287 stitiam.
1263 1246 1360 1296 Ego
1386 1245 1615 1295 diligentes
1639 1257 1708 1285 me
1734 1245 1884 1295 diligo:

1056 1307 1100 1344 et
1127 1303 1201 1354 qui
1226 1315 1354 1343 mane
1374 1301 1555 1352 vigilant
1579 1299 1636 1342 ad
1659 1313 1744 1350 me,
1770 1301 1884 1341 inve-

1054 1359 1173 1400 nient
1196 1372 1278 1400 me.
1313 1358 1486 1398 Mecum
1510 1362 1610 1398 sunt
1633 1356 1812 1406 divitiae,
1842 1362 1885 1398 et

1054 1414 1211 1465 gloria,
1250 1426 1358 1466 opes
1387 1412 1606 1464 superbae,
1642 1417 1685 1453 et
1712 1413 1884 1464 justitia.

1054 1470 1210 1510 Melior
1236 1475 1303 1511 est
1332 1468 1446 1510 enim
1470 1468 1637 1509 fructus
1663 1481 1787 1509 meus
1812 1481 1883 1509 au-

1054 1538 1121 1575 ro,
1142 1530 1185 1567 et
1203 1525 1350 1577 lapide
1368 1524 1582 1577 pretioso,
1607 1528 1650 1565 et
1669 1524 1885 1574 genimina

1053 1594 1153 1622 mea
1168 1583 1349 1631 argento
1368 1580 1521 1622 electo.
1548 1580 1599 1620 In
1614 1580 1694 1620 viis
1710 1580 1884 1631 justitiae

1055 1637 1248 1686 ambulo,
1274 1637 1317 1677 in
1342 1636 1486 1677 medio
1507 1635 1759 1676 semitarum
1777 1635 1883 1687 judi-

1055 1693 1124 1743 cii,
1149 1698 1198 1734 ut
1217 1692 1352 1734 ditem
1369 1692 1600 1742 diligentes
1618 1704 1705 1741 me,
1732 1696 1775 1733 et
1793 1692 1883 1734 the-

1055 1752 1210 1790 sauros
1230 1751 1382 1790 eorum
1399 1748 1604 1800 repleam.

1109 1817 1160 1866 R.
1189 1814 1310 1855 Sicut
1342 1812 1520 1863 vigilavi
1552 1824 1684 1863 super
1712 1824 1804 1861 eos,
1837 1817 1885 1853 ut

1056 1870 1307 1919 evellerem,
1333 1874 1376 1910 et
1396 1867 1669 1917 demolirem,
1697 1873 1740 1909 et
1761 1866 1883 1908 dissi-

1055 1928 1222 1979 parem,
1250 1930 1294 1966 et
1314 1924 1632 1976 disperderem,
1660 1929 1703 1965 et
1723 1924 1883 1974 afflige-

1055 1995 1163 2024 rem:
1183 1984 1204 2006 *
1229 1982 1300 2023 Sic
1327 1980 1518 2031 vigilabo
1549 1993 1682 2032 super
1711 1992 1805 2028 eos,
1836 1984 1884 2020 ut

1056 2038 1282 2087 aedificem,
1294 2042 1336 2079 et
1347 2037 1552 2090 plantem,
1563 2036 1745 2087 allehija.
1758 2027 1807 2078 Ys-
1815 2035 1884 2075 Er-

1056 2096 1262 2135 raverunt
1277 2105 1433 2145 greges
1446 2092 1533 2133 mei
1542 2092 1585 2132 in
1596 2091 1761 2132 cunctis
1772 2092 1884 2131 men-

1055 2150 1187 2200 tibus,
1212 2155 1256 2191 et
1278 2149 1322 2190 in
1341 2149 1545 2190 universo
1566 2147 1678 2188 colle
1698 2146 1883 2188 excelso.

1056 2206 1127 2247 Sic
1145 2205 1349 2256 vigilabo.

1365 2264 1515 2304 Lectio
1536 2263 1573 2303 ii.

1151 2330 1322 2371 eminus
1353 2327 1552 2381 possedit
1582 2339 1652 2368 me
1686 2327 1730 2367 in
1760 2327 1883 2368 initio

1151 2386 1320 2427 viarum
1335 2386 1510 2425 suarum
1525 2385 1759 2434 antequam
1770 2382 1885 2434 quid-

1057 2454 1189 2494 quam
1217 2441 1380 2482 faeeret
1407 2452 1433 2480 a
1457 2439 1687 2491 principio.
1728 2438 1800 2479 Ab
1826 2451 1881 2479 ae-

1055 2500 1181 2539 terno
1202 2495 1403 2538 ordinata
1422 2508 1531 2545 sum,
1558 2499 1601 2536 et
1620 2507 1675 2535 ex
1694 2494 1882 2545 antiquis

1056 2555 1290 2604 antequam
1325 2556 1444 2592 terra
1479 2550 1615 2591 fieret.
1674 2549 1882 2591 Nondum

1057 2613 1179 2650 erant
1198 2606 1359 2659 abyssi,
1386 2611 1429 2647 et
1453 2618 1535 2656 ego
1561 2606 1645 2657 jam
1669 2607 1883 2658 concepta

1057 2677 1190 2706 eram:
1203 2662 1391 2704 necdum
1403 2662 1546 2703 fontes
1561 2663 1774 2712 aquarum
1788 2664 1881 2702 era-

1056 2725 1222 2772 perant,
1241 2717 1428 2760 necdum
1442 2722 1614 2759 montes
1629 2717 1751 2768 gravi
1765 2716 1881 2757 mole
