2028 2892
736 195 845 229 Furia
870 192 981 228 tertia
1009 192 1057 226 ad
1082 190 1318 225 Matutinum.

187 294 345 336 clinata
372 298 470 335 sunt
498 303 644 342 regna:
662 291 685 315 *
705 289 825 332 dedit
853 300 1005 330 vocem

188 364 320 400 suam,
347 354 465 391 mota
493 353 559 390 est
586 352 712 389 terra.

238 406 449 448 Dominus
479 405 686 446 virtutum
714 402 955 444 nobiscum:
982 402 1005 426 *

188 465 414 516 susceptor
442 466 590 503 noster
617 460 737 501 Deus
764 457 911 500 Jacob.

239 520 407 567 Venite,
427 523 470 560 et
485 516 628 559 videte
645 518 779 569 opera
793 515 888 564 Dfii,
910 526 1006 567 quae

189 575 334 629 posuit
347 574 549 628 prodigia
563 585 694 625 super
708 578 883 614 terram:
898 573 921 597 *
936 573 1006 612 au-

190 632 330 674 ferens
349 631 463 673 bella
482 642 619 682 usque
639 628 695 670 ad
714 628 843 670 finem
868 633 1007 669 terrae.

241 689 405 729 Arcum
441 688 653 735 conteret,
691 690 734 727 et
768 684 1009 734 confringet

191 757 324 786 arma:
350 745 373 769 *
402 749 444 786 et
472 747 594 784 scuta
622 740 848 783 comburet
874 740 972 791 igni.

241 801 425 850 Vacate,
454 804 496 841 et
524 798 667 840 videte
697 797 899 850 quoniam
927 809 1008 847 ego

191 870 286 898 sum
301 856 435 898 Deus:
449 856 472 881 *
488 854 712 897 exaltabor
727 854 770 895 in
786 853 1009 902 Gentibus,

193 918 235 955 et
262 911 487 954 exaltabor
514 911 557 952 in
584 916 709 952 terra.

243 968 454 1010 Dominus
485 967 691 1009 virtutum
718 965 959 1007 nobiscum:
987 965 1009 990 *

193 1026 419 1078 susceptor
446 1028 594 1066 noster
621 1023 740 1065 Deus
767 1021 914 1063 Jacob.

459 1085 651 1125 psalmus
680 1086 744 1124 46.

276 1150 396 1178 mnes
412 1137 575 1179 Gentes
590 1134 784 1188 plaudite
799 1133 1011 1176 manibus:

296 1194 318 1218 *
336 1193 510 1245 iubilate
526 1192 622 1234 Deo
639 1192 682 1232 in
697 1204 806 1233 voce
829 1190 1010 1233 exsulta-

194 1250 333 1292 tionis.

247 1306 460 1356 Quoniam
473 1305 684 1347 Dominus
701 1304 908 1354 excelsus,
929 1310 1011 1346 ter-

196 1362 345 1404 ribilis:
355 1363 378 1388 *
390 1363 485 1404 Rex
503 1374 683 1413 magnus
698 1373 828 1414 super
841 1373 1013 1403 omnem

196 1424 367 1460 terram.

247 1474 435 1526 Subjeeit
449 1475 636 1527 populos
651 1474 791 1516 nobis:
804 1475 827 1500 *
839 1479 882 1516 et
901 1474 1012 1516 Gen-

196 1537 263 1573 tes
290 1531 369 1572 sub
398 1530 582 1584 pedibus
609 1531 779 1573 nostris.

249 1587 390 1638 Elegit
408 1587 533 1629 nobis
555 1587 855 1629 haereditatem
876 1600 1014 1629 suam:

198 1644 220 1669 *
249 1644 438 1696 speciem
465 1643 611 1692 Jacob,
641 1657 768 1696 quam
797 1643 957 1685 dilexit.

251 1698 460 1741 Ascendit
474 1699 593 1741 Deus
608 1700 650 1740 in
667 1699 814 1751 jubilo:
829 1701 852 1726 *
870 1706 913 1742 et
928 1700 1015 1741 Do-

199 1756 339 1797 minus
365 1756 408 1796 in
436 1768 543 1797 voce
570 1755 697 1797 tubae.

251 1811 427 1853 Psellite
454 1811 549 1853 Deo
581 1817 747 1861 nostro,
779 1812 965 1865 psallite:
993 1814 1016 1839 *

200 1867 371 1920 psallite
399 1868 509 1918 Regi
536 1873 698 1917 nostro,
724 1868 908 1921 psallite.

253 1923 465 1974 Quoniam
480 1924 576 1965 Rex
591 1924 728 1965 omnis
742 1930 871 1966 terrae
884 1925 1017 1967 Deus:

202 1980 224 2006 *
253 1979 426 2032 psellite
449 1979 678 2032 sapienter.

253 2035 471 2087 Regnabit
497 2036 617 2077 Deus
645 2049 776 2089 super
796 2037 975 2079 Gentes:
994 2039 1017 2063 *

202 2093 321 2134 Deus
345 2091 469 2134 sedet
491 2104 622 2145 super
650 2092 800 2135 sedem
825 2099 1019 2136 sanctam

203 2161 336 2190 suam.

252 2204 476 2257 Principes
490 2204 754 2257 populorum
768 2207 1019 2256 congregati

203 2266 303 2302 sunt
337 2273 435 2302 cum
466 2260 562 2302 Deo
595 2260 832 2303 Abraham:
864 2263 887 2287 *
917 2265 1019 2314 quo-

203 2316 318 2357 niam
337 2316 395 2358 dii
420 2317 554 2358 fortes
578 2322 718 2367 terrae,
742 2317 1020 2360 vehementer

205 2371 361 2414 elevati
388 2378 497 2415 sunt.

258 2431 353 2470 Ant.
384 2428 566 2480 Adjtitor
591 2429 635 2470 in
659 2429 1020 2473 tribulationibus.

258 2486 352 2526 Ant.
382 2485 562 2535 Magnus
591 2485 814 2527 Dominus.

469 2543 661 2585 l’sulmus
690 2546 751 2585 47.

204 2593 445 2698 Magnus
472 2597 694 2648 DominuS,
722 2604 765 2641 et
791 2598 1021 2641 laudabilis

333 2653 458 2694 nimis
479 2654 558 2694 *in
578 2655 754 2697 civitate
772 2655 853 2697 Dei
874 2656 1021 2705 nostri,

208 2709 250 2750 in
278 2714 425 2752 monte
452 2715 601 2752 sancto
630 2711 728 2762 ejus.

1108 286 1334 328 Fundatur
1358 282 1646 326 exsultatione
1666 279 1885 321 universae

1057 348 1188 386 terrae
1215 355 1342 385 mons
1362 341 1477 391 Sion,
1496 340 1520 365 *
1543 338 1683 379 latera
1701 335 1883 388 Aquilo-

1058 401 1136 450 nis,
1156 399 1310 442 civitas
1333 397 1449 450 regis
1470 394 1625 447 magni.

1109 458 1230 499 Deus
1254 456 1298 497 in
1314 453 1517 498 domibus
1537 452 1628 504 ejus
1648 451 1883 502 cognosce-

1058 519 1138 563 tur,
1157 515 1181 541 *
1201 526 1300 555 cum
1319 509 1528 563 suscipiet
1546 520 1653 550 eam.

1111 570 1327 620 Quoniam
1346 579 1449 610 ecce
1468 577 1594 616 reges
1622 569 1754 606 terrae
1783 575 1883 605 con-

1058 626 1226 678 gregati
1270 629 1392 667 sunt:
1428 624 1452 649 *
1497 622 1796 664 convenerunt
1840 619 1883 661 in

1059 697 1200 725 unum.

1110 740 1201 792 Ipsi
1228 738 1427 780 videntes
1455 735 1518 777 sic
1546 733 1751 776 admirati
1774 738 1884 783 sunt,

1061 795 1309 838 conturbati
1336 798 1456 843 sunt,
1484 790 1695 834 commoti
1722 795 1843 832 sunt:
1861 790 1885 816 *

1059 858 1224 895 tremor
1243 848 1534 905 apprehendit
1554 860 1643 890 eos.

1111 909 1180 951 Ibi
1200 908 1377 951 dolores
1404 911 1452 948 ut
1478 904 1779 958 parturientis:
1798 904 1822 929 *
1841 903 1886 944 in

1061 966 1215 1018 spiritu
1237 963 1484 1007 vehementi
1513 962 1716 1004 conteres
1751 972 1886 1002 naves

1062 1022 1254 1064 Tharsis.

1113 1079 1232 1121 Sicut
1256 1077 1516 1128 audivimus,
1541 1077 1604 1119 sic
1629 1075 1817 1118 vidimus
1842 1073 1887 1115 in

1063 1136 1238 1178 civitate
1256 1136 1434 1177 Domini
1461 1135 1688 1184 virtutum,
1715 1132 1761 1174 in
1787 1131 1887 1174 civi-

1062 1195 1153 1235 tate
1180 1192 1264 1234 Dei
1298 1192 1452 1234 nostri:
1475 1192 1498 1217 *
1530 1192 1653 1233 Deus
1689 1187 1888 1231 fundavit

1065 1263 1160 1292 eam
1178 1249 1221 1290 in
1241 1251 1461 1291 aeternum.

1115 1306 1394 1359 Suscepimus
1406 1306 1527 1347 Deus
1543 1301 1890 1345 misericordiam

1064 1369 1195 1413 tuam,
1214 1363 1237 1388 *
1257 1363 1301 1403 in
1319 1362 1465 1404 medio
1485 1360 1640 1414 templi
1655 1359 1730 1402 tui.

1116 1419 1363 1462 Secundum
1398 1431 1559 1461 nomen
1593 1422 1733 1467 tuum,
1755 1415 1890 1464 Deus,

1066 1476 1128 1518 sic
1147 1481 1190 1518 et
1208 1476 1302 1517 laus
1321 1480 1395 1518 tua
1417 1475 1462 1516 in
1485 1475 1596 1517 fines
1619 1478 1770 1516 terrae:
1788 1472 1812 1498 *
1832 1471 1890 1524 ju-

1066 1533 1183 1575 stitia
1199 1532 1329 1585 plena
1347 1537 1414 1574 est
1434 1531 1617 1574 dextera
1635 1535 1721 1573 tua.

1116 1589 1310 1631 Laetetur
1327 1602 1454 1630 mons
1473 1589 1587 1639 Sion,
1609 1592 1653 1630 et
1672 1585 1892 1628 exsultent

1067 1645 1168 1686 filiae
1199 1645 1323 1687 Judae
1354 1646 1378 1671 *
1406 1650 1590 1698 propter
1624 1642 1782 1696 judicia
1816 1646 1892 1684 tua

1067 1702 1264 1743 Domine.

1120 1758 1397 1800 Circumdate
1420 1759 1541 1808 Sion,
1570 1762 1614 1800 et
1641 1755 1892 1809 complecti-

1067 1815 1171 1856 mini
1186 1828 1297 1856 eam:
1307 1816 1330 1841 *
1340 1817 1515 1857 narrate
1528 1815 1573 1856 in
1585 1812 1780 1856 turribus
1791 1812 1893 1864 ejus.

1119 1871 1272 1913 Ponite
1307 1871 1442 1913 corda
1468 1876 1617 1914 vestra
1651 1870 1696 1911 in
1731 1869 1893 1912 virtute

1069 1928 1177 1980 ejus:
1204 1929 1228 1955 *
1256 1933 1299 1970 et
1327 1927 1575 1970 distribuite
1603 1926 1762 1969 domos
1792 1925 1894 1978 ejuS‚

1068 1989 1116 2026 ut
1135 1985 1345 2026 enarretis
1364 1985 1408 2025 in
1426 1984 1640 2038 progenie
1659 1982 1808 2025 altera.

1121 2041 1334 2091 Quoniam
1373 2041 1444 2083 hic
1484 2046 1552 2083 est
1591 2041 1731 2090 Deus,
1771 2039 1894 2080 Deus

1069 2102 1218 2139 noster
1240 2098 1283 2138 in
1308 2099 1529 2147 aeternum,
1553 2102 1597 2139 et
1618 2097 1661 2139 in
1685 2095 1895 2138 saeculum

1071 2153 1232 2195 saeculi:
1251 2154 1274 2179 *
1293 2154 1388 2206 ipse
1408 2159 1531 2205 reget
1554 2167 1636 2196 nos
1659 2153 1703 2194 in
1722 2151 1895 2194 saecula.

1342 2214 1536 2254 l'salmus
1556 2216 1621 2254 48.

1081 2263 1275 2369 Audite
1319 2265 1415 2306 haec
1460 2278 1612 2308 omnes
1653 2265 1836 2308 Gentes:
1871 2263 1895 2289 *

1178 2320 1356 2362 auribus
1384 2323 1597 2375 percipite
1626 2334 1793 2371 omneS,
1822 2320 1895 2373 qui

1071 2376 1277 2419 habitatis
1297 2377 1467 2419 orbem:

1123 2434 1294 2486 Quique
1318 2437 1566 2485 terrigenae,
1586 2440 1631 2477 et
1655 2435 1734 2476 filii
1760 2433 1896 2476 homi-

1072 2503 1188 2531 num:
1220 2491 1243 2515 *
1281 2489 1408 2532 simul
1442 2491 1486 2532 in
1521 2505 1655 2533 unum
1693 2491 1816 2534 dives
1853 2494 1896 2532 et

1072 2559 1250 2598 pauper.

1125 2602 1186 2643 Os
1213 2615 1358 2644 meum
1392 2602 1595 2655 loquetur
1623 2604 1897 2657 sapientiam:

1073 2658 1102 2755 ἶ·
1116 2664 1158 2700 et
1182 2658 1407 2701 meditatio
1431 2659 1578 2701 cordis
1601 2661 1686 2702 mei
1711 2659 1897 2714 pruden-

1092 2727 1186 2755 iam.
