2028 2892
179 155 247 191 396

233 258 363 292 Lectio
396 258 443 291 ix.
470 257 516 290 de
546 257 717 291 Homilia
748 262 783 291 et
814 266 1008 291 commem.

181 307 303 340 Ferioe
332 307 367 339 iu
395 306 602 339 Laudibus.

233 359 347 401 chp.
374 370 393 391 a
416 358 539 400 Cupit.
565 358 610 391 cle
635 368 740 400 sequ.
766 368 849 391 cum
876 368 1009 392 comm.

180 407 342 450 praeced.
370 412 404 439 ct
433 406 563 440 Feriam.

439 482 523 523 Die
542 484 580 523 9.
599 483 754 525 Martii.

206 555 250 596 S.
269 555 553 597 Franciscae
575 558 613 598 V
619 557 733 597 iduae
760 558 982 597 Romanas.

512 619 675 662 Duplex,

235 677 370 710 Omnia
402 678 447 710 dc
476 675 677 709 Communi
710 685 777 707 nec
807 674 908 717 Yirg.
940 685 1008 708 nec

177 726 283 759 Mart.
314 723 405 766 [116]
429 731 569 768 practer
594 734 698 766 sequ.

516 782 679 822 Oratio.

269 852 356 888 eus,
377 839 451 891 qui
469 838 645 881 beatam
658 839 937 880 Franciscam
953 839 1012 880 fa-

275 894 438 936 mulam
460 900 596 944 tuam,
621 895 733 936 inter
754 897 901 936 cetera
917 897 1013 945 gra-

178 952 252 993 tiae
271 957 360 992 tuae
375 951 502 1001 dona,
522 951 724 992 familiari
738 951 897 1002 Angeli
912 964 1012 993 con-

179 1006 410 1049 suetudine
431 1007 667 1049 decorasti:
686 1007 880 1049 concede
897 1009 1012 1059 quae-

179 1076 343 1113 sumus3
367 1069 415 1106 ut
437 1063 763 1105 intercessionis
785 1064 876 1115 eius
895 1066 1012 1104 auxi-

179 1119 237 1160 lio
263 1119 535 1170 Angelorum
563 1120 834 1161 consortium
862 1122 1012 1161 conse-

180 1175 254 1227 qui
272 1178 529 1217 mereamur.
556 1176 641 1217 Per
660 1175 910 1217 Dominum.

230 1243 274 1276 Et
300 1243 339 1276 sit
365 1253 561 1275 commem.
587 1242 752 1284 praeeed

230 1295 264 1334 A
272 1303 327 1335 nt.
354 1292 438 1334 Hic
453 1293 520 1333 vir
539 1292 787 1345 despiciens
801 1291 1014 1333 mundum

179 1353 223 1390 et
266 1350 455 1398 terrena,
499 1348 792 1401 triumphanS,
839 1348 1013 1390 divitias

179 1405 294 1447 coelo
315 1404 513 1447 condidit
532 1418 620 1455 ore,
640 1418 782 1446 manu.

229 1462 278 1513 δ”.
303 1466 329 1506 J
330 1470 478 1507 ustum
497 1465 681 1508 deduxit
699 1465 914 1507 Dominus
933 1478 1014 1518 per

179 1521 272 1562 vias
297 1527 452 1563 rectas.
483 1523 533 1575 R.
562 1522 620 1564 Et
644 1521 837 1564 ostendit
859 1521 923 1562 illi
948 1534 1011 1564 re-

179 1590 313 1628 gnum
331 1578 426 1619 Dei.

231 1642 393 1682 Oratio.
428 1641 559 1689 Deus,
580 1638 665 1690 qui.
692 1638 788 1679 393.

235 1704 373 1736 l‘ostcu
400 1702 523 1735 Furiae
550 1702 797 1735 occurrentis.

231 1762 273 1795 ln
303 1763 328 1796 l.
356 1762 553 1795 Nocturno
580 1761 784 1794 Lectiones
815 1759 1013 1794 Mulierem

180 1807 327 1842 fortem.
354 1810 399 1843 dc
427 1809 561 1842 codem
589 1809 800 1842 Communi.
825 1807 923 1851 [120]

412 1879 461 1916 In
481 1879 530 1916 II.
552 1879 776 1916 Nooturno.

482 1943 633 1982 Lectio
655 1943 705 1981 iv.

189 2023 191 2026 f
253 2038 262 2053 Ἰ,
299 2000 496 2039 rancisca
519 1996 679 2039 nobilis
701 1998 901 2038 matrona
924 1996 1012 2037 Ro-

218 2051 253 2113 ’χι
252 2055 278 2091 's
315 2055 460 2103 mana,
487 2053 543 2095 ab
566 2053 742 2094 ineunte
768 2054 898 2094 aetate
917 2051 1011 2093 illu-

184 2092 292 2136 ¹22*
316 2110 422 2151 stria
460 2108 582 2151 dedit
619 2109 830 2151 virtutum
868 2110 1010 2149 exem-

179 2164 268 2216 pla·
297 2165 457 2208 etenim
479 2165 672 2217 pueriles
698 2164 827 2206 ludos
855 2170 898 2206 et
921 2163 1011 2205 ille-

180 2220 334 2263 cebras
354 2221 505 2263 mundi
523 2223 751 2273 respuenS,
775 2220 1011 2262 solitudine

180 2283 223 2319 et
248 2279 448 2320 oratione
470 2280 739 2330 magnopere
764 2276 1008 2319 delectaba-

179 2338 259 2374 tur.
295 2334 510 2376 Undecim
534 2346 672 2375 annos
692 2339 811 2382 nata,
838 2333 1011 2383 virgini-

178 2391 316 2430 tatem
352 2404 476 2431 suam
511 2390 610 2431 Deo
647 2391 922 2438 consecrare,
967 2395 1011 2431 et

179 2447 491 2487 monasterium
543 2445 712 2497 ingredi
760 2445 1010 2498 proposuit:

179 2503 410 2552 parentum
434 2507 579 2544 tamen
603 2501 820 2543 voluntati
842 2500 1005 2542 humili-

179 2561 247 2598 ter
293 2556 620 2610 obtemperans,
671 2558 908 2599 Laurentio
954 2556 1010 2598 de

179 2612 421 2663 Pontianjs,
458 2615 603 2666 juveni
639 2627 766 2666 aeque
802 2613 927 2655 diviti
959 2626 1009 2654 ac

179 2668 314 2710 nobili
346 2670 504 2721 nupsit.
553 2671 605 2711 In
636 2669 913 2712 matrimonio
945 2682 1008 2710 ar-

642 158 710 191 l)ie
737 162 767 191 t).
796 158 932 191 Martii.
980 159 1013 190 S.
1041 157 1259 190 Franciscae
1284 157 1433 190 Viduae.

1064 249 1213 291 ctioris
1235 250 1338 292 vitae
1360 250 1656 303 propositum,
1685 255 1894 302 quantum

1063 305 1198 355 licuit,
1219 318 1394 358 semper
1412 306 1604 348 retinuit:
1623 319 1649 347 a
1669 308 1894 358 spectacu-

1063 361 1132 410 lis,
1165 362 1393 412 conviviis,
1430 362 1614 414 aliisque
1646 361 1895 414 hujusmodi

1065 417 1398 460 oblectamentis
1418 417 1673 467 abhorrens,
1699 418 1826 460 lanea
1844 431 1895 460 ac

1064 473 1234 524 vulgari
1252 479 1375 516 veste
1399 479 1543 523 utens,
1571 479 1615 516 et
1636 473 1851 526 quidquid
1871 487 1895 515 a

1065 529 1319 572 domesticis
1343 530 1458 571 curis
1481 532 1710 582 supererat
1728 532 1896 583 tempo-

1064 586 1134 635 ris,
1161 586 1350 628 orationi
1369 591 1445 628 aut
1462 586 1767 640 proximorum
1784 586 1895 628 utili-

1063 642 1145 683 tati
1170 641 1384 684 tribuens:
1424 643 1467 683 in
1499 641 1547 684 id
1573 654 1679 683 vero
1706 642 1897 684 maxima

1065 697 1359 740 sollicitudine
1377 699 1645 748 incumbens,
1670 704 1719 741 ut
1736 701 1896 740 matro-

1064 766 1143 795 nas
1166 755 1392 796 Romanas
1421 768 1446 796 a
1472 756 1650 808 pompis
1676 754 1827 796 saeculi
1853 759 1898 796 et

1065 813 1246 852 ornatus
1278 811 1471 853 vanitate
1503 813 1744 853 revocaret.
1785 810 1898 860 Qua-

1063 869 1249 919 propter
1286 866 1466 908 domum
1503 866 1779 917 Oblateirum,
1815 867 1896 908 sub

1065 922 1216 973 regula
1234 923 1374 964 sancti
1391 923 1637 973 Benedicti,
1662 935 1897 974 congrega-

1065 979 1196 1020 tionis
1223 979 1387 1022 Montis
1415 979 1593 1030 Oliveti,
1631 978 1775 1021 adhuc
1802 979 1898 1021 viro

1066 1035 1258 1086 alligata,
1281 1036 1325 1076 in
1344 1035 1464 1078 Urbe
1483 1011 1680 1078 instituit.
1711 1035 1809 1078 Viri
1827 1048 1898 1077 ex-

1066 1091 1224 1142 silium,
1247 1092 1466 1134 bonorum
1485 1093 1712 1144 iacturam,
1738 1104 1789 1133 ac
1808 1091 1897 1133 uni-

1065 1149 1206 1189 versae
1225 1148 1383 1190 domus
1401 1150 1638 1190 moerorem
1655 1161 1745 1190 non
1762 1147 1898 1190 modo

1066 1205 1419 1246 constantissime
1450 1204 1672 1246 toleravit:
1701 1203 1780 1246 sed
1803 1206 1898 1255 gra-

1065 1259 1148 1300 tias
1181 1273 1315 1311 agens
1348 1273 1447 1302 cum
1478 1259 1612 1302 beato
1644 1259 1748 1310 Job,
1790 1259 1899 1302 illud

1065 1314 1319 1367 frequenter
1371 1315 1629 1368 usurpabat:
1682 1315 1899 1357 Dominus

1066 1370 1199 1421 dedit,
1218 1372 1433 1414 Dominus
1451 1372 1645 1414 abstulit:
1665 1372 1721 1414 sit
1738 1384 1899 1414 nomen

1066 1428 1244 1469 Domini
1261 1428 1555 1471 benedictum.

1119 1488 1170 1538 R·-
1208 1485 1399 1538 Propter
1429 1485 1674 1535 veritatem,
1707 1490 1751 1527 et
1781 1497 1897 1526 man-

1066 1541 1360 1592 suetudinem,
1388 1547 1432 1584 et
1458 1541 1683 1594 justitiam,
1700 1544 1724 1567 *
1745 1541 1802 1583 Et
1826 1540 1898 1583 de-

1066 1598 1200 1641 ducet
1234 1603 1279 1639 te
1310 1597 1568 1640 mirabiliter
1600 1597 1782 1640 dextera
1812 1602 1899 1639 tua.

1066 1653 1117 1704 V.
1134 1655 1290 1707 Specie
1309 1659 1396 1704 tua,
1416 1660 1460 1696 et
1478 1653 1805 1706 pulchritudine
1822 1658 1899 1696 tua

1064 1710 1256 1760 intende,
1285 1713 1501 1762 prospere
1526 1709 1736 1762 procede,
1764 1714 1808 1752 et
1834 1722 1898 1752 re-

1065 1780 1160 1818 gna.
1189 1767 1247 1809 Et
1266 1766 1469 1808 deducet.

1374 1825 1527 1866 Lectio
1548 1839 1585 1865 v.

1150 1881 1217 1922 iro
1257 1879 1482 1930 defuncto,
1531 1881 1588 1923 ad
1637 1879 1898 1933 praedictam

1173 1935 1434 1979 Oblaterum
1454 1936 1633 1979 domum
1649 1936 1899 1987 convolans,

1064 1994 1193 2037 nudis
1212 1993 1412 2046 pedibus,
1431 1993 1532 2036 fune
1553 1994 1609 2036 ad
1629 1993 1792 2035 collum
1807 1993 1896 2034 alli-

1064 2054 1185 2103 gato,
1212 2051 1333 2092 humi
1356 2053 1597 2103 prostrata,
1624 2049 1773 2091 multis
1798 2062 1899 2091 cum

1063 2107 1254 2149 lacrimis
1295 2109 1445 2148 earum
1486 2110 1668 2148 numero
1706 2104 1898 2148 adscribi

1065 2163 1323 2216 suppliciter
1348 2163 1601 2215 postulavit.
1640 2162 1749 2204 Voti
1780 2174 1895 2203 com-

1063 2233 1148 2273 pos
1167 2219 1300 2269 facta,
1326 2219 1429 2261 licet
1453 2224 1572 2261 esset
1596 2219 1789 2260 omnium
1808 2230 1895 2259 ma-

1063 2281 1147 2326 ter,
1171 2288 1260 2316 non
1284 2275 1371 2316 alio
1393 2280 1540 2317 tamen
1565 2288 1697 2327 quam
1715 2273 1896 2323 ancillae,

1064 2331 1374 2383 vilissimaeque
1393 2331 1580 2380 feminae,
1606 2337 1649 2373 et
1668 2329 1894 2371 immundi-

1063 2388 1136 2430 tiae
1145 2387 1312 2428 vasculi
1321 2387 1449 2429 titulo
1460 2386 1743 2438 gloriabatur.
1755 2386 1895 2436 Quam

1063 2444 1194 2485 vilem
1218 2443 1283 2484 sui
1307 2443 1674 2485 existimationem
1693 2447 1737 2484 et
1756 2441 1894 2483 verbo

1064 2499 1304 2542 declaravit
1327 2504 1371 2540 et
1395 2499 1613 2551 exemplo:
1640 2511 1759 2550 saepe
1779 2498 1895 2539 enim

1063 2569 1087 2598 e
1107 2555 1359 2597 suburbana
1377 2558 1504 2596 vinea
1523 2556 1763 2603 revertens,
1783 2559 1827 2595 et
1845 2553 1892 2595 li-

1061 2615 1247 2664 gnorum
1270 2611 1434 2652 fascem
1456 2610 1641 2663 proprio
1665 2610 1800 2662 capiti
1818 2610 1892 2651 im-

1061 2669 1257 2721 positum
1276 2667 1492 2717 deferens,
1511 2666 1581 2708 vel
1601 2665 1768 2708 eisdem
1787 2669 1891 2708 omi-
