2066 2904
713 160 783 193 Die
810 160 868 195 13..
896 160 943 192 13.
970 164 1006 192 ct
1032 158 1082 191 18.
1108 157 1223 190 Junii.

170 254 219 306 Vs.
243 257 268 298 J
269 262 415 299 ustum
435 254 616 298 deduxit
634 254 850 295 Dominus
868 266 949 306 per

122 314 215 355 vias
239 318 399 363 rectas,
427 311 610 363 alleluja.
648 314 697 365 R.
725 311 782 351 Et
806 311 948 351 osten-

123 369 187 412 dit
204 370 266 411 illi
283 382 464 420 regnum
482 367 576 418 Dei,
595 367 777 419 alleluja.

169 432 245 466 Pro
269 431 325 465 Ss.
350 431 595 475 Martyribus.

175 484 274 524 Ant.
301 481 426 523 Filiae
445 480 702 538 Jerusalem,
722 481 883 528 venite,
906 483 950 520 et

124 538 269 580 videte
287 538 511 590 Martyres
524 550 623 579 cum
641 535 830 585 coronis,
860 535 949 587 qui-

122 594 205 636 bus
230 594 459 636 coronavit
482 606 559 636 eos
577 593 792 635 Dominus
815 591 860 632 in
879 590 950 633 die

123 650 412 692 solemnitatis
455 655 500 692 et
534 649 717 700 laetitiae,
761 647 950 700 alleluja,

122 707 304 759 aHelt'ija.

170 762 219 813 V
265 764 466 805 Pretiosa
501 763 546 804 in
581 763 826 815 conspectu
861 762 949 802 Do-

121 820 242 870 mini,
267 819 449 872 alleh'ija.
476 822 526 871 R.
558 819 679 861 Mors
698 819 951 860 sancterum

124 877 225 929 ejus,
245 876 428 929 alleluja.

232 942 275 975 In
299 941 343 975 Π.
371 941 487 984 Vesp.
513 950 582 983 pro
607 941 643 974 S.
666 940 829 973 Joanne.

174 995 272 1034 Ant.
293 993 378 1034 Hic
392 993 458 1034 vir
477 992 724 1046 despiciens
739 991 950 1034 mundum

124 1054 168 1091 et
211 1051 398 1099 terrena,
442 1049 730 1102 triumphans,
776 1048 949 1091 divitias

125 1106 239 1148 coelo
258 1104 455 1148 condidit
478 1119 571 1156 ore,
595 1119 741 1156 manu,
766 1105 949 1157 alleliija.

171 1158 220 1209 V.
243 1163 269 1204 J
269 1167 415 1204 ustum
435 1162 618 1205 deduxit
636 1163 851 1204 Deminus
869 1175 950 1214 per

122 1219 215 1260 vias
241 1224 401 1269 rectas,
430 1219 612 1271 alleluja.
644 1219 695 1270 Η.
723 1219 781 1260 Et
806 1220 948 1260 osten-

123 1274 188 1317 dit
205 1275 267 1316 illi
285 1288 467 1327 regnum
486 1276 580 1326 Dei,
599 1275 782 1328 alleluja.

383 1371 467 1414 Die
486 1373 544 1413 13.
563 1372 588 1412 J
590 1371 690 1413 unii.

193 1440 237 1481 S.
255 1439 462 1481 Antonii
481 1439 543 1480 de
561 1439 732 1481 Padua
752 1439 870 1479 Conf.

162 1501 330 1545 Duplex,
356 1503 424 1536 sed
450 1503 499 1535 ad
524 1502 679 1536 modum
703 1501 900 1544 Simplicis

405 1550 662 1585 recolendum.

173 1606 222 1645 In
248 1606 278 1645 I.
304 1606 344 1647 V
349 1619 435 1658 esp.
473 1608 573 1647 Ant.
610 1604 822 1647 Similabo
851 1617 950 1646 eum

124 1662 218 1704 viro
251 1661 453 1715 sapienti,
494 1661 568 1714 qui
606 1660 841 1703 aedificavit
874 1661 949 1703 do-

123 1732 243 1760 mum
262 1731 385 1760 suam
404 1730 536 1771 supra
553 1722 739 1770 petram,
767 1717 950 1770 alleluia.

171 1772 222 1823 V.
252 1774 430 1816 Amavit
450 1787 549 1816 eum
567 1774 792 1824 Deminus‚
820 1779 864 1816 et
884 1787 950 1816 or-

123 1832 244 1874 navit
263 1845 373 1881 eum,
392 1830 573 1883 alleluja.
596 1833 647 1883 R.
673 1831 842 1872 Stolam
860 1831 950 1882 glo-

123 1887 200 1929 riae
218 1887 358 1930 induit
377 1900 487 1938 eum,
506 1887 687 1939 alleluja.

453 1947 617 1988 Oratio.

202 1999 405 2041 eclesiam
427 2004 548 2041 tuam
566 2000 702 2050 Deus,
727 1999 846 2041 beati
863 1999 950 2040 An-

218 2056 327 2097 tonii
355 2055 629 2097 Confessoris
660 2056 724 2097 tui
751 2055 949 2097 solemni-

124 2117 192 2154 tas
219 2114 369 2154 votiva
395 2111 607 2154 laetificet:
642 2117 691 2154 ut
719 2111 950 2165 spirituali-

123 2167 207 2210 bus
239 2180 412 2221 semper
442 2168 660 2213 muniatur
691 2168 873 2219 auxiliis,
909 2172 952 2210 et

126 2224 297 2276 gaudiis
323 2224 488 2277 perfrui
517 2226 738 2266 mereatur
766 2224 951 2266 aeternis.

125 2281 209 2322 Per
227 2280 474 2322 Dominum.

176 2335 245 2376 Ad
267 2336 399 2377 Laud.
421 2337 518 2378 Ant.
546 2338 669 2388 Euge
689 2350 814 2379 serve
833 2337 948 2379 bone

128 2398 172 2435 et
190 2392 344 2443 fidelis,
365 2394 466 2446 quia
487 2393 531 2434 in
550 2406 691 2446 pauca
709 2393 829 2435 fuisti
847 2394 951 2435 fide-

126 2450 195 2499 lis,
240 2463 374 2502 supra
413 2450 550 2491 multa
590 2455 634 2492 te
677 2453 952 2500 constituam,

127 2505 239 2547 intra
261 2506 305 2547 in
323 2507 530 2559 galidium
547 2507 725 2549 Demini
743 2507 817 2556 tui,
842 2506 952 2548 allel.

175 2558 224 2609 Vs.
254 2562 279 2603 J
281 2567 428 2604 ustum
443 2562 626 2605 deduxit
639 2563 855 2604 Deminus
873 2576 953 2615 per

128 2617 220 2658 vias
245 2624 402 2669 rectas,
428 2619 610 2671 alleluja.
645 2621 696 2672 R.
725 2620 783 2661 Et
809 2621 950 2660 osten-

128 2672 192 2714 dit
207 2673 269 2714 illi
287 2686 468 2725 regnum
485 2676 581 2725 Dei,
601 2675 783 2727 alleluja.

1053 257 1102 295 In
1140 256 1193 295 ll.
1232 254 1455 305 Vesperis.
1503 256 1602 293 Ant.
1648 251 1728 293 llic
1762 251 1828 292 vir

1001 309 1247 362 despiciens
1293 309 1504 351 mundum
1549 314 1593 351 et
1644 309 1829 357 terrena,

1000 365 1284 418 triumphanS,
1304 365 1478 407 divitias
1498 365 1612 407 coelo
1633 363 1830 407 condidit

1001 435 1089 473 ore,
1107 435 1248 472 manu,
1268 421 1450 474 alleluja.

1054 474 1103 525 V.
1125 479 1150 520 J
1150 483 1299 520 ustum
1317 477 1502 520 deduxit
1519 478 1734 520 Deminus
1750 491 1830 531 per

1001 536 1093 577 vias
1121 541 1280 585 rectaS‚
1309 535 1491 587 alleluja.
1523 536 1571 586 ΒΕ.
1602 535 1660 576 Et
1689 537 1829 576 osten-

1001 591 1067 634 dit
1084 592 1147 633 illi
1165 605 1348 643 regnum
1367 591 1461 642 Dei,
1482 591 1664 644 alleluja.

1263 685 1347 727 Die
1367 685 1426 725 15.
1445 684 1470 725 J
1472 683 1571 725 unii.

1001 751 1070 791 Ss.
1085 750 1204 799 Viti,
1223 749 1438 791 Modesti
1451 755 1582 799 atque
1604 748 1831 789 Crescen-

1239 807 1326 849 tiae
1343 808 1593 859 Martyrum.

1053 872 1123 913 Ad
1157 873 1290 923 Vcsp.
1347 872 1443 910 Ant.
1495 869 1591 908 Lux
1617 869 1832 920 perpetua

1001 925 1164 967 lucebit
1207 925 1369 967 sanctis
1405 925 1493 966 tuis
1531 924 1739 974 Domine,
1790 929 1833 965 et

1003 982 1225 1024 aeternitas
1243 983 1503 1034 temporum,
1526 981 1707 1032 alleluja.

1054 1037 1102 1088 V.
1123 1038 1270 1080 Sancti
1290 1043 1334 1080 et
1349 1038 1450 1090 justi
1466 1038 1509 1078 in
1523 1037 1714 1079 Demino
1730 1050 1830 1087 gau-

1003 1093 1119 1144 dete,
1144 1094 1326 1147 alleluja.
1362 1098 1412 1149 R.
1441 1095 1537 1136 Vos
1562 1094 1693 1145 elegit
1711 1093 1832 1135 Deus

1001 1150 1045 1191 in
1063 1150 1370 1193 haereditatem
1389 1151 1483 1201 sibi,
1505 1150 1688 1202 alleluja.

1339 1214 1502 1254 Oratio.

1089 1283 1115 1311 a
1129 1269 1340 1311 Ecclesiae
1356 1273 1456 1319 tuae,
1478 1270 1729 1321 quaesumus
1744 1268 1831 1309 Do-

1102 1327 1235 1376 mine,
1263 1326 1425 1367 sanctis
1452 1324 1718 1377 Martyribus
1746 1324 1832 1366 tuis

1001 1382 1124 1432 Vito,
1161 1382 1383 1433 Modesto,
1419 1388 1551 1434 atque
1581 1382 1834 1423 Crescentia

1002 1438 1391 1489 intercedentibus,
1424 1438 1613 1491 superbe
1645 1451 1733 1479 non
1768 1440 1832 1479 sa-

1001 1508 1123 1548 pere,
1165 1495 1246 1538 sed
1283 1496 1363 1538 tibi
1394 1495 1558 1549 placita
1590 1494 1832 1536 humilitate

1002 1552 1235 1605 proficere:
1249 1558 1296 1594 ut
1306 1565 1443 1605 prava
1454 1551 1712 1604 despiciens,
1725 1563 1834 1603 quae-

1003 1612 1190 1662 cumque
1209 1614 1330 1651 recta
1344 1614 1457 1659 sunt,
1476 1609 1614 1650 libera
1631 1609 1833 1649 exerceat

1003 1665 1193 1708 caritate.
1219 1666 1304 1708 Per
1321 1666 1569 1708 Dominum.

1054 1727 1125 1768 Ad
1145 1727 1279 1767 Laud.
1308 1728 1406 1767 Ant.
1436 1727 1558 1768 Filiae
1577 1727 1830 1779 Jerusalem,

1002 1785 1168 1833 venite,
1211 1788 1255 1825 et
1291 1782 1437 1825 videte
1472 1784 1691 1836 Martyres
1733 1797 1832 1826 cum

1003 1840 1194 1889 coronis,
1216 1840 1373 1892 quibus
1394 1841 1624 1883 coronavit
1646 1854 1723 1883 eos
1745 1841 1832 1883 De-

1002 1896 1145 1938 minus
1171 1897 1215 1936 in
1242 1896 1312 1938 die
1337 1897 1627 1939 solemnitatis
1654 1904 1698 1940 et
1723 1898 1829 1939 laeti-

1002 1953 1086 2003 tiae,
1105 1953 1288 2006 alleluja,
1309 1954 1491 2007 alleluja.

1054 2008 1103 2059 V.
1146 2010 1350 2053 Preti6sa
1384 2012 1428 2052 in
1466 2013 1709 2066 conspectu
1742 2012 1830 2052 Do-

1002 2067 1123 2117 mini,
1148 2067 1331 2120 alleluJa.
1348 2068 1399 2119 R.
1435 2069 1554 2110 Mors
1579 2070 1832 2109 sanctorum

1005 2123 1106 2175 ejus,
1134 2124 1315 2176 alleluja.

1266 2211 1350 2253 Die
1369 2212 1428 2252 18.
1447 2212 1473 2252 J
1474 2211 1573 2252 unii.

1085 2278 1155 2320 Ss.
1180 2279 1340 2321 Marci
1363 2284 1406 2320 et
1433 2279 1749 2320 Marcelliani

1288 2336 1538 2386 Martyrum.

1053 2400 1124 2440 Ad
1151 2400 1285 2452 Vesp.
1332 2402 1431 2439 Ant.
1486 2399 1581 2438 Lux
1618 2399 1833 2453 perpetua

1003 2451 1167 2494 lucebit
1211 2453 1372 2494 sanctis
1412 2453 1498 2494 tuis
1539 2454 1745 2504 Domine,
1789 2459 1833 2496 et

1005 2509 1226 2550 aeternitas
1251 2511 1510 2562 temporum,
1531 2509 1713 2562 alleluja.

1052 2563 1103 2612 Vl.
1124 2565 1274 2607 Sancti
1289 2571 1332 2607 et
1347 2566 1447 2618 justi
1466 2566 1509 2607 in
1524 2567 1715 2609 Demino
1731 2580 1831 2618 gau-

1005 2620 1117 2671 dete,
1142 2622 1323 2674 alleluia.
1356 2623 1406 2673 R.
1437 2623 1533 2664 Vos
1559 2623 1690 2675 elegit
1708 2624 1831 2665 Deus

1003 2676 1048 2717 in
1065 2676 1370 2720 haereditatem
1389 2678 1482 2729 sibi,
1502 2679 1684 2732 alleluja.
