2066 2956
682 178 858 213 Officium
882 178 922 211 B.
947 177 1079 211 Mariae
1104 176 1141 209 in
1167 176 1347 210 sabbato.

218 279 305 313 Non
342 278 435 312 fiunt
470 274 863 310 Commemorationes
902 283 989 308 con-

167 331 305 408 ἓιεῖτο,
345 326 414 362 sed
451 327 597 358 tantum
636 323 682 357 de
724 322 855 369 Cruce.
900 323 989 357 Ant.

201 382 331 408 rucem
355 374 537 407 sanctam.
563 370 634 406 124.

218 428 259 463 Si
283 431 408 462 autem
432 429 607 461 occurrat
630 424 787 458 Festum
807 422 990 466 Simplex,

167 476 214 510 de
239 486 284 511 eo
308 475 349 510 fit
366 475 532 510 Coffiem.
558 477 644 507 ante
672 471 797 514 ipsam
818 470 990 505 Comme-

166 523 417 559 morationem
443 522 489 556 dc
515 522 646 556 Cruce.
674 516 745 552 124.

217 579 518 623 Completorium
540 582 581 612 ut
602 577 639 611 in
658 574 856 609 Psalterio.
885 574 932 607 Et
953 573 991 606 in

166 628 239 662 fine
270 627 413 672 Hymni
450 626 503 660 Te
532 625 631 660 lucis
663 628 750 660 ante
779 624 992 667 terminum,

167 675 308 710 dicitur

248 728 361 777 Jesu,
379 726 460 769 tibi
479 726 534 768 sit
551 725 701 778 gloria,

298 784 382 834 Qui
400 788 527 825 natus
546 795 593 824 es
612 782 667 825 de
685 782 878 834 Virgine.

169 850 319 884 etiamsi
341 851 378 883 in
396 849 511 893 Vesp.
531 850 631 884 facta
653 850 702 883 sit
723 853 870 883 tantum
886 847 992 881 Corn.

170 898 217 932 de
242 898 284 932 B.
308 898 445 939 Maria,
475 898 551 932 nisi
574 898 718 942 Hymni
748 897 852 931 illius
877 895 993 937 Festi,

170 946 274 990 quod
297 945 410 980 Feria
435 946 496 980 VI.
526 946 757 980 celebratum
782 949 854 986 est,
885 944 995 978 aliter

169 994 425 1028 concludendi
452 995 538 1029 sint.

327 1075 415 1116 Ad
449 1074 834 1116 matutinum.

222 1146 345 1186 Invit.
380 1146 472 1184 Ave
499 1140 654 1191 Maria,
686 1139 828 1191 gretia
854 1139 994 1192 plena,

171 1204 192 1228 *
212 1199 427 1240 Deminus
444 1202 600 1248 tecum,
620 1196 803 1250 alleluia.

221 1263 288 1303 Ps.
318 1260 481 1310 Venite,
500 1258 777 1301 exsultemus.
795 1258 833 1298 2.

474 1330 685 1382 Hymnus.

302 1406 404 1435 uem
422 1398 548 1443 terra,
567 1398 740 1446 pontus,
760 1392 905 1434 sidera

338 1449 510 1500 Colunt,
528 1449 723 1499 adorant,
742 1447 996 1502 praedicant,

273 1507 455 1549 Trinam
473 1507 697 1558 regentem
715 1504 970 1554 machinam,

274 1564 522 1606 Claustrum
540 1563 690 1604 Mariae
709 1561 883 1614 baiulat.

222 1637 301 1679 Cui
319 1637 431 1688 luna,
450 1637 527 1687 sol,
546 1641 590 1679 et
609 1635 753 1678 omnia

273 1694 538 1736 Deserviunt
557 1706 637 1747 per
656 1695 868 1745 tempora,

273 1750 457 1793 Perfusa
477 1750 578 1792 coeli
596 1749 748 1802 gratia,

275 1808 460 1849 Gestant
476 1806 636 1860 puellae
655 1808 834 1847 viscera.

223 1881 362 1923 Beata
379 1880 520 1923 Mater
538 1883 729 1929 munere,

275 1937 405 1990 Cujus
424 1938 638 1990 supernus
658 1934 814 1976 artifex

275 1993 487 2035 Mundum
503 1991 669 2046 pugillo
689 1991 925 2039 continens,

275 2049 452 2092 Ventris
471 2048 552 2091 sub
572 2060 674 2090 arca
693 2047 866 2088 clausus
888 2051 964 2088 est.

226 2125 363 2165 Beata
382 2123 484 2164 coeli
502 2122 664 2171 nuntio,

277 2178 503 2221 Foecunda
524 2183 675 2220 sancto
697 2175 870 2230 Spiritu,

277 2234 564 2278 Desideratus
582 2233 793 2286 gentibus,

279 2293 410 2344 Cujus
428 2304 508 2345 per
526 2290 671 2333 alvum
689 2290 810 2331 fusus
831 2294 907 2330 est.

229 2368 247 2408 J
253 2380 330 2408 esu
348 2365 428 2408 tibi
445 2365 500 2406 sit
518 2364 665 2416 gloria,

279 2423 363 2473 Qui
381 2426 508 2464 natus
528 2434 574 2463 es
594 2420 649 2463 de
669 2420 859 2472 Virgine,

279 2480 389 2522 Cum
407 2479 548 2528 Patre,
569 2482 612 2519 et
631 2477 745 2519 almo
765 2476 928 2530 Spiritu

278 2536 330 2577 In
347 2535 610 2588 sempiterna
628 2533 799 2576 saecula.

485 2591 637 2632 Amen.

202 2660 467 2741 tNociturnum
491 2660 660 2696 Sabbati.
685 2664 725 2693 ut
748 2660 786 2692 in
809 2657 922 2691 Psalt.
947 2658 1001 2702 94,

180 2718 198 2741 e
239 2718 277 2741 1n
327 2718 373 2742 ne

334 2842 398 2867 Pars
418 2842 510 2867 Vema.

1095 269 1146 318 V.
1183 269 1355 311 Diffusa
1389 274 1456 312 est
1491 269 1631 321 gretia
1665 268 1709 309 in
1742 267 1869 309 labiis

1042 327 1140 377 tuis,
1169 326 1351 379 alleluja.
1392 328 1441 378 Rz.
1472 327 1715 379 Propterea
1741 324 1869 366 bene-

1044 383 1153 425 dixit
1175 389 1220 425 te
1238 384 1359 425 Deus
1378 383 1421 424 in
1440 384 1662 432 aeternum,
1687 381 1870 433 alleluja.

1101 442 1229 482 Pater
1256 445 1418 482 noster.

1337 501 1581 542 Absolutio.

1128 557 1300 599 recibus
1317 561 1360 599 et
1378 556 1544 598 meritis
1562 555 1706 597 beatae
1720 555 1871 596 Mariae

1147 627 1321 668 semper
1352 613 1565 665 VirginiS,
1602 617 1646 654 et
1678 611 1872 653 omnium

1044 672 1315 722 Sanct6rum,
1330 671 1544 724 perducat
1559 682 1641 711 nos
1654 669 1871 710 Deminus

1046 727 1102 770 ad
1119 741 1253 780 regna
1272 729 1496 770 coelorum.
1545 729 1595 781 R.
1625 726 1774 767 Amen.

1101 781 1150 832 V.
1173 787 1198 827 J
1200 786 1285 828 ube
1305 785 1466 827 domne
1484 783 1757 827 benedicere.

1100 844 1185 884 Pro
1223 844 1246 883 i.
1282 844 1400 885 Lect.
1439 842 1599 884 Bened.
1645 841 1735 881 Nos
1771 852 1871 880 cum

1045 899 1171 953 prole
1189 899 1264 952 pia
1280 897 1514 941 benedicat
1531 897 1670 948 Virgo
1688 896 1837 937 Maria.

1101 959 1151 1011 R.
1174 956 1327 998 Amen.

1100 1021 1240 1055 Primae
1265 1021 1352 1055 duae
1372 1021 1473 1055 Lect.
1498 1021 1544 1055 de
1565 1020 1762 1064 Scriptura
1787 1017 1875 1051 libri

1050 1069 1251 1103 currentis:
1282 1069 1409 1111 tertia,
1439 1080 1513 1103 una
1543 1080 1590 1103 ex
1620 1068 1779 1102 inferius
1808 1076 1874 1109 po-

1050 1117 1134 1151 sitis
1158 1127 1227 1160 per
1251 1117 1434 1151 ordinem.

1101 1166 1153 1218 R.
1179 1166 1203 1205 i.
1228 1164 1387 1206 Sancta
1416 1167 1459 1205 et
1485 1161 1765 1203 immaculata
1789 1161 1871 1203 vir-

1047 1221 1223 1273 ginitas,
1261 1220 1420 1273 quibus
1454 1224 1499 1261 te
1535 1218 1738 1260 laudibus
1774 1218 1871 1260 effe-

1047 1291 1159 1329 ram,
1195 1277 1361 1319 nescio:
1403 1281 1423 1303 *
1458 1276 1571 1326 Quia
1608 1288 1738 1327 quem
1773 1274 1874 1316 coeli

1048 1337 1207 1388 capere
1235 1346 1323 1375 non
1350 1335 1572 1399 poterant³
1602 1336 1679 1373 tuo
1707 1331 1873 1382 gremio

1049 1391 1287 1441 contulisti,
1316 1389 1499 1441 alleluja.
1547 1388 1596 1434 Y.
1633 1386 1875 1429 Benedicta

1048 1453 1097 1489 tu
1136 1448 1179 1488 in
1214 1445 1485 1495 mulieribus,
1530 1449 1574 1487 et
1615 1443 1874 1485 benedictus

1048 1505 1214 1546 fructus
1229 1503 1392 1545 ventris
1412 1502 1486 1543 tui.
1515 1501 1637 1552 Quia.

1103 1559 1189 1599 Pro
1218 1559 1257 1599 ii.
1282 1559 1399 1599 Lect.
1424 1558 1585 1599 Bened.
1615 1559 1713 1610 Ipsa
1735 1557 1873 1608 Virgo

1049 1617 1264 1669 virginum
1290 1614 1532 1658 intercedat
1555 1626 1637 1666 pro
1665 1613 1792 1655 nobis
1817 1612 1875 1654 ad

1048 1674 1295 1716 Deminum.
1348 1672 1397 1724 Rg.
1425 1673 1577 1713 Amen.

1103 1730 1154 1782 Rz.
1189 1729 1228 1769 ii.
1261 1729 1387 1771 Felix
1422 1740 1611 1780 namque
1646 1740 1713 1777 es,
1750 1739 1875 1768 sacra

1049 1787 1186 1839 Virgo
1202 1787 1349 1836 Maria,
1369 1789 1413 1827 et
1431 1785 1550 1827 omni
1567 1783 1696 1826 laude
1717 1783 1873 1834 dignis-

1050 1844 1176 1885 sima:
1214 1841 1237 1864 *
1263 1843 1375 1893 Quia
1402 1855 1457 1884 ex
1483 1846 1528 1883 te
1562 1845 1684 1882 ortus
1713 1844 1779 1881 est
1808 1838 1875 1880 sol

1049 1900 1243 1952 justitiae,
1280 1898 1303 1922 *
1335 1898 1532 1940 Christus
1559 1898 1680 1939 Deus
1713 1901 1874 1945 noster,

1049 1957 1161 2002 allel.
1190 1951 1240 2002 V.
1255 1956 1345 1997 Ora
1362 1968 1445 2008 pro
1464 1954 1644 2008 populo,
1663 1952 1876 1995 interveni

1049 2026 1132 2067 pro
1165 2013 1304 2062 clero,
1337 2010 1561 2054 intercede
1594 2023 1676 2063 pro
1704 2009 1874 2051 devoto

1049 2070 1236 2112 femineo
1263 2082 1385 2111 sexu:
1415 2068 1604 2110 sentiant
1632 2078 1783 2108 omnes
1810 2069 1874 2106 tu-

1049 2139 1125 2167 um
1141 2126 1351 2178 juvamen,
1373 2124 1635 2178 quicumque
1655 2120 1876 2164 celebrant

1050 2187 1171 2223 tuam
1189 2186 1385 2223 sanctam
1405 2177 1876 2222 commemorationem.

1052 2238 1163 2289 Quia
1181 2251 1236 2280 ex
1252 2243 1308 2280 te.
1337 2237 1488 2279 Gloria
1504 2234 1635 2277 Patri.
1664 2233 1872 2277 Christus.

1104 2299 1190 2339 Pro
1221 2299 1275 2339 iii.
1294 2299 1411 2339 Lect.
1439 2294 1598 2336 Bened.
1633 2294 1712 2336 Per
1733 2294 1874 2344 Virgi-

1051 2367 1150 2396 nem
1162 2359 1347 2396 matrem
1362 2352 1576 2395 concedat
1589 2350 1718 2392 nobis
1728 2349 1876 2391 Domi-

1051 2424 1132 2452 nus
1152 2410 1336 2452 salutem
1355 2414 1399 2451 et
1417 2421 1581 2462 pacem.
1622 2409 1671 2460 Rv.
1695 2406 1847 2448 Amen.

1104 2473 1211 2515 Post
1230 2473 1285 2513 iii.
1303 2472 1420 2512 Lect.
1441 2470 1521 2511 dic.
1546 2469 1606 2510 Te
1624 2468 1778 2509 Deum.
1796 2468 1855 2508 15.

1314 2546 1392 2587 Ad
1419 2544 1612 2586 Laudes

1261 2614 1311 2644 et
1349 2619 1447 2652 per
1484 2608 1678 2643 Horas.

1107 2661 1243 2695 Omnia
1273 2666 1313 2695 ut
1343 2661 1381 2694 in
1412 2660 1536 2694 Festis
1566 2660 1606 2693 B.
1631 2659 1678 2693 M.
1704 2658 1746 2691 V.
1775 2653 1876 2697 [162]‚

982 2719 984 2723 ·
1055 2713 1194 2751 praeter
1218 2708 1427 2751 sequentia.

1622 2824 1673 2857 L*
