2066 2956
550 221 620 255 Dic
647 222 694 255 17.
720 222 877 264 Aprilis.
924 221 958 256 S.
984 221 1135 254 Aniceti
1159 221 1277 264 Papae
1302 226 1337 255 ct
1364 221 1467 254 Mart.

213 319 356 354 Oratio.
380 319 498 362 Deus,
523 318 590 362 qui
611 328 695 353 nos.

210 368 256 410 „In
278 368 305 402 Ι.
330 367 528 403 Nocturno
561 366 599 399 in
629 365 821 409 Quadrag.
850 366 886 400 A
916 365 984 399 Mi-

159 416 247 452 leto.
272 416 318 450 dc
343 416 479 450 codem
504 414 648 449 Comm.
673 414 700 448 1.
724 414 821 448 loco.

211 464 401 508 Tempore
419 462 601 497 Paschali
619 462 665 496 dc
682 461 818 505 Script.
840 472 982 496 occurr.

387 525 436 564 In
463 525 513 563 ΙΙ.
541 524 764 563 Nocturno.

472 584 624 625 Lectio
644 584 696 624 iv.

172 655 223 678 c
250 654 295 690 J
312 640 480 681 nicetus
525 639 675 690 Syrus,
720 638 986 690 imperatore

173 693 176 705 ’
202 695 288 757 ,ζῇ-ζ’]
330 696 479 737 Marco
526 694 706 735 Aurelio
752 694 987 744 Antonino,

188 759 189 762 ’
219 748 272 767 ⁴³*
328 752 503 805 praefuit
522 750 743 792 Ecclesiae.
782 751 988 792 Decrevit

160 823 215 852 ne
238 808 384 851 clerici
407 820 578 849 comam
597 809 820 849 nutrirent.
858 808 986 857 Quin-

162 867 285 920 quies
316 877 466 907 mense
498 863 733 905 Decembri
771 863 988 905 ordinavit

160 922 445 976 presbyteros
465 920 619 962 decem
638 925 681 961 et
700 926 879 972 septem,
900 919 987 960 dia-

162 992 298 1021 conos
324 980 529 1030 quatuor,
562 978 798 1028 episcopos
822 989 902 1030 per
927 975 987 1017 di-

161 1037 288 1077 versa
310 1034 410 1076 loca
433 1046 602 1074 novem.
636 1032 758 1074 Vixit
780 1033 824 1072 in
842 1033 986 1073 Ponti-

162 1092 296 1134 ficatu
330 1103 467 1132 annos
505 1094 625 1138 octo,
664 1101 837 1130 menses
869 1094 987 1138 octo,

162 1148 256 1190 dies
270 1147 423 1198 viginti
439 1147 637 1198 quatuor.
664 1145 852 1197 Propter
868 1144 987 1186 Chri-

162 1205 218 1247 sti
243 1203 377 1246 fidem
401 1201 611 1254 martyrio
639 1202 892 1251 coronatus,
924 1213 987 1241 se-

160 1261 310 1314 pultus
331 1265 398 1302 est
416 1259 488 1301 via
506 1257 654 1310 Appia
672 1257 716 1297 in
735 1257 987 1298 coemeterio

163 1316 284 1370 quod
318 1318 476 1370 postea
514 1314 683 1356 Callisti
718 1313 988 1366 appellatum

162 1379 239 1424 est,
255 1372 426 1415 decimo
446 1371 597 1424 quinto
608 1369 832 1411 Kalendas
843 1370 988 1421 Majas.

213 1432 263 1484 R.
291 1430 539 1471 Honestum
557 1426 658 1469 fecit
677 1425 799 1467 illum
816 1426 920 1476 Dfis,
946 1431 989 1467 et

91 1476 95 1481 ⁵
163 1486 403 1529 custodivit
418 1498 518 1526 eum
532 1483 587 1525 ab
603 1482 799 1531 inimicis,
821 1487 864 1523 et
884 1495 909 1523 a
925 1495 988 1523 se-

163 1542 419 1586 ductoribus
433 1541 592 1584 tutavit
605 1539 743 1580 illum:
757 1541 779 1564 *
796 1538 852 1580 Et
868 1537 989 1580 dedit

162 1600 224 1641 illi
243 1599 485 1642 claritatem
501 1599 719 1639 aetemam.
739 1590 988 1642 V.Descen-

167 1656 318 1708 ditque
354 1668 453 1697 cum
485 1653 561 1695 illo
597 1652 641 1693 in
674 1652 861 1701 foveam,
884 1651 988 1693 etin

164 1712 348 1755 vinculis
366 1724 454 1753 non
473 1709 706 1761 dereliquit
725 1720 834 1749 eum.
861 1708 928 1750 Et.

373 1773 563 1818 Tempore
587 1773 777 1808 Paschali.

215 1824 267 1875 Rc·
291 1825 389 1882 Lux
410 1825 625 1878 perpetua
646 1821 810 1864 lucebit
828 1821 989 1862 sanctis

163 1882 250 1925 tuis
277 1881 482 1930 Domine,
505 1882 528 1907 *
551 1879 608 1921 Et
635 1878 855 1920 aeternitas
883 1878 988 1918 tem-

164 1951 337 1992 porum,
364 1937 550 1990 alleluja,
572 1935 755 1987 alleluja.
792 1931 841 1983 V.
862 1933 989 1974 Laeti-

165 1995 227 2037 tia
263 1994 528 2047 sempiterna
563 1993 646 2035 erit
682 2004 815 2044 super
845 1990 991 2043 capita

166 2053 332 2093 eorum:
358 2049 566 2102 gaudium
590 2054 633 2092 et
657 2047 990 2091 exsultationem

165 2107 434 2150 obtinebunt.
462 2106 531 2148 Et.

291 2174 445 2218 Sermo
474 2175 613 2218 sancti
640 2174 872 2226 Augustini

468 2232 692 2286 Episcopi.

261 2292 376 2328 Serm.
404 2294 478 2328 138.
503 2295 550 2329 dc
575 2294 704 2329 verbis
728 2293 894 2327 Domini.

474 2346 625 2388 Lectio
646 2360 682 2385 v.

252 2407 373 2444 astor
391 2401 533 2444 bonus
550 2400 758 2442 Christus.
786 2398 901 2449 Quid
914 2399 991 2440 Pe-

259 2457 375 2500 trus?
392 2470 537 2500 nonne
547 2457 689 2499 b'onus
699 2454 873 2508 pastor?
888 2467 992 2496 non-

165 2527 220 2556 ne
246 2520 290 2557 et
313 2515 409 2568 ipse
435 2514 623 2555 animam
648 2525 772 2554 suam
796 2524 877 2564 pro
905 2512 992 2552 ovi-

166 2570 250 2613 bus
281 2570 454 2624 posuit?
501 2569 616 2620 Quid
646 2567 829 2609 Paulus?
877 2567 992 2617 Quid

169 2627 303 2669 ceteri
321 2624 552 2680 Apostoli?
580 2625 694 2676 Quid
718 2626 870 2666 eorum
888 2625 992 2664 tem-

167 2695 278 2736 pora
304 2685 623 2735 consequentes
649 2681 767 2722 beati
797 2680 992 2732 episcopi

170 2738 407 2792 Martyres?
434 2738 549 2790 Quid
569 2738 699 2780 etiam
716 2738 798 2778 iste
819 2741 993 2777 sanctus

1798 218 1864 252 25*

1038 314 1271 357 Anicetus?
1303 315 1460 356 Nonne
1485 327 1635 357 omnes
1662 317 1864 367 pastores

1036 372 1160 421 boni,
1192 385 1280 413 non
1311 372 1585 421 mercenarii,
1618 370 1673 412 de
1707 370 1864 422 quibus

1039 428 1212 470 dicitur:
1245 427 1385 469 Amen
1416 426 1515 468 dico
1544 427 1687 476 vobis,
1715 439 1864 479 perce-

1039 486 1196 537 perunt
1226 482 1476 526 mercedem
1509 482 1655 524 suam?
1702 484 1864 524 Omnes

1039 553 1143 591 ergo
1163 540 1223 581 illi
1243 542 1445 592 pastores
1464 539 1583 588 boni,
1610 552 1698 580 non
1723 539 1865 580 solum

1040 597 1141 648 quia
1160 597 1413 647 sanguinem
1433 595 1646 644 fuderunt,
1666 595 1743 636 sed
1765 595 1865 647 quia

1039 666 1121 705 pro
1143 653 1297 694 ovibus
1318 650 1531 693 fuderunt.
1558 651 1658 692 Non
1676 652 1789 692 enim
1804 651 1864 691 fu-

1041 708 1196 751 derunt
1216 709 1414 757 elatione,
1435 707 1513 749 sed
1534 708 1726 749 caritate.

1095 768 1144 818 R.
1174 763 1451 806 Desiderium
1483 763 1638 804 animae
1671 765 1760 814 ejus
1792 763 1862 804 tri-

1040 821 1172 863 buisti
1204 822 1243 863 ei
1270 821 1474 869 Domine,
1505 824 1525 846 *
1550 820 1607 861 Et
1638 819 1864 861 voluntate

1040 877 1254 919 labiorum
1283 878 1372 929 ejus
1400 889 1486 917 non
1515 876 1726 916 fraudasti
1754 889 1864 917 eum.

1041 929 1090 980 V.
1109 934 1322 984 Quoniam
1342 932 1592 986 praevenisti
1613 945 1710 973 eum
1729 932 1772 972 in
1792 931 1863 973 be*

1040 989 1359 1031 nedictionibus
1392 988 1646 1030 dulcedinis:
1678 988 1863 1040 posuisti

1040 1046 1082 1086 in
1111 1046 1255 1098 capite
1284 1047 1374 1097 ejus
1403 1047 1610 1086 coronam
1639 1044 1693 1085 de
1718 1042 1865 1096 lapide

1040 1102 1247 1155 pretioso.
1275 1102 1342 1142 Et.

1250 1163 1440 1205 Tempore
1465 1162 1654 1195 Puschali.

1094 1216 1143 1266 R.
1163 1215 1214 1254 In
1233 1214 1370 1255 servis
1391 1214 1490 1264 suis,
1511 1213 1692 1264 alleluja,
1713 1216 1734 1240 *
1756 1212 1864 1252 Con-

1042 1269 1255 1312 solabitur
1283 1271 1421 1319 Deus,
1450 1270 1631 1321 alleluja.
1674 1263 1722 1315 V.
1748 1267 1864 1309 Judi-

1042 1326 1159 1369 cabit
1178 1327 1391 1368 Dominus
1416 1327 1628 1379 populum
1653 1338 1794 1374 suum,
1824 1328 1867 1365 et

1041 1383 1085 1423 in
1104 1383 1241 1424 servis
1261 1383 1361 1424 suis.
1389 1382 1707 1424 Consolabitur.

1343 1440 1493 1480 Lectio
1514 1440 1565 1479 vi.
1845 1485 1853 1492 ‚

1043 1491 1203 1597 Nam
1222 1500 1266 1536 et
1286 1495 1404 1548 apud
1418 1495 1661 1543 haereticos,
1682 1494 1754 1546 qui
1769 1506 1867 1546 pro-

1161 1557 1260 1604 pter
1306 1553 1560 1604 iniquitates
1608 1556 1650 1592 et
1694 1552 1866 1591 errores

1042 1621 1145 1649 suos
1167 1608 1330 1659 aliquid
1349 1609 1647 1650 molestiarum
1667 1606 1867 1659 perpessi

1041 1665 1225 1715 fuerunt,
1240 1665 1413 1706 nomine
1427 1663 1623 1716 martyrii
1637 1676 1683 1704 se
1694 1664 1868 1714 jactant:

1042 1726 1090 1762 ut
1116 1721 1201 1762 hoc
1228 1721 1362 1774 pallio
1391 1721 1582 1762 dealbati
1610 1719 1777 1761 facilius
1806 1718 1865 1759 fu-

1043 1779 1209 1827 rentur,
1238 1778 1339 1829 quia
1366 1777 1459 1830 lupi
1486 1782 1596 1817 sunt.
1650 1776 1693 1817 Si
1722 1780 1867 1816 autem

1042 1834 1174 1875 vultis
1194 1834 1316 1883 scire,
1337 1835 1380 1875 in
1401 1847 1488 1886 quo
1507 1837 1688 1874 numero
1708 1830 1867 1872 haben-

1044 1890 1089 1932 di
1114 1895 1229 1941 sunt,
1254 1893 1477 1943 pastorem
1503 1890 1667 1931 bonum
1686 1887 1868 1929 Paulum

1043 1947 1309 1999 Apostolum
1342 1946 1506 1988 audite:
1543 1945 1749 1997 quoniam
1780 1955 1867 1984 non

1044 2016 1195 2045 omnes
1216 2004 1290 2055 qui
1309 2006 1496 2055 corpora
1515 2015 1593 2043 sua
1606 2002 1650 2042 in
1663 2000 1868 2053 passione

1045 2061 1176 2102 etiam
1203 2059 1375 2111 ignibus
1402 2059 1595 2108 tradunt,
1624 2055 1869 2099 aestimandi

1044 2121 1145 2158 sunt
1179 2116 1432 2167 sanguinem
1470 2115 1633 2156 fudisse
1664 2125 1746 2166 pro
1781 2112 1868 2153 ovi-

1044 2173 1142 2223 bus,
1175 2172 1254 2214 sed
1288 2172 1434 2225 potius
1467 2176 1619 2212 contra
1651 2182 1767 2211 oves.
1824 2168 1868 2209 Si

1045 2229 1325 2278 distribuero,
1374 2228 1531 2280 inquit,
1583 2226 1727 2268 omnia
1771 2237 1869 2266 mea

1043 2285 1326 2339 pauperibus,
1369 2290 1413 2326 et
1447 2283 1671 2326 tradidero
1708 2294 1868 2333 corpus

1044 2355 1205 2392 meum,
1233 2346 1282 2382 ut
1307 2340 1500 2382 ardeam:
1527 2340 1623 2381 Jam
1647 2338 1732 2391 ipsi
1758 2342 1868 2379 sunt.

1046 2397 1134 2440 Sed
1152 2397 1253 2439 vide
1273 2396 1378 2449 quid
1398 2397 1608 2448 sequitur:
1633 2395 1868 2436 Caritatem

1046 2460 1191 2496 autem
1236 2466 1324 2495 non
1368 2452 1570 2502 habeam,
1615 2451 1722 2492 nihil
1763 2450 1867 2491 mihi

1044 2509 1238 2564 prodest.
1275 2510 1390 2551 Ecce
1419 2510 1590 2550 venitur
1617 2506 1674 2549 ad
1700 2508 1866 2560 passio-

1045 2580 1159 2617 nem,
1188 2578 1290 2607 ecce
1309 2567 1480 2607 venitur
1503 2568 1547 2605 et
1568 2563 1623 2605 ad
1648 2563 1867 2615 sanguinis

1047 2622 1315 2671 effusionem,
1348 2623 1518 2662 venitur
1554 2626 1598 2662 et
1629 2620 1686 2661 ad
1713 2622 1867 2671 corpo-

1045 2692 1141 2720 rum
1169 2677 1477 2726 incensionem;
1515 2682 1561 2724 et
1591 2681 1736 2717 tamen
1763 2674 1868 2715 nihil

1045 2734 1242 2788 prodest,
1270 2734 1369 2786 quia
1390 2733 1547 2774 caritas
1567 2732 1702 2774 deest.
1738 2730 1866 2772 Adde
