2028 2892
670 176 871 211 Dominiea
897 177 958 211 ΙΙΙ,
984 178 1306 219 Quadragesimae.

140 269 229 306 tem
266 278 321 307 ex
356 266 418 308 eis
455 266 673 309 dixerunt:
713 269 757 310 in
790 270 962 313 Beelze-

140 320 229 363 bub
265 323 464 375 principe
498 323 814 367 daemoniorum
850 328 964 379 ejicit

141 377 367 420 daemonia.
402 379 503 421 Non
529 379 625 422 haec
647 381 780 434 aliqui
804 383 858 425 de
876 389 962 426 tur-

140 433 212 484 ba,
247 434 327 476 sed
354 435 562 488 pharisaei
590 437 962 482 calumniabantur

140 494 184 532 et
215 491 390 542 scribae,
422 492 537 535 sicut
567 494 640 535 alii
671 495 961 547 Evangelistae

137 549 364 590 testantur.

187 606 238 658 R.
283 604 443 647 Merito
478 606 574 648 haee
610 607 815 660 patimur,
861 611 961 662 quia

137 661 416 712 peccavimus
452 663 496 703 in
531 663 711 705 fratrem
749 671 960 715 nostrum,

137 716 336 760 videntes
381 719 603 771 angustias
655 721 812 763 animae
857 724 960 774 ejus,

137 772 242 814 dum
261 772 571 827 deprecaretur
590 789 687 826 nOS,
713 783 756 819 et
779 791 866 820 non
889 792 959 820 au-

136 828 337 872 divimus:
353 831 376 855 *
398 829 571 875 Idcirco
591 833 709 875 venit
728 847 860 887 super
878 848 959 877 nos

135 885 365 928 tribulatio.
402 882 453 935 V.
479 889 604 930 Dixit
631 890 788 932 Ruben
821 891 959 933 fratri-

134 940 216 983 bus
237 943 343 984 suis:
361 944 588 998 Numquid
606 959 694 987 non
712 946 801 988 dixi
819 948 959 990 vobis:

133 997 282 1041 Nolite
306 1003 493 1053 peccare
516 1002 560 1043 in
577 1006 776 1056 puerum3
805 1009 848 1046 et
871 1018 958 1047 non

134 1054 316 1097 audistis
334 1057 426 1099 me?
455 1058 638 1101 Idcirco.

419 1113 568 1155 Lectio
589 1115 671 1155 viii.

209 1168 329 1211 urbis
356 1171 538 1224 quippe,
568 1186 666 1225 quae
694 1175 836 1216 minus
865 1188 957 1217 eru-

224 1225 328 1268 ditae
346 1227 623 1279 videbantur,
647 1231 825 1272 Domini
849 1245 957 1274 sem-

132 1294 213 1334 per
244 1282 358 1325 facta
389 1285 663 1338 mirantibus;
695 1287 757 1328 illi
789 1293 957 1339 contra,

132 1337 201 1379 vel
228 1342 389 1391 negare
416 1340 531 1392 haec,
568 1343 638 1384 vel
670 1357 769 1396 quae
796 1347 958 1396 negare

130 1397 436 1447 nequiverant,
481 1398 657 1440 sinistra
701 1400 956 1454 interpreta-

131 1450 250 1492 tione
268 1455 521 1505 pervertere
537 1455 811 1498 laborabant:
833 1459 957 1510 quasi

131 1519 219 1548 non
243 1506 340 1550 haec
365 1509 619 1562 divinitatis,
648 1512 726 1555 sed
745 1513 957 1556 immundi

131 1564 311 1616 spiritus
331 1568 466 1619 opera
485 1568 678 1611 fuissent.
701 1569 758 1611 Et
776 1570 847 1612 alii
866 1575 955 1612 ten-

131 1621 285 1672 tantes,
307 1622 478 1674 signum
499 1624 553 1666 de
569 1625 683 1667 coelo
701 1627 957 1679 quaerebant

130 1675 186 1718 ab
211 1689 276 1719 eo.
313 1678 397 1721 Vel
422 1680 466 1721 in
489 1694 657 1723 morem
680 1682 788 1724 Eliae
811 1684 955 1736 ignem

132 1731 186 1774 de
214 1733 389 1777 sublimi
417 1739 565 1779 venire
599 1738 848 1791 cupiebant;
885 1741 955 1782 vel

130 1788 173 1829 in
189 1790 516 1835 similitudinem
530 1795 742 1837 Samuelis
757 1798 955 1850 tempore

130 1848 284 1889 aestivo
303 1851 470 1900 mugire
489 1853 697 1901 tonitrua,
722 1855 953 1895 coruscare

129 1901 318 1954 fulgura,
346 1905 507 1948 imbres
538 1911 679 1949 ruere:
713 1909 837 1961 quasi
866 1922 954 1951 non

129 1965 312 2011 possent
338 1966 381 2003 et
408 1962 482 2004 illa
509 1963 779 2014 calumniari,
817 1970 861 2006 et
892 1965 952 2007 di-

130 2027 246 2066 cere,
282 2029 335 2058 ex
373 2019 556 2061 occultis
594 2025 638 2062 et
673 2021 803 2062 variis
840 2022 952 2062 aeris

128 2073 407 2123 passionibus
435 2075 658 2118 accidisse.
699 2077 759 2118 At
786 2082 850 2126 tu,
880 2078 953 2129 qui

129 2128 404 2172 calumniaris
432 2144 500 2182 ea,
529 2146 626 2184 quae
655 2133 791 2174 oculis
817 2133 951 2183 vides,

128 2197 258 2226 manu
284 2191 424 2238 tenes,
451 2189 638 2231 utilitate
666 2190 815 2240 sentis;
846 2189 950 2242 quid

128 2240 283 2283 feceris
309 2242 364 2284 de
389 2244 456 2294 iis,
486 2258 584 2298 quae
611 2245 666 2286 de
693 2245 805 2286 coelo
826 2247 949 2286 vene-

128 2297 234 2339 rint?
271 2298 432 2351 Utique
458 2301 766 2354 respondebis,
793 2306 836 2343 et
863 2315 949 2342 ma-

127 2365 208 2403 gos
226 2354 270 2395 in
285 2357 480 2409 AEgtho
500 2358 637 2399 multa
656 2358 777 2408 signa
796 2358 950 2399 fecisse

129 2408 184 2451 de
204 2411 328 2454 coelo.
930 2459 938 2467 x

178 2465 228 2517 Rz·
269 2469 391 2510 Dixit
421 2470 578 2511 Ruben
610 2469 814 2511 fratribus
846 2470 950 2510 suis:

128 2523 354 2577 Numquid
383 2538 471 2567 non
502 2526 592 2567 dixi
624 2526 765 2575 vobis,
804 2525 949 2566 Nolite

127 2582 310 2631 peccare
329 2582 372 2622 in
391 2586 586 2634 puerum,
606 2587 649 2623 et
666 2595 753 2623 non
767 2581 948 2622 audistis

128 2635 220 2677 me?
244 2633 268 2658 *
290 2638 357 2678 En
382 2639 556 2690 sanguis
583 2639 673 2689 ejus
699 2637 948 2689 exquiritur.

125 2682 176 2733 V·
201 2692 358 2735 Merito
381 2693 477 2735 haec
495 2694 701 2746 patimur,
730 2693 830 2744 quia
849 2704 948 2744 pec-

1017 273 1210 314 cavimus
1240 274 1283 315 in
1316 276 1492 319 fratrem
1522 286 1735 331 nostrum,
1775 283 1832 323 vi-

1016 327 1169 371 dentes
1188 332 1408 382 angustias
1428 335 1579 376 animae
1599 337 1702 388 ejus,
1730 338 1831 379 dum

1016 384 1326 437 deprecaretur
1352 402 1448 439 nos,
1489 396 1532 432 et
1558 405 1644 433 non
1670 394 1831 436 audivi-

1013 454 1121 482 mus.
1148 442 1213 483 En
1233 446 1418 501 sanguis.

1310 514 1458 555 Lectio
1478 515 1531 555 ix.

1059 595 1138 634 pse
1167 588 1310 625 autem
1339 590 1385 627 ut
1412 586 1519 628 vidit
1547 589 1829 638 cogitationes

1070 641 1235 690 eorum,
1264 640 1372 684 dixit
1391 642 1467 684 eis:
1496 644 1633 686 Omne
1652 658 1830 696 regnum

1013 694 1056 734 in
1076 697 1267 748 seipsum
1287 696 1471 739 divisum
1491 699 1767 752 desolabitur,
1788 709 1830 745 et

1013 750 1169 792 domus
1195 765 1327 805 supra
1354 754 1531 796 domum
1557 757 1693 799 cadet.
1729 759 1829 801 Non

1013 807 1069 848 ad
1089 808 1221 858 dicta,
1251 809 1329 851 sed
1355 810 1411 851 ad
1437 813 1626 862 cogitata
1653 818 1828 867 respon-

1013 862 1091 905 dit:
1114 869 1162 905 ut
1182 865 1251 906 vel
1275 866 1337 907 sic
1362 868 1723 920 compellerentur
1742 874 1829 912 cre—

1012 919 1115 961 dere
1139 922 1348 973 potentiae
1374 924 1479 974 ejus,
1509 926 1581 977 qui
1608 927 1752 968 cordis
1773 929 1828 969 vi-

1013 975 1145 1018 debat
1164 978 1345 1020 occulta.
1378 980 1422 1021 Si
1447 986 1593 1022 autem
1616 995 1742 1024 omne
1766 997 1828 1025 re-

1011 1046 1144 1084 gnum
1166 1034 1210 1074 in
1234 1038 1426 1088 seipsum
1451 1036 1634 1079 divisum
1663 1039 1827 1081 desola-

1011 1094 1094 1130 tur:
1120 1103 1223 1141 ergo
1243 1091 1382 1133 Patris
1402 1097 1445 1134 et
1463 1093 1559 1134 Filii
1583 1100 1626 1135 et
1644 1096 1827 1147 Spiritus

1011 1147 1150 1188 sancti
1185 1160 1366 1198 regnum
1402 1162 1489 1190 non
1528 1155 1593 1191 est
1630 1151 1828 1203 divisum3

1012 1203 1132 1254 quod
1152 1203 1243 1245 sine
1262 1204 1349 1245 ulla
1368 1206 1721 1258 contradictione,
1741 1222 1826 1250 non

1011 1259 1156 1311 aliquo
1187 1260 1375 1313 impulsu
1408 1262 1709 1314 desolandum,
1750 1265 1827 1307 sed

1011 1317 1173 1356 aeterna
1205 1322 1271 1358 est
1303 1317 1536 1360 stabilitate
1567 1324 1826 1362 mansarum.

1010 1371 1055 1412 Si
1080 1378 1224 1413 autem
1248 1376 1421 1415 satanas
1446 1375 1488 1415 in
1514 1378 1703 1428 seipsum
1723 1377 1826 1418 divi-

1010 1441 1083 1468 sus
1116 1433 1195 1469 est:
1227 1430 1448 1481 quomodo
1480 1431 1612 1473 stabit
1646 1445 1825 1484 regnum

1009 1484 1161 1536 ipsius,
1195 1486 1295 1537 quia
1322 1486 1480 1536 dicitis,
1512 1488 1555 1527 in
1578 1488 1824 1530 Beelzebub

1009 1541 1163 1591 ejicere
1187 1554 1256 1583 me
1281 1541 1521 1584 daemonia?
1548 1544 1647 1585 Hoc
1666 1544 1825 1595 dicens,

1009 1609 1062 1637 ex
1105 1597 1300 1649 ipsorum
1339 1599 1610 1641 confessione
1652 1600 1825 1642 volebat

1008 1653 1202 1704 intelligi,
1231 1654 1348 1706 quod
1366 1655 1409 1695 in
1430 1668 1527 1696 eum
1546 1668 1631 1696 non
1651 1657 1824 1698 creden-

1009 1708 1083 1758 do,
1117 1710 1161 1750 in
1193 1723 1326 1761 regno
1360 1711 1522 1753 diaboli
1554 1724 1649 1753 esse
1677 1713 1823 1764 elegis-

1008 1770 1121 1815 sent,
1141 1766 1260 1818 quod
1279 1768 1430 1820 utique
1449 1768 1679 1809 adversum
1698 1782 1745 1810 se
1765 1769 1823 1810 di-

1007 1824 1147 1863 visum
1166 1828 1280 1864 stare
1300 1836 1386 1865 non
1409 1830 1569 1876 posset.

1058 1884 1108 1936 R.
1135 1883 1475 1926 Lamentabatur
1493 1885 1628 1927 Jacob
1648 1885 1702 1926 de
1722 1885 1823 1926 duo-

1006 1938 1089 1980 bus
1109 1939 1208 1980 filiis
1228 1941 1329 1981 suis:
1349 1941 1447 1982 Heu
1465 1954 1545 1991 me,
1563 1940 1715 1982 dolens
1729 1955 1821 1982 sum

1008 1995 1062 2036 de
1080 1996 1104 2035 J
1107 1995 1244 2048 oseph
1268 1996 1458 2048 perdito,
1484 2002 1527 2038 et
1545 1998 1679 2038 tristis
1698 1997 1821 2037 nimis

1006 2051 1060 2092 de
1085 2052 1309 2104 Benjamin
1334 2052 1466 2095 ducto
1490 2066 1571 2106 pro
1597 2053 1820 2093 alimoniis:

1004 2108 1027 2132 *
1048 2108 1210 2149 Precor
1234 2108 1457 2150 coelestem
1476 2110 1656 2160 Regem,
1682 2113 1729 2149 ut
1750 2121 1819 2149 me

1006 2163 1226 2206 dolentem
1258 2165 1435 2206 nimium
1465 2165 1595 2205 faciat
1626 2176 1700 2205 eos
1731 2165 1819 2205 cer-

1003 2233 1117 2261 nere.
1151 2214 1200 2265 ΥΤ.
1226 2220 1510 2262 Prosternens
1530 2233 1576 2261 se
1594 2219 1730 2260 Jacob
1750 2233 1818 2261 ve-

1003 2275 1228 2317 hementer
1253 2289 1351 2317 cum
1374 2276 1560 2317 lacrimis
1587 2288 1750 2327 pronus
1776 2276 1818 2316 in

1002 2337 1174 2382 terram,
1194 2337 1237 2374 et
1254 2332 1440 2374 adorans
1459 2332 1527 2373 ait.
1552 2332 1714 2373 Precor
1733 2345 1817 2373 coe-

1002 2387 1166 2429 lestem.
1196 2386 1345 2429 Gloria
1364 2388 1491 2428 Patri.
1519 2387 1691 2428 Precor.

1257 2468 1334 2508 Ad
1355 2466 1560 2508 Laudes.

1052 2525 1149 2564 Ant.
1178 2526 1206 2563 1.
1253 2523 1337 2565 Fac
1368 2523 1551 2574 benigne
1579 2526 1602 2550 *
1629 2524 1671 2564 in
1704 2524 1816 2565 bona

990 2580 1222 2625 voluntate
1248 2585 1336 2628 tua,
1364 2583 1412 2619 ut
1435 2578 1705 2621 aedificentur
1729 2580 1814 2620 Do-

1000 2637 1114 2676 mine
1133 2636 1243 2676 muri
1261 2634 1509 2676 Jerusalem.

1051 2691 1118 2730 Ps.
1146 2691 1361 2732 Miserere.
1380 2700 1487 2727 cum.
1506 2687 1655 2737 reliqu.
1678 2691 1762 2731 134.
