2066 2956
578 233 650 267 Die
676 234 727 267 24.
755 234 911 276 Aprilis,
959 234 994 268 S
1020 234 1119 267 Boni
1144 234 1323 268 Latronis
1350 234 1458 268 Conf.

163 330 415 383 recipimus:
447 329 518 370 hic
550 333 697 370 autem
732 328 837 380 quid
869 326 993 369 fecit?

163 388 385 428 Memento
404 390 490 427 mei
510 386 714 435 Domine,
744 384 848 426 dum
867 386 994 426 vene-

163 443 223 484 ris
241 443 285 484 in
304 455 486 493 regnum
506 447 646 491 tuum,
676 441 865 492 alleluja,
893 440 993 482 alle-

163 499 260 551 luia.

497 546 661 587 Oratio.

246 613 498 664 mnipotens
524 615 567 652 et
589 611 840 651 misericors
862 610 995 658 Deus

271 670 345 720 qui
374 668 583 720 justificas
611 667 789 719 impios,
817 671 861 708 te
894 669 993 717 sup-

162 725 300 777 plices
330 726 580 766 exoramus:
619 728 668 764 ut
693 736 775 764 nos
803 722 993 772 benigno

162 781 340 830 intuitu,
370 793 459 833 quo
481 780 741 833 Unigenitus
765 784 867 820 tuus
892 778 993 819 bea-

162 843 255 879 tum
289 838 423 879 traxit
454 837 689 886 latronem,
728 835 785 876 ad
818 834 995 886 dignam

162 894 469 946 poenitentiam
505 895 742 946 provoces3
780 896 824 933 et
859 891 994 939 illam,

165 963 296 1002 quam
334 950 374 991 ei
404 949 625 1002 promisit,
663 947 830 990 tribuas
867 947 995 988 nobis

162 1006 349 1057 gloriam
381 1007 704 1059 sempiternam.
762 1005 847 1045 Per
878 1007 994 1045 eum-

164 1063 266 1104 dem
290 1063 540 1104 D6minum.

327 1148 416 1189 Ad
442 1147 829 1189 Matutinum.

214 1215 388 1255 Invitat.
418 1213 641 1255 Christum
666 1213 836 1263 Regem
860 1212 995 1253 cruci·

160 1271 312 1321 fixum,
335 1271 411 1323 qui
429 1270 591 1311 latroni
609 1270 654 1310 in
673 1281 803 1310 cruce
822 1268 994 1321 paradi-

161 1325 430 1425 lseuffigionat‚
450 1329 472 1353 *
490 1327 651 1368 Venite
672 1325 918 1375 adoremus,
938 1325 995 1365 al-

218 1397 473 1494 Pls.⁰Ven1'te‚
493 1443 772 1485 exsultemus.
791 1443 828 1483 2.

215 1504 428 1555 Hymnus.
456 1505 559 1547 Jesu
581 1506 757 1546 cor6na.
781 1502 893 1555 [346]

403 1584 452 1622 In
479 1584 509 1622 Ι.
538 1583 761 1622 Nocturno.

216 1653 317 1694 Ant.
359 1653 524 1694 Beatus
563 1652 646 1694 iste
684 1656 878 1701 sanctus,
922 1650 996 1702 qui
1054 1658 1137 1701 :⁴52³st

163 1708 356 1750 confisus
376 1713 444 1750 est
462 1708 506 1749 in
525 1708 733 1756 Demino,
758 1711 802 1748 et
822 1706 994 1748 exaudi·
1053 1707 1139 1755 {³5j4-<44

162 1769 234 1861 ‘ltus
255 1768 322 1806 est
342 1763 398 1806 de
417 1768 567 1806 monte
587 1768 739 1805 sancto
761 1763 868 1814 ejus,
894 1762 994 1803 alle-

180 1833 363 1918 uJIilsalmi
392 1884 507 1919 trium
533 1884 644 1919 Noct.
677 1885 723 1919 de
754 1884 859 1918 Corn.
885 1883 995 1918 Conf.

168 1942 246 1967 non
269 1932 379 1967 Pont.
398 1933 471 1977 [85]

219 1984 270 2036 W.
293 1989 475 2030 Amavit
494 2001 595 2030 eum
612 1987 845 2036 Dominus,
865 1991 908 2027 et
927 1998 995 2027 or-

164 2046 286 2087 navit
304 2059 416 2095 eum,
435 2045 618 2096 alleluja.
646 2046 698 2096 R.
721 2042 888 2085 Stolam
907 2042 996 2093 glo-

165 2102 243 2144 riae
262 2102 404 2144 induit
423 2114 534 2151 eum,
553 2100 738 2152 alleluia.

220 2171 322 2205 Lect.
349 2171 529 2206 dicuntur
553 2171 600 2205 de
627 2169 826 2213 Scriptura
851 2178 996 2202 occurr.

219 2232 270 2282 R.
285 2232 309 2271 i.
328 2232 464 2273 Posui
485 2231 750 2283 adjutorium
768 2242 902 2281 super
920 2241 996 2280 po-

167 2290 350 2338 tentem,
377 2288 400 2311 *
425 2288 582 2328 Manus
615 2287 730 2328 enim
758 2298 856 2326 mea
880 2285 996 2325 auxi-

167 2343 346 2385 liabitur
361 2344 411 2393 ei,
431 2348 474 2385 et
490 2342 719 2384 brachium
734 2354 880 2382 meum
897 2352 997 2381 con-

168 2399 350 2441 fortabit
366 2412 476 2448 eum,
491 2398 674 2449 alleluja.
696 2393 746 2445 V.
763 2396 884 2437 Nihil
898 2407 997 2447 pro-

169 2455 289 2496 ficiet
314 2455 514 2495 inimieus
541 2454 584 2494 in
612 2466 683 2502 eo,
712 2458 756 2494 et
782 2452 899 2492 filius
923 2451 998 2491 ini-

172 2511 350 2563 quitatis
370 2523 459 2552 non
477 2509 655 2551 nocebit
676 2509 725 2550 ei.
754 2508 920 2548 Manus.

221 2575 272 2627 Rz.
291 2575 332 2615 ii.
364 2576 455 2616 Iste
482 2574 688 2625 cognovit
713 2572 931 2624 justitiam,
957 2576 1000 2612 et

171 2631 282 2672 vidit
298 2630 530 2680 mirabilia,
550 2635 593 2671 et
613 2628 811 2670 exoravit
830 2627 1000 2667 Altissi-

170 2700 305 2727 mum:
323 2687 347 2711 *
367 2688 470 2740 Ipse
487 2684 732 2727 intercedat
750 2696 832 2736 pro
846 2684 1000 2735 pecca-

171 2743 228 2784 tis
266 2744 459 2784 omnium
493 2741 776 2795 populorum,
819 2738 1000 2790 alleluja.

1046 325 1098 377 V.
1115 327 1206 368 Iste
1223 327 1427 368 inventus
1443 331 1511 367 est
1523 326 1567 366 in
1581 329 1765 367 numero
1782 338 1876 366 san-

1048 385 1232 424 ctorum.
1261 383 1374 434 Ipse.

1100 451 1150 502 R.
1172 450 1225 490 iii.
1254 447 1432 488 Amavit
1457 460 1556 488 eum
1575 446 1808 494 Daminus‚
1834 450 1877 486 et

1047 504 1221 545 ornavit
1241 516 1355 544 eum:
1380 503 1539 545 stolam
1562 502 1716 554 gleriae
1735 501 1878 543 induit

1048 573 1157 609 eum,
1173 563 1196 586 *
1216 561 1272 601 Et
1291 559 1347 601 ad
1366 564 1520 612 portas
1539 558 1733 611 paradisi
1753 569 1876 599 coro-

1046 617 1168 658 navit
1187 629 1302 670 eum,
1323 616 1505 667 alleluja.
1538 613 1588 664 V.
1608 615 1757 656 Induit
1778 627 1877 655 eum

1047 673 1263 714 Dominus
1288 672 1471 713 loricam
1494 671 1687 721 fidei,-et
1706 670 1878 711 ornavit

1048 743 1158 771 eum.
1185 729 1251 770 Et.
1284 729 1433 770 Glaria
1448 728 1579 769 Patri.
1607 728 1675 768 Et.

1279 818 1328 855 In
1351 818 1401 855 ΙΙ.
1424 817 1647 856 Nocturno.

1103 887 1203 926 Ant.
1233 886 1518 926 Invocantem
1544 882 1766 924 exaudivit
1789 883 1876 922 Do-

1048 941 1192 982 minus
1237 946 1437 982 sanctum
1475 953 1617 980 suum:
1662 939 1878 979 Dominus

1049 997 1272 1039 exaudivit
1303 1010 1417 1046 eum,
1451 1001 1494 1037 et
1523 995 1752 1036 constituit
1780 1007 1879 1035 eum

1047 1055 1091 1094 in
1110 1067 1231 1106 pace,
1252 1053 1436 1105 alleluja.

1103 1111 1153 1162 V.
1174 1114 1323 1156 Induit
1343 1128 1442 1156 eum
1460 1114 1677 1155 Daminus
1695 1112 1879 1152 loricam

1047 1171 1164 1220 fidei,
1184 1176 1227 1212 et
1240 1172 1414 1212 ornavit
1430 1183 1539 1219 eum,
1558 1169 1740 1219 alleluja.
1764 1168 1879 1220 REt

1048 1227 1106 1268 ad
1127 1232 1282 1279 portas
1305 1225 1501 1279 paradisi
1520 1224 1749 1267 coronavit
1770 1236 1880 1272 eum,

1049 1283 1231 1335 alleluja.

1198 1361 1351 1402 Sermo
1381 1361 1519 1402 sancti
1547 1360 1573 1401 J
1576 1359 1729 1401 oannis

1308 1417 1622 1469 Chrysostomi.

1128 1487 1239 1522 Hom.
1264 1487 1293 1521 2.
1320 1487 1366 1520 dc
1393 1485 1513 1520 Cruce
1540 1489 1575 1518 et
1600 1484 1699 1518 Latr.
1725 1488 1747 1517 t.
1773 1484 1802 1517 3.

1353 1546 1503 1587 Lectio
1524 1546 1576 1585 iv.

1151 1619 1219 1659 cio
1249 1623 1292 1659 et
1321 1622 1421 1659 ante
1448 1630 1519 1658 me
1548 1616 1711 1658 dixisse
1740 1616 1796 1658 de
1820 1617 1878 1657 la-

1131 1688 1145 1711 x,
1168 1676 1312 1723 trone,
1339 1674 1418 1715 sed
1440 1673 1573 1715 habet
1598 1673 1794 1714 diversas
1818 1673 1878 1713 in-

1168 1730 1433 1780 telligentias
1461 1730 1545 1771 Dei
1578 1741 1735 1770 sermo.
1789 1730 1879 1770 Iste

1048 1787 1161 1828 latro
1196 1786 1251 1828 de
1278 1786 1398 1837 ligno
1427 1787 1648 1826 mercatur
1676 1785 1879 1834 salutem3

1048 1843 1119 1885 hic
1133 1843 1246 1884 latro
1261 1843 1430 1884 furatur
1444 1842 1624 1884 coeleste
1639 1842 1880 1894 imperium.

1048 1900 1152 1941 Vim
1188 1900 1292 1941 facit
1323 1899 1558 1950 majestati,
1596 1911 1685 1940 non
1718 1897 1879 1939 virtute

1048 1956 1246 2008 propria,
1275 1955 1354 1997 sed
1381 1954 1470 1996 fide
1498 1954 1687 1995 vincens.
1733 1954 1879 2005 Ipsius

1048 2012 1227 2053 Domini
1243 2024 1331 2053 vox
1350 2016 1427 2061 est,
1447 2011 1648 2061 Regnum
1667 2009 1880 2050 coelorum

1049 2068 1138 2109 vim
1169 2068 1351 2121 patitur,
1384 2072 1428 2109 et
1459 2066 1639 2108 violenti
1671 2064 1880 2117 diripiunt

1049 2124 1168 2166 illud.
1195 2125 1247 2165 In
1266 2136 1396 2165 cruce
1417 2123 1505 2164 duo
1525 2122 1717 2164 latrones
1732 2120 1878 2172 imago

1049 2180 1304 2222 Judaeorum
1349 2184 1394 2221 et
1438 2178 1687 2220 Gentilium.
1741 2176 1877 2217 Latro

1051 2249 1182 2288 quem
1209 2236 1413 2288 poenitet,
1444 2233 1677 2284 imaginem
1709 2231 1880 2273 obtinet

1050 2291 1205 2344 populi
1223 2304 1278 2333 ex
1293 2289 1507 2332 Gentibus
1521 2287 1786 2339 congregati,
1806 2287 1881 2339 qui

1051 2348 1172 2399 prius
1208 2348 1253 2388 in
1289 2348 1437 2388 errore
1475 2344 1792 2391 ambulaverat,
1837 2348 1881 2384 et

1051 2408 1154 2455 post
1178 2403 1264 2444 hoc
1288 2401 1517 2443 veritatem
1543 2399 1733 2450 agn6vit.
1769 2398 1879 2439 Ima-

1051 2460 1196 2510 ginem
1227 2469 1333 2499 vero
1366 2456 1478 2498 latro
1510 2455 1583 2496 ifle
1612 2454 1782 2496 obtinet
1809 2453 1880 2494 Ju-

1052 2514 1266 2562 daeorum,
1296 2513 1370 2564 qui
1394 2524 1536 2563 usque
1561 2511 1605 2551 in
1629 2510 1761 2551 finem
1785 2521 1880 2561 per-

1052 2572 1225 2612 severat
1243 2568 1367 2609 latro.
1395 2567 1452 2608 Et
1471 2579 1611 2618 usque
1631 2565 1688 2606 ad
1706 2570 1880 2617 tempus

1054 2626 1231 2678 quidem
1268 2624 1410 2665 crucis
1446 2623 1562 2663 viam
1597 2621 1880 2671 malignitatis

1050 2683 1210 2723 ierunt:
1238 2692 1345 2720 crux
1370 2683 1518 2719 autem
1543 2677 1692 2719 divisit
1718 2680 1880 2718 utrum-

1031 2781 1033 2783 ,
1055 2750 1151 2790 que.
