2066 2956
646 179 690 213 In
714 177 839 212 Festis
865 177 906 210 B.
932 176 1066 210 Mariae
1088 176 1132 210 V.
1158 186 1226 219 per
1251 187 1402 210 annum.

171 279 305 321 homo
325 283 452 320 natus
472 281 539 320 est
555 276 600 316 in
620 288 684 317 ea:
697 275 722 302 *
738 279 781 316 et
799 275 895 327 ipse
912 274 1002 315 fun-

173 335 295 377 davit
314 348 411 377 eam
429 330 705 375 Altissimus?

223 392 441 433 Dominus
472 389 668 432 narrabit
699 388 744 428 in
773 385 1002 439 scripturis

173 447 451 513 populorum,
467 451 510 488 et
520 445 783 499 principum:
796 443 820 470 *
835 442 1003 492 horum,

175 505 249 556 qui
265 503 469 545 fuerunt
458 517 502 544 1n
521 516 584 544 ea.

224 560 345 602 Sicut
362 559 607 601 laetantium
629 557 823 599 omnium
840 555 865 581 *
883 553 1004 595 habi-

173 616 283 658 tatio
303 621 370 658 est
387 616 431 656 in
449 620 505 657 te.

227 680 325 721 Ant.
368 681 494 722 Sicut
528 679 774 721 laetantium
810 677 1005 718 emnium

174 741 375 778 nostrum
392 737 607 779 habitatio
626 740 694 778 est
711 735 756 775 in
774 739 834 783 te,
854 738 1006 775 sancta

175 793 261 835 Dei
280 794 490 835 Genitrix.

223 853 275 905 V.
317 857 556 909 Adiuvabit
592 869 689 898 eam
724 856 846 896 Deus
882 853 1006 894 vultu

175 924 267 953 suo.
302 914 354 965 R.
386 914 508 955 Deus
535 913 580 953 in
607 911 754 954 medio
779 911 886 962 ejus,
917 922 1006 951 non

176 969 538 1011 commovebitur.

228 1029 357 1071 Pater
377 1035 538 1071 noster.

223 1093 470 1135 Absolutio.
504 1094 647 1146 Ipsius
665 1095 818 1145 pietas.

224 1155 275 1205 V.
305 1157 417 1200 Jube
437 1158 598 1200 domne
616 1157 889 1199 benedicere.

225 1222 388 1264 Bened.
415 1224 538 1265 Deus
561 1223 693 1264 Pater
716 1223 1006 1273 omnipotens.

327 1308 479 1351 Sermo
506 1309 647 1351 sancti
672 1308 697 1349 J
700 1307 853 1348 oannis

327 1370 332 1373 '
437 1363 752 1417 Chrysostomi.

368 1428 488 1472 Apud
507 1428 807 1472 Metaphrastcn.

476 1485 629 1526 Lectio
650 1485 703 1525 iv,

251 1557 298 1599 ἑή
310 1550 351 1592 ei
368 1550 503 1591 Filius
521 1562 611 1591 non
630 1549 826 1598 divitem,
851 1553 926 1590 aut
948 1548 1009 1589 lo-

300 1598 303 1645 Ϊ
327 1606 548 1660 cupletem
580 1605 772 1657 aliquam
805 1605 1010 1646 feminam

257 1685 303 1688 Α
326 1662 410 1704 sibi
436 1666 623 1704 matrem
651 1661 798 1712 elegit,
830 1660 910 1702 sed
936 1660 1008 1702 be-

181 1722 299 1762 atam
315 1719 544 1771 Virginem
567 1718 700 1768 illam,
725 1719 847 1769 cujus
867 1717 1012 1758 anima

179 1775 414 1819 virtutibus
439 1777 594 1817 ornata
617 1779 722 1816 erat.
763 1774 873 1814 Cum
896 1773 1012 1814 enim

179 1831 312 1874 beata
337 1831 477 1872 Maria
500 1843 634 1883 supra
661 1842 836 1871 omnem
862 1829 1011 1870 huma-

181 1901 283 1929 nam
305 1890 508 1928 naturam
532 1886 779 1928 castitatem
803 1887 1012 1934 servaret,

181 1945 420 1996 propterea
447 1942 669 1984 Christum
695 1942 936 1982 Dominum
968 1940 1014 1980 in

181 2004 336 2041 ventre
372 1999 586 2051 concepit.
630 1997 704 2039 Ad.
735 1997 849 2038 hanc
881 1997 1014 2048 igitur

183 2055 504 2097 sanctissimam
516 2054 744 2104 Virginem
763 2058 807 2095 et
825 2053 910 2094 Dei
924 2053 1013 2094 Ma-

183 2116 297 2152 trem
328 2111 625 2159 accurrentes,
665 2109 755 2161 ejus
782 2109 1015 2161 patrocinii

183 2166 417 2208 utilitatem
427 2167 724 2218 assequamur.
739 2165 896 2216 Itaque
907 2177 1016 2216 quae-

185 2226 372 2275 cumque
392 2222 498 2264 estis
517 2222 723 2272 virgines,
751 2220 808 2262 ad
827 2220 1016 2261 Matrem

183 2279 363 2320 Demini
393 2277 627 2328 confugite.
665 2276 746 2317 Illa
780 2276 895 2318 enim
922 2275 1016 2328 pul-

185 2334 462 2384 cherrimam,
486 2333 866 2386 pretiosissimam,
891 2336 935 2372 et
954 2332 1015 2371 in-

186 2390 514 2443 corruptibilem
527 2389 856 2442 possessionem
870 2391 1016 2439 patro-

186 2447 299 2487 cinio
319 2459 400 2488 suo
419 2445 546 2487 vobis
569 2443 860 2486 conservabit.

236 2508 289 2559 Rz
315 2510 436 2551 Sicut
460 2509 617 2551 cedrus
642 2508 833 2550 exaltata
857 2520 954 2547 sum
972 2507 1017 2546 in

186 2566 368 2616 Libano,
388 2571 432 2607 et
449 2566 562 2607 sicut
580 2566 814 2617 cypressus
832 2563 877 2603 in
897 2575 1016 2603 mon-

187 2626 232 2662 te
246 2621 364 2662 Sion:
385 2622 509 2674 quasi
525 2620 704 2672 myrrha
720 2620 871 2680 electa,
890 2617 913 2640 *
932 2619 1016 2659 De-

189 2676 234 2718 di
257 2677 519 2718 suavitatem
544 2675 705 2718 odoris.
742 2667 793 2719 Y-
823 2674 880 2714 Et
905 2673 1019 2722 sicut

1055 272 1380 313 cinnamumum
1400 276 1444 313 et
1458 270 1706 313 balsamum
1721 281 1888 310 aroma-

1054 330 1206 369 tizans.
1233 327 1361 369 Dedi.

1109 385 1272 426 Bened.
1299 384 1500 425 Christus
1518 384 1758 436 perpetuae.

1365 440 1518 481 Lectio
1539 454 1576 480 v.

1160 509 1320 547 agnum
1338 496 1492 537 revera
1508 494 1780 543 miraculum,
1808 494 1889 535 fra-

1175 557 1266 594 tres
1304 551 1592 600 dilectissimi,
1642 550 1723 591 fuit
1758 550 1890 591 beata

1057 621 1232 662 semper
1258 609 1398 659 Virgo
1430 607 1580 648 Maria.
1622 606 1739 656 Quid
1772 619 1890 647 nam-

1058 678 1143 717 que
1176 665 1251 706 illa
1278 665 1417 716 majus
1440 668 1525 704 -aut
1555 662 1767 703 illustrius
1799 662 1890 703 ullo

1057 734 1265 774 umquam
1306 723 1506 772 tempore
1544 719 1771 760 inventum
1814 723 1891 768 est,

1057 790 1136 819 seu
1184 775 1421 829 aliquando
1472 775 1658 816 inveniri
1705 774 1891 826 peterit?

1057 834 1168 875 Haec
1187 833 1282 875 sola
1301 832 1463 874 coelum
1486 844 1537 872 ac
1556 836 1721 873 terram
1741 830 1891 883 ampli-

1056 889 1210 931 tudine
1224 888 1459 941 superavit.
1478 887 1698 937 Quidnam
1712 886 1787 927 illa
1796 888 1892 927 san-

1058 945 1191 987 ctius?
1235 945 1339 986 Non
1365 943 1619 996 Prophetae,
1650 956 1740 984 non
1772 943 1891 995 Apo-

1058 1002 1176 1051 stoli,
1204 1014 1294 1042 non
1323 1000 1560 1052 Martyres,
1588 1012 1677 1040 non
1703 999 1892 1040 Patriar-

1058 1058 1169 1107 chae,
1187 1070 1276 1098 non
1295 1055 1469 1108 Angeli,
1492 1068 1581 1097 non
1600 1055 1784 1105 Throni,
1803 1067 1893 1095 non

1057 1113 1410 1162 Dominationes,
1428 1124 1518 1153 non
1537 1111 1785 1163 Seraphim,
1804 1123 1894 1151 non

1060 1169 1310 1210 Cherubim:
1325 1181 1414 1209 non
1430 1167 1619 1219 denique
1636 1166 1755 1208 aliud
1771 1166 1893 1218 quid-

1057 1225 1178 1278 piam
1195 1225 1309 1266 inter
1329 1226 1500 1265 creatas
1520 1236 1591 1265 res
1607 1222 1801 1264 visibiles
1820 1226 1894 1263 aut

1058 1281 1316 1330 invisibiles,
1344 1280 1482 1331 majus
1507 1285 1583 1321 aut
1608 1278 1893 1320 excellentius

1058 1337 1243 1378 inveniri
1261 1341 1422 1389 potest.
1449 1336 1619 1377 Eadem
1638 1334 1796 1376 ancilla
1810 1334 1895 1375 Dei

1060 1398 1128 1434 est
1153 1398 1197 1434 et
1219 1397 1374 1433 mater:
1402 1391 1559 1433 eadem
1577 1391 1717 1441 Virgo
1745 1395 1789 1432 et
1811 1390 1894 1431 Ge-

1059 1449 1204 1490 nitrix.

1113 1504 1163 1555 R.
1198 1505 1307 1555 Quae
1341 1508 1408 1545 est
1434 1503 1519 1544 ista
1547 1515 1646 1554 quae
1674 1502 1894 1554 processit

1061 1561 1173 1601 sicut
1213 1560 1301 1610 sol,
1350 1564 1393 1601 et
1431 1559 1627 1601 formesa
1667 1563 1895 1610 tamquam

1060 1614 1329 1658 Jerusalem?
1356 1614 1379 1639 *
1400 1615 1619 1657 Viderunt
1656 1627 1753 1656 eam
1789 1614 1893 1655 fssiae

1061 1672 1176 1722 Sion,
1192 1677 1236 1713 et
1248 1672 1426 1714 beatam
1441 1671 1654 1721 dixerunt,
1672 1675 1717 1712 et
1731 1673 1894 1721 reginae

1061 1728 1352 1770 laudaverunt
1401 1740 1508 1769 eam.
1568 1724 1619 1773 V.
1675 1727 1733 1767 Et
1782 1727 1895 1767 sicut

1064 1784 1159 1826 dies
1186 1784 1309 1826 verni
1333 1783 1667 1825 circumdabant
1695 1795 1793 1824 eam
1818 1783 1894 1823 flo-

1063 1853 1134 1881 res
1161 1842 1374 1896 ¹rosarum
1411 1844 1454 1881 et
1493 1839 1583 1881 lilia
1619 1838 1897 1880 convallium.

1064 1896 1294 1938 Viderunt.

1113 1950 1275 1991 Bened.
1302 1951 1457 2003 Ignem
1476 1951 1544 1992 sui
1563 1951 1738 1992 amoris.

1365 2004 1517 2047 Lectio
1538 2005 1591 2044 vi.

1160 2075 1225 2104 aec
1245 2063 1336 2115 ejus
1355 2068 1496 2105 mater
1517 2068 1598 2112 est,
1626 2062 1701 2114 qui
1724 2074 1749 2102 a
1766 2061 1898 2102 Patre

1168 2123 1270 2160 ante
1289 2132 1419 2160 omne
1441 2118 1705 2171 principium
1725 2117 1898 2168 genitus

1064 2174 1154 2224 fuit,
1172 2187 1303 2227 quem
1317 2175 1477 2226 Angeli
1493 2179 1537 2216 et
1551 2174 1751 2215 hemines
1767 2175 1898 2223 agno-

1067 2235 1195 2272 scunt
1230 2231 1472 2272 Dominum
1508 2243 1656 2271 rerum
1693 2229 1899 2270 omnium.

1065 2286 1203 2327 Visne
1244 2289 1514 2337 cognoscere
1557 2290 1722 2338 quanto
1759 2285 1898 2335 Virgo

1066 2341 1162 2382 haec
1180 2343 1464 2394 praestantior
1478 2342 1534 2382 sit
1549 2340 1804 2382 coelestibus
1818 2341 1900 2382 Po-

1066 2396 1235 2438 tentiis?
1286 2398 1380 2438 Illae
1413 2410 1513 2438 cum
1545 2397 1704 2438 timore
1740 2401 1784 2437 et
1815 2401 1900 2438 tre-

1066 2454 1190 2494 mere
1232 2456 1461 2503 assistunt,
1508 2452 1666 2494 faciem
1702 2452 1899 2493 velantes

1068 2521 1205 2558 suam:
1230 2509 1327 2550 haec
1344 2508 1582 2549 humanum
1600 2520 1739 2558 genus
1757 2508 1820 2548 illi
1839 2508 1900 2549 of-

1067 2564 1163 2614 fert,
1184 2577 1314 2616 quem
1318 2564 1488 2630 genuit.
1512 2564 1596 2605 Per
1612 2563 1726 2605 hanc
1743 2568 1787 2605 et
1800 2577 1900 2616 pec-

1069 2622 1269 2661 caterum
1279 2620 1452 2660 veniam
1462 2620 1784 2671 consequimur.
1803 2620 1900 2661 Ave

1068 2675 1199 2726 igitur
1219 2680 1370 2725 mater,
1394 2675 1567 2725 coelum,
1587 2675 1744 2728 pueUa,
1764 2676 1900 2726 virgo,
