2028 2892
191 167 257 203 362

244 270 380 321 Capit.
411 271 519 307 (lum
539 263 871 316 complerentur.
899 263 994 303 354.

248 335 280 373 H
287 347 450 385 ymnus
484 329 593 372 Veni
618 329 800 370 Creator
819 327 1015 381 Spiritus.

193 398 234 430 ut
257 404 397 442 supra.
423 386 516 426 354.

246 451 291 501 ,Χ’“.
332 450 647 502 Loquebantur
688 449 818 490 variis
858 448 1014 499 linguis
1068 439 1069 453 ¹
1105 476 1107 479 -
1140 451 1152 479 ἲ

191 506 406 559 Apostoli,
426 507 606 558 alleluja.
630 505 906 562 l{=.Magnalia
922 504 1014 553 Dei,
1070 512 1148 567 ξ’
1180 535 1184 543 Α

190 561 370 614 allehija.

245 640 310 680 Ad
333 640 502 687 Magnif.
527 643 621 682 Ant.
647 637 788 681 llddie
809 637 1014 690 completi

190 698 288 735 sunt
309 692 402 734 dies
421 693 716 743 PentecosteS,
737 693 919 746 alleluja:
938 693 1013 735 he-

190 748 260 790 die
283 750 471 803 Spiritus
496 756 671 792 sanctus
698 751 740 790 in
765 751 862 801 igne
888 749 1013 791 disci-

189 806 303 858 pulis
330 807 549 859 apparuit,
578 813 620 848 et
646 807 797 848 tribuit
826 807 887 848 eis
916 806 1013 848 cha-

189 864 413 904 rismatum
441 862 570 904 dona:
606 863 722 905 misit
750 876 826 905 eos
854 864 896 903 in
924 863 1012 903 uni-

189 921 362 960 versum
407 918 615 960 mundum
659 919 917 973 praedicare,
971 925 1014 961 et

188 975 425 1017 testificari:
452 976 525 1028 qui
545 976 792 1026 crediderit,
813 983 855 1018 et
874 976 1012 1029 bapti-

188 1034 312 1074 zetus
332 1032 470 1082 fuerit,
491 1032 637 1074 salvus
657 1034 747 1082 erit,
767 1033 948 1085 alleluja.

244 1106 345 1139 Intra
378 1109 507 1140 octav.
536 1107 683 1157 pentec.
714 1108 753 1141 tit
779 1107 884 1141 Oftie.
916 1108 1014 1141 sieut

192 1154 226 1187 in
254 1154 326 1192 die,
352 1155 525 1197 exeeptis
546 1150 626 1196 Χ,Χ.
653 1155 701 1188 ud
722 1155 841 1189 Noet..
869 1156 1013 1190 Lectio-

191 1202 318 1236 nibus,
344 1202 438 1245 ΚΗ..
467 1203 620 1245 .ΧΠῒὶρ1].
647 1203 694 1237 ud
725 1203 955 1237 Benedictus
980 1208 1015 1237 ct

191 1250 236 1283 ad
264 1250 493 1291 Magnificat.
519 1256 555 1284 et
581 1251 839 1285 Orationibus,

242 1307 280 1340 Si
321 1307 415 1340 infru
454 1307 532 1341 Oct.
573 1312 747 1342 occurrat
784 1308 938 1342 Festum
975 1308 1013 1341 ix

192 1355 430 1389 Lectionum.
479 1356 582 1399 quod
629 1356 827 1389 transferri
876 1356 1014 1399 possit.

189 1404 415 1438 transfertur
439 1409 527 1447 post
547 1404 741 1438 Octavam.
772 1404 828 1438 De
852 1405 928 1438 alio
952 1415 1014 1437 au-

189 1457 263 1484 tern
301 1452 415 1485 Festo
452 1462 590 1486 novem
628 1453 853 1486 Lectionum
893 1458 929 1486 et
968 1452 1014 1485 de

190 1500 362 1542 Simplici
393 1501 429 1533 in
462 1501 533 1534 hoe
557 1501 684 1534 triduo
710 1501 813 1534 nulla
839 1500 878 1534 fit
906 1500 1015 1534 Corn—

190 1548 429 1582 memoratio:
475 1549 634 1591 reliquis
673 1559 762 1582 vero
800 1549 936 1582 diebus
975 1548 1013 1581 fit

188 1600 333 1629 tuntum
360 1595 693 1630 Commemoratio

360 1710 528 1747 Feria
563 1711 840 1749 Secunda.

242 1769 290 1818 ,Χ”.
317 1770 503 1822 Spiritus
531 1772 706 1813 Domini
734 1772 919 1825 replevit
947 1786 1012 1814 or-

187 1826 287 1868 bem
306 1830 535 1877 terrerum,
560 1829 741 1882 alleh'ija.
778 1830 825 1881 152
854 1830 911 1871 Et
930 1829 1015 1871 hoc

190 1882 310 1935 quod
351 1884 543 1926 continet
586 1886 744 1935 omnia,
790 1885 1015 1928 scientiam

188 1939 321 1982 habet
339 1940 471 1989 vocis,
492 1940 671 1993 alleluja.

245 2008 368 2047 Pater
388 2011 549 2047 noster.

244 2073 486 2114 Absolutis».
520 2069 686 2113 Exaudi
705 2070 902 2112 Domine.

245 2138 402 2179 Bened.
438 2135 691 2186 Evangelica
710 2135 851 2177 lectio.

193 2213 342 2254 Lectio
367 2213 505 2254 sancti
527 2213 753 2264 Evangelii
775 2213 1016 2255 secundum

492 2270 515 2311 J
518 2272 714 2312 oannem.

299 2344 446 2384 Lectio
469 2345 489 2383 i.
702 2346 804 2395 (stup.
820 2347 855 2382 13.
875 2343 910 2382 b.

192 2398 266 2504 In
295 2404 369 2446 illo
397 2407 611 2458 tempore:
640 2405 760 2448 Dixit
787 2407 915 2447 Jesus
942 2407 1015 2448 Ni-

260 2461 458 2503 codemo:
486 2463 556 2504 Sic
581 2463 700 2503 Deus
724 2462 874 2504 dilexit
898 2477 1015 2508 mun-

195 2514 313 2565 dum,
342 2523 388 2559 ut
415 2518 570 2560 Filium
599 2533 723 2560 suum
751 2519 1017 2569 unigenitum

196 2571 332 2613 daret:
355 2579 402 2614 ut
422 2575 575 2622 omnis,
597 2575 670 2627 qui
690 2574 828 2617 credit
847 2576 889 2615 in
909 2589 1017 2625 eum,

195 2640 280 2668 non
298 2630 458 2680 pereat,
479 2631 556 2672 sed
573 2631 733 2673 habeat
748 2632 879 2673 vitam
896 2634 1017 2673 aeter-

196 2696 305 2724 nam.
333 2684 389 2726 Et
408 2686 582 2738 reliqua.

749 171 845 204 Infra
874 174 1057 204 Uetawni
1083 170 1340 204 Pentecoste-s.

1178 261 1362 305 Homilia
1393 263 1531 304 sancti
1559 262 1790 313 Augustini

1369 319 1591 372 Episcopi.

1174 382 1297 418 Traet.
1326 385 1372 417 12.
1400 384 1435 417 in
1461 384 1608 418 ,ΙοιιηηΝ
1635 385 1705 417 sub
1732 384 1790 416 tin.

1133 431 1155 465 -s
1176 450 1181 452 -
1223 436 1370 473 antum
1389 431 1431 471 in
1450 430 1621 472 medico
1641 436 1719 480 est,
1739 433 1891 472 sanare

1187 527 1188 530 ,
1210 487 1327 529 venit
1342 490 1566 537 aegr6tum.
1585 488 1687 540 Ipse
1703 500 1749 528 se
1765 487 1891 528 inter-

1209 543 1316 593 imit,
1363 544 1436 596 qui
1476 545 1699 597 praecepta
1734 542 1892 585 medici

1068 599 1302 641 observare
1330 613 1417 641 non
1444 599 1546 641 vult.
1587 600 1719 642 Venit
1746 599 1891 641 Salva-

1066 662 1136 698 tor
1170 657 1213 697 in
1249 655 1468 698 mundum.
1514 657 1657 706 Quare
1693 655 1893 698 Salvator

1067 712 1209 755 dictus
1241 718 1307 754 est
1339 711 1504 761 mundi,
1540 712 1638 762 nisi,
1673 717 1722 754 ut
1754 711 1892 753 salvet

1066 768 1285 818 mundum,
1304 782 1402 818 non,
1422 774 1469 810 ut
1488 767 1648 820 judicet
1662 767 1892 809 mundum?

1066 826 1232 867 Salvari
1252 839 1337 867 non
1358 826 1423 867 vis
1443 825 1497 867 ab
1516 825 1629 878 ipso:
1651 838 1706 866 ex
1723 830 1767 866 te
1787 823 1891 877 judi-

1067 882 1246 924 caberis.
1283 883 1339 924 Et
1364 881 1468 934 quid
1493 881 1650 931 dicam,
1675 880 1891 933 judicabe-

1067 937 1147 979 ris?
1186 938 1300 980 Vide
1330 938 1434 991 quid
1463 939 1536 980 ait:
1573 938 1655 988 Qui
1684 936 1823 980 credit
1850 937 1892 978 in

1067 1008 1176 1044 eum,
1195 1008 1282 1036 non
1301 994 1525 1046 judicatur.
1546 995 1629 1045 Qui
1645 999 1790 1036 autem
1805 1006 1891 1034 non

1067 1051 1219 1093 credit:
1266 1050 1371 1104 quid
1412 1051 1630 1092 dicturum
1665 1049 1892 1104 sperabas,

1066 1108 1162 1156 nisi,
1190 1106 1438 1149 Judicatur?
1467 1106 1598 1158 Quod
1620 1105 1757 1148 addit:
1785 1106 1892 1155 Jam,

1065 1164 1221 1216 inquit,
1248 1163 1463 1216 judicatus
1488 1170 1568 1206 est:
1596 1162 1791 1218 nondum
1818 1176 1891 1216 ap-

1065 1221 1210 1273 paruit
1228 1220 1447 1271 iudicium,
1473 1226 1516 1262 et
1539 1221 1622 1272 jam
1646 1220 1807 1262 factum
1825 1224 1892 1261 est

1065 1276 1280 1328 judicium.
1889 1306 1892 1310 .

1124 1337 1172 1388 R«.
1203 1334 1299 1374 Jam
1332 1346 1418 1375 non
1447 1331 1589 1375 dicam
1616 1346 1696 1374 vos
1724 1345 1891 1382 servos,

1065 1390 1144 1431 sed
1164 1392 1328 1431 amicos
1346 1402 1484 1439 me0s3
1508 1390 1608 1442 quia
1628 1389 1772 1431 emnia
1792 1401 1890 1439 cog-

1065 1446 1263 1494 novistis,
1284 1459 1382 1498 quae
1403 1448 1610 1499 operatus
1630 1459 1725 1487 sum
1743 1445 1786 1486 in
1805 1447 1891 1486 me-

1066 1502 1139 1544 dio
1160 1503 1308 1552 vestri,
1332 1502 1516 1555 alleluja:
1540 1510 1561 1532 ¹·
1578 1502 1778 1556 Accipite
1798 1501 1890 1555 Spi-

1065 1559 1196 1601 ritum
1210 1565 1407 1601 sanctum
1421 1559 1463 1599 in
1479 1558 1605 1600 vobis
1614 1558 1892 1600 Paraclitum:

1065 1615 1137 1657 ille
1162 1621 1244 1665 est,
1279 1628 1409 1667 quem
1433 1617 1562 1657 Pater
1589 1615 1732 1657 mittet
1755 1613 1892 1662 vobis,

1067 1672 1247 1724 alleluja.
1278 1670 1326 1720 V.
1346 1672 1441 1713 Vos
1461 1671 1587 1713 amici
1606 1671 1690 1712 mei
1710 1671 1830 1720 estis,
1855 1670 1892 1711 si

1040 1745 1045 1781 μ
1066 1728 1254 1769 feceritis
1284 1740 1382 1780 quae
1412 1740 1494 1778 ego
1518 1728 1730 1780 praecipio
1755 1726 1893 1768 vobis.

1067 1784 1278 1837 Accipite.

1125 1842 1283 1883 Bcned.
1317 1840 1516 1882 Divinum
1535 1839 1751 1881 auxilium.

1378 1904 1527 1944 Lectio
1549 1905 1585 1943 ii.

1070 1954 1253 2061 Novit
1286 1957 1399 1998 enim
1427 1957 1655 2005 Dominus,
1689 1956 1763 2008 qui
1794 1961 1894 1997 sunt

1171 2014 1276 2065 ejus:
1300 2013 1422 2055 novit
1443 2013 1515 2066 qui
1535 2014 1818 2066 permaneant
1837 2010 1893 2053 ad

1068 2073 1285 2119 coronam,
1306 2070 1380 2122 qui
1398 2072 1681 2123 permaneant
1699 2068 1756 2110 ad
1775 2069 1892 2110 flam-

1067 2140 1192 2168 mam.
1228 2127 1363 2168 Novit
1390 2127 1432 2167 in
1462 2129 1563 2168 area
1591 2139 1668 2167 sua
1691 2125 1892 2175 triticum,

1066 2183 1189 2225 novit
1225 2189 1268 2224 et
1304 2183 1490 2236 paleam:
1531 2183 1652 2224 novit
1689 2184 1892 2233 segetem,

1068 2239 1189 2281 novit
1208 2245 1250 2281 et
1270 2239 1445 2280 zizania.
1471 2239 1494 2279 J
1499 2253 1567 2280 am
1587 2238 1799 2291 judicatus
1815 2242 1892 2285 est,

1070 2296 1142 2348 qui
1171 2308 1257 2336 non
1286 2295 1434 2337 credit.
1480 2296 1622 2346 Quare
1654 2292 1891 2346 judicatus?

1069 2352 1179 2402 Quia
1206 2364 1293 2393 non
1321 2350 1506 2393 credidit
1532 2351 1574 2391 in
1602 2350 1774 2392 nemine
1802 2350 1892 2390 uni—

1068 2408 1200 2459 geniti
1219 2408 1316 2449 Filii
1336 2407 1429 2448 Dei.
1462 2408 1562 2448 Hoc
1585 2413 1652 2448 est
1671 2412 1816 2448 autem
1835 2406 1891 2457 ju-

1070 2463 1244 2506 dicium:
1265 2464 1365 2516 quia
1384 2463 1458 2504 lux
1476 2463 1593 2504 venit
1612 2463 1654 2503 in
1674 2461 1892 2511 mundum,

1071 2527 1114 2562 et
1137 2519 1380 2562 dilexerunt
1403 2519 1601 2560 hemines
1620 2518 1758 2568 magis
1777 2520 1892 2559 tene-

1070 2577 1182 2627 bras,
1202 2589 1331 2629 quam
1346 2575 1501 2617 lucem:
1517 2580 1638 2616 erant
1653 2574 1765 2615 enim
1781 2574 1894 2615 mala

1071 2636 1206 2686 (Spera
1239 2634 1400 2674 eerum.
1449 2632 1624 2673 Fratres
1655 2630 1755 2680 mei,
1789 2643 1892 2683 quo-

1071 2703 1166 2730 rum
1192 2691 1326 2742 (Spera
1345 2687 1460 2730 bona
1479 2687 1640 2728 invenit
1659 2685 1892 2728 Deminus?
