2060 2886
274 153 297 187 4
848 156 1045 190 Dominica
1071 156 1116 189 ad
1144 155 1375 189 Matutinum.

325 248 380 288 Et
407 247 555 289 felium
583 249 671 298 ejus
699 260 785 289 non
805 247 979 289 defluet:
998 249 1020 273 *
1041 253 1084 289 et

275 304 418 345 emnia
437 307 718 355 quaecumque
739 304 882 353 faciet,
906 317 1082 357 prospe-

274 359 488 401 rabuntur.

323 420 420 461 Non
454 420 516 461 sic
549 421 688 473 impii,
721 433 806 461 non
839 421 919 462 sic:
950 422 972 446 *
1005 420 1081 462 sed

274 482 490 527 tamquam
536 476 696 529 pulvis,
739 490 865 529 quem
911 477 1082 529 prajicit

275 538 425 573 ventus
443 545 467 573 a
487 532 594 574 facie
613 538 750 574 terrae.

322 592 427 634 Ideo
452 605 537 634 non
563 597 787 644 resurgent
811 594 931 646 impii
957 594 998 634 in
1022 595 1079 646 ju-

271 648 398 690 dicio:
424 650 446 673 ¹⁸¹
473 662 610 701 neque
638 651 890 702 peccatores
914 650 956 691 in
981 663 1079 692 con-

271 705 369 746 cilio
389 706 607 756 justorum.

321 765 533 814 Quoniam
570 766 690 808 novit
719 766 931 807 Dominus
965 767 1077 808 viam

269 822 491 872 justorum:
514 823 536 847 *
561 827 604 864 et
626 823 707 864 iter
731 822 961 874 impiorum
984 837 1077 875 per-

269 876 356 918 ibit.

319 937 467 978 Gloria
492 938 627 989 Patri,
656 943 698 980 et
725 939 853 991 Filio,
877 940 899 965 *
919 946 962 983 et
984 941 1074 994 Spi-

268 994 365 1034 ritui
385 999 544 1035 sancto.

316 1054 435 1095 Sicut
458 1060 550 1096 erat
572 1056 613 1096 in
634 1057 862 1110 principio,
886 1063 929 1100 et
952 1072 1075 1109 nunc,

267 1115 310 1150 ct
333 1122 518 1163 semper:
542 1112 564 1136 *
590 1117 632 1153 et
659 1112 701 1152 in
722 1114 879 1155 saecula
898 1115 1075 1157 saeculo-

266 1178 370 1206 rum.
406 1166 556 1208 Amen.

320 1238 386 1272 llic
422 1250 551 1273 versus·
584 1241 723 1276 Gloria.
758 1255 905 1287 semper
937 1246 1074 1280 dieitur

267 1286 299 1318 in
324 1287 393 1320 tine
414 1288 577 1322 omnium
598 1290 843 1326 psalmorum.
868 1293 939 1326 nisi
966 1295 1074 1329 aliter

264 1340 419 1368 notetur.

544 1388 734 1429 l'salmus
762 1391 796 1429 2.

264 1434 450 1556 Quare
479 1450 742 1494 fremuerunt
769 1454 947 1506 Gentes,
979 1458 1002 1482 *
1031 1463 1074 1500 et

364 1506 514 1558 pepuli
538 1507 732 1550 meditati
761 1516 861 1553 sunt
889 1512 1055 1555 inania?

313 1561 554 1603 Astiterunt
577 1577 701 1615 reges
728 1571 870 1617 terrae,
894 1574 937 1610 et
959 1573 1072 1622 prin-

263 1617 381 1668 cipes
406 1621 699 1663 convenerunt
724 1622 766 1662 in
791 1636 923 1665 unum
950 1626 972 1651 ¹⁰¹
1001 1626 1072 1668 ad-

264 1674 411 1713 versus
461 1674 718 1726 Deminum‚
770 1684 813 1720 et
865 1680 1072 1724 adversus

263 1727 478 1770 Christum
506 1732 605 1782 ejus.

315 1788 620 1842 Dirumpamus
652 1795 821 1837 vincula
854 1799 1022 1839 eorum:
1049 1801 1072 1825 *

263 1849 306 1885 et
332 1845 607 1897 projiciamus
634 1862 659 1890 a
687 1850 812 1892 nobis
839 1854 982 1905 jugum
1011 1856 1071 1909 ip-

262 1901 419 1941 serum.

313 1961 394 2010 Qui
427 1961 591 2005 habitat
623 1965 665 2005 in
698 1967 839 2017 eoelis,
875 1970 1071 2015 irridebit

261 2028 350 2057 eos:
365 2018 387 2042 *
404 2023 447 2059 et
461 2018 672 2062 Deminus
687 2022 969 2068 subsannabit
984 2041 1069 2070 eos.

309 2076 432 2118 Tunc
472 2078 672 2131 loquetur
712 2082 767 2124 ad
808 2097 883 2126 eos
924 2087 965 2127 in
1007 2089 1068 2131 ira

260 2144 347 2181 sua,
373 2133 396 2158 ¹⁸
424 2138 467 2175 et
494 2134 536 2175 in
564 2135 707 2179 furore
735 2151 813 2181 suo
841 2144 1068 2187 conturba-

260 2186 322 2228 bit
345 2201 429 2230 eos.

309 2247 401 2297 Ego
420 2255 562 2292 autem
583 2254 842 2297 constitutus
861 2270 954 2300 sum
971 2261 1066 2304 Rex

259 2302 313 2343 ab
333 2316 385 2344 eo
404 2317 531 2358 super
546 2308 649 2349 Sion
664 2316 854 2354 montem
870 2322 1065 2359 sanctum

259 2359 358 2409 ciue,
376 2360 399 2385 *
418 2362 660 2412 praedicans
679 2370 946 2422 praeceptum
966 2374 1065 2425 ejus.

307 2418 518 2462 Deminus
546 2423 654 2467 dixit
680 2426 735 2468 ad
763 2442 850 2470 me:
877 2431 900 2456 *
933 2432 1065 2475 Filius

258 2486 377 2515 meus
397 2488 442 2516 es
461 2483 517 2526 tu,
536 2491 615 2529 ego
634 2481 763 2525 hodie
782 2486 909 2534 genui
929 2493 982 2530 te.

309 2534 482 2577 Pestula
507 2551 531 2578 a
555 2552 634 2589 me,
658 2549 700 2584 et
720 2543 834 2586 dabo
854 2547 932 2589 tibi
953 2549 1063 2591 Gen-

255 2594 321 2630 tes
339 2590 633 2637 haereditatem
653 2603 781 2650 tuam,
796 2603 818 2626 ¹⁸¹
838 2608 881 2644 et
897 2617 1063 2655 posses-

255 2645 418 2688 si6nem
439 2655 554 2691 tuam
575 2654 779 2697 terminos
798 2663 936 2701 terrae.

1185 247 1329 297 Reges
1358 259 1434 289 eos
1460 247 1505 288 in
1529 248 1650 300 virga
1673 248 1835 300 ferrea,
1861 250 1885 276 *
1913 256 1957 293 et

1134 309 1355 355 tamquam
1370 317 1447 345 vas
1466 304 1586 355 figuli
1606 305 1854 358 confringes
1869 320 1956 349 eos.

1184 364 1239 406 Et
1263 378 1377 406 nunc
1396 378 1521 416 reges
1540 366 1783 417 intelligite:
1809 368 1834 394 *
1862 381 1955 410 eru-

1134 420 1283 462 dimini
1304 421 1378 473 qui
1397 421 1597 474 judicatis
1617 427 1791 464 terram.

1182 481 1348 523 Servite
1373 482 1565 524 Domino
1590 483 1634 524 in
1658 484 1832 527 timere:
1859 486 1883 512 *
1911 491 1955 528 et

1133 537 1344 580 exsultate
1364 539 1404 580 ei
1423 551 1522 580 cum
1540 542 1743 582 tremore.

1184 598 1515 651 Apprehendite
1561 600 1849 654 disciplinam,
1882 616 1954 646 ne-

1132 654 1306 706 quando
1344 656 1556 698 irascatur
1586 658 1822 710 Dominus,
1853 660 1877 686 *
1910 665 1954 702 et

1130 712 1318 763 pereatis
1338 711 1392 754 de
1411 713 1481 754 via
1500 714 1621 765 justa.

1181 771 1288 813 Cum
1315 774 1526 815 exarserit
1550 775 1594 815 in
1618 774 1742 818 brevi
1766 776 1831 818 ira
1850 778 1952 830 ejus,

1129 829 1151 854 *
1176 827 1291 871 beati
1312 842 1463 872 omnes
1483 831 1557 882 qui
1576 831 1806 876 confidunt
1823 834 1868 875 in
1887 847 1952 877 eo.

1413 911 1608 950 l'salmus
1636 911 1670 950 3.

1131 967 1362 1071 Domine
1397 973 1502 1025 quid
1538 975 1816 1029 multiplicati
1850 984 1952 1022 sunt

1230 1030 1304 1081 qui
1331 1030 1539 1072 tribulant
1565 1031 1658 1074 me?
1685 1033 1709 1060 ²⁸¹
1736 1034 1862 1077 multi
1889 1035 1950 1077 in-

1128 1088 1309 1135 surgunt
1328 1086 1559 1129 adversum
1578 1102 1660 1131 me.

1178 1146 1302 1188 Multi
1318 1147 1469 1190 dicunt
1488 1149 1644 1191 animae
1659 1164 1787 1194 meae:
1804 1153 1829 1179 *
1846 1152 1949 1195 Non

1127 1207 1193 1243 est
1211 1202 1327 1244 salus
1345 1204 1430 1257 ipsi
1448 1205 1493 1246 in
1511 1205 1608 1248 Deo
1629 1208 1731 1260 ejus.

1177 1263 1244 1304 Tu
1288 1269 1433 1306 autern
1478 1266 1667 1310 Demine
1717 1271 1949 1324 susceptor

1126 1332 1248 1362 meus
1269 1333 1326 1370 es,
1345 1322 1368 1347 *
1387 1322 1526 1372 gloria
1550 1337 1657 1376 mea,
1681 1331 1727 1368 et
1750 1327 1949 1370 exaltans

1126 1382 1257 1429 caput
1275 1390 1430 1419 meum.

1175 1437 1299 1479 Voce
1314 1451 1411 1481 mea
1425 1440 1482 1482 ad
1495 1441 1735 1486 Dominum
1749 1444 1948 1489 clamavi:

1123 1493 1147 1518 *
1175 1498 1219 1535 et
1246 1495 1467 1539 exaudivit
1493 1511 1563 1540 me
1592 1499 1647 1542 de
1674 1506 1824 1544 monte
1852 1515 1947 1544 san-

1123 1554 1196 1591 cto
1224 1563 1315 1592 suo.

1174 1610 1268 1662 Ego
1289 1611 1492 1666 dormivi,
1517 1621 1561 1658 et
1579 1621 1815 1671 soporatus
1834 1633 1946 1662 sum:

1123 1666 1146 1691 *
1170 1671 1213 1708 et
1236 1671 1475 1722 exsurrexi,
1499 1674 1600 1725 quia
1618 1674 1836 1718 Deminus
1855 1690 1946 1719 sus·

1124 1723 1240 1775 cepit
1259 1737 1339 1766 me.

1174 1783 1274 1825 Non
1310 1786 1473 1829 timebo
1510 1790 1644 1833 millia
1679 1793 1834 1847 populi
1866 1795 1944 1836 cir-

1123 1841 1366 1884 cumdantis
1389 1857 1473 1886 me:
1496 1846 1519 1872 *
1545 1852 1731 1900 exsurge
1755 1850 1944 1893 D6mine

1122 1896 1289 1939 salvum
1308 1912 1377 1941 me
1397 1900 1475 1952 fac,
1496 1903 1616 1946 Deus
1634 1919 1770 1948 meus.

1174 1959 1387 2008 Queniam
1423 1967 1478 2004 tu·
1501 1968 1758 2016 percussisti
1790 1981 1943 2012 omnes

1121 2013 1402 2059 adversantes
1417 2019 1522 2061 mihi
1536 2021 1630 2064 sine
1645 2037 1791 2067 causa:
1801 2026 1825 2052 *
1840 2025 1942 2068 den-

1119 2074 1185 2111 tes
1204 2076 1484 2123 peccatorum
1504 2080 1760 2123 contrivisti.

1171 2131 1347 2174 Demini
1367 2141 1433 2177 est
1452 2137 1583 2179 salus:
1602 2141 1626 2166 ’⁸¹
1650 2146 1695 2183 et
1712 2155 1845 2196 super
1863 2146 1940 2197 po-

1119 2187 1267 2238 pulum
1287 2195 1409 2233 tuum
1428 2192 1679 2239 benedictio
1699 2204 1784 2241 tua.

1402 2264 1597 2308 Psalmus
1626 2272 1661 2310 6.

1207 2327 1362 2377 omine,
1382 2342 1435 2371 ne
1454 2330 1497 2371 in
1518 2331 1663 2376 furore
1683 2341 1760 2378 tuo
1780 2340 1938 2389 arguas

1149 2437 1158 2446 ·
1230 2396 1319 2433 me,
1352 2385 1375 2410 ¹⁸¹
1407 2399 1548 2439 neque
1568 2390 1612 2431 in
1630 2392 1694 2434 ira
1713 2398 1787 2435 tua
1806 2398 1937 2436 corri-

1116 2450 1210 2489 pias
1229 2452 1309 2480 me.

1166 2498 1372 2542 Miserere
1400 2505 1485 2545 mei
1509 2505 1698 2550 Domine
1727 2513 1935 2562 quoniam

1115 2553 1311 2597 infirmus
1336 2570 1446 2599 sum:
1471 2561 1494 2586 *
1522 2575 1627 2604 sana
1651 2579 1720 2608 me
1746 2567 1934 2611 Domine

1115 2612 1319 2661 quoniam
1369 2618 1628 2661 conturbata
1681 2629 1782 2665 sunt
1832 2637 1933 2667 ossa

1114 2678 1219 2707 mea.
