2028 2892
812 180 848 212 ln
878 182 1020 212 (letum
1048 179 1310 213 Ascensionis.

202 273 433 315 videbatur
469 272 672 316 divinitas
707 273 951 323 humiliata,
987 287 1029 315 a·

202 328 436 371 scendente
457 342 563 371 vero
584 330 773 372 Domino
796 336 863 372 est
881 330 1028 371 huma-

202 386 313 427 nitas
333 386 535 428 exaltata.
559 386 687 428 Albae
707 387 866 429 etenim
885 393 1030 428 vestes

202 442 455 484 exaltationi
469 443 607 494 magis
623 445 878 494 cengruunt‚
900 456 1030 496 quam

200 498 497 541 humiliatiOni.

262 561 310 611 R:-
330 555 426 606 Ego
446 555 627 607 rogabo.
655 556 748 597 325.

494 618 643 657 Lectio
668 618 748 656 viii.

208 668 276 773 In
297 669 552 711 ascensione
573 681 679 720 ergo
702 669 792 720 ejus
812 667 968 719 Angeli
987 668 1030 708 in

267 725 377 767 albis
399 725 594 768 vestibus
614 724 753 767 videri
773 723 1030 766 debuerunt:

203 782 304 834 quia
325 782 398 834 qui
417 782 460 822 in
481 782 708 824 nativitate
728 794 807 822 sua
826 781 1030 834 apparuit

201 839 322 880 Deus
336 838 520 888 humilis,
539 838 582 878 in
597 838 851 880 ascensi6ne
869 850 947 878 sua
963 850 1029 878 os-

201 897 351 936 tensus
371 900 437 936 est
454 894 587 936 homo
608 894 815 937 sublimis.
842 893 930 935 Sed
946 893 1031 935 hoc

201 951 328 993 nobis
342 954 620 1004 magnopere,
636 951 793 993 fratres
809 950 1030 1000 carissimi,

200 1008 243 1049 in
261 1008 344 1050 hac
362 1008 637 1050 solemnitate
656 1006 931 1062 pensandum
950 1013 1031 1049 est:

202 1065 303 1117 quia
322 1064 514 1107 deletum
535 1071 602 1107 est
622 1064 835 1106 hodierna
855 1062 925 1105 die
945 1063 1029 1106 ehi-

200 1121 469 1175 rographum
517 1121 807 1164 damnationis
852 1126 1030 1170 nostrae,

200 1181 366 1220 munita
395 1183 462 1220 est
493 1178 707 1220 sententia
737 1177 1031 1230 corrupti6nis

201 1240 375 1276 nostrae.
423 1234 504 1275 Illa
533 1235 646 1276 enim
673 1237 843 1285 natura,
872 1233 941 1275 eui
970 1232 1029 1275 di-

201 1296 320 1333 ctum
348 1297 430 1333 est:
463 1291 602 1333 Terra
631 1304 695 1342 eS,
727 1296 771 1333 et
797 1290 841 1331 in
867 1295 1031 1332 terram

200 1346 298 1399 ibis3
323 1346 455 1389 hodie
473 1348 518 1388 in
539 1347 699 1389 coelum
716 1347 805 1389 ivit.
841 1346 929 1388 Pro
948 1346 1031 1388 hac

200 1404 298 1456 ipsa
319 1417 509 1457 namque
534 1404 675 1446 carnis
700 1409 865 1445 nostrae
889 1402 1030 1445 suble-

201 1461 395 1511 vatione,
431 1474 512 1514 per
543 1461 729 1512 figuram
760 1460 917 1502 beatus
945 1459 1030 1502 Job

189 1517 438 1559 Dominum
460 1531 586 1560 avem
609 1523 749 1560 vocat.
786 1517 897 1568 Quia
917 1516 1032 1558 enim

203 1574 470 1616 ascensionis
494 1575 585 1626 ejus
609 1573 865 1627 mysterium
887 1573 912 1614 J
914 1571 1030 1615 udae-

203 1643 274 1671 am
305 1643 392 1672 non
423 1631 665 1682 intelligere
698 1629 943 1682 conspexit,
976 1628 1032 1671 de

202 1685 459 1729 infidelitate
477 1688 568 1740 ejus
582 1700 662 1740 per
676 1687 861 1738 figuram
876 1685 1032 1728 beatus

203 1742 289 1785 Job
330 1744 588 1785 sententiam
622 1743 825 1797 protulit,
867 1741 1032 1784 dicens:

203 1800 411 1841 semitam
427 1800 646 1851 ignoravit
664 1801 767 1842 avis.

262 1856 312 1907 K.
331 1856 465 1898 Ponis
484 1856 654 1899 nubem.
681 1858 776 1898 325.

509 1914 660 1955 Lectio
682 1915 733 1954 ix.

278 1972 344 2015 vis
380 1973 494 2015 enim
530 1979 648 2016 recte
685 1974 932 2027 appellatus
966 1979 1033 2016 est

317 2030 546 2080 D6minus,
574 2030 676 2083 quja
699 2043 861 2086 corpus
884 2033 1031 2072 carne-

205 2100 278 2127 um
302 2085 358 2128 ad
381 2086 545 2128 aethera
565 2086 751 2129 libravit.
789 2087 920 2139 Cujus
940 2087 1032 2128 avis

205 2143 404 2184 semitam
434 2143 669 2193 ignoravit,
705 2143 902 2195 quisquis
933 2156 1033 2184 eum

205 2198 262 2240 ad
281 2199 441 2241 eoelum
460 2198 710 2240 ascendisse
729 2212 816 2241 non
837 2198 1033 2241 credidit.

206 2255 272 2296 De
308 2255 391 2297 hac
428 2255 702 2297 solemnitate
739 2268 819 2308 per
854 2255 1031 2297 Psalmi-

206 2316 318 2352 stam
341 2310 515 2353 dicitur:
542 2311 725 2353 Elevata
750 2317 816 2353 est
839 2312 1031 2363 magnifi-

206 2367 346 2408 centia
377 2374 453 2409 tua
484 2381 617 2421 super
649 2367 797 2409 coelos.
851 2368 919 2409 De
951 2367 1033 2410 hac

208 2435 355 2463 rursus
379 2424 454 2466 ait:
481 2423 695 2466 Ascendit
718 2424 838 2465 Deus
862 2424 904 2464 in
927 2424 1031 2476 jubi-

206 2477 381 2528 latione,
405 2486 448 2521 et
467 2481 681 2521 Dominus
704 2480 747 2520 in
771 2493 880 2521 voce
903 2480 1032 2522 tubae.

207 2533 273 2574 De
292 2533 374 2576 hae
393 2538 549 2577 iterum
569 2536 688 2579 dicit:
715 2535 971 2578 Ascendens
990 2537 1033 2577 in

207 2589 360 2639 altum,
398 2595 615 2644 captivam
649 2592 773 2635 duxit
808 2593 1031 2645 captivita-

207 2651 306 2695 tem,
326 2645 447 2689 dedit
462 2647 575 2691 dona
588 2649 846 2691 hominibus.
871 2650 1031 2690 Ascen-

208 2700 316 2743 dens
352 2703 514 2756 quippe
548 2706 592 2746 in
626 2706 779 2757 altum,
815 2708 1035 2759 captivam

1084 273 1207 316 duxit
1221 274 1533 327 captivitatem:
1553 274 1654 327 quia
1665 273 1910 327 corruptio-

1082 343 1182 371 nem
1204 335 1400 372 nostram
1423 331 1583 373 virtute
1605 343 1697 372 suae
1718 330 1910 372 incorru-

1082 386 1245 438 ptionis
1261 386 1500 429 absorbuit.
1526 386 1661 429 Dedit
1675 399 1782 428 vero
1797 385 1913 428 dona

1083 441 1341 493 hominibus,
1358 443 1460 495 quia
1472 443 1607 485 misso
1624 442 1814 496 desuper
1826 442 1913 495 Spi-

1083 499 1183 549 ritu,
1209 499 1281 540 alii
1303 502 1550 541 sermonem
1572 499 1813 553 sapientiae,
1840 498 1912 540 alii

1084 558 1331 598 sermonem
1349 557 1578 606 scientiae,
1619 556 1692 598 alii
1726 555 1912 607 gratiam

1084 611 1307 663 virtutum,
1332 613 1403 654 alii
1422 613 1608 664 gratiam
1628 612 1911 661 curati6num‚

1084 667 1156 708 alii
1170 671 1330 719 genera
1344 669 1600 720 linguarum,
1616 668 1689 710 alii
1701 668 1911 721 interpre-

1083 725 1293 767 tati6nem
1311 725 1463 767 tribuit
1482 727 1743 767 sermonum.

1142 783 1201 823 Te
1220 782 1364 824 Deum
1381 781 1622 824 laudamus.
1641 783 1700 824 15.

1140 848 1203 881 Ad
1227 847 1437 890 Yesperas7
1468 846 1627 889 duplex:
1656 846 1783 880 omnia
1812 850 1851 880 ut
1876 846 1913 879 in

1091 895 1114 930 Ι,
1143 896 1324 938 vesperis
1349 895 1446 928 festi.
1468 895 1543 931 317.

1292 967 1708 991 *madoco*

1183 1040 1244 1080 In
1271 1039 1459 1081 Octava
1485 1037 1816 1080 Ascensionis.

1142 1104 1277 1138 omniu
1304 1104 1401 1138 sicut
1427 1103 1463 1137 in
1486 1103 1558 1137 dic.
1580 1105 1654 1141 317.
1688 1107 1828 1146 praeter
1850 1103 1915 1136 Le-

1090 1154 1247 1186 ctiones,
1274 1163 1359 1194 quie
1385 1152 1561 1194 leguntur
1586 1155 1624 1184 ut
1651 1151 1757 1184 infra.

1325 1220 1373 1260 11'1
1401 1222 1429 1259 Ι.
1460 1221 1682 1260 Nocturno.

1089 1286 1154 1327 De
1180 1285 1381 1338 Epistola
1410 1284 1529 1327 beati
1556 1285 1680 1327 Pauli
1706 1285 1913 1339 Apostoli

1348 1341 1405 1384 ad
1422 1340 1652 1395 Ephesios.

1194 1403 1344 1444 Lectio
1370 1403 1392 1441 i.
1653 1400 1756 1455 Cap.
1775 1402 1813 1441 4.

1231 1476 1356 1506 secro
1376 1465 1524 1517 itaque
1539 1476 1621 1505 vos
1641 1476 1723 1515 ego
1742 1463 1913 1507 vinctus

1217 1520 1261 1560 in
1279 1520 1485 1571 Domino,
1507 1526 1554 1563 ut
1574 1520 1703 1572 digne
1723 1520 1912 1563 ambule-

1216 1577 1272 1618 tis
1285 1578 1527 1628 vocatione,
1540 1590 1626 1630 qua
1638 1577 1785 1620 vocati
1797 1578 1912 1627 estis,

1085 1645 1183 1674 cum
1203 1634 1319 1674 omni
1333 1633 1587 1684 humilitate,
1605 1639 1648 1676 et
1666 1636 1912 1676 mansuetu-

1085 1688 1202 1739 dine,
1228 1703 1327 1731 cum
1349 1690 1573 1743 patientia,
1599 1692 1913 1744 supportantes

1084 1746 1270 1787 invicem
1282 1746 1327 1787 in
1340 1746 1531 1797 caritate,
1548 1746 1723 1788 solliciti
1736 1748 1912 1788 servare

1084 1802 1295 1844 unitatem
1313 1802 1500 1856 Spiritus
1521 1803 1564 1843 in
1585 1802 1760 1844 vinculo
1779 1802 1913 1856 pacis.

1086 1858 1229 1900 Unum
1250 1871 1422 1912 corpus,
1442 1864 1485 1901 et
1503 1872 1615 1901 unus
1634 1858 1814 1912 spiritus
1833 1858 1912 1901 sic-

1085 1919 1133 1956 ut
1155 1915 1301 1957 vocati
1321 1915 1425 1958 estis
1448 1915 1492 1956 in
1510 1929 1596 1957 una
1619 1927 1699 1969 spe
1719 1915 1911 1957 vocatio-

1085 1971 1151 2012 nis
1184 1977 1355 2014 vestrae.
1409 1971 1531 2014 Unus
1562 1972 1794 2022 D6minus‚
1828 1985 1914 2013 una

1085 2026 1210 2077 fides,
1233 2041 1367 2069 unum
1384 2027 1615 2081 baptisma.
1650 2028 1773 2070 Unus
1792 2028 1913 2070 Deus

1086 2089 1129 2126 et
1160 2085 1291 2126 Pater
1325 2085 1536 2135 omnium,
1574 2085 1649 2138 qui
1682 2090 1749 2127 est
1780 2097 1913 2138 super

1086 2154 1247 2192 omnes,
1267 2147 1311 2183 et
1325 2155 1405 2195 per
1423 2142 1576 2192 omnia,
1597 2147 1640 2184 et
1654 2142 1697 2183 in
1712 2141 1912 2184 omnibus
1923 2187 1932 2193 ,

1086 2197 1223 2239 nobis.
1269 2198 1513 2250 Unicuique
1543 2204 1689 2240 autem
1716 2203 1912 2240 nostrum

1086 2253 1187 2296 data
1214 2260 1281 2296 est
1309 2255 1450 2306 gratia
1477 2255 1716 2297 secundum
1741 2257 1910 2296 mensu-

1085 2323 1178 2352 ram
1214 2309 1462 2353 donationis
1499 2311 1669 2354 Christi.
1723 2312 1912 2364 Propter

1086 2365 1207 2419 quod
1242 2366 1366 2409 dicit:
1406 2367 1662 2410 Ascendens
1697 2368 1740 2408 in
1776 2367 1911 2409 altum

1086 2425 1303 2476 captivam
1319 2423 1443 2465 duxit
1458 2424 1771 2477 captivitatem:
1790 2422 1912 2465 dedit

1086 2478 1201 2521 dona
1218 2479 1477 2521 hominibus.

1142 2535 1309 2585 R·.Post
1322 2536 1572 2589 passionem
1586 2549 1708 2577 suam
1723 2547 1803 2588 per
1817 2533 1911 2576 dies

1087 2592 1374 2646 quadraginta
1406 2595 1624 2645 apparens
1656 2592 1738 2642 eis,
1775 2597 1819 2633 et
1849 2591 1909 2633 lo-

1087 2663 1224 2702 quens
1248 2648 1302 2691 de
1326 2661 1461 2700 regno
1483 2649 1581 2699 Dei,
1605 2648 1789 2700 alleluja:
1813 2646 1834 2669 *
1855 2648 1912 2689 Et

1086 2705 1334 2748 videntibus
1359 2705 1444 2747 illis
1471 2705 1667 2747 elevAtus
1695 2710 1778 2755 est,
1811 2704 1910 2746 alle-
