2028 2892
300 278 446 318 Vitam
462 281 628 329 praesta
646 289 812 329 puram,

345 333 434 374 Iter
452 344 562 384 para
579 336 733 380 tutum,

345 387 405 429 Ut
425 386 626 428 videntes
644 387 668 427 J
671 400 804 435 esum,

344 443 526 494 Semper
546 442 826 483 collaetemur.

293 509 359 551 Sit
376 509 471 550 laus
490 510 588 551 Deo
606 511 737 559 Patri,

343 565 522 605 Summo
543 565 717 606 Christo
738 565 884 613 (166118,

343 620 523 671 Spiritui
542 626 706 670 sancto,

343 675 504 717 Tribus
523 676 664 717 honor
681 689 804 717 unus.
837 676 991 717 Amen.

217 735 267 786 V.
318 739 414 780 Ave
461 739 615 789 Maria,
666 741 806 790 gratia
850 740 990 792 plena.

164 796 214 847 R.
238 794 453 835 Dominus
475 800 632 836 tecum.

216 859 288 899 Ad
319 860 493 909 Magnis.
538 861 636 901 Ant.
677 859 863 911 Spiritus
895 873 990 901 san-

165 917 261 953 ctus
284 913 328 953 in
347 917 391 954 te
411 913 650 955 descendet
668 914 821 963 Maria,
845 920 889 956 et
908 916 989 956 vir-

163 972 233 1008 tus
252 968 465 1009 Altissimi
485 969 767 1011 obumbrabit
785 970 874 1012 tibi.

471 1051 475 1056 ·
496 1034 659 1075 Oratio.

163 1083 345 1187 Deus,
375 1087 449 1139 qui
477 1086 531 1128 de
558 1088 702 1130 beatae
723 1089 874 1129 Mariae
893 1089 989 1130 Vir-

268 1142 378 1192 ginis
396 1146 522 1184 utero
537 1143 736 1184 Verbum
754 1149 887 1193 tuum,
903 1145 989 1184 An-

164 1197 263 1247 gelo
292 1198 535 1248 nuntiante,
565 1211 740 1240 carnem
767 1201 990 1251 suscipere

164 1252 355 1294 voluisti:
389 1259 553 1305 praesta
586 1254 857 1306 supplicibus
888 1255 990 1303 tuis;

163 1312 211 1348 ut
249 1308 322 1358 qui
354 1321 456 1349 vere
489 1321 586 1349 eam
614 1309 881 1350 Genitricem
908 1310 991 1350 Dei

164 1362 393 1411 credimus,
412 1365 503 1415 ejus
522 1363 640 1416 apud
658 1370 702 1406 te
717 1365 989 1406 intercessio-

163 1417 290 1459 nibus
306 1418 569 1470 adjuvemur.
589 1420 673 1460 Per
688 1420 891 1461 eumdem
902 1421 989 1460 Do-

162 1472 325 1513 minum
344 1478 552 1514 nostrum.

214 1537 257 1570 In
282 1536 473 1579 Quadrag.
498 1546 694 1570 commem.
719 1536 853 1570 Feriae.

215 1588 278 1621 Ad
308 1588 494 1630 Complct.
525 1592 561 1622 et
592 1598 661 1631 per
689 1588 817 1621 Horas
848 1587 886 1619 in
916 1586 988 1619 fine

162 1634 403 1678 Hymnorum
428 1635 586 1669 dicitur:

266 1690 291 1729 J
292 1701 380 1740 esu,
399 1690 480 1731 tibi
499 1690 555 1731 sit
573 1689 722 1740 glotia,

317 1745 401 1795 Qui
419 1750 548 1786 natus
567 1757 615 1786 es
635 1744 690 1785 de
708 1744 900 1794 Virgine.

323 1828 411 1868 Ad
437 1827 827 1869 matutinum.

217 1887 341 1928 Invit.
374 1886 465 1926 Ave
490 1885 645 1934 Maria,
677 1885 819 1935 gratia
843 1884 990 1936 plena:

164 1942 186 1965 *
204 1939 418 1980 Deminus
437 1944 594 1981 tecum.

219 2001 286 2040 Ps.
305 2001 472 2049 Venite,
491 1999 770 2040 exsultemus.
788 2000 826 2039 2.

403 2084 453 2123 In
474 2084 505 2123 Ι.
529 2084 751 2123 Nocturno.

343 2147 412 2186 De
439 2145 554 2185 Isaia
579 2143 813 2195 Propheta.

269 2209 420 2250 Lectio
440 2210 464 2249 i.
678 2209 781 2259 Cap.
797 2208 833 2247 7.
849 2207 887 2248 b.

332 2267 489 2319 adjecit
524 2266 740 2307 Dominus
775 2266 898 2317 loqui
934 2265 991 2306 ad

163 2269 464 2409 EAchaz‚
497 2321 663 2363 dicens:
694 2321 802 2362 Pete
830 2320 910 2361 tibi
937 2320 990 2360 si-

295 2391 428 2428 gnum
454 2390 480 2418 a
505 2378 695 2417 Demino
723 2377 819 2417 Deo
845 2381 922 2416 tuo
947 2375 990 2414 in

164 2433 431 2485 profundum
457 2433 628 2481 inferni,
660 2433 752 2473 sive
780 2432 824 2471 in
852 2429 990 2471 excel-

165 2501 262 2528 sum
288 2500 431 2539 supra.
471 2488 528 2528 Et
558 2486 668 2528 dixit
692 2487 858 2527 Achaz:
890 2485 990 2524 Non

166 2547 331 2595 petam,
359 2547 403 2583 et
425 2555 514 2583 non
538 2542 719 2583 tentabo
744 2540 990 2581 Deminum.

166 2597 223 2638 Et
248 2597 367 2638 dixit:
400 2596 563 2637 Audite
591 2609 696 2647 ergo
725 2596 880 2636 domus
905 2594 990 2633 Da-

167 2651 256 2692 vid:
294 2650 522 2703 Numquid
554 2664 710 2703 parum
743 2650 869 2691 vobis
907 2653 991 2696 est,

556 190 626 223 Die
650 190 702 222 25.
726 189 863 237 Martii.
912 190 951 223 In
978 190 1279 224 Annuntiationc
1304 191 1344 224 B.
1371 191 1416 224 M.
1442 192 1484 224 V.

1804 183 1871 218 419

1044 278 1256 319 molestos
1303 290 1400 318 esse
1450 277 1715 325 hominibus,
1771 279 1873 329 quia

1043 333 1219 374 molesti
1256 333 1361 374 estis
1399 338 1442 373 et
1474 334 1571 374 Deo
1603 333 1726 374 meo?
1767 334 1871 374 Pro-

1044 392 1144 440 pter
1170 388 1255 428 hoc
1283 388 1406 429 dabit
1432 389 1646 430 Deminus
1675 389 1770 440 ipse
1797 402 1871 430 vo-

1044 443 1112 484 bis
1133 444 1315 493 signum.
1355 444 1470 484 Ecce
1494 444 1617 494 virgo
1643 445 1871 496 concipiet,

1045 504 1089 539 et
1115 499 1259 550 pariet
1286 499 1440 548 filium,
1469 504 1513 540 et
1539 499 1769 540 vocabitur
1796 513 1870 541 no-

1043 567 1144 595 men
1171 554 1261 605 ejus
1284 554 1553 594 Emmanuel.
1591 554 1804 605 Butyrum
1829 560 1872 596 et

1043 609 1131 650 mel
1159 609 1376 658 comedet,
1411 614 1460 650 ut
1491 609 1600 650 sciat
1633 610 1872 660 reprobare

1043 664 1217 713 malum,
1236 669 1280 706 et
1299 665 1459 715 eligere
1478 664 1653 705 bonum.

1099 732 1160 823 ᾖ
1183 729 1345 769 Missus
1377 733 1444 769 est
1471 728 1651 769 Gabriel
1678 728 1872 780 Angelus

1044 782 1101 824 ad
1163 786 1298 824 ariam
1310 784 1538 834 Virginem
1559 783 1873 835 desponsatam

1043 839 1067 879 J
1071 839 1221 891 oseph‚
1239 839 1444 880 m‘mtians
1465 840 1505 880 ei
1522 839 1720 880 verbum:
1740 845 1784 880 et
1803 853 1872 880 ex-

1043 895 1240 946 pavescit
1263 895 1403 944 Virgo
1434 894 1488 935 de
1516 894 1690 935 lumine.
1728 895 1796 935 Ne
1824 897 1872 936 ti-

1043 962 1163 989 meas
1173 950 1323 990 Maria:
1338 950 1541 990 invenisti
1556 950 1743 1000 gratiam
1755 950 1873 1002 apud

1043 1005 1296 1045 Dominum:
1316 1010 1337 1031 *
1354 1005 1471 1045 Ecce
1491 1005 1712 1056 concipies
1733 1010 1776 1045 et
1798 1007 1872 1057 pa-

1044 1060 1146 1108 ries,
1171 1065 1215 1101 et
1239 1059 1471 1101 vocabitur
1491 1060 1707 1100 Altissimi
1725 1060 1873 1101 Filius.

1047 1116 1095 1163 V.
1116 1115 1253 1155 Dabit
1278 1115 1318 1155 ei
1341 1114 1556 1155 Dominus
1574 1115 1697 1155 Deus
1722 1115 1873 1156 sedem

1044 1170 1189 1210 David
1216 1170 1355 1222 patris
1384 1170 1489 1220 ejus,
1526 1174 1570 1210 et
1601 1170 1802 1219 regnabit
1829 1170 1873 1210 in

1044 1224 1177 1266 domo
1196 1225 1335 1266 Jacob
1355 1226 1399 1265 in
1419 1227 1641 1266 aeternum.
1677 1225 1820 1266 Ecce.'

1148 1310 1299 1350 Lectio
1322 1311 1361 1349 ii.
1543 1306 1551 1308 s
1597 1311 1699 1361 Cap.
1720 1312 1769 1349 11.

1131 1383 1150 1418 t
1191 1378 1439 1429 egredietur
1478 1379 1598 1428 virga
1633 1378 1688 1418 de
1724 1378 1872 1420 radice

1161 1433 1304 1481 Jesse,
1340 1438 1384 1473 et
1411 1433 1493 1473 flos
1523 1432 1578 1473 de
1606 1432 1754 1473 radice
1782 1434 1872 1484 ejus

1043 1487 1265 1528 ascendet.
1330 1488 1387 1528 Et
1440 1488 1687 1538 requiescet
1741 1501 1872 1540 super

1044 1556 1143 1584 eum
1170 1543 1349 1594 spiritus
1376 1543 1568 1582 Domini:
1601 1542 1778 1594 spiritus
1808 1556 1871 1583 sa-

1042 1598 1218 1650 pientiae
1239 1603 1282 1639 et
1300 1597 1557 1646 intellectus,
1577 1598 1756 1649 spiritus
1771 1610 1870 1638 con-

1044 1653 1128 1694 silii
1153 1658 1196 1694 et
1220 1652 1505 1702 fortitudinis,
1532 1653 1711 1704 spiritus
1737 1653 1871 1693 scien-

1043 1709 1116 1749 tiae
1138 1713 1181 1749 et
1199 1708 1388 1760 pietatis,
1409 1713 1452 1749 et
1468 1707 1655 1759 replebit
1673 1720 1771 1748 eum
1787 1710 1871 1759 spi-

1043 1764 1152 1804 ritus
1179 1763 1349 1804 timeris
1377 1763 1572 1803 Demini:
1604 1775 1694 1803 non
1722 1766 1871 1803 secan—

1044 1818 1148 1860 dum
1168 1818 1381 1859 visianem
1405 1818 1633 1858 oculorum
1651 1817 1871 1869 judicabit,

1042 1886 1185 1925 neque
1214 1873 1454 1914 secundum
1481 1872 1677 1913 auditum
1703 1873 1871 1913 aurium

1042 1931 1209 1978 arguet:
1226 1928 1305 1968 sed
1322 1928 1529 1979 judicabit
1543 1928 1587 1967 in
1601 1927 1763 1978 justitia
1775 1931 1872 1979 pati·

1042 1996 1187 2035 peres,
1220 1988 1263 2024 et
1296 1986 1449 2033 arguet
1480 1984 1522 2023 in
1553 1983 1761 2034 aequitate
1789 1995 1869 2033 pro

1042 2039 1280 2079 mansuetis
1306 2043 1451 2079 terrae:
1479 2043 1523 2079 et
1546 2038 1762 2089 percutiet
1786 2042 1868 2077 ter-

1042 2106 1136 2134 ram
1154 2094 1277 2144 virga
1296 2094 1383 2134 oris
1402 2093 1478 2142 sui,
1498 2098 1542 2134 et
1561 2093 1718 2144 spiritu
1735 2092 1869 2132 labio-

1042 2162 1138 2190 rum
1157 2151 1337 2189 suorum
1355 2149 1588 2189 interficiet
1602 2148 1793 2199 impium.
1812 2147 1870 2187 Et

1043 2204 1126 2244 erit
1169 2203 1331 2254 justitia
1367 2203 1586 2254 cingulum
1622 2201 1870 2242 lumborum

1043 2259 1151 2309 ejus:
1192 2263 1235 2299 et
1276 2258 1387 2299 fides
1421 2258 1676 2298 cinctorium
1716 2269 1868 2296 renum

1043 2325 1144 2364 ejus.

1098 2379 1147 2429 R.
1170 2376 1266 2416 Ave
1284 2377 1436 2424 Maria,
1456 2375 1596 2426 gratia
1614 2374 1760 2426 plena:
1780 2375 1867 2415 De-

1042 2430 1183 2471 minus
1219 2436 1381 2472 tecum:
1413 2434 1435 2456 *
1466 2430 1652 2480 Spiritus
1691 2435 1867 2470 sanctus

1043 2486 1321 2536 superveniet
1338 2486 1382 2525 in
1400 2490 1461 2533 te,
1481 2489 1524 2524 et
1543 2484 1680 2524 virtus
1698 2484 1867 2525 Altissi-

1041 2539 1100 2579 mi
1120 2539 1399 2580 obumbrabit
1416 2539 1510 2580 tibi:
1537 2538 1656 2590 quod
1679 2539 1794 2580 enim
1813 2552 1868 2580 ex

1041 2598 1085 2634 te
1104 2596 1306 2635 nascetur
1320 2595 1535 2642 Sanctum,
1555 2594 1784 2635 vocabitur
1798 2594 1866 2634 Fi-

1041 2649 1124 2689 lius
1150 2650 1246 2690 Dei.
1290 2651 1338 2699 V.
1369 2648 1603 2698 Quomodo
1634 2649 1712 2690 fiet
1737 2649 1866 2698 istud,
