2028 2892
691 166 787 199 Infra
814 166 996 199 Octavam
1024 165 1285 198 Ascensionis.

403 257 470 294 Ad
493 257 677 293 Sextam.

183 319 280 359 Ant.
310 314 499 357 Elevatis
516 313 726 355 manibus.

210 377 464 430 Capitulum.
610 379 636 417 1.
655 377 768 418 Petri
784 379 820 417 4.
836 377 874 418 b.

129 433 431 539 Hospitales
450 436 634 477 invicem
652 435 743 476 sine
766 448 952 475 murmu-

241 493 421 534 ratiane:
436 494 744 543 unusquisque,
760 490 952 532 sicutae-

131 550 246 602 cepit
268 549 462 600 gratiam,
486 549 529 591 in
558 548 811 589 alterutrum
835 547 953 588 illam

130 605 494 655 administrantes,
520 605 631 646 sicut
653 604 757 646 boni
781 603 952 656 dispen-

131 664 301 704 satores
318 661 592 703 multiformis
611 661 763 711 gratiae
782 661 875 701 Dei.

185 722 234 772 R.
255 720 315 761 br.
341 717 594 759 Ascendens
614 716 809 758 Christus
832 717 875 757 in
895 717 951 757 al-

130 780 232 824 tum,
245 780 266 802 *
276 774 471 826 Alleluja,
487 774 667 826 alleluja.
686 772 952 814 Ascendens.

134 828 183 879 V.
220 830 447 883 Captivam
483 829 606 872 duxit
645 830 953 882 captivitatem.

131 886 326 939 Alleluia,
351 886 460 928 allel.
496 887 653 928 Gloria.
687 885 953 927 Ascendens.

185 940 234 991 V.
268 942 473 985 Ascendo
506 942 563 985 ad
594 943 768 985 Patrem
798 956 953 992 meum,

130 1004 173 1041 et
191 999 366 1041 Patrem
384 1006 586 1050 vestrum,
607 999 716 1041 allel.
747 1003 793 1053 R.
810 999 954 1040 Deum

128 1068 283 1106 meum,
303 1061 346 1098 et
363 1056 506 1098 Deum
524 1062 727 1107 vestrum,
747 1056 927 1108 alleluja.

405 1126 471 1163 Ad
495 1127 677 1163 Nonam.

183 1184 280 1226 Ant.
310 1182 568 1226 Videntibus
586 1183 680 1224 illis.

210 1245 468 1297 Capitulum.
618 1249 644 1287 1.
661 1248 774 1288 Petri
792 1250 829 1288 4.
845 1262 878 1289 c.

201 1303 214 1343 i
240 1304 336 1355 quis
359 1303 560 1356 loquitur,
585 1305 708 1357 quasi
731 1308 954 1347 sermones

223 1360 320 1401 Dei:
331 1361 368 1401 si
384 1361 479 1412 quis
493 1361 718 1411 ministrat,
732 1367 954 1413 tamquam

132 1428 186 1457 ex
199 1415 369 1466 virtute,
386 1429 515 1468 quam
536 1416 807 1460 administrat
821 1418 955 1459 Deus:

131 1477 179 1513 ut
201 1471 245 1512 in
273 1472 472 1514 omnibus
499 1472 811 1516 honorificetur
834 1475 955 1516 Deus

130 1540 210 1581 per
224 1528 248 1569 J
251 1541 372 1570 esum
387 1528 604 1571 Christum
619 1530 734 1571 Dfim
748 1536 955 1572 nostrum.

184 1586 234 1637 R.
245 1584 306 1626 br.
321 1584 527 1627 Ascendo
543 1585 599 1627 ad
610 1586 785 1628 Patrem
800 1600 955 1637 meum,

131 1646 174 1682 et
192 1641 366 1683 Patrem
384 1647 587 1692 vestrum,
606 1644 627 1667 ⁷*
641 1642 836 1695 AlleluJa,
857 1643 955 1685 alle-

130 1696 228 1750 luja.
256 1697 472 1740 Ascendo.
506 1694 555 1745 V.
579 1699 721 1740 Deum
738 1712 893 1750 meum,
913 1706 955 1741 et

130 1753 273 1795 Deum
299 1759 501 1796 vestrum.
540 1754 741 1807 Alleluia,
775 1755 955 1808 alleluja.

136 1809 283 1851 Gloria
301 1811 430 1852 Patri.
458 1810 675 1853 Ascendo.

185 1861 235 1912 V.
261 1867 472 1908 D6minus
512 1868 554 1908 in
600 1868 727 1918 coelo,
774 1867 955 1920 alleluia.

133 1924 183 1974 R·.
204 1923 380 1965 Paravit
399 1923 548 1965 sedem
567 1937 700 1974 suam,
720 1924 901 1976 alleluja.

360 2004 438 2045 Ad
465 2004 729 2056 vesperas.

187 2063 271 2097 Ant.
303 2070 338 2099 et
370 2066 492 2109 Capit.
519 2067 564 2100 de
593 2066 725 2101 Laud,
758 2066 816 2099 Ps.
846 2072 884 2099 ut
918 2066 953 2099 in

134 2111 158 2144 Ι.
177 2111 291 2155 vesp.
311 2113 356 2147 de
375 2113 518 2148 Comm.
540 2115 673 2157 Apost.
699 2113 758 2158 [1].

189 2164 391 2214 Hymnus.
422 2165 582 2208 Salutis
600 2165 813 2207 humanae.
832 2167 926 2207 336.

188 2218 235 2268 δ’.
271 2226 485 2267 D6minus
523 2226 567 2267 in
606 2226 735 2274 coelo,
776 2227 957 2279 alleh'ija.

137 2280 183 2329 R
211 2282 387 2324 Paravit
414 2281 564 2324 sedem
583 2295 715 2334 suam,
734 2283 915 2336 alleluja.

187 2335 253 2376 Ad
290 2337 456 2385 Magnit
497 2339 592 2378 Ant.
650 2341 753 2381 Haec
784 2339 957 2381 loeutus

136 2407 232 2435 sum
254 2395 278 2421 *
303 2394 443 2444 vobis,
467 2400 514 2437 ut
540 2409 638 2437 cum
660 2396 826 2437 venerit
849 2395 958 2436 hora

136 2452 295 2501 eorum,
310 2451 642 2493 reminiscamini
658 2452 757 2504 quia
773 2465 854 2502 ego
869 2451 957 2493 dixi

135 2506 271 2557 vobis,
289 2506 468 2559 alleluja.

188 2566 232 2599 Et
252 2568 291 2600 fit
314 2577 506 2602 commem.
534 2569 794 2602 Ascensionis.

188 2618 285 2659 Ant.
315 2619 352 2659 Ο
380 2619 477 2661 Rex
498 2620 651 2670 gloriae
670 2620 857 2662 D6mine
877 2619 957 2660 vir-

138 2676 294 2724 tutum,
323 2676 396 2729 qui
422 2675 714 2730 triumphator
738 2675 869 2719 hodie
889 2688 955 2718 su-

1764 157 1829 192 337

1005 267 1083 308 per
1120 266 1271 296 omnes
1309 253 1448 295 coelos
1484 253 1738 304 ascendisti,
1774 266 1829 294 ne

1005 311 1282 363 derelinquas
1327 323 1408 352 nos
1455 310 1695 363 orphanos:
1750 309 1829 351 sed

1003 369 1128 410 mitte
1168 371 1434 420 promissum
1469 367 1612 408 Patris
1652 367 1696 407 in
1735 379 1829 416 nos,

1004 425 1211 477 Spiritum
1229 425 1437 474 veritatis,
1456 423 1637 475 alleluja.

1062 479 1110 531 V.
1132 481 1346 523 Ascendit
1364 482 1484 522 Deus
1503 481 1547 521 in
1566 479 1829 532 jubilati6ne‚

1005 538 1187 590 alleluja.
1236 540 1284 589 R.
1322 538 1379 579 Et
1406 538 1622 579 Dominus
1650 537 1693 577 in
1721 549 1830 578 voce

1005 594 1140 645 tubae,
1167 594 1348 647 aHeluja.

1060 658 1221 699 Oratio.
1253 654 1466 698 Concede.
1493 656 1587 696 336.

1219 773 1366 809 Feria
1394 772 1621 809 Secunda

1010 838 1107 881 post
1136 830 1260 869 Dom.
1291 830 1396 869 infra
1424 830 1517 869 Oct.
1547 830 1835 869 ascensionis.

1251 900 1298 937 In
1320 899 1348 937 I.
1371 899 1592 937 Nocturno.

1008 964 1074 1004 De
1106 962 1305 1015 Epistola
1336 962 1477 1014 prima
1508 962 1626 1004 beati
1653 962 1833 1003 Joannis

1311 1018 1527 1072 Apostoli.

1112 1078 1145 1117 L
1150 1078 1261 1118 ectio
1283 1078 1304 1116 i.
1575 1078 1676 1128 Cap.
1697 1080 1731 1115 53.

1019 1171 1027 1191 ,ι
1053 1149 1114 1189 ,⁹
1126 1160 1129 1165 ι
1140 1135 1275 1177 idete
1291 1135 1463 1187 qualem
1477 1136 1701 1177 caritatem
1714 1135 1835 1177 dedit

1018 1183 1048 1227 .⁸
1185 1192 1312 1234 nobis
1332 1193 1471 1242 Pater,
1496 1198 1543 1233 ut
1563 1191 1639 1232 filii
1658 1192 1741 1233 Dei
1760 1205 1833 1234 no-

1006 1306 1091 1348 hoc
1117 1263 1304 1347 mundus
1335 1318 1423 1346 non
1451 1305 1572 1346 novit
1604 1318 1699 1346 nos:
1734 1306 1835 1356 quia

1006 1376 1094 1404 non
1109 1376 1195 1404 nov
1198 1363 1230 1404 it
1245 1375 1354 1403 eum.
1383 1357 1613 1411 Carissimi,
1630 1374 1744 1403 nunc
1758 1362 1834 1402 filii

1007 1420 1089 1461 Dei
1128 1432 1290 1460 sumus:
1327 1424 1370 1459 et
1405 1417 1598 1458 nondum
1631 1419 1835 1470 apparuit

1009 1475 1114 1527 quid
1130 1476 1299 1516 erimus.
1327 1475 1494 1516 Scimus
1515 1474 1719 1525 quoniam
1737 1487 1834 1515 cum

1008 1532 1270 1585 apparuerit,
1291 1530 1451 1572 similes
1471 1530 1510 1571 ei
1531 1530 1704 1570 erimus:
1730 1533 1833 1582 quo-

1006 1589 1122 1630 niam
1140 1587 1384 1630 videbimus
1407 1600 1506 1628 eum
1525 1587 1651 1628 sicuti
1671 1592 1747 1628 est.
1780 1588 1835 1628 Et

1009 1645 1158 1693 omnis,
1184 1645 1257 1696 qui
1279 1643 1411 1685 habet
1434 1642 1546 1684 hanc
1565 1655 1688 1695 spem
1708 1643 1750 1683 in
1770 1656 1834 1694 eo,

1008 1701 1250 1743 sanctificat
1274 1713 1335 1750 se,
1361 1700 1472 1741 sicut
1497 1705 1540 1740 et
1562 1699 1634 1740 ille
1659 1706 1834 1742 sanctus

1008 1763 1085 1799 est.
1119 1758 1279 1807 Omnis,
1304 1757 1377 1808 qui
1402 1757 1503 1798 facit
1527 1758 1766 1809 peccatum,
1791 1762 1834 1798 et

1007 1814 1279 1866 iniquitatem
1304 1813 1418 1854 facit:
1445 1819 1487 1854 et
1512 1815 1743 1865 peccatum
1768 1819 1834 1855 est

1007 1871 1222 1922 iniquitas.
1255 1870 1311 1911 Et
1335 1869 1454 1910 scitis
1480 1870 1580 1921 quia
1605 1869 1675 1910 ille
1701 1872 1833 1922 appa-

1008 1927 1092 1968 ruit
1115 1932 1162 1968 ut
1190 1928 1373 1979 peccata
1400 1931 1549 1967 nostra
1572 1925 1762 1967 tolleret:
1791 1930 1835 1966 et

1007 1985 1238 2035 peccatum
1252 1983 1294 2022 in
1310 1995 1363 2023 eo
1380 1994 1466 2022 non
1481 1987 1558 2023 est.
1583 1981 1744 2031 Omnis,
1761 1982 1833 2033 qui

1008 2039 1051 2079 in
1070 2051 1123 2080 eo
1141 2045 1297 2089 manet,
1321 2051 1409 2080 non
1427 2043 1596 2091 peccat:
1621 2044 1664 2079 et
1684 2038 1833 2088 omnis,

1010 2095 1084 2147 qui
1119 2101 1293 2148 peccat,
1330 2108 1417 2136 non
1453 2093 1562 2135 vidit
1599 2107 1716 2143 eum,
1754 2106 1834 2135 nec

1010 2153 1215 2203 cogn6vit
1234 2165 1344 2193 eum.

1063 2211 1113 2260 R.
1137 2209 1244 2250 Post
1263 2208 1523 2261 passionem.
1550 2208 1649 2247 320.

1319 2281 1467 2321 Lectio
1492 2282 1526 2319 ii.

1089 2339 1210 2390 ilioli,
1242 2352 1369 2381 nemo
1402 2351 1482 2380 vos
1514 2337 1705 2379 seducat.
1751 2337 1835 2387 Qui

1113 2396 1214 2438 facit
1232 2396 1448 2449 justitiam,
1467 2395 1603 2446 justus
1623 2399 1703 2435 est:
1723 2394 1834 2436 sicut

1010 2458 1053 2494 et
1076 2452 1147 2494 ille
1172 2454 1308 2504 justus
1333 2456 1409 2492 est.
1449 2450 1532 2500 Qui
1556 2450 1658 2492 facit
1681 2453 1833 2502 pecca-

1008 2514 1115 2558 tum,
1149 2521 1202 2550 ex
1231 2507 1407 2549 diabolo
1436 2511 1517 2548 est:
1546 2507 1751 2558 quaniam
1778 2507 1832 2549 ab

1007 2564 1130 2606 initio
1155 2563 1355 2606 diabolus
1378 2567 1543 2615 peccat.
1576 2563 1627 2603 In
1650 2562 1735 2605 hoc
1760 2577 1832 2616 ap-

1009 2621 1154 2673 apruit
1164 2620 1298 2661 Filius
1308 2619 1400 2668 Dei,
1412 2623 1460 2659 ut
1471 2617 1683 2661 dissolvat
1698 2622 1834 2672 Opera

1009 2675 1183 2719 diaboli.
1238 2675 1399 2724 Omnis,
1429 2674 1502 2726 qui
1529 2680 1655 2717 natus
1684 2681 1751 2717 est
1778 2688 1832 2717 ex
