2066 2904
643 152 850 184 Commune
878 150 1126 192 plurimorum
1155 148 1371 191 Martyrum.

256 249 443 292 nomilia
462 246 723 290 venerabilis
739 245 876 288 Bedae

433 303 696 357 Presby‘teri.

304 379 381 413 Lib.
399 379 427 412 4.
449 379 483 411 in
503 378 653 415 Lucam,
679 386 760 419 cap.
778 377 828 410 52.

165 444 242 489 ³712„ss
349 435 434 477 hoc
477 433 690 475 fermento
733 432 976 485 Apostolus

166 500 167 503 ’
276 525 277 529 ,
307 491 522 545 praecipit:
558 491 713 542 Itaque
740 488 976 542 epulemur,

263 554 271 559 ’“
309 561 397 590 non
417 548 462 589 in
484 547 697 589 fermento
718 545 873 595 veteri,
905 558 977 587 ne-

153 618 236 658 que
259 605 303 646 in
326 605 539 647 fermento
562 602 738 645 malitiae
763 607 807 644 et
828 604 976 654 nequi-

150 662 240 712 tiae,
274 660 353 703 sed
379 661 424 702 in
452 660 616 712 azymis
643 658 904 701 sinceritatis
934 663 978 700 et

151 718 358 760 veritatis„
390 717 506 758 Nam
525 716 637 758 sicut
657 715 878 757 modicum
896 715 976 756 fer-

151 776 344 817 mentum
363 778 500 816 totam
517 773 677 822 farinae,
697 772 766 814 cui
780 771 976 824 injicitur,

150 843 340 873 massam
359 829 615 882 corrumpit,
641 829 977 881 universamque

150 901 255 930 mox
295 886 654 940 conspersionem
698 898 777 927 suo
819 887 977 937 sapore

152 942 456 986 commaculat:
489 943 552 984 sic
578 942 780 984 nimirum
806 940 977 982 simula-

151 1001 228 1052 tio,
257 1000 377 1052 cujus
398 999 533 1041 semel
554 999 743 1040 animum
762 998 977 1048 imbuerit,

151 1062 246 1099 tota
278 1057 486 1098 virtutum
517 1055 767 1097 sinceritate
795 1060 839 1097 et
869 1055 977 1096 veri-

152 1116 243 1156 tate
273 1112 501 1155 fraudabit.
558 1113 637 1154 Est
668 1124 772 1162 ergo
805 1124 978 1158 sensus:

153 1169 379 1212 Attendite
402 1182 457 1211 ne
476 1168 737 1210 aemulemini
758 1167 977 1210 simulato-

151 1239 236 1277 res,
270 1226 371 1279 quia
397 1226 541 1268 veniet
567 1225 767 1278 profecto
793 1230 978 1278 tempus,

151 1283 195 1325 in
228 1295 315 1336 quo
348 1287 392 1324 et
423 1287 569 1324 vestra
596 1282 733 1324 virtus
766 1281 977 1331 omnibus,

153 1345 197 1382 et
215 1342 367 1382 eorum
384 1338 600 1381 reveletur
618 1338 874 1391 hypocrisis.

209 1404 258 1455 K·
270 1400 458 1453 Propter
473 1401 782 1441 testamentum
790 1399 978 1449 Domini,

154 1461 198 1498 et
219 1456 339 1509 leges
366 1458 587 1509 paternas,
615 1456 754 1498 sancti
776 1456 861 1497 Dei
883 1468 978 1508 per-

154 1514 356 1555 stiterunt
386 1513 430 1554 in
458 1514 606 1554 amore
634 1512 931 1554 fraternitatis:
957 1516 976 1537 *

155 1570 266 1620 Quia
291 1582 403 1611 unus
429 1569 509 1611 fuit
536 1582 709 1635 semper
734 1569 911 1622 spiritus
935 1569 977 1610 in

155 1626 234 1676 eis,
271 1630 315 1668 et
341 1639 427 1667 una
453 1625 575 1667 fides.
623 1628 669 1675 Y.
705 1626 820 1667 Ecce
849 1638 979 1678 quam

153 1686 318 1729 bonum
332 1691 376 1728 et
390 1699 520 1739 quam
534 1685 768 1738 jucandum
779 1685 978 1728 habitare

155 1743 310 1785 fratres
328 1743 372 1784 in
390 1756 533 1784 unum.
561 1743 672 1793 Quia
690 1756 811 1784 unus.

445 1821 593 1861 Lectio
616 1821 695 1860 viii.
935 1859 939 1862 ,

159 1883 369 1990 Verum
389 1891 508 1944 quod
526 1891 735 1943 sequitur:
763 1891 979 1941 Quoniam

261 1961 359 2001 quae
377 1948 420 1989 in
438 1947 630 1990 tenebris
650 1947 833 1998 dixistis,
855 1948 899 1988 in
918 1947 979 1989 lu-

156 2004 272 2046 mine
301 2003 511 2046 dicentur:
551 2017 640 2046 non
672 2003 814 2045 solum
845 2004 889 2045 in
919 2004 980 2046 fu-

157 2064 269 2110 turo,
299 2059 472 2113 quando
492 2065 648 2102 cuncta
666 2060 863 2102 cordium
886 2060 981 2102 abs-

159 2116 335 2159 condita
354 2117 631 2170 proferentur
650 2116 706 2158 ad
724 2116 877 2167 lucem,
903 2117 983 2159 sed

159 2178 203 2215 et
220 2174 264 2214 in
283 2173 489 2226 praesenti
507 2174 705 2226 tempore
718 2178 869 2226 potest
883 2186 982 2216 con-

159 2231 363 2281 gruenter
415 2230 572 2283 accipi:
657 2230 832 2271 uoniam
884 2243 982 2283 quae

158 2282 270 2324 inter
293 2281 496 2324 tenebras
518 2295 634 2335 quon
669 2295 738 2323 am
760 2285 982 2335 pressura-

158 2351 265 2388 rum,
293 2342 605 2392 carcerumque
624 2338 812 2390 umbras,
834 2339 904 2381 vel
921 2339 982 2381 lo-

159 2395 259 2445 cuti,
286 2395 356 2437 vel
375 2396 494 2448 passi
513 2400 613 2437 sunt
631 2395 846 2448 Apostoli,
868 2409 983 2437 nunc

154 2451 395 2494 clarificata
412 2465 492 2505 per
511 2452 663 2494 orbem
680 2452 892 2503 Ecclesia,
925 2452 982 2494 le-

1783 147 1852 192 [65]

1028 245 1109 287 ctis
1137 246 1288 286 eorum
1315 244 1500 294 actibUS‚
1540 243 1716 297 publice
1744 257 1854 297 prae-

1029 300 1238 343 dicantur.
1266 300 1334 343 Ne
1351 301 1602 344 terreamini
1620 300 1675 343 ab
1694 300 1761 342 his
1782 301 1856 353 qui

1029 357 1234 400 occidunt
1261 370 1433 411 corpus.
1478 358 1523 400 Si
1549 359 1856 411 persecutores

1029 416 1291 465 sanctorum,
1308 415 1464 456 occisis
1484 414 1754 468 corporibus,
1769 427 1856 456 non

1027 471 1190 513 habent
1217 471 1404 524 amplius
1434 470 1539 524 quid
1573 476 1726 513 contra
1756 471 1856 513 illos

1030 533 1173 579 agant3
1200 541 1305 579 ergo
1330 529 1603 581 supervacua
1626 528 1773 570 furunt
1796 528 1855 568 in-

1030 585 1161 635 sania,
1183 585 1256 637 qui
1274 587 1447 627 mortua
1465 584 1707 637 Martyrum
1724 597 1856 626 mem-

1029 641 1109 683 bra
1144 641 1247 683 feris
1287 641 1530 694 avibusque
1568 641 1858 694 discerpenda

1030 698 1272 751 projiciunt,
1301 711 1399 740 cum
1423 699 1702 751 nequaquam
1724 698 1857 739 omni-

1029 755 1239 807 potentiae
1253 755 1347 805 Dei,
1365 755 1467 807 quin
1483 767 1534 797 ea
1554 754 1857 797 resuscitando

1029 811 1230 862 vivificet,
1259 811 1474 854 obsistere
1498 811 1677 865 possint.

1086 870 1133 921 Rg.
1159 868 1306 910 Sancti
1328 869 1424 919 mei,
1454 869 1528 921 qui
1552 869 1596 909 in
1624 881 1754 910 carne
1782 870 1857 921 po-

1030 925 1117 975 siti,
1150 927 1372 967 certamen
1395 924 1623 967 habuistis:
1652 930 1672 951 *
1694 925 1857 967 Merce-

1032 981 1133 1023 dem
1176 981 1339 1023 laboris
1376 995 1458 1034 ego
1502 982 1685 1024 reddam
1721 981 1858 1024 vobis.

1035 1037 1083 1087 δ”.
1116 1039 1276 1080 Venite
1314 1038 1534 1081 benedicti
1575 1039 1718 1081 Patris
1760 1039 1857 1088 mei,

1031 1095 1245 1148 percipite
1259 1107 1451 1146 regnum.
1475 1095 1726 1137 Mercedem
1740 1095 1858 1137 labo-

1031 1152 1101 1193 ris.
1119 1152 1268 1193 Gloria
1278 1152 1408 1194 Patri.
1420 1151 1670 1194 Mercedem
1684 1152 1858 1194 laboris.

1336 1215 1486 1255 Lectio
1509 1215 1559 1254 ix.

1120 1278 1177 1307 uo
1198 1270 1342 1308 autem
1362 1271 1462 1308 sunt
1479 1268 1641 1318 genera
1656 1279 1857 1319 persecu-

1142 1324 1304 1364 torum:
1346 1337 1479 1365 unum
1507 1323 1652 1376 palam
1679 1323 1858 1364 saevien-

1030 1379 1157 1428 tium,
1199 1379 1384 1421 alterum
1411 1380 1512 1422 ficte
1545 1379 1858 1422 fraudulenter-

1033 1448 1117 1487 que
1141 1435 1465 1478 blandientium.
1509 1437 1672 1479 Contra
1697 1439 1858 1478 utrum-

1033 1504 1117 1544 que
1153 1505 1234 1534 nos
1266 1495 1433 1535 munire
1467 1498 1598 1546 atque
1633 1494 1859 1535 instituere

1031 1548 1184 1590 volens
1202 1549 1413 1600 Salvator,
1432 1555 1475 1592 et
1494 1563 1628 1603 supra
1648 1549 1703 1592 ab
1723 1549 1859 1603 hypo-

1032 1605 1134 1646 crisi
1169 1605 1486 1658 pharisaeorum
1527 1606 1774 1657 attendere,
1816 1612 1860 1649 et

1031 1661 1103 1703 hic
1142 1675 1167 1703 a
1203 1663 1454 1705 carnificum
1491 1663 1613 1706 caede
1657 1663 1860 1717 praecipit

1031 1731 1119 1760 non
1156 1719 1328 1761 timere:
1375 1720 1475 1773 quia
1511 1720 1716 1763 videlicet
1757 1725 1861 1774 post

1033 1780 1220 1817 mortem
1238 1789 1319 1817 nec
1338 1776 1494 1818 horum
1513 1777 1759 1828 erudelitas,
1779 1790 1861 1819 nec

1032 1831 1205 1873 illorum
1242 1832 1387 1875 valeat
1431 1834 1649 1876 simulatio
1691 1834 1860 1876 durare.

1031 1888 1189 1930 Nonne
1222 1889 1412 1942 quinque
1440 1893 1644 1944 passeres
1672 1893 1861 1933 veneunt

1035 1944 1268 1998 dipondio?
1305 1947 1350 1988 Si
1377 1947 1680 1998 minutissima,
1710 1948 1860 2000 inquit,

1033 2002 1244 2053 animalia,
1265 2007 1308 2044 et
1325 2016 1423 2056 quae
1445 2004 1641 2057 quolibet
1659 2017 1740 2058 per
1759 2006 1861 2045 aera

1033 2057 1230 2100 feruntur
1258 2059 1467 2111 volatilia,
1508 2061 1629 2103 Deus
1662 2060 1861 2103 oblivisci

1033 2127 1121 2156 non
1145 2120 1310 2168 potest;
1342 2130 1422 2159 vos
1449 2118 1522 2170 qui
1547 2117 1604 2159 ad
1629 2117 1862 2168 imaginem

1034 2171 1137 2213 facti
1163 2173 1268 2214 estis
1297 2173 1531 2225 Creatoris,
1573 2187 1660 2216 non
1691 2173 1861 2216 debetis

1034 2229 1189 2269 terreri
1208 2228 1262 2271 ab
1280 2228 1357 2280 his,
1377 2231 1450 2283 qui
1465 2230 1671 2272 occidunt
1686 2243 1862 2284 corpus:

1037 2284 1137 2336 quia
1181 2286 1254 2338 qui
1298 2286 1610 2329 irrationabilia
1660 2287 1862 2329 animalia

1035 2339 1263 2439 gubernat,
1300 2343 1573 2385 rationabilia
1597 2344 1750 2386 curare
1774 2357 1862 2386 non

1068 2397 1204 2440 esinit.

1089 2456 1150 2496 Te
1168 2454 1311 2497 Deum
1332 2454 1570 2498 laudamus.
1598 2457 1657 2498 15.
