2028 2892
643 165 841 198 Dominicu
871 166 964 198 inira
992 165 1173 198 Octavum
1203 165 1463 198 ixsccnsionis.

467 280 546 322 Ad
564 280 760 323 Laudes

410 351 427 373 e
448 348 459 373 t
500 352 522 383 p
542 352 559 375 e
579 353 595 374 r
635 342 667 375 H
687 352 708 376 ο
727 353 744 375 r
762 353 781 375 a
801 352 826 374 s.

256 409 352 448 Ant.
376 410 402 448 l.
436 408 528 449 Viri
547 408 728 458 Galilaei‚
747 409 771 434 *
792 407 896 460 quid
915 410 1026 461 aspi-

201 465 296 507 citis
315 465 359 505 in
379 463 559 507 coelum?
594 465 678 506 Hic
701 465 725 506 J
728 478 838 515 esus,
864 465 936 517 qui
962 478 1025 506 as-

200 525 399 574 sumptus
423 527 490 563 est
513 535 539 563 a
561 521 687 564 vobis
706 522 749 562 in
770 521 938 571 coelum,
964 521 1027 562 sic

199 578 353 628 veniet,
373 578 555 630 alleluja.

256 647 320 686 Ps.
353 643 560 685 Dominus
579 643 786 693 regnavit.
814 644 872 683 16.

254 713 288 750 2.
318 711 514 759 Cumque
538 708 806 749 intuerentur
828 708 851 733 *
874 708 918 748 in
942 721 1026 749 coe-

199 764 287 805 lum
320 768 494 806 euntem
525 764 655 814 illum,
681 764 891 815 dixerunt,
916 763 1026 805 allel.

253 834 288 869 3,
320 830 511 872 Elevatis
533 829 732 872 manibus
756 831 779 856 *
802 829 1027 872 benedixit

200 886 272 938 eis,
292 893 335 929 et
354 887 575 929 ferebatur
592 887 635 927 in
655 886 824 936 coelum,
845 886 1026 939 alleh'ija.

255 955 290 992 4.
326 951 528 994 Exaltate
551 952 574 977 *
600 952 766 1003 Regem
793 964 954 1002 regum,
984 957 1026 993 et

198 1008 406 1062 hymnum
425 1007 555 1050 dicite
575 1008 683 1058 Deo,
703 1007 884 1060 alleh'iJa.

255 1075 290 1111 Γ).
322 1072 583 1115 Videntibus
602 1073 686 1114 illis
700 1073 723 1098 *
740 1073 934 1114 elevatus
949 1078 1025 1120 est,

200 1135 243 1171 et
261 1130 399 1172 nubes
419 1129 611 1182 suscepit
635 1142 733 1171 eum
756 1129 799 1169 in
819 1129 944 1179 coelo,
968 1128 1025 1170 al-

199 1185 338 1238 leluja.

282 1263 539 1314 Capitulum.
684 1265 709 1303 l.
728 1264 838 1304 Petri
858 1266 893 1303 4.
912 1264 948 1305 b.

912 1389 1026 1431 Ante

201 1327 471 1437 Carissimi:
518 1334 670 1376 Est6te
697 1332 950 1386 prudentes,
984 1339 1026 1375 et

300 1390 475 1441 vigilate
511 1391 554 1431 in
586 1389 866 1432 orationibus.

201 1447 344 1488 emnia
359 1452 505 1488 autem
523 1450 719 1488 mutuam
737 1446 780 1486 in
794 1445 1026 1488 vobismet-

200 1503 307 1556 ipsis
335 1504 560 1545 caritatem
593 1505 842 1544 continuam
867 1501 1026 1543 haben-

199 1564 280 1600 tes:
312 1560 412 1612 quia
441 1560 599 1601 caritas
625 1559 767 1612 eperit
790 1557 1026 1600 multitudi-

200 1628 299 1657 nem
317 1618 609 1668 peccaterum.

513 1701 718 1751 Hymnus.

296 1775 425 1817 allitis
443 1775 646 1816 humanae
665 1775 803 1825 Sator,

329 1832 353 1873 J
356 1844 432 1873 esu
451 1831 656 1884 voluptas
676 1830 884 1882 cordium,

278 1888 408 1931 Orbis
427 1887 642 1941 redempti
663 1887 883 1938 Cenditor,

277 1946 334 1988 Et
353 1951 474 1987 casta
492 1945 566 1986 lux
585 1945 831 1986 amantium.

228 2025 323 2071 Oua
341 2022 482 2065 victus
502 2034 548 2063 es
569 2021 806 2071 clementia,

279 2079 338 2121 Ut
355 2084 505 2121 nostra
524 2078 659 2120 ferres
679 2076 878 2119 crimina?

278 2136 466 2178 Mortem
485 2134 654 2176 subires
673 2136 891 2184 innocens,

279 2193 320 2233 A
338 2198 478 2234 morte
496 2204 577 2232 nos
597 2197 645 2233 ut
663 2189 862 2232 telleres?

233 2272 262 2310 1'
264 2271 478 2324 errumpis
497 2269 709 2311 infernum
729 2267 876 2310 chaos:

278 2327 447 2369 Vinctis
467 2328 642 2369 catenas
662 2323 868 2367 detrahis:

282 2384 436 2425 Victor
454 2381 676 2436 triumpho
695 2380 830 2423 nobili

281 2439 350 2480 Ad
371 2439 594 2481 dexteram
613 2438 753 2480 Patris
773 2436 911 2479 sedes.

231 2515 293 2557 'l‘e
313 2524 440 2567 cogat
459 2516 736 2567 indulgentia,

281 2572 339 2613 Ut
359 2572 515 2614 damna
533 2579 683 2615 nostra
701 2572 873 2621 sarcias,

282 2627 452 2679 Tuique
472 2630 615 2671 vultus
635 2632 862 2681 compotes

279 2685 403 2726 Dites
422 2684 552 2727 beato
572 2686 742 2727 lumine.

1107 263 1170 302 'Fu
1189 260 1278 303 dux
1297 262 1352 304 ad
1372 267 1497 311 astra,
1517 268 1560 304 et
1580 262 1743 311 semita,

1153 318 1220 359 Sis
1238 324 1354 361 meta
1373 319 1533 360 nostris
1552 317 1768 368 cordibuS,

1154 375 1221 416 Sis
1240 374 1515 416 lacrimarum
1533 374 1751 426 gandium,

1156 431 1223 472 Sis
1238 430 1365 473 dulce
1379 431 1482 473 vitae
1496 432 1733 484 praemium.
1749 432 1902 474 Amen.

1137 483 1185 534 V.
1222 487 1435 529 Deminus
1470 488 1514 528 in
1550 487 1684 537 coelo,
1721 487 1902 540 alleluja.

1085 547 1133 598 R.
1154 544 1330 586 Paravit
1349 543 1498 586 sedem
1516 557 1650 591 suam,
1669 544 1850 596 alleluja.

1137 603 1206 644 Ad
1222 602 1381 644 Bened.
1403 602 1501 643 Ant.
1515 602 1626 642 Cum
1643 601 1808 643 venerit
1824 601 1902 642 Pa-

1078 656 1266 706 raclitus,
1290 657 1313 682 *
1339 669 1469 707 quem
1488 669 1570 707 ego
1589 657 1758 698 mittam
1776 656 1902 699 vobis

1077 713 1285 765 Spiritum
1304 712 1509 762 veritatis,
1525 712 1599 764 qui
1617 726 1642 754 a
1656 713 1785 754 Patre
1803 725 1903 766 pro-

1079 768 1208 819 cedit,
1237 769 1309 811 ille
1335 768 1630 811 testimenium
1657 768 1903 822 perhibebit

1078 824 1133 867 de
1151 839 1231 876 me,
1252 825 1434 878 alleh'ija.

1414 885 1575 925 Oratio.

1085 935 1408 1042 Omnipotens
1459 939 1719 992 sempiterne
1771 940 1902 990 Deus,

1180 996 1248 1038 fac
1261 1009 1342 1038 nos
1356 996 1435 1038 tibi
1450 1008 1622 1049 semper
1640 1001 1684 1038 et
1697 994 1902 1038 devetam

1078 1055 1228 1104 gerere
1243 1052 1522 1101 voluntatem,
1534 1058 1577 1094 et
1590 1052 1804 1103 majestati
1813 1058 1902 1094 tuae

1079 1109 1248 1151 sincero
1269 1108 1402 1151 corde
1422 1111 1596 1151 servire.
1622 1109 1707 1150 Per
1726 1108 1852 1150 Dfim.

1137 1171 1182 1204 Et
1201 1172 1239 1205 fit
1256 1181 1450 1205 commem.
1471 1172 1732 1207 Ascensionis.

1137 1224 1231 1264 Ant
1265 1221 1461 1264 Ascendo
1482 1222 1539 1264 ad
1554 1222 1730 1264 Patrem
1748 1234 1903 1272 meum,

1079 1284 1122 1320 et
1144 1279 1319 1320 Patrem
1343 1284 1550 1320 vestrum:
1582 1278 1725 1320 Deum
1747 1290 1902 1327 meum,

1079 1340 1122 1377 et
1140 1335 1283 1376 Deum
1302 1349 1328 1375 v
1331 1340 1504 1385 estrum‚
1524 1334 1704 1387 alleluia.

1136 1386 1183 1435 V.
1208 1390 1419 1433 Ascendit
1437 1367 1592 1433 Deus
1580 1405 1624 1432 m
1642 1391 1903 1443 jubilatione,

1079 1448 1261 1501 alleluia.
1314 1448 1361 1499 Ιζι
1391 1448 1447 1490 Et
1474 1447 1687 1489 Dominus
1718 1447 1762 1488 in
1793 1459 1902 1489 voce

1078 1505 1207 1555 tubae,
1228 1505 1409 1557 alleluja.

1417 1560 1580 1602 Oratio.

1153 1618 1320 1660 oncede
1349 1620 1599 1670 quaesumus
1626 1619 1902 1670 omnipotens

1170 1675 1304 1716 Deus:
1324 1679 1372 1716 ut
1391 1674 1466 1726 qui
1483 1673 1695 1715 hodierna
1713 1673 1783 1715 die
1801 1673 1903 1716 Uni-

1077 1731 1271 1782 genitum
1302 1736 1424 1772 tuum
1453 1729 1798 1783 Redemptorem
1829 1742 1902 1771 no-

1079 1794 1218 1828 strum
1256 1785 1313 1829 ad
1351 1787 1489 1828 coelos
1528 1785 1777 1828 ascendisse
1813 1788 1902 1828 cre-

1079 1843 1240 1893 dimus,
1268 1844 1353 1896 ipsi
1382 1855 1556 1896 quoque
1583 1849 1729 1884 mente
1753 1843 1796 1883 in
1817 1855 1902 1884 coe-

1079 1899 1260 1942 lestibus
1288 1900 1545 1942 habitemus.
1588 1899 1672 1941 Per
1701 1898 1902 1941 eumdem

1079 1957 1316 1999 Deminum
1335 1962 1543 1999 nostrum.

1134 2015 1190 2049 Ad
1224 2015 1515 2050 Absolutionem
1549 2016 1717 2059 Capituli
1747 2018 1794 2051 ad
1827 2018 1904 2051 Pri-

1080 2074 1190 2101 mam,
1215 2063 1344 2098 Lectio
1367 2063 1506 2097 brevis.
1552 2064 1593 2099 Si
1614 2065 1701 2109 quis
1722 2065 1902 2109 loquitur.

1080 2117 1119 2145 ut
1139 2112 1235 2145 infra
1255 2111 1302 2145 ad
1321 2111 1481 2146 Nonam.

1353 2170 1420 2206 Ad
1439 2169 1641 2206 Tertiam.

1135 2226 1229 2265 Ant.
1261 2226 1455 2279 Cumque
1475 2227 1753 2269 intuerentur.

1132 2284 1165 2324 C
1154 2297 1235 2336 'dp
1258 2285 1676 2329 Car1ss1m1Est6te.
1700 2294 1741 2327 ut
1762 2301 1902 2338 supra.

1133 2341 1179 2391 R.
1202 2340 1261 2381 br.
1294 2342 1504 2385 Ascendit
1523 2343 1672 2384 Deus
1661 2357 1703 2383 in
1723 2343 1902 2395 jubilati-

1081 2403 1173 2448 one,
1199 2398 1220 2420 *
1246 2398 1443 2451 Alleluia,
1468 2399 1648 2451 alleluja.
1682 2398 1902 2441 Ascendit.

1081 2447 1130 2498 lv
1147 2456 1203 2498 Et
1217 2456 1459 2498 Dominus‘
1448 2469 1491 2496 m
1511 2468 1619 2497 voce
1638 2455 1767 2497 tubae.
1786 2455 1900 2496 Alle-

1078 2513 1136 2566 luj
1139 2527 1174 2563 a,
1194 2512 1302 2554 allel.
1340 2512 1372 2549 (
1361 2511 1487 2553 deria
1506 2512 1634 2554 Patri.
1662 2511 1883 2553 Ascendit.

1126 2528 1181 2610 1’-
1207 2567 1462 2610 Ascendens
1479 2567 1703 2610 Christus
1692 2581 1735 2608 m
1754 2567 1899 2617 altum,

1079 2626 1259 2678 alleluia.
1300 2625 1348 2674 Ru
1378 2625 1606 2677 Captivam
1625 2623 1747 2666 duxit
1767 2624 1900 2676 capti-

1078 2683 1266 2732 vitatem,
1287 2681 1466 2733 alleluja.
