2028 2892
558 176 629 210 Die
651 176 703 210 25.
727 173 863 210 Martii.
910 177 952 211 In
977 160 1278 211 Ahnuntiationc
1302 177 1342 211 B.
1368 178 1414 211 M.
1439 178 1480 211 v.

169 278 273 307 num
298 267 399 317 ejus.
437 267 486 319 V.
509 266 567 307 Et
591 266 838 317 requiescet
862 280 995 319 super

169 333 268 362 eum
291 322 471 374 spiritus
494 320 688 370 Domini,
724 321 902 373 spiritus
930 336 994 364 sa-

167 376 343 428 pientiae
363 380 407 418 et
420 375 679 426 intellectus,
699 376 878 428 spiritus
893 390 994 419 con-

170 431 255 472 silii
273 435 316 473 et
333 430 610 473 fortitudinis.
638 431 694 473 Et
713 432 806 473 erit.

460 503 612 544 Lectio
633 504 684 543 vi.

245 562 548 604 dvenientibus
578 575 683 613 ergo
710 565 993 616 temporibus,

271 617 557 667 dilectissimi,
583 631 682 670 quae
701 619 994 672 redemptioni

167 673 392 715 hominum
422 673 596 715 fuerant
626 675 893 726 praestituta,
933 677 992 717 in-

166 728 363 778 greditur
381 729 478 769 haec
493 729 642 770 infima
654 729 679 770 J
681 742 781 770 esus
797 730 994 773 Christus

167 784 382 825 Dominus
409 788 576 834 noster,
609 783 664 826 de
692 785 861 828 coelesti
888 787 993 828 sede

168 839 454 889 descendens,
497 844 541 881 et
576 853 601 881 a
632 841 820 882 Paterna
856 842 994 893 gloria

167 907 256 935 non
279 894 506 944 recedens,
538 907 655 937 novo
680 896 848 946 ordine,
880 911 994 939 nova

166 950 391 991 nativitate
414 952 662 1000 generatus:
688 964 805 993 novo
830 953 993 1003 ordine,

168 1005 270 1057 quia
287 1004 514 1047 invisibilis
535 1006 580 1046 in
603 1007 709 1056 suis,
736 1007 918 1050 visibilis
935 1009 992 1050 fa-

167 1066 262 1102 ctus
291 1065 357 1102 est
382 1060 427 1101 in
456 1061 633 1103 nostris:
664 1062 992 1115 incomprehen-

167 1115 320 1165 sibilis,
351 1115 492 1157 voluit
524 1117 856 1169 comprehendi:
894 1125 993 1161 ante

166 1173 366 1223 tempora
396 1184 594 1221 manens,
632 1185 729 1214 esse
767 1174 903 1226 coepit
939 1188 994 1216 ex

166 1228 382 1279 tempore:
425 1228 724 1269 universitatis
768 1229 994 1279 Dominus,

169 1281 371 1323 servilem
402 1282 588 1324 formam
620 1283 881 1326 obumbrata
906 1298 993 1326 ma-

167 1337 334 1389 jestatis
354 1350 445 1378 suae
464 1336 675 1389 dignitate
694 1341 900 1392 suscepit:
919 1341 993 1381 im-

166 1392 386 1444 passibilis
422 1393 564 1442 Deus,
609 1406 697 1434 non
733 1394 994 1445 dedignatus

169 1452 236 1489 est
267 1447 399 1489 homo
434 1461 531 1490 esse
561 1449 799 1500 passibilis:
844 1456 888 1492 et
918 1452 993 1491 im-

167 1503 381 1553 mortalis,
399 1504 554 1545 mortis
572 1504 741 1555 legibus
761 1506 994 1558 subjacere.

220 1573 270 1623 R.
304 1572 464 1613 Sancta
492 1576 536 1613 et
564 1572 842 1615 immaculata
868 1574 994 1624 virgi-

167 1627 299 1676 nitas,
328 1626 486 1679 quibus
510 1631 555 1668 te
579 1627 783 1669 laudibus
807 1629 995 1678 efferam,

167 1682 332 1723 nescio:
359 1684 382 1708 *
407 1682 520 1732 Quia
549 1695 679 1734 quem
707 1684 808 1724 coeli
836 1687 994 1737 capere

167 1750 257 1779 non
306 1739 495 1788 oterant,
522 1743 599 1780 tuo
623 1739 790 1789 gremio
815 1740 995 1781 contuli-

169 1793 236 1835 sti.
308 1826 315 1833 .
344 1793 585 1835 Benedicta
602 1798 651 1835 tu
668 1794 713 1834 in
730 1795 995 1845 mulieribus,

171 1853 215 1890 et
245 1848 502 1890 benedictus
534 1850 699 1890 fructus
726 1851 890 1891 ventris
921 1851 995 1892 tui.

170 1904 291 1954 Quia.
319 1904 473 1945 Gloria
490 1905 621 1946 Patri.
650 1905 772 1954 Quia.

391 1993 441 2032 In
459 1993 531 2033 111.
549 1994 773 2035 Nocturno.

220 2058 473 2111 Antiphona
499 2062 537 2102 9.
591 2062 786 2112 Angelus
818 2063 996 2104 Domini

169 2116 383 2157 nuntiavit
417 2117 586 2166 Mariae,
621 2122 664 2159 et
701 2118 904 2170 concepit
940 2118 996 2160 de

169 2172 334 2224 Spiritu
361 2177 525 2214 sancto.

168 2248 324 2290 Lectio
349 2249 488 2289 sancti
507 2249 732 2298 Evangelii
757 2250 996 2291 secundum

496 2303 671 2345 Lucam.

272 2362 423 2404 Lectio
444 2363 510 2404 vii.
689 2364 792 2416 Cap.
809 2365 839 2404 1.
856 2378 888 2405 c.

217 2437 247 2463 n
264 2422 340 2464 illo
358 2425 573 2476 tempore:
591 2424 752 2464 Missus
772 2429 839 2465 est
854 2424 995 2475 Ange-

234 2478 302 2519 lus
329 2478 508 2520 Gabriel
534 2492 559 2520 a
582 2480 679 2520 Deo
705 2479 750 2519 in
775 2479 996 2520 civitatem

172 2533 386 2584 Galflaeae,
413 2534 483 2575 cui
501 2547 661 2575 nomen
679 2534 916 2583 Nazareth,
940 2534 996 2575 ad

170 2589 397 2639 Virginem
429 2589 745 2641 desponsatam
775 2589 886 2637 viro,
927 2589 996 2630 cui

171 2655 330 2685 nomen
355 2649 449 2686 erat
467 2644 647 2696 Joseph,
676 2644 731 2686 de
758 2643 890 2685 domo
909 2644 994 2684 Da-

1046 267 1136 317 vid,
1164 272 1208 309 et
1230 280 1390 309 nomen
1413 268 1605 319 Virginis
1628 269 1777 310 Maria.
1816 270 1874 310 Et

1046 322 1224 375 reliqua.

1049 399 1239 443 Homilia
1256 400 1397 441 sancti
1410 400 1635 442 Ambrosii
1650 401 1873 454 Episcopi.

1275 465 1356 498 Lib.
1378 466 1408 499 2.
1435 466 1471 499 in
1494 467 1646 500 Lucam.

1091 525 1148 545 ¹
1164 515 1283 552 atent
1304 510 1482 562 quidem
1498 511 1643 552 divina
1656 513 1873 564 mysteria,

1088 557 1156 624 ζ)
1178 579 1261 607 nec
1279 566 1416 615 facile,
1434 567 1554 617 juxta
1568 568 1874 619 propheticum

1051 622 1139 646 4
1180 621 1362 670 dictum,
1392 622 1625 673 quisquam
1649 622 1873 664 hominum

1045 680 1197 728 potest
1232 677 1344 718 scire
1381 677 1611 718 consilium
1646 679 1741 719 Dei.
1785 679 1873 720 Sed

1046 736 1193 773 tamen
1213 745 1267 773 ex
1286 732 1443 773 ceteris
1458 732 1597 782 factis,
1617 738 1749 784 atque
1763 747 1872 785 prae-

1047 787 1186 839 ceptis
1198 788 1375 828 Domini
1384 788 1624 829 Salvatoris
1638 791 1873 840 possumus

1046 842 1304 893 intelligere,
1356 848 1400 884 et
1443 843 1529 885 hoc
1573 845 1873 896 propensioris

1046 898 1178 939 fuisse
1194 899 1374 949 consilii,
1394 899 1515 950 quod
1532 912 1583 940 ea
1597 901 1873 952 potissimum

1047 953 1187 995 electa
1223 959 1291 995 est
1326 959 1374 996 ut
1410 955 1648 996 Dominum
1686 958 1872 1007 pareret,

1048 1022 1146 1060 quae
1166 1014 1259 1050 erat
1278 1009 1546 1062 desponsata
1559 1012 1666 1052 viro.
1695 1012 1781 1052 Cur
1801 1024 1872 1052 au-

1045 1069 1134 1105 tem
1157 1077 1246 1105 non
1269 1067 1503 1117 antequam
1522 1066 1872 1118 desponsaretur,

1045 1120 1225 1172 impleta
1244 1119 1332 1161 est?
1355 1121 1562 1163 Fortasse
1581 1135 1636 1163 ne
1655 1122 1874 1163 diceretur

1047 1175 1168 1227 quod
1187 1178 1451 1228 conceperat
1470 1189 1525 1218 ex
1544 1176 1771 1219 adulterio.

1101 1240 1151 1291 Ιῖι.
1183 1235 1555 1285 Congratulamini
1586 1237 1691 1277 mihi
1723 1249 1874 1277 omnes

1046 1290 1121 1342 qui
1149 1290 1329 1341 diligitis
1356 1292 1611 1342 Dominum,
1646 1293 1747 1344 quia
1776 1305 1874 1333 cum

1046 1359 1188 1387 essem
1207 1347 1400 1397 parvula,
1423 1347 1570 1399 placui
1588 1348 1831 1389 Altissimo:
1846 1355 1868 1378 *

1044 1401 1102 1442 Et
1121 1401 1176 1442 de
1195 1402 1303 1442 meis
1322 1402 1562 1443 visceribus
1582 1404 1711 1453 genui
1729 1403 1872 1443 Deum

1046 1461 1090 1497 et
1108 1456 1339 1497 hominem.
1367 1455 1417 1507 V.
1436 1458 1620 1499 Beatam
1639 1471 1708 1499 me
1728 1457 1874 1498 dicent

1047 1524 1197 1552 omnes
1216 1513 1530 1562 generationes,
1553 1514 1654 1565 quia
1673 1513 1873 1554 ancillam

1046 1567 1254 1608 humilem
1273 1569 1467 1619 respexit
1481 1569 1613 1610 Deus.
1641 1570 1707 1610 Et.

1099 1629 1261 1669 Bencd.
1308 1628 1438 1678 Cujus
1474 1628 1634 1668 festum
1671 1628 1872 1676 colimus,

1046 1682 1144 1734 ipsa
1161 1682 1300 1731 Virgo
1319 1683 1545 1732 virginum.

1332 1755 1482 1794 Lectio
1507 1756 1588 1794 viii.

1129 1814 1148 1851 t
1185 1809 1405 1859 ingressus
1442 1810 1499 1851 ad
1536 1823 1632 1851 eam
1667 1811 1873 1862 Angelus.

1146 1865 1280 1906 Disce
1299 1866 1511 1916 virginem
1528 1866 1734 1916 moribus,
1754 1867 1873 1907 disce

1047 1921 1258 1971 virginem
1276 1921 1556 1971 verecundia,
1581 1921 1702 1963 disce
1722 1925 1873 1963 oracu-

1047 1977 1109 2026 lo,
1135 1976 1255 2018 disce
1273 1978 1492 2029 mysterio.
1529 1978 1772 2031 Trepidare
1792 1980 1872 2018 vir-

1047 2032 1196 2082 ginum
1213 2037 1290 2081 est,
1311 2037 1355 2074 et
1373 2032 1429 2073 ad
1449 2045 1601 2074 omnes
1615 2033 1697 2074 viri
1713 2033 1872 2083 ingres-

1049 2099 1123 2127 sus
1145 2089 1324 2139 pavere,
1353 2100 1506 2129 omnes
1522 2089 1603 2129 viri
1627 2088 1783 2129 affatus
1803 2100 1872 2128 ve-

1048 2142 1144 2182 reri.
1173 2143 1357 2184 Discant
1374 2143 1578 2185 mulieres
1597 2143 1873 2195 propositum

1047 2197 1230 2249 pudoris
1249 2198 1421 2239 imitari.
1453 2199 1557 2239 Sola
1579 2199 1622 2239 in
1642 2198 1872 2250 penetrali-

1047 2252 1148 2302 bus,
1181 2266 1312 2305 quam
1335 2267 1466 2295 nemo
1489 2254 1683 2295 virorum
1705 2254 1872 2303 viderit,

1048 2308 1169 2349 solus
1188 2309 1383 2360 Angelus
1406 2310 1632 2361 repererit:
1660 2309 1755 2350 sola
1781 2309 1873 2350 sine

1048 2364 1225 2414 comite,
1246 2364 1341 2405 sola
1360 2365 1451 2405 sine
1470 2369 1600 2413 teste,
1618 2377 1673 2406 ne
1693 2377 1781 2416 quo
1801 2364 1872 2406 de-

1047 2421 1206 2469 genere
1222 2419 1536 2471 depravaretur
1552 2419 1696 2469 affatu,
1716 2419 1771 2461 ab
1785 2421 1872 2460 An-

1047 2474 1146 2524 gelo
1167 2475 1390 2517 salutatur.

1099 2537 1150 2587 R.
1178 2533 1332 2575 Gaude
1357 2534 1493 2574 Maria
1511 2534 1667 2584 Virgo,
1694 2540 1872 2576 cunctas

1046 2589 1238 2631 haereses
1257 2590 1352 2630 sola
1369 2590 1646 2638 interemisti,
1671 2603 1770 2641 quae
1790 2591 1873 2632 Ga-

1046 2644 1195 2686 brielis
1209 2644 1475 2695 Archangeli
1489 2643 1617 2686 dictis
1632 2644 1872 2688 credidisti:
