2028 2892
805 167 865 201 Aa
892 168 1205 211 Completorium.

198 254 248 305 V.
265 257 586 301 Benedicamus
595 259 799 301 D6mino.
818 261 867 311 R.
878 261 976 302 Deo

147 315 324 367 gratias.

205 370 362 413 Bened.
404 371 648 413 Benedicat
683 376 727 413 et
759 372 978 414 custOdiat

146 440 228 469 nos
251 430 532 480 omnipotens
556 432 600 470 et
619 428 870 470 misericors
887 429 976 470 Do-

145 485 303 535 minus,
321 484 468 534 Pater⁷
493 489 537 527 et
553 484 704 534 Filius,
729 489 773 526 et
790 485 976 538 Spiritus

146 545 335 583 sanctus.
364 542 413 594 R.
433 541 588 582 Amen.

200 615 246 650 Et
263 625 341 649 non
358 611 709 650 dicitur'Fidelium
725 615 879 659 animae,
907 619 977 652 sed

147 663 366 697 immediate
391 662 532 697 dicitur
551 674 627 697 una
649 674 695 697 ex
719 665 975 709 infrascriptis

147 711 385 754 Antiphonis
411 721 482 754 pro
508 715 691 755 tempore.

202 771 297 805 Post
320 771 532 810 Purifieat.,
558 771 597 805 id
622 776 694 809 est,
720 784 741 806 a
767 773 840 807 fine
866 774 975 807 Com-

147 819 301 862 pletorii
333 818 438 852 illius
470 815 557 853 diei'
581 820 762 854 secundae
788 820 895 854 Febr.
923 822 975 855 in-

147 867 306 910 clusive,
331 878 453 910 usque
480 867 529 901 ad
552 867 703 902 Feriam
720 868 764 902 V.
791 869 827 902 in
854 869 975 903 Coena

147 915 303 950 Domini
329 915 538 950 exclusive.

429 987 695 1040 Antiphona.

184 1063 198 1078 ,K
207 1062 217 1086 s
234 1070 239 1078 ,
258 1066 261 1068 ,
458 1061 468 1071 ,

181 1090 206 1144 s
214 1115 219 1135 ³
228 1121 234 1136 ²
245 1091 274 1145 Ἃ»
283 1059 919 1167 νΞῑξθὶἚῗηίἳιἛΙῗὲἕέἰόωωε

222 1172 350 1215 Salve
368 1171 504 1223 radix,
528 1172 648 1214 salve
667 1176 807 1225 porta,

221 1229 291 1270 Ex
310 1242 397 1281 qua
417 1228 582 1270 mundo
602 1228 677 1270 lux
696 1233 764 1270 est
782 1234 892 1270 orta:

172 1297 329 1340 Gaude
345 1297 485 1349 Virgo
504 1297 708 1348 gloriosa,

218 1355 361 1407 Super
381 1366 534 1395 omnes
556 1353 769 1406 speciosa,

221 1410 345 1460 Vale,
366 1422 392 1451 o
411 1409 542 1451 valde
561 1409 734 1458 decora,

221 1467 280 1508 Et
298 1478 381 1519 pro
400 1465 528 1507 nobis
547 1464 767 1506 Christum
787 1467 932 1519 expra.

200 1523 248 1570 Y.
265 1523 460 1574 Dignare
479 1534 550 1563 me
564 1520 745 1563 laudare
759 1526 815 1572 te,
834 1521 974 1572 Virgo

146 1581 329 1622 sacrata.
362 1581 411 1631 R.
433 1578 503 1619 Da
523 1577 630 1619 mihi
649 1578 856 1619 virtutem
875 1590 974 1619 con-

145 1639 214 1678 tra
231 1635 384 1677 hostes
403 1638 516 1675 tuos.

276 1696 474 1736 Oremus.
683 1695 846 1735 Oratio.

222 1750 402 1802 oncede,
421 1751 671 1793 misericors
688 1750 826 1800 Deus,
849 1750 975 1802 fragi-

238 1808 350 1850 litati
369 1812 534 1850 nostrae
550 1805 821 1860 praesidium:
839 1811 888 1848 ut
903 1806 977 1859 qui

145 1869 310 1907 sanctae
338 1865 423 1906 Dei
453 1863 688 1906 Genitrieis
719 1862 977 1904 memoriam

146 1922 326 1973 agimus,
345 1920 672 1962 intercessi6nis
691 1920 783 1971 ejus
803 1918 975 1967 auxilio,

145 1990 172 2019 a
190 1977 353 2019 nostris
368 1975 669 2029 iniquitatibus
685 1977 976 2026 resurgamus.

144 2034 230 2075 Per
259 2033 463 2075 eumdem
491 2032 711 2074 Christum
738 2031 977 2072 Dominum

144 2094 355 2131 nostrum.
401 2092 452 2142 R.
480 2089 634 2130 Amen.

195 2159 226 2193 A
249 2159 436 2202 Complet.
454 2158 613 2193 Sabbati
638 2157 759 2191 sancti
782 2166 904 2199 usque
926 2156 973 2190 ad

147 2207 298 2241 Nonam
316 2207 475 2241 Sabbati
498 2209 587 2250 post
604 2205 753 2239 Pentee.
775 2204 973 2238 inclusive.

431 2265 694 2316 Antiphona.

235 2338 361 2388 egina
380 2334 482 2377 coeli
499 2333 663 2383 laetare,
684 2333 866 2385 alleluja,

263 2392 375 2442 Quia
402 2403 534 2443 quem
559 2389 756 2431 meruisti
786 2389 974 2441 portare,

406 2446 589 2498 alleluia,

145 2504 419 2554 Resurrexit,
449 2504 562 2544 sicut
590 2501 713 2551 dixit,
741 2499 922 2550 alleluia,

147 2559 237 2602 O'ra
263 2572 346 2613 pro
374 2558 502 2601 nobis
529 2559 688 2606 Deum,
716 2555 897 2606 alleluja.

1081 258 1132 310 V.
1150 260 1307 303 Gaude
1326 266 1370 303 et
1386 262 1537 303 laetare
1551 262 1690 313 Virgo
1705 262 1854 313 Maria,

1029 316 1211 369 alleluja.
1243 320 1292 371 R».
1310 318 1422 367 Quia
1440 319 1627 360 surrexit
1639 319 1853 360 D6minus

1029 386 1144 423 vere,
1170 373 1354 425 alleluja.

1161 434 1354 491 Oremus.
1562 438 1723 480 Oratio.

1121 502 1217 540 eus,
1259 491 1333 543 qui
1371 502 1451 542 per
1491 492 1853 534 resurrectiOnem

1150 546 1249 587 Filii
1280 547 1344 588 tui
1369 546 1547 587 Domini
1579 548 1718 588 nostri
1749 548 1774 589 J
1776 561 1853 590 esu

1031 602 1192 644 Christi
1219 602 1429 644 mundum
1456 602 1679 644 laetificare
1708 602 1852 655 digna-

1028 665 1098 701 tus
1128 673 1194 702 es:
1222 663 1385 712 praesta
1410 661 1673 711 quaesumus3
1700 664 1748 701 ut
1774 673 1854 712 per

1030 717 1120 769 ejus
1141 717 1409 758 Genitricem
1427 715 1652 766 Virginem
1672 715 1853 757 Mariam

1028 774 1256 825 perpetuae
1293 771 1516 823 capiamus
1550 770 1710 821 gaudia
1741 773 1852 813 vitae.

1028 830 1114 870 Per
1142 827 1344 870 eumdem
1373 826 1592 868 Christum
1619 828 1853 870 Dominum

1028 890 1238 927 nostrum.
1284 884 1334 933 Rg.
1362 882 1515 924 Amen.

1080 936 1131 988 V.
1174 941 1382 983 Divinum
1429 939 1635 982 auxilium
1680 943 1854 982 maneat

1030 1011 1203 1051 semper
1226 996 1466 1038 nobiscum.
1499 999 1549 1050 R.
1573 997 1726 1038 Amen.

1083 1058 1232 1093 Deinde
1257 1057 1395 1092 dicitur
1420 1062 1567 1092 secreto
1590 1057 1697 1093 Pater
1711 1061 1852 1092 noster.

1034 1110 1115 1142 Ave
1138 1106 1269 1141 Maria.
1293 1111 1329 1139 et
1354 1105 1491 1141 Credo.

1083 1161 1146 1196 Sic
1165 1160 1304 1194 dicitur
1322 1159 1622 1203 Completorium
1646 1171 1714 1203 per
1734 1165 1852 1194 totum

1029 1211 1195 1244 Annum,
1220 1212 1477 1251 praetcrquam
1495 1208 1531 1241 in
1551 1208 1677 1242 triduo
1697 1208 1851 1247 Maioris

1030 1255 1309 1291 Hebdomadas,
1334 1260 1369 1288 ct
1392 1266 1460 1298 per
1480 1255 1664 1289 Octavam
1683 1256 1851 1289 Paschae.

1029 1310 1069 1340 ut
1094 1315 1164 1338 Suo
1191 1305 1276 1337 loco
1303 1303 1459 1337 dicetur.

1083 1360 1123 1394 Si
1148 1364 1238 1402 post
1263 1358 1449 1401 Complet.
1475 1355 1692 1390 immediate
1718 1365 1850 1397 sequa-

1028 1413 1088 1443 tur
1112 1409 1252 1443 Matut..
1276 1412 1364 1440 tunc
1390 1406 1450 1439 bis
1476 1405 1625 1438 dicatur
1658 1402 1764 1439 Pater
1786 1414 1852 1438 no-

1030 1458 1117 1490 ster.
1136 1457 1216 1490 Ave
1226 1454 1400 1488 Mariaet
1412 1453 1554 1488 Credo:
1577 1454 1665 1496 quia
1679 1453 1852 1494 Comple-

1028 1505 1177 1541 torium,
1197 1504 1300 1547 quod
1319 1508 1376 1537 est
1394 1502 1479 1535 finis
1498 1501 1633 1542 Officii,
1653 1501 1707 1534 sic
1726 1500 1849 1534 termi-

1029 1552 1111 1586 nari
1138 1552 1267 1591 debet,
1293 1556 1328 1585 et
1353 1554 1439 1584 ante
1464 1549 1688 1582 Matutinum
1716 1548 1848 1581 iterum

1028 1600 1214 1643 repetitur
1225 1610 1294 1642 pro
1307 1597 1499 1642 principio
1511 1596 1635 1630 Officii
1649 1607 1753 1639 sequ.
1765 1595 1851 1628 dici.

1080 1648 1317 1690 Antiphonze
1334 1645 1532 1689 praedicta:
1548 1645 1725 1678 dicuntur
1739 1644 1850 1677 etiam

1030 1696 1068 1729 in
1092 1696 1165 1729 fine
1182 1695 1371 1733 Laudum,
1398 1692 1551 1736 quando
1578 1691 1850 1726 discedendum

1029 1749 1087 1777 est
1117 1754 1136 1777 a
1170 1743 1314 1777 Choro:
1350 1741 1418 1775 sed
1450 1741 1483 1774 si
1517 1740 1733 1773 immediate
1764 1744 1851 1781 post

1029 1791 1158 1825 Matut.
1198 1791 1455 1833 subsequatur
1494 1788 1636 1823 Prima.
1676 1787 1737 1820 vel
1777 1786 1850 1819 alia

1028 1839 1150 1876 Hora,
1182 1838 1360 1872 dicuntur
1390 1837 1426 1870 in
1458 1837 1529 1869 fine
1556 1835 1699 1869 ultima:
1727 1835 1850 1869 Horae.

1028 1887 1081 1920 ita
1110 1891 1149 1920 ut
1175 1886 1351 1919 dicantur
1381 1894 1547 1927 semper,
1578 1883 1750 1926 quando,
1782 1887 1850 1915 ter-

1028 1934 1170 1968 minata
1198 1933 1327 1977 aliqua
1352 1933 1468 1974 Hora,
1494 1930 1769 1965 discedendum
1795 1935 1850 1962 est

1028 1993 1049 2016 a
1091 1981 1235 2016 Choro:
1272 1986 1307 2014 et
1347 1985 1435 2014 tunc
1471 1984 1560 2023 post
1588 1973 1633 2018 V.
1662 1978 1851 2014 Fidelium

1029 2033 1177 2068 animae.
1206 2037 1242 2066 et
1267 2031 1376 2065 Pater
1398 2032 1539 2064 noster.
1567 2033 1728 2065 secreto,
1758 2026 1849 2059 diei-

1026 2087 1087 2117 tur
1119 2077 1163 2122 V.
1187 2079 1376 2114 Dominus
1408 2077 1472 2112 det
1500 2075 1614 2110 nobis
1645 2084 1753 2109 suam
1782 2082 1849 2116 pa·

1029 2139 1121 2164 cem.
1148 2129 1191 2163 R
1217 2127 1266 2162 Et
1287 2126 1408 2162 vitam
1432 2125 1622 2160 aeternam.
1650 2122 1783 2156 Amen.

1079 2180 1227 2215 Deinde
1259 2190 1332 2213 una
1365 2190 1413 2213 ex
1441 2176 1636 2222 praedictis
1660 2173 1847 2215 Antipho-

1026 2230 1086 2263 nis
1117 2233 1152 2262 et
1181 2229 1219 2261 in
1250 2228 1321 2261 fine
1353 2225 1534 2261 Divinum
1561 2221 1746 2258 auxilium
1772 2221 1848 2255 ma-

1027 2280 1118 2311 neat
1138 2285 1291 2319 semper
1311 2274 1521 2309 nobiscum.
1561 2271 1600 2304 R.
1624 2269 1759 2304 Amen.

1084 2322 1199 2355 Extra
1232 2321 1400 2355 Chorum
1436 2322 1559 2351 autem
1599 2315 1777 2349 dicuntur
1811 2314 1845 2347 in

1027 2370 1099 2403 fine
1120 2368 1301 2406 Laudum,
1330 2367 1360 2400 si
1387 2372 1473 2400 tunc
1495 2363 1773 2398 terminandum
1799 2362 1846 2395 sit

1026 2417 1217 2454 Officium:
1235 2415 1405 2458 alioquin
1424 2414 1459 2446 in
1475 2413 1547 2445 fine
1562 2411 1706 2445 ultimae
1722 2411 1844 2444 Ilorze.

1024 2464 1118 2497 Post
1144 2464 1239 2497 alias
1267 2473 1356 2496 vero
1380 2461 1513 2495 Horas.
1541 2459 1695 2502 quando
1723 2458 1842 2491 termi—

1024 2518 1135 2545 natur
1158 2511 1278 2545 (Νῆα,
1308 2509 1446 2542 dieitur
1469 2511 1612 2541 tantum
1650 2506 1761 2540 l'ater
1782 2514 1848 2538 no-

1028 2564 1116 2596 ster.
1139 2563 1294 2592 secreto.

743 2659 1265 2719 ——ssiss—
