2066 2904
168 241 225 282 sti
271 240 500 282 dumtaxat
545 237 787 278 animarum
831 248 998 288 sponso

169 297 375 350 placeret.
400 295 451 336 In
470 295 568 347 ipso
584 298 732 334 autem
747 291 1000 333 adolescen-

168 354 242 394 tiae
263 353 372 393 flore
390 349 647 403 parentibus
668 348 839 396 orbata,
859 352 999 389 auste-

170 409 298 450 ri6ris
326 408 429 449 vitae
457 404 679 447 desiderio
708 405 753 445 in
779 403 1002 446 desertum

169 465 316 506 locum
347 463 555 514 aufugere
587 461 787 511 tentavit3
827 459 907 501 sed
946 459 1000 501 ab

170 519 388 562 avunculo
403 517 637 572 prohibita,
654 517 777 558 novit
786 519 1002 569 praestare

170 575 300 626 domi,
320 574 441 628 quod
454 575 498 616 in
514 573 750 616 solitudine
764 586 853 615 non
869 573 1002 614 licuit.

172 632 324 674 Cilicio
349 644 401 673 ac
426 630 613 682 flagellis
635 630 889 681 frequenter
912 642 1002 678 usa,

171 701 348 730 carnem
367 687 539 729 nonnisi
553 686 726 726 infirma
739 685 1002 735 valetudine,

170 745 319 786 vinum
352 744 396 785 in
426 743 469 785 N
472 742 681 785 ativitatis
717 747 761 783 et
791 742 1002 783 Resurre-

172 801 329 842 ctienis
352 799 600 841 Dominicae
627 802 797 839 tantum
825 797 1003 839 celebri—

170 859 279 907 tate,
324 855 576 908 complures
617 866 722 895 vero
766 853 862 895 dies
898 853 1004 894 nihil

171 915 349 955 omnino
383 911 644 963 degustavit.
699 910 899 951 Orationi
932 909 1003 951 de-

172 969 281 1019 dita,
313 968 621 1010 brevissimum
647 967 768 1009 humi
793 966 1005 1019 carpebat

172 1038 391 1067 somnum:
424 1024 672 1066 daemonem
699 1035 804 1065 vero
834 1022 915 1064 sub
944 1023 1005 1064 lu-

173 1082 312 1123 centis
346 1080 490 1132 angeli
524 1080 667 1122 forma
699 1079 782 1121 sibi
819 1078 1005 1120 illudere

172 1140 406 1179 conantem
420 1137 600 1189 agn6vit
613 1136 825 1188 protinus,
843 1140 886 1177 et
905 1148 1005 1176 con-

172 1194 272 1246 jecit
301 1194 347 1234 in
378 1194 538 1244 fugam.
583 1192 784 1235 Tandem
810 1192 1005 1244 paternis

172 1250 301 1293 bonis
320 1249 552 1300 abdicatis,
579 1255 622 1291 et
646 1248 847 1290 habitum
871 1261 922 1289 ac
941 1250 1005 1289 re-

172 1306 319 1358 gulam
345 1306 484 1348 Tertii
509 1305 674 1348 ordinis
706 1305 846 1346 sancti
871 1305 1004 1346 Fran-

174 1363 281 1404 cisci
314 1362 534 1416 amplexa,
573 1361 869 1413 evangelicam
900 1373 1005 1413 pau-

172 1421 393 1472 pertatem
433 1418 695 1469 virginitatis
737 1417 857 1458 laudi
905 1429 1005 1458 con-

173 1475 323 1529 junxit.

226 1532 278 1583 Rg.
310 1531 501 1583 Propter
532 1530 779 1579 veritatem,
812 1533 856 1570 et
888 1541 1006 1570 man-

175 1587 470 1637 suetudinem,
499 1591 542 1628 et
565 1585 790 1638 justitiam,
811 1589 833 1613 *
852 1585 910 1626 Et
935 1584 1007 1626 de-

177 1643 310 1686 ducet
339 1647 384 1684 te
415 1642 672 1684 mirabiliter
704 1641 885 1683 dextera
916 1646 1007 1691 tua,

176 1699 359 1751 alleluja.
397 1696 448 1747 W.
475 1698 631 1752 Specie
653 1703 730 1740 tua
753 1703 796 1740 et
819 1697 1007 1750 pulchri-

175 1755 329 1798 tudine
347 1761 423 1798 tua
446 1754 641 1806 intende,
666 1757 883 1808 prospere
907 1767 1007 1807 pro-

177 1812 297 1863 cede,
317 1817 360 1854 et
378 1824 523 1863 regna.
550 1811 619 1853 Et.
896 1817 903 1821 ⁴

489 1868 641 1909 Lectio
662 1882 700 1908 ν.

177 1920 410 2025 Nullum
448 1919 628 1972 pietatis
670 1918 864 1960 officium
905 1931 1010 1970 erga

287 1976 517 2029 proximos
545 1977 770 2024 omittens,
806 1975 1008 2028 pauperi-

177 2032 279 2082 bus,
312 2031 528 2085 quidquid
560 2031 643 2073 sibi
674 2044 729 2073 ex
756 2031 1009 2073 mendicato

178 2088 299 2130 victu
335 2089 605 2141 superesset,
641 2086 924 2138 largiebatur3
963 2087 1009 2127 li-

177 2144 333 2187 benter
351 2143 627 2186 ministrabat
647 2143 841 2194 aegretis,
865 2143 1009 2196 plura-

180 2213 266 2253 que
296 2213 396 2242 cum
428 2213 586 2252 magna
618 2200 863 2242 sanctitatis
896 2200 1011 2241 fama

178 2256 430 2309 peragravit
454 2255 570 2306 loca,
597 2260 646 2298 ut
665 2255 736 2297 vel
761 2255 920 2298 solatio
946 2268 1010 2297 es-

180 2318 247 2355 set
267 2313 458 2362 afflictis,
482 2312 554 2354 vel
577 2313 664 2354 reis
682 2312 856 2354 veniam
875 2312 1010 2365 impe-

178 2371 331 2419 traret,
349 2369 421 2410 vel
439 2368 633 2410 infensos
651 2368 840 2410 invicem
859 2381 1010 2410 recon-

181 2425 347 2467 ciliaret
388 2425 578 2474 animos,
621 2424 692 2466 vel
737 2436 761 2465 e
803 2424 1012 2466 vitiorum

181 2493 309 2522 coeno
342 2479 555 2522 scelestos
587 2482 826 2523 revocaret.
867 2480 1011 2530 Ange-

179 2535 323 2577 lorum
340 2549 467 2589 pane,
487 2549 619 2588 quem
634 2536 763 2578 unice
778 2535 1011 2585 esuriebat,

182 2591 532 2643 frequentissime
551 2592 731 2642 refecta,
757 2596 880 2634 tanta
905 2592 1010 2633 eari-

182 2647 286 2688 tatis
305 2647 348 2688 vi
366 2647 588 2691 ferebatur
611 2648 656 2689 in
675 2648 836 2698 Deum,
865 2652 913 2689 ut
932 2650 1010 2690 sae-

587 142 659 175 Die
683 142 734 175 31.
760 141 860 181 Maii.
908 142 942 174 S.
968 142 1131 183 Angelae
1157 141 1325 173 Mei-irim
1356 140 1455 179 Vim.

1820 133 1887 168 527

1052 235 1152 287 pius
1172 237 1297 274 extra
1315 244 1470 273 sensus
1489 233 1729 283 raperetur.
1756 231 1889 273 Sacra

1052 290 1302 332 Palaestinae
1329 288 1429 329 loca
1459 300 1631 329 summa
1665 300 1765 329 cum
1792 287 1888 329 reli-

1053 347 1183 398 gione
1209 345 1363 386 obivit:
1393 357 1481 396 quo
1507 344 1552 384 in
1575 345 1733 385 itinere
1760 349 1804 386 et
1829 344 1888 386 vi-

1054 416 1168 452 sum,
1202 414 1333 453 quem
1365 400 1422 442 ad
1451 400 1673 452 Cydenias
1702 400 1890 453 appulsa

1055 471 1155 500 oras
1176 460 1398 506 amiserat,
1424 455 1583 498 eedem
1607 459 1808 507 regressa
1826 469 1891 498 re-

1055 514 1301 568 cuperavit,
1328 518 1372 555 et
1394 512 1685 554 barbarorum
1710 513 1889 565 captivi-

1054 573 1192 613 tatem
1213 583 1266 612 ac
1285 569 1559 620 naufragium
1578 570 1809 610 imminens
1830 569 1890 610 di-

1055 628 1218 669 vinitus
1256 626 1406 668 evasit.
1468 626 1659 666 Romam
1701 625 1892 677 denique

1055 684 1226 724 firmam
1258 682 1472 724 Ecclesiae
1503 687 1678 734 petram
1712 695 1891 723 venera-

1055 744 1170 790 tura,
1196 745 1240 781 et
1264 738 1545 792 amplissimae
1571 738 1732 790 jubilaei
1751 739 1891 779 veniae
1958 757 1965 765 ·

1055 796 1317 849 percupida,
1356 794 1539 837 sedente
1570 795 1795 837 Clemente
1829 797 1892 836 se-

1056 853 1196 905 ptimo
1209 852 1410 902 accessit;
1427 864 1559 903 quam
1569 851 1773 892 Summus
1782 852 1893 892 Pori-

1056 909 1163 950 tifex
1182 909 1416 957 allocutus,
1446 907 1642 959 ejusdem
1662 908 1893 949 sanctimo-

1058 965 1174 1006 niam
1215 965 1431 1017 suspexit,
1482 969 1526 1005 et
1566 963 1895 1005 commendavit

1058 1024 1354 1074 summepere3
1394 1033 1476 1062 nec
1509 1020 1564 1062 ab
1598 1020 1718 1061 Urbe
1751 1021 1894 1072 ipsam

1058 1077 1179 1119 abire
1199 1082 1300 1118 ante
1319 1077 1531 1129 permisit,
1551 1089 1683 1128 quam
1702 1076 1789 1117 alio
1808 1080 1894 1117 co'e-

1057 1133 1160 1175 litus
1180 1136 1386 1174 vocatam
1404 1133 1594 1183 agnovit.

1114 1194 1164 1244 R.
1196 1189 1403 1230 Dilexisti
1430 1189 1657 1240 justitiam,
1686 1194 1730 1230 et
1760 1189 1894 1231 odisti

1057 1245 1350 1297 iniquitatem:
1381 1248 1403 1269 *
1425 1246 1670 1297 Propterea
1697 1246 1823 1287 unxit
1850 1250 1894 1287 te

1059 1302 1191 1351 Deus,
1210 1303 1332 1343 Deus
1347 1306 1460 1352 tuus,
1481 1302 1580 1343 oleo
1596 1302 1774 1352 laetitiae,
1793 1302 1893 1344 alle-

1058 1358 1156 1409 luja.
1180 1356 1229 1406 Y.
1246 1359 1436 1410 Propter
1450 1358 1694 1408 veritatem,
1716 1364 1759 1400 et
1775 1372 1894 1399 man-

1060 1413 1348 1464 suetudinem,
1360 1419 1403 1456 et
1410 1415 1629 1465 justitiam.
1639 1415 1895 1467 Propterea.

1366 1472 1518 1512 Lectio
1541 1472 1592 1510 vi.

1065 1525 1301 1630 Brixiam
1329 1528 1495 1578 itaque,
1526 1526 1602 1568 ubi
1633 1526 1813 1568 domum
1839 1527 1896 1569 ad

1164 1587 1330 1623 sanctae
1354 1582 1522 1635 Aphrae
1550 1583 1766 1636 templum
1795 1596 1896 1625 con-

1060 1639 1196 1688 duxit,
1215 1641 1403 1690 reversa,
1423 1651 1586 1680 novam
1604 1639 1665 1680 ibi
1681 1640 1898 1690 virginum

1061 1696 1335 1745 societatem,
1371 1696 1484 1737 sicut
1514 1695 1684 1737 coelesti
1710 1708 1821 1737 voce
1846 1709 1898 1737 ac

1060 1751 1230 1793 visiene
1248 1751 1505 1794 mandatum
1525 1751 1609 1792 sibi
1628 1752 1785 1801 fuerat,
1811 1752 1894 1794 sub

1062 1812 1183 1849 certa
1202 1806 1435 1861 disciplina
1455 1810 1707 1860 sanctisque
1722 1808 1899 1850 vivendi

1061 1864 1223 1915 regulis
1241 1865 1480 1914 constituit,
1498 1877 1630 1917 quam
1645 1869 1811 1906 sanctae
1819 1865 1898 1919 Ur-

1062 1920 1171 1961 sulae
1186 1921 1361 1963 invictae
1380 1921 1597 1972 virginum
1613 1920 1737 1962 ducis
1751 1926 1898 1973 patro-

1063 1977 1178 2018 cinio
1218 1990 1270 2019 ac
1307 1978 1483 2018 nemine
1522 1977 1759 2029 insignivit:
1801 1990 1899 2018 eam

1065 2045 1168 2074 vero
1187 2035 1428 2086 perennem
1446 2033 1639 2075 futuram
1652 2034 1784 2075 morti
1798 2035 1898 2086 pro-

1062 2088 1179 2130 xima
1198 2089 1417 2142 praedixit.
1450 2089 1652 2131 Tandem
1670 2102 1813 2142 prope
1833 2102 1897 2131 se-

1061 2145 1358 2197 ptuagenaria,
1379 2145 1503 2187 dives
1522 2145 1689 2187 meritis
1705 2145 1899 2187 evolavit

1062 2201 1107 2241 in
1125 2201 1288 2242 coelum
1312 2206 1439 2243 sexto
1460 2201 1687 2243 Kalendas
1706 2201 1897 2243 Februa-

1062 2257 1116 2298 rii
1134 2258 1235 2298 anni
1253 2258 1474 2299 millesimi
1492 2258 1830 2309 quingentesimi
1855 2264 1899 2301 et

1064 2312 1402 2365 quadragesimi,
1440 2315 1562 2366 cujus
1596 2313 1787 2355 cadaver
1818 2327 1899 2367 per

1062 2369 1185 2421 ipsos
1203 2370 1382 2421 triginta
1404 2369 1498 2411 dies
1515 2368 1800 2421 inhumatum,
1824 2371 1898 2412 fle-

1062 2424 1213 2476 xibile,
1248 2438 1300 2467 ac
1326 2426 1427 2467 vivo
1456 2424 1723 2466 simillimum
1748 2438 1896 2479 perse-

1062 2482 1243 2524 veravit.
1271 2482 1462 2522 Demum
1481 2481 1525 2521 in
1545 2486 1709 2523 sanctae
1728 2482 1897 2535 Aphrae

1062 2537 1229 2590 templo
1255 2537 1369 2579 inter
1396 2538 1582 2587 ceteras,
1611 2537 1770 2589 quibus
1788 2538 1898 2580 illud

1063 2592 1273 2643 abundat,
1307 2595 1561 2634 sanctorum
1591 2593 1799 2646 reliquias
1831 2608 1896 2637 re-

1062 2649 1223 2701 p6sito‚
1237 2649 1428 2702 plurima
1444 2648 1501 2691 ad
1512 2650 1602 2702 ejus
1614 2650 1898 2703 sepulchrum
