2028 2892
172 200 217 235 66
722 199 828 233 Feria
856 202 989 240 quarta
1016 195 1063 229 ad
1089 193 1326 228 Matutinum.

174 238 1877 266 Μ

175 311 289 339 mam
317 308 458 337 meam
491 292 546 335 de
576 290 722 333 medio
753 287 995 331 catu16rum

176 354 362 395 le6num:
390 349 575 392 dormivi
602 345 896 389 conturbatus.

235 408 329 450 Filii
375 407 598 448 h6minum
645 403 798 445 dentes
846 402 996 442 e6rum

177 478 296 507 arma
315 469 357 506 et
376 465 562 513 sagittae:
577 462 599 486 *
618 465 661 502 et
678 459 824 510 lingua
845 459 995 499 ebrum

177 520 346 572 gladius
375 522 538 560 acutus.

229 576 433 618 Exaltzire
469 586 600 626 super
637 571 773 613 coelos
804 570 939 611 Deus:
974 569 997 593 *

179 640 221 676 et
249 634 291 674 in
319 644 491 674 omnem
517 636 679 672 terram
706 627 844 678 gloria
870 631 954 667 tua.

230 690 453 741 Laqueum
503 687 765 740 paraverunt
813 682 997 735 pe'dibus

178 747 304 787 meis:
331 747 353 770 *
383 750 425 786 et
453 743 784 784 incurvaverunt
813 739 998 779 animam

179 815 331 844 meam.

231 857 453 899 Foderunt
475 860 574 897 ante
598 854 752 894 faeiem
774 865 916 893 meam
940 851 998 892 fo-

182 928 322 956 veam:
349 916 372 940 *
401 918 444 954 et
471 910 713 952 inciderunt
739 909 782 949 in
810 921 916 950 eam.

231 972 435 1012 Paratum
462 981 537 1009 cor
560 980 703 1008 meum
722 965 851 1014 Deus,
877 966 999 1017 parai-

181 1034 272 1070 tum
292 1039 367 1068 cor
386 1038 543 1066 meum:
562 1026 585 1050 *
609 1021 806 1070 cantabo,
827 1027 869 1063 et
889 1020 1000 1073 psal-

181 1097 298 1125 mum
327 1082 478 1124 dicam.

234 1141 430 1188 Exsurge
477 1136 615 1187 gloria
659 1148 771 1185 mea,
817 1136 1001 1184 exsurge

182 1195 434 1249 psalterium
457 1198 499 1235 et
519 1192 698 1234 cithara:
722 1194 745 1218 *
772 1193 1002 1240 exsurgam

183 1251 383 1294 diluculo.

235 1306 486 1350 Confitebor
519 1305 597 1347 tibi
631 1305 674 1345 in
710 1303 883 1357 p6pulis
916 1303 1002 1343 Do-

182 1366 310 1406 mine:
329 1366 351 1391 *
376 1369 420 1405 et
446 1361 659 1414 psalmum
688 1360 829 1402 dicam
855 1360 933 1402 tibi
961 1360 1003 1400 in

184 1420 410 1462 Gentibus:

236 1477 448 1527 Qudniam
474 1476 750 1526 magnificata
778 1480 844 1517 est
866 1486 1004 1526 usque

184 1534 239 1575 ad
260 1533 396 1575 coelos
414 1531 711 1575 misericordia
729 1538 814 1581 tua,
834 1534 857 1558 *
878 1536 920 1572 et
937 1543 1003 1571 us-

186 1603 269 1643 que
297 1589 353 1631 ad
381 1589 516 1631 nubes
544 1589 703 1630 veritas
731 1594 816 1630 tua.

237 1646 440 1687 Exaltzire
477 1658 607 1697 super
644 1644 781 1686 eoelos
815 1645 950 1685 Deus:
982 1645 1006 1671 *

187 1708 230 1744 et
248 1715 378 1754 super
394 1714 565 1743 omnem
582 1707 742 1743 terram
762 1700 900 1751 gldria
923 1705 1006 1741 tua.

243 1774 339 1813 Ant.
366 1770 575 1820 Quoniam
594 1770 636 1810 in
656 1775 700 1811 te
722 1769 901 1811 confidit
922 1770 1007 1810 eini—

187 1841 258 1868 ma
285 1840 391 1868 mea.

247 1895 341 1934 Ant.
370 1894 487 1932 Justa
514 1890 711 1943 judicate.

459 1972 653 2012 Psalmus
680 1972 744 2012 57.

260 2037 273 2078 i
311 2050 412 2078 vere
449 2036 598 2089 utique
635 2037 838 2087 justitiam
874 2038 1009 2091 loqui-

237 2150 245 2159 ·
292 2093 410 2134 mini:
432 2094 455 2120 *
474 2098 592 2134 recta
620 2092 805 2144 judicate
834 2094 909 2135 filii
936 2094 1010 2136 hn-

190 2163 362 2191 mmum.

243 2207 412 2247 Etenim
431 2207 473 2248 in
494 2205 626 2248 corde
643 2205 890 2258 iniquitates
911 2220 1011 2260 ope-

193 2263 358 2303 ramini:
377 2265 400 2290 *
420 2263 462 2304 in
479 2268 596 2304 terra
615 2261 840 2312 injustitias
861 2277 1012 2305 manus

194 2324 349 2360 vestrae
378 2321 648 2361 concinnant.

246 2374 431 2417 Alienati
460 2380 559 2416 sunt
587 2376 841 2427 peccatores
873 2388 897 2416 a
926 2376 1012 2417 vul-

195 2443 263 2479 va,
298 2434 546 2472 erraverunt
574 2430 628 2471 ab
661 2433 802 2471 utero:
830 2433 852 2457 *
880 2431 1013 2473 locuti

195 2492 294 2527 sunt
322 2486 438 2528 falsa.

245 2542 383 2584 Furor
422 2543 504 2584 illis
547 2544 785 2586 secundum
823 2544 1014 2586 similitu-

197 2598 340 2640 dinem
377 2602 604 2652 serpentis:
640 2603 663 2627 *
706 2601 816 2642 sieut
853 2600 1015 2652 aspidis

196 2654 350 2703 surdae,
379 2661 422 2696 et
450 2655 690 2699 obturantis
718 2670 846 2699 aures
875 2670 990 2697 suas:

249 2712 356 2760 Quae
377 2724 463 2752 non
486 2713 687 2755 exaudiet
702 2726 855 2755 vocem
874 2713 1015 2754 incan-

1047 282 1246 325 tantium:
1274 282 1298 307 *
1327 284 1370 321 et
1397 275 1582 319 venefici
1614 271 1877 315 meantAntis

1048 339 1279 391 sapienter.

1100 396 1221 437 Deus
1250 395 1450 435 comeret
1477 389 1632 431 dentes
1654 388 1806 428 e6rum
1833 384 1878 426 in

1050 465 1125 495 ore
1144 452 1356 504 ipserum:
1375 449 1397 474 *
1416 446 1556 488 molas
1580 444 1757 486 le6num
1777 455 1877 485 con-

1050 510 1207 559 fringet
1233 506 1458 548 DOminus.

1102 564 1174 607 Ad
1197 563 1378 605 nihilum
1404 559 1637 602 devenient
1654 562 1880 609 tamquam

1050 634 1164 675 aqua
1192 620 1445 662 decurrens:
1472 618 1495 644 *
1516 613 1703 659 intendit
1730 625 1880 655 arcum

1051 692 1177 720 suum
1205 676 1346 718 donec
1373 674 1654 716 infirmentur.

1102 735 1221 776 Sicut
1239 746 1349 782 cera,
1371 745 1468 784 quae
1489 730 1594 779 fluit,
1615 729 1882 771 auferentur:

1051 794 1074 819 *
1102 788 1392 844 supercecidit
1419 787 1545 839 ignis,
1578 790 1621 828 et
1647 799 1737 828 non
1764 784 1880 828 vide-

1052 853 1150 889 runt
1179 847 1327 889 solem.

1102 905 1363 955 Priusquam
1405 900 1697 951 intelligerent
1742 899 1881 953 spinae

1053 966 1210 1003 vestrae
1231 960 1473 1001 rhamnum:
1494 959 1518 985 *
1537 957 1649 999 sicut
1672 956 1881 1005 viventes,

1053 1019 1115 1060 sic
1142 1018 1185 1059 in
1213 1018 1276 1058 ira
1304 1015 1512 1058 absorbet
1541 1027 1628 1056 eos.

1104 1074 1346 1116 Laetzibitur
1362 1073 1498 1124 justus
1511 1084 1610 1113 cum
1624 1070 1784 1113 viderit
1793 1070 1882 1112 vin-

1055 1131 1229 1173 dictam:
1264 1133 1287 1157 *
1321 1142 1474 1170 manus
1508 1141 1610 1169 suas
1641 1126 1806 1170 lavabit
1839 1127 1884 1167 in

1055 1188 1263 1239 sanguine
1291 1185 1548 1240 peccatoris.

1109 1246 1164 1286 Et
1201 1244 1317 1286 dicet
1352 1243 1500 1285 homo:
1542 1242 1588 1284 Si
1623 1241 1777 1294 utique
1818 1244 1886 1282 est

1056 1303 1220 1343 fruetus
1253 1302 1382 1353 justo:
1417 1301 1440 1327 *
1475 1299 1627 1351 utique
1663 1302 1730 1340 est
1763 1297 1886 1339 Deus

1056 1358 1250 1411 judicans
1279 1371 1356 1399 eos
1383 1357 1427 1398 in
1453 1361 1582 1398 terra.

1327 1417 1523 1458 Psalmus
1551 1418 1618 1457 58.

1142 1472 1236 1524 ripe
1261 1483 1331 1512 me
1353 1470 1407 1512 de
1434 1469 1618 1511 inimicis
1641 1468 1751 1510 meis
1764 1467 1887 1510 Deus

1159 1541 1297 1569 meus:
1316 1529 1339 1555 *
1361 1531 1403 1568 et
1424 1526 1479 1568 ab
1499 1523 1824 1577 insurgentibus
1843 1524 1888 1565 in

1057 1598 1126 1627 me
1155 1585 1292 1626 libera
1318 1597 1400 1625 me.

1110 1642 1241 1695 Eripe
1285 1654 1355 1682 me
1393 1640 1448 1682 de
1490 1638 1777 1693 operantibus
1813 1637 1888 1679 ini-

1061 1699 1324 1751 quitatemz*
1343 1702 1386 1739 et
1414 1696 1469 1739 de
1497 1697 1601 1738 viris
1630 1694 1890 1746 sanguinum

1060 1755 1179 1796 salva
1205 1767 1287 1796 me.

1112 1812 1222 1861 Quia
1241 1824 1343 1852 ecce
1367 1813 1577 1863 ceperunt
1595 1809 1785 1851 animam
1801 1821 1889 1851 me-

1061 1882 1146 1909 am:
1174 1870 1197 1895 *
1224 1868 1440 1909 irruerunt
1467 1868 1512 1908 in
1538 1879 1609 1908 me
1637 1866 1786 1908 fortes.

1112 1924 1268 1977 Neque
1284 1924 1488 1976 iniquitas
1503 1936 1612 1973 mea,
1631 1935 1776 1975 neque
1791 1934 1890 1976 pec-

1062 1983 1207 2022 eatum
1234 1994 1379 2022 meum
1406 1981 1612 2022 Domine:
1643 1981 1666 2008 *
1695 1980 1788 2021 sine
1815 1978 1890 2020 ini-

1064 2038 1228 2090 quitate
1257 2038 1438 2087 cucurri,
1468 2042 1512 2079 et
1540 2037 1690 2079 direxi.

1115 2094 1312 2144 Exsurge
1339 2094 1383 2135 in
1411 2097 1643 2135 occursum
1670 2106 1828 2143 meum,
1849 2097 1892 2134 et

1063 2150 1179 2191 vide:
1207 2152 1230 2177 *
1251 2155 1293 2191 et
1320 2155 1368 2191 tu
1395 2150 1583 2192 D6mine
1611 2150 1733 2192 Deus
1761 2150 1892 2191 virtu-

1063 2212 1165 2257 tum,
1193 2207 1314 2248 Deus
1342 2207 1490 2257 Israel,

1116 2262 1298 2304 Intende
1349 2263 1405 2304 ad
1455 2263 1694 2305 visitandas
1741 2274 1893 2304 omnes

1066 2320 1247 2361 Gentes:
1266 2321 1289 2346 *
1308 2333 1396 2361 non
1413 2320 1661 2362 miserearis
1681 2318 1893 2368 Omnibus,

1067 2377 1140 2428 qui
1168 2378 1405 2428 operantur
1432 2377 1717 2429 iniquitatem.

1118 2433 1437 2474 Convertentur
1473 2433 1529 2476 ad
1565 2436 1811 2486 vesperam:
1851 2436 1895 2473 et

1066 2489 1224 2531 famem
1261 2488 1480 2539 patientur
1516 2494 1563 2531 ut
1603 2502 1750 2539 caneS‚
1791 2490 1815 2516 *
1852 2493 1896 2530 et

1067 2546 1308 2588 circuibunt
1335 2547 1566 2587 eivitAtem.

1118 2603 1233 2644 Ecce
1266 2603 1500 2655 loquentur
1536 2603 1691 2644 in'ore
1721 2615 1817 2652 suo,
1853 2606 1896 2643 et

1068 2658 1239 2708 gladius
1266 2660 1308 2700 in
1342 2658 1470 2700 labiis
1500 2661 1666 2700 e6rum:
1693 2662 1717 2687 *
1747 2658 1896 2712 quoni-

1069 2727 1139 2755 am
1168 2716 1263 2767 quis
1292 2714 1481 2756 audivit?
1833 2715 1836 2718 ’
