2066 2904
588 142 660 175 Die
684 142 714 175 7.
740 142 841 181 Maii.
890 142 923 175 S.
951 142 1134 176 Stam'slai
1163 142 1288 185 Episc.
1316 149 1350 176 ct
1377 143 1483 175 Mart.

185 237 307 280 ribus
340 236 577 286 distribuit,
617 236 721 278 vitae
760 236 1019 277 monasticae

186 293 417 336 desiderio.
443 292 532 336 Sed
550 293 635 335 Dei
652 291 931 346 providentia
950 305 1018 333 ca-

183 351 367 393 nonicus
391 349 705 398 Cracoviensis,
725 354 769 390 et
788 349 1018 390 conciona-

183 412 256 449 tor
284 407 425 450 factus
457 419 483 447 a
513 405 754 458 Lamperto
788 407 1018 458 episcopo,

183 464 229 505 in
253 465 344 516 eius
367 465 526 516 postea
544 463 709 512 locum,
738 462 938 514 quamvis
957 462 1018 502 in-

183 522 319 570 vitus,
352 519 577 561 sufficitur.
618 519 716 569 Quo
748 518 793 559 in
824 522 1017 568 munere,

185 576 379 618 omnium
396 575 686 629 pastoralium
700 575 912 617 virtutum
929 575 1017 616 lau-

184 631 257 683 de,
295 637 339 674 et
373 635 598 685 praecipue
634 630 938 674 misericordia
973 631 1018 672 in

182 692 403 742 pauperes
423 689 587 730 enituit.
681 696 689 705 ’

230 761 279 811 R.
312 757 410 799 Lux
433 759 648 810 perpetua
670 756 834 799 lucebit
853 758 1015 799 sanctis

182 815 268 856 tuis
292 814 495 863 Domine,
512 819 534 841 *
565 815 622 856 Et
654 814 877 856 aeternitas
909 816 1014 855 tem-

183 883 358 924 porum,
382 870 569 923 alleluja,
596 870 779 923 alleluja.
809 869 858 921 V.
886 870 1015 912 Laeti-

181 927 242 969 tia
279 927 547 980 sempiterna
584 927 665 969 erit
699 940 832 980 super
869 928 1015 980 capita

183 985 351 1025 eorum:
374 982 584 1034 gaudium
608 988 651 1025 et
674 983 1014 1026 exsultationem

183 1040 453 1082 obtinebunt.
480 1040 550 1083 Et.

485 1125 637 1165 Lectio
658 1139 695 1165 v.

174 1189 326 1294 Erat
343 1205 437 1241 tum
455 1199 652 1241 Poloniae
672 1212 751 1241 rex
770 1199 1013 1250 Boleslaus,

275 1269 407 1308 quem
438 1256 629 1306 graviter
661 1255 860 1306 offendit,
892 1256 1013 1308 quod

178 1312 294 1354 illius
318 1317 470 1354 notam
494 1311 720 1354 libidinem
744 1312 922 1365 publice
948 1326 1012 1354 ar-

179 1368 353 1419 guebat.
407 1369 552 1418 Quare
588 1369 632 1409 in
668 1369 853 1410 solemni
889 1371 1013 1420 regni

181 1427 400 1467 conventu
450 1425 714 1466 Stanislaum
765 1438 844 1477 per
898 1426 1012 1468 calu·

179 1481 343 1522 mniam
374 1481 419 1521 in
449 1480 657 1532 judicium
685 1493 835 1523 coram
862 1494 910 1523 se
938 1495 1012 1524 vo-

180 1537 270 1579 cari
289 1542 428 1587 curat,
453 1542 680 1589 tamquam
701 1551 864 1590 pagum
885 1551 1011 1581 occu-

177 1596 323 1646 paret,
344 1606 475 1646 quem
491 1594 705 1636 Ecclesiae
725 1607 817 1635 suae
836 1596 1011 1638 nomine

179 1652 411 1692 coemerat.
446 1650 577 1701 Quod
601 1663 702 1692 cum
724 1663 869 1703 neque
887 1651 1010 1694 tabu-

177 1706 231 1747 lis
254 1706 449 1759 probare
473 1711 644 1759 posset,
672 1712 717 1749 et
739 1712 877 1750 testes
902 1709 1010 1750 veri-

177 1764 316 1805 tatem
361 1762 508 1805 dicere
552 1763 774 1815 timerent,
820 1764 1012 1817 spondet

178 1821 430 1872 episcopus,
459 1833 507 1861 se
530 1820 710 1862 Petrum
734 1821 838 1874 pagi
863 1821 1010 1863 vendi-

176 1877 336 1925 torem,
370 1876 445 1928 qui
475 1876 663 1919 triennio
697 1882 797 1919 ante
829 1877 1011 1928 obierat,

177 1932 291 1974 intra
323 1931 418 1974 dies
448 1938 540 1975 tres
567 1933 613 1974 in
640 1933 847 1985 judicium
876 1933 1010 1976 addu-

178 1991 360 2030 cturum.
403 1989 668 2031 Conditione
696 2002 796 2031 cum
824 1991 915 2031 risu
942 2003 1010 2033 ac-

178 2046 323 2097 cepta,
349 2045 418 2086 vir
442 2045 527 2087 Dei
551 2051 648 2088 toto
670 2045 818 2088 triduo
843 2047 1010 2099 iejuniis

177 2106 221 2143 et
240 2101 428 2143 orationi
444 2102 672 2145 incumbit:
691 2103 791 2155 ipso
811 2103 1010 2155 sponsio-

175 2157 242 2199 nis
263 2156 351 2208 die,
369 2162 474 2210 post
493 2157 692 2201 oblatum
710 2159 860 2201 Missae
879 2160 1009 2201 sacri-

175 2213 342 2263 ficium,
373 2215 555 2257 Petrum
587 2228 611 2256 e
645 2215 883 2268 sepulchro
918 2220 1009 2258 sur-

174 2283 280 2322 gere
311 2270 445 2322 jubet:
483 2271 557 2323 qui
589 2271 736 2313 statim
769 2271 1010 2325 redivivus,

176 2328 435 2379 episcopum
489 2327 545 2369 ad
599 2328 767 2379 regium
818 2328 1010 2371 tribunal

176 2386 353 2424 euntem
386 2384 600 2435 sequitur,
640 2384 790 2437 ibique
829 2398 932 2437 rege
966 2390 1010 2427 et

175 2439 333 2480 ceteris
365 2442 546 2492 stupore
574 2441 787 2491 attonitiS‚
817 2441 872 2483 de
901 2454 1008 2493 agro

175 2506 200 2535 a
217 2506 266 2536 se
284 2494 482 2546 vendito,
509 2501 554 2538 et
579 2498 723 2549 pretio
746 2498 828 2539 rite
849 2497 933 2539 sibi
952 2498 1007 2540 ab

175 2552 389 2603 episcopo
425 2552 674 2604 persoluto,
708 2554 1009 2596 testimenium

176 2604 299 2656 dicit,
327 2612 460 2660 atque
478 2610 638 2651 iterum
655 2609 699 2650 in
717 2610 911 2651 Domino
933 2610 1007 2652 ob-

175 2660 393 2705 dormivit.

1837 134 1906 170 495

1118 240 1167 289 R.
1200 235 1251 275 In
1271 234 1411 275 servis
1427 234 1527 285 suis,
1548 233 1763 285 alleluja,*
1793 234 1903 275 Con-

1071 291 1287 333 solabitur
1314 291 1454 340 Deus,
1481 290 1665 342 alleluja.
1700 289 1748 341 V
1784 289 1903 332 Judi-

1071 347 1189 390 cabit
1205 348 1421 389 Dominus
1446 347 1662 400 populum
1689 360 1832 397 suum;
1862 352 1905 389 et

1070 405 1115 446 in
1134 405 1273 446 servis
1293 404 1392 446 suis.
1423 403 1743 445 Consolabitur.

1366 501 1519 541 Lectio
1540 502 1592 540 vi.

1147 580 1166 617 t
1191 574 1461 623 Boleslaum‚
1497 574 1658 616 frustra
1683 587 1805 627 saepe
1832 574 1904 616 ad-

1172 632 1397 680 monitum,
1419 631 1661 673 Stanislaus
1680 630 1859 673 tandem
1880 644 1905 672 a

1069 688 1265 730 fidelium
1292 687 1555 730 comunione
1580 689 1790 728 removet.
1823 687 1904 729 Ille

1068 744 1295 787 iracundia
1319 744 1484 794 furens,
1511 743 1673 785 milites
1698 743 1742 784 in
1766 744 1903 785 eccle-

1069 802 1180 842 siam
1204 801 1416 850 immittit,
1445 805 1493 842 ut
1513 805 1713 841 sanctum
1733 802 1903 852 episco-

1067 871 1174 910 pum
1212 857 1486 899 confodiant:
1524 856 1599 909 qui
1635 860 1703 897 ter
1740 857 1903 906 conati,

1068 914 1244 955 occulta
1263 913 1306 955 vi
1329 913 1460 954 tertio
1482 913 1691 954 divinitus
1712 917 1812 953 sunt
1832 912 1903 954 de-

1066 970 1194 1023 pulsi.
1230 971 1463 1012 Postremo
1483 970 1643 1022 impius
1662 982 1741 1011 rex
1762 982 1902 1011 sacer-

1067 1026 1219 1069 dotem
1238 1027 1338 1077 Dei,
1367 1026 1558 1068 hostiam
1576 1026 1904 1067 immaculatam

1067 1083 1123 1125 ad
1161 1084 1300 1125 altare
1338 1083 1614 1132 offerentem,
1660 1095 1739 1123 sua
1770 1095 1903 1123 manu

1066 1140 1316 1182 obtruncat:
1337 1152 1500 1192 corpus
1515 1138 1795 1180 membratim
1812 1151 1905 1179 con-

1066 1199 1224 1245 cisum,
1271 1201 1315 1238 et
1360 1193 1455 1249 per'
1476 1208 1607 1247 agros
1645 1196 1902 1248 projectum,

1066 1253 1226 1305 aquilae
1265 1267 1290 1294 a
1324 1253 1428 1294 feris
1464 1252 1722 1293 mirabiliter
1756 1251 1902 1292 defen-

1066 1309 1185 1351 dunt.
1221 1309 1328 1351 Mox
1357 1309 1558 1350 canonici
1587 1308 1902 1349 Cracovienses

1066 1379 1222 1418 sparsa
1240 1365 1453 1415 membra,
1479 1365 1682 1406 nocturni
1710 1365 1765 1405 de
1786 1364 1901 1405 coelo

1066 1422 1316 1474 splendoris
1330 1421 1493 1463 indicio
1509 1421 1732 1472 colligunt,
1751 1425 1795 1462 et
1813 1420 1902 1461 suis

1064 1478 1175 1520 locis
1203 1483 1307 1531 apte
1335 1477 1589 1531 disponunt:
1625 1490 1724 1529 quae
1753 1476 1901 1518 subito

1064 1535 1125 1577 ita
1143 1535 1257 1576 inter
1277 1548 1325 1577 se
1345 1535 1553 1587 copulata
1572 1539 1690 1584 sunt,
1716 1539 1764 1575 ut
1782 1533 1902 1574 nulla

1065 1592 1295 1634 vulnerum
1314 1592 1502 1642 vestigia
1522 1593 1757 1633 exstarent.
1792 1590 1901 1631 Mul-

1064 1649 1122 1690 tis
1164 1651 1382 1702 praeterea
1418 1648 1642 1690 miraculis
1681 1647 1797 1689 servi
1835 1647 1901 1688 sui

1065 1706 1344 1748 sanctitatem
1371 1706 1494 1748 Deus
1522 1705 1765 1747 declaravit
1796 1708 1902 1756 post

1065 1764 1156 1815 ejus
1175 1768 1378 1813 mortem;
1404 1762 1562 1815 quibus
1582 1763 1812 1814 permotus
1832 1761 1900 1800 In-

1063 1820 1293 1862 nocentius
1319 1823 1503 1871 quartus
1526 1819 1731 1860 Summus
1754 1817 1901 1858 Ponti-

1065 1876 1152 1926 fex,
1179 1876 1301 1917 illum
1325 1876 1369 1916 in
1395 1877 1647 1917 sanctorum
1670 1877 1901 1915 numerum

1063 1933 1225 1975 retulit.
1291 1933 1494 1975 Clemens
1540 1944 1647 1973 vero
1694 1932 1899 1980 octavus,

1062 1989 1267 2031 Pontifex
1286 1989 1515 2038 Maximus,
1535 1988 1675 2029 sancti
1693 1986 1900 2029 Stanislai

1062 2046 1177 2087 festo
1198 2046 1271 2087 die
1289 2046 1332 2086 in
1352 2047 1604 2087 Romanum
1623 2043 1899 2084 Breviarium

1063 2101 1221 2153 relato,
1271 2102 1454 2153 gloriosi
1491 2100 1701 2152 Martyris
1734 2101 1898 2140 memo-

1063 2158 1174 2200 riam
1205 2159 1372 2212 duplici
1401 2158 1559 2201 Officio
1592 2156 1756 2209 ubique
1787 2155 1896 2197 cele-

1062 2215 1182 2258 brari
1202 2217 1337 2269 jussit.

1119 2289 1169 2339 Rg.
1182 2285 1307 2327 Fssiae
1327 2285 1583 2328 Jerusalem.
1602 2284 1688 2337 [44]

1117 2361 1159 2394 ln
1183 2361 1245 2394 III.
1267 2361 1466 2395 Nocturna
1495 2360 1663 2393 Homilia
1692 2360 1727 2393 in
1752 2360 1897 2402 Evang.

1067 2409 1148 2452 Ego
1177 2418 1263 2443 sum
1289 2408 1382 2443 vitis
1406 2417 1511 2442 vera.
1546 2408 1591 2441 de
1623 2408 1757 2441 eodem
1786 2408 1897 2441 Com-

1065 2458 1169 2490 muni
1199 2458 1223 2490 l.
1250 2458 1346 2491 loeo.
1369 2455 1438 2498 [47]

1116 2517 1232 2560 Vesp.
1258 2518 1303 2552 dc
1331 2528 1436 2560 sequ.
1463 2527 1547 2551 cum
1574 2527 1707 2551 comm.
1731 2519 1897 2561 praeecd.
