2028 2892
620 196 721 229 Infra
747 193 1039 228 chdornadum
1068 192 1118 225 iii.
1144 191 1470 234 Quadragesimae.

199 287 403 329 tebantur
438 286 494 329 ad
531 286 778 328 Dominum.
827 285 884 326 Et
920 283 1021 325 ideo

200 343 476 397 aperiebatur
505 343 665 385 coelum
690 341 940 384 videntibus
968 353 1021 381 ae-

199 402 323 442 terna
350 404 395 441 et
421 399 566 441 divina
591 398 814 452 mysteria:
851 397 1022 439 claude-

199 456 343 506 bAtur,
363 461 407 498 et
426 456 563 498 fames
582 460 690 504 erat,
711 454 886 507 quando
905 452 1023 495 nulla

201 517 294 554 erat
313 512 631 564 cognoscendae
647 511 884 553 divinitatis
899 509 1023 552 uber-

200 574 278 610 tas.
325 569 412 611 Sed
439 569 494 611 de
518 569 604 610 hoc
628 569 799 621 plenius
824 567 1023 616 diximus,

201 638 299 667 cum
319 625 374 667 de
394 625 536 667 viduis
556 625 856 667 scriberemus.

253 704 304 754 R,
342 696 431 736 Iste
467 699 533 737 est
560 694 694 736 frater
726 698 872 735 vester
902 692 1023 733 mini-

200 764 313 801 mus,
339 751 395 793 de
415 764 502 804 quo
523 751 730 792 dixeratis
748 748 874 791 mihi?
902 750 1023 790 Deus

200 808 458 849 misereatur
481 807 577 857 tibi,
604 807 665 848 fili
689 807 759 847 mi.
782 813 805 837 *
830 806 1023 847 Festina-

201 867 351 916 vitque
370 865 414 905 in
434 864 623 914 domum,
644 868 687 905 et
699 863 903 916 ploravit:
924 862 1024 915 quia

202 920 488 974 erumpebant
511 920 720 970 lacrimae,
748 924 791 961 et
817 932 906 961 non
929 920 1024 972 pot-

203 982 295 1019 erat
313 991 360 1019 se
380 978 614 1019 continere.
642 979 693 1031 V,
717 976 935 1018 Attollens
955 989 1025 1017 au-

201 1039 292 1075 tem
309 1034 334 1075 J
337 1034 476 1087 oseph
494 1034 657 1084 oculos,
676 1033 784 1075 vidit
801 1032 1025 1085 Beniamin

203 1095 405 1132 stantem:
432 1095 476 1132 et
501 1092 723 1132 commeta
750 1094 851 1131 sunt
881 1089 1025 1130 emnia

202 1149 370 1188 viscera
395 1148 484 1199 ejus
511 1160 642 1200 super
664 1146 798 1188 fratre
821 1158 912 1187 suo.
947 1146 1025 1187 Fe-

203 1203 476 1256 stinavitque.

500 1296 652 1338 Lectio
672 1296 726 1336 iii.

281 1365 299 1402 t
323 1359 446 1401 multi
469 1359 633 1412 leprosi
659 1363 782 1400 erant
805 1359 850 1399 in
872 1357 1027 1399 Judaea

297 1416 569 1469 temporibus
606 1415 740 1456 Elisei
775 1414 1026 1468 Prophetae:

203 1479 247 1517 et
264 1486 393 1516 nemo
413 1475 565 1515 eerum
583 1472 817 1514 mundatus
837 1476 919 1522 est,
944 1471 1026 1512 nisi

201 1531 398 1573 Naaman
417 1530 561 1583 Syrus.
593 1528 830 1571 Evidenter
849 1528 921 1569 hic
940 1540 1026 1570 ser-

203 1601 275 1629 mo
296 1600 376 1629 nos
394 1587 572 1628 Demini
593 1586 794 1628 salutaris
812 1585 1026 1635 inf6rmat,

205 1650 248 1686 et
267 1643 324 1685 ad
342 1643 533 1685 studium
547 1642 809 1685 venerandae
829 1641 1026 1684 divinita-

204 1700 261 1742 tis
290 1700 502 1741 hortatur:
539 1699 657 1752 quod
688 1711 817 1740 nemo
849 1700 1027 1739 sanatus

205 1756 461 1806 ostenditur,
481 1761 524 1798 et
537 1756 749 1797 maculosi
763 1754 917 1797 morbo
934 1757 1027 1796 cer-

205 1813 327 1866 poris
346 1812 590 1862 absolutus,
617 1813 699 1853 nisi
725 1812 799 1864 qui
821 1811 1027 1862 religioso

207 1869 352 1911 officio
379 1869 547 1911 studuit
566 1869 749 1911 sanitati.
786 1868 889 1910 Non
914 1868 1028 1910 enim

207 1925 521 1968 dormientibus
541 1925 686 1967 divina
703 1925 930 1975 beneficia,
950 1925 1029 1967 sed

208 1981 542 2024 observantibus
585 1982 848 2024 deferuntur.
910 1982 1029 2023 Dixi-

207 2052 304 2081 mus
322 2039 367 2080 in
385 2038 497 2081 libro
518 2038 620 2088 alio,
645 2038 689 2079 in
708 2038 839 2080 vidua
857 2038 948 2088 illa,
974 2038 1030 2080 ad

209 2108 340 2149 quam
374 2095 493 2137 Elias
529 2094 720 2137 directus
757 2100 842 2145 est,
877 2101 1031 2148 typum

208 2152 417 2194 Ecclesiae
434 2154 719 2205 praemissum.
742 2151 937 2204 Populus
951 2152 1030 2193 Ec-

209 2209 386 2251 clesiam
414 2208 710 2260 congregavit,
746 2213 794 2250 ut
822 2210 1031 2260 sequatur

209 2265 398 2319 populus
418 2265 490 2307 ille
510 2278 564 2307 ex
584 2265 834 2315 alienigenis
854 2277 1031 2315 congre-

211 2324 348 2373 gatus.
379 2322 575 2375 Pepulus
599 2321 671 2363 ille
695 2326 797 2363 ante
821 2321 1032 2374 leprosus,

211 2379 401 2431 pepulus
414 2379 486 2420 ille
503 2383 604 2420 ante
618 2378 877 2428 maculosus⁷
896 2378 1033 2430 prius-

213 2447 343 2486 quam
367 2436 551 2488 mystico
574 2435 871 2488 baptizaretur
894 2434 937 2475 in
958 2435 1033 2476 flu-

212 2491 342 2532 mine:
379 2492 494 2533 idem
526 2497 629 2545 post
661 2492 933 2533 sacramenta
962 2491 1034 2533 ba-

212 2548 429 2599 ptismatis
445 2549 627 2590 maculis
648 2548 846 2600 corporis
861 2552 905 2589 et
919 2560 1035 2589 men-

214 2603 270 2645 tis
292 2603 477 2653 ablutus,
496 2606 579 2656 jam
600 2618 687 2647 non
707 2605 839 2657 lepra,
863 2604 942 2646 sed
961 2605 1035 2645 im-

214 2660 429 2703 maculata
474 2662 596 2712 virgo
635 2662 771 2715 coepit
812 2673 909 2702 esse
944 2661 1036 2703 sine

214 2729 332 2767 ruga.

1127 287 1178 338 Rp.
1201 282 1324 324 Dixit
1343 283 1367 324 J
1370 282 1510 335 oseph
1532 281 1737 324 undecim
1760 281 1900 324 fratri-

1073 339 1156 381 bus
1183 339 1288 382 suis:
1319 339 1415 391 Ego
1441 352 1537 380 sum
1561 338 1745 391 Joseph,
1771 351 1902 391 quem

1074 395 1333 437 vendidistis
1371 396 1415 437 in
1451 396 1709 448 AEgyptum:
1757 394 1902 438 adhuc

1074 453 1181 494 vivit
1205 457 1332 505 pater
1356 457 1506 494 noster
1533 451 1695 502 senior,
1729 451 1786 494 de
1813 464 1900 505 quo

1075 508 1284 551 dixeratis
1303 508 1430 550 mihi?
1445 512 1468 536 *
1482 509 1560 559 Ite,
1579 507 1785 551 adducite
1803 521 1902 551 eum

1075 565 1132 607 ad
1149 578 1236 616 me,
1263 570 1312 608 ut
1334 566 1476 619 possit
1500 567 1659 607 vivere.
1698 560 1750 615 V.
1774 565 1900 607 Bien-

1075 622 1194 664 nium
1214 622 1327 664 enim
1347 627 1413 664 est
1434 621 1556 674 quod
1574 621 1710 675 coepit
1729 634 1825 664 esse
1843 622 1901 663 fa-

1075 692 1168 721 mes
1183 679 1226 720 in
1240 684 1370 721 terra:
1391 683 1434 720 et
1453 678 1597 720 adhuc
1616 682 1784 721 restant
1801 679 1903 720 anni

1078 737 1287 789 quinque,
1313 735 1470 788 quibus
1492 747 1574 777 nec
1593 735 1707 776 arari
1728 735 1903 789 peterit,

1076 806 1158 836 nec
1175 793 1292 835 meti.
1319 793 1397 834 Ite.
1425 792 1577 836 Gloria
1594 791 1726 834 Patri.
1752 792 1832 834 Ite.

1132 880 1204 921 Ad
1222 878 1384 920 ‘Bened
1417 878 1518 918 Ant.
1550 876 1691 917 Amen
1709 874 1810 917 dico
1829 887 1903 917 vo-

1076 934 1162 983 bis,
1191 933 1215 959 *
1247 932 1347 985 quia
1374 944 1503 973 nemo
1537 930 1756 985 propheta
1783 933 1904 974 acce-

1077 995 1180 1044 ptus
1199 994 1267 1031 est
1284 990 1329 1030 in
1347 988 1493 1041 patria
1511 1001 1601 1030 sua.

1410 1086 1574 1129 Oratio.

1153 1154 1332 1197 ordibus
1350 1154 1529 1206 nostris,
1549 1156 1800 1207 quaesumus
1817 1155 1906 1197 De-

1162 1212 1292 1262 mine,
1323 1211 1511 1263 gratiam
1541 1216 1662 1254 tuam
1691 1211 1906 1263 benignus

1078 1268 1273 1311 infunde:
1297 1273 1346 1310 ut
1371 1268 1484 1310 sicut
1506 1268 1562 1311 ab
1589 1268 1701 1311 escis
1727 1268 1906 1310 carnali-

1078 1326 1162 1368 bus
1195 1325 1479 1377 abstinemus3
1519 1325 1581 1367 ita
1613 1338 1768 1367 sensus
1801 1338 1906 1379 quo-

1081 1396 1165 1436 que
1197 1387 1373 1424 nostros
1406 1395 1431 1424 a
1461 1382 1605 1424 noxiis
1632 1381 1907 1424 retrahamus

1080 1439 1344 1482 excessibus.
1371 1440 1456 1482 Per
1473 1439 1721 1481 Deminum.

1133 1518 1262 1552 Hodie
1288 1516 1429 1551 dicitur
1452 1515 1558 1550 Offie.
1584 1514 1761 1549 Defunct.

1132 1582 1205 1624 Ad
1239 1581 1413 1633 Magnis.
1454 1582 1555 1621 Ant.
1602 1579 1730 1621 Jesus
1762 1582 1909 1621 autem

1080 1638 1298 1737 ffagnsiens
1331 1637 1355 1663 *
1387 1648 1469 1689 per
1504 1635 1698 1677 medium
1733 1634 1910 1676 illerum

1416 1780 1581 1821 Oratio.

1084 1846 1358 1954 Subveniat
1380 1846 1509 1888 nobis
1531 1845 1722 1887 Domine
1745 1844 1909 1888 miseri-

1160 1904 1312 1947 cordia
1330 1909 1422 1946 tua:
1441 1908 1490 1945 ut
1510 1902 1564 1945 ab
1584 1901 1910 1945 imminentibus

1081 1964 1366 2017 peccaterum
1409 1961 1662 2002 nostrerum
1701 1958 1910 2012 periculis

1082 2026 1126 2063 te
1152 2021 1399 2062 mereamur
1426 2018 1685 2070 protegente
1713 2015 1838 2069 eripi,
1865 2020 1910 2058 te

1082 2077 1296 2119 liberante
1316 2074 1487 2117 salvari.
1513 2073 1599 2115 Per
1617 2073 1865 2115 Deminum.

1272 2226 1456 2263 Feria
1493 2224 1729 2262 Tertia.

1087 2293 1238 2335 Lectio
1263 2291 1403 2333 sancti
1420 2289 1648 2341 Evangelii
1672 2288 1912 2331 secundum

1365 2346 1633 2389 Matthaeum.

1168 2424 1317 2464 Lectio
1340 2425 1362 2463 i.
1597 2424 1699 2475 Cap.
1719 2424 1776 2463 18.
1796 2422 1834 2464 b.

1086 2489 1163 2595 In
1181 2492 1256 2558 illo
1275 2494 1490 2556 tempore:
1507 2490 1632 2532 Dixit
1645 2490 1670 2531 J
1673 2502 1772 2555 esus
1787 2489 1912 2554 disci-

1160 2549 1274 2602 pulis
1303 2562 1406 2590 suls:
1437 2548 1483 2589 S1
1514 2548 1764 2600 peccaverit
1793 2560 1837 2587 111
1868 2550 1913 2588 te

1088 2606 1223 2648 frater
1247 2610 1365 2655 tuus,
1392 2603 1522 2654 vade,
1549 2608 1593 2645 et
1615 2603 1788 2656 cerripe
1814 2615 1914 2645 eum

1089 2662 1201 2705 inter
1228 2668 1274 2705 te
1302 2666 1345 2704 et
1373 2661 1520 2714 ipsum
1547 2659 1702 2702 solum.
1737 2659 1795 2702 Et
1818 2659 1914 2702 reli·

1091 2732 1187 2771 qua.
