2028 2892
525 165 593 198 Die
618 167 650 198 Η.
675 164 782 197 Febr.
830 165 863 196 S.
890 163 1052 196 Jounnis
1079 162 1124 196 de
1152 162 1278 195 Mutliu
1305 162 1412 195 (lons.

122 271 283 312 eorpus
311 257 603 311 quinquennio
626 261 861 309 postquam
881 269 943 297 se-

121 315 292 368 pultum
310 315 460 363 fuerat,
478 316 694 365 integrum
711 315 944 366 repertum,

121 371 323 413 Fabriani
340 371 384 412 in
403 370 586 412 ecclesia
605 370 672 411 sui
691 370 854 411 ordinis
869 369 944 410 ho-

121 427 300 470 norifice
320 426 542 468 conditum
561 432 638 468 est.

173 488 221 539 152.
248 485 336 525 Iste
354 483 498 525 homo.
517 483 601 536 [89]

171 548 212 581 In
234 547 297 580 III.
315 547 512 580 Nocturno
538 546 705 580 Ilomilia
733 546 769 579 in
797 546 938 585 Evam.

117 596 218 629 Ecce
260 603 332 628 nos
374 592 608 636 reliquimus.
648 595 694 628 de
738 594 937 628 Communi

118 644 312 677 Abbatum
341 644 365 677 l.
392 644 486 677 loco.
527 639 598 684 [97]

173 692 302 725 Lectio
323 692 370 725 ix.
394 692 439 725 de
458 691 627 733 Homilia
654 691 775 724 Ferize
796 700 938 723 occurs.

118 745 153 773 et
179 740 224 773 de
251 751 294 773 ea
321 740 359 772 fit
383 749 577 773 commem.
604 739 641 772 in
670 739 784 772 Laud.

171 787 284 831 Vcsp.
309 798 328 821 u
347 787 470 831 Capit.
496 787 542 821 de
568 797 672 830 sequ.
698 797 781 820 cum
807 796 939 820 comm.

119 836 280 878 praeced.
307 840 343 869 et
367 835 498 869 Fcriae.

334 923 416 964 Die
436 924 473 964 8.
492 923 728 964 Februarii.

177 988 221 1028 S.
247 987 457 1029 Joannis
481 988 542 1028 de
567 987 744 1029 Matha
771 988 889 1027 (lons.

447 1053 610 1097 Duplex.

169 1109 303 1143 Omnia
337 1109 382 1143 de
413 1111 557 1143 (jomm.
588 1110 695 1143 Cous.
727 1119 800 1142 non
835 1108 940 1142 Pont.

121 1154 194 1198 [84]
216 1163 356 1200 praeter
380 1168 484 1200 sequ.
508 1155 567 1196 (m.
591 1159 614 1189 t.
639 1156 687 1195 V.)

454 1210 616 1250 Oratio.

118 1261 296 1366 Deus,
323 1263 397 1314 qui
414 1275 494 1315 per
513 1268 710 1304 sanctum
728 1264 753 1304 J
755 1266 942 1305 oannem

222 1318 421 1360 o‘rdinem
448 1320 733 1361 sanctissimae
758 1320 941 1361 Trinita-

118 1375 174 1416 tis
211 1373 267 1416 ad
303 1374 604 1417 redimendum
636 1375 691 1417 de
723 1379 942 1428 potestate

118 1432 433 1473 Saracenorum
459 1434 659 1484 captivos
686 1432 858 1474 coelitus
883 1433 942 1473 in-

119 1488 298 1530 stituere
324 1487 526 1538 dignatus
547 1501 611 1530 es:
638 1494 801 1541 praesta
827 1491 942 1541 quae-

118 1557 281 1593 sumus3
306 1548 369 1594 ut,
390 1545 480 1595 ejus
499 1543 836 1595 suffragantibus
856 1547 942 1586 me-

118 1600 226 1650 ritis,
251 1613 277 1641 a
300 1601 552 1653 captivitate
571 1601 769 1653 cerporis
791 1606 835 1643 et
855 1602 942 1642 ani—

118 1669 218 1706 mae,
241 1661 285 1698 te
305 1656 550 1708 adjuvante,
578 1656 823 1698 liberemur.
859 1658 942 1699 Per

117 1713 353 1754 Deminum
373 1718 581 1755 nostrum.

127 1819 130 1822 ,
174 1777 220 1811 Et
244 1778 284 1811 fit
308 1787 503 1811 commem.
529 1777 691 1821 praeced.

171 1829 269 1869 Ant.
291 1826 374 1868 Hic
389 1826 454 1867 vir
473 1825 718 1879 despiciens
733 1826 942 1869 mundum

120 1887 163 1924 et
198 1884 387 1932 terrena,
432 1882 722 1935 triumphans,
768 1884 941 1926 divitias

120 1938 232 1979 coelo
253 1938 449 1980 cendidit
468 1951 554 1988 ore,
574 1951 714 1980 manu.

174 1992 222 2043 V.
240 1995 264 2035 J
265 1999 411 2036 ustum
429 1994 611 2036 deduxit
628 1996 843 2037 Deminus
863 2010 942 2049 per

119 2051 210 2092 vias
229 2055 382 2092 rectas.
422 2056 470 2107 Rg.
493 2051 550 2092 Et
575 2051 767 2093 ostendit
790 2052 851 2093 illi
876 2066 940 2095 re-

118 2121 250 2159 gnum
268 2107 362 2148 Dei.

173 2166 321 2207 Oratio
343 2172 388 2207 ut
409 2180 538 2218 supra
558 2163 651 2204 374.

174 2226 320 2260 Deinde
345 2228 539 2261 commem.
564 2228 696 2262 Fer-ize.

172 2276 213 2309 ln
230 2277 255 2310 Ι.
270 2278 477 2312 Nocturno.
497 2279 697 2312 Lectiones
717 2279 856 2313 Beatus
872 2278 941 2312 vir.

122 2324 167 2357 de
194 2325 327 2359 codem
353 2326 552 2360 Communi
578 2327 606 2359 2.
633 2327 728 2360 loco.
753 2325 823 2368 [94]

351 2392 399 2430 In
418 2392 467 2430 ΙΙ.
487 2392 708 2431 Noeturno.

423 2456 569 2497 LCCtiO
593 2457 642 2496 ῑΥ.

125 2516 160 2564 lv1:13
198 2511 392 2551 oannes
413 2510 467 2551 de
487 2510 647 2560 Matha,
667 2511 830 2552 Ordinis
850 2524 942 2552 san-

125 2565 161 2616 ..J‘
190 2563 225 2623 β]
247 2567 450 2608 ctissimae
491 2567 716 2608 Trinitatis
758 2566 942 2608 Redem-

185 2626 192 2632 ’
246 2622 408 2673 ptionis
450 2623 734 2675 Captivorum
775 2624 942 2664 institu-

122 2681 208 2723 tor,
250 2677 438 2719 FalcOne
474 2679 516 2719 in
551 2679 781 2720 Provincia
816 2683 942 2720 natus

997 260 1064 297 est
1084 255 1336 308 parentibus
1355 257 1518 308 pietate
1538 262 1581 298 et
1596 257 1822 300 nobilitate

997 313 1254 365 conspicuis.
1269 312 1522 354 Studiorum
1533 327 1663 355 causa
1671 315 1823 367 Aquas

996 369 1182 418 SextiaS,
1221 381 1325 410 mox
1356 370 1549 411 Parisios
1582 371 1822 423 profectuS,

997 425 1287 477 confectoque
1319 425 1555 477 theologiae
1589 428 1822 478 curriculo,

996 482 1235 533 magisterii
1270 482 1464 524 lauream
1501 483 1704 536 adeptus,
1748 484 1821 526 do-

997 541 1148 580 ctrinae
1174 544 1217 580 et
1242 539 1451 580 virtutum
1476 539 1712 592 splendere
1738 544 1822 582 eni-

995 596 1089 637 tuit.
1118 595 1285 645 Quibus
1303 601 1450 637 motus
1466 597 1720 638 Parisiensis
1736 598 1821 638 An-

995 654 1131 701 tisteS,
1151 651 1207 693 ad
1224 665 1396 693 sacrum
1411 652 1741 705 presbyteratus
1757 656 1822 695 er-

996 707 1142 749 dinem
1161 721 1253 760 prae
1274 708 1517 750 humilitate
1536 710 1823 765 reluctantem

996 765 1235 816 promevit,
1262 777 1315 806 eo
1341 765 1541 815 consilio,
1567 771 1615 807 ut
1635 767 1678 807 in
1698 779 1749 807 ea
1769 767 1823 807 ei-

996 821 1131 863 vitate
1175 823 1467 871 cemmorans,
1521 823 1736 875 sapientia
1781 829 1824 864 et

995 877 1190 919 moribus
1225 877 1437 919 studiesae
1469 880 1680 930 juventuti
1712 893 1822 932 prae-

996 934 1171 975 luceret.
1227 935 1334 975 Cum
1381 940 1526 976 autem
1571 936 1615 975 in
1661 936 1822 977 sacello

997 990 1192 1042 ejusdem
1220 992 1437 1044 episcopi,
1475 992 1572 1044 ipso
1603 1005 1700 1033 cum
1729 992 1824 1033 aliis

996 1049 1183 1097 astante,
1213 1048 1401 1100 primum
1429 1048 1525 1089 Deo
1553 1048 1734 1090 Sacrum
1763 1049 1822 1090 of-

995 1103 1145 1153 ferret,
1181 1103 1351 1145 coelesti
1386 1104 1536 1145 favore
1569 1105 1728 1146 meruit
1760 1118 1823 1146 re-

997 1161 1144 1201 creari.
1187 1161 1301 1202 Nam
1334 1160 1529 1212 Angelus
1562 1160 1749 1203 candida
1781 1167 1825 1203 et

995 1217 1177 1268 fulgenti
1205 1223 1327 1259 veste
1354 1217 1550 1267 indutus,
1584 1218 1653 1259 cui
1681 1218 1724 1258 in
1751 1220 1823 1271 pe-

995 1278 1117 1315 ctore
1137 1287 1243 1315 crux
1264 1274 1388 1316 rubei
1408 1279 1451 1315 et
1470 1274 1646 1316 caerulei
1662 1274 1823 1316 coleris

996 1333 1145 1371 assuta
1165 1336 1268 1379 erat,
1287 1330 1479 1372 brachiis
1500 1331 1760 1380 cancellatis,
1780 1336 1824 1372 et

996 1399 1127 1438 super
1152 1387 1263 1428 duos
1289 1389 1487 1439 captivos
1512 1387 1569 1428 ad
1588 1387 1727 1428 latera
1746 1390 1822 1439 po-

996 1442 1118 1491 sitos,
1144 1442 1437 1484 Christianum
1464 1456 1611 1493 unum,
1638 1443 1822 1485 alterum

995 1499 1209 1548 Maurum,
1236 1500 1444 1549 extensis,
1468 1499 1684 1552 apparuit.
1727 1501 1822 1550 Qua

995 1555 1162 1597 visiene
1186 1556 1228 1596 in
1255 1556 1439 1597 extasim
1464 1562 1632 1608 raptus,
1657 1556 1821 1598 intelle-

995 1612 1058 1653 xit
1089 1612 1291 1664 protinus
1325 1613 1391 1653 vir
1421 1613 1520 1661 Dei,
1558 1626 1605 1654 se
1638 1613 1694 1654 ad
1726 1612 1821 1654 red-

994 1667 1194 1710 imendos
1235 1668 1290 1710 ab
1331 1668 1580 1710 infidelibus
1622 1671 1821 1721 captivos

995 1723 1214 1766 destinari.

1051 1784 1099 1835 Rg.
1129 1782 1376 1823 Honestum
1402 1782 1504 1823 fecit
1527 1781 1648 1823 illum
1673 1781 1821 1822 Demi-

994 1850 1086 1887 nus,
1113 1843 1156 1878 et
1175 1837 1413 1879 custodivit
1433 1851 1532 1879 eum
1550 1838 1605 1880 ab
1625 1838 1821 1887 inimicis,

995 1898 1038 1934 et
1065 1907 1091 1935 a
1118 1893 1425 1936 seducteribus
1451 1895 1610 1936 tutavit
1636 1894 1771 1935 illum:
1799 1897 1820 1917 *

994 1950 1050 1991 Et
1083 1949 1206 1992 dedit
1237 1950 1298 1991 illi
1330 1950 1574 1992 claritatem
1602 1953 1820 1992 aeternam.

998 2003 1047 2053 V.
1076 2007 1249 2048 Justum
1282 2005 1464 2049 dednxit
1491 2007 1706 2049 Deminus
1739 2019 1819 2058 per

994 2062 1086 2103 vias
1106 2068 1264 2113 rectas,
1284 2068 1328 2105 et
1349 2064 1540 2106 ostendit
1558 2064 1620 2104 illi
1639 2075 1820 2113 regnum

993 2118 1087 2160 Dei.
1114 2119 1171 2160 Et
1190 2119 1321 2161 dedit.

1307 2175 1457 2215 Lectio
1481 2189 1514 2213 v.

1084 2245 1141 2273 uo
1173 2245 1278 2274 vero
1313 2232 1524 2273 maturius
1556 2232 1600 2271 in
1632 2244 1678 2272 re
1709 2232 1819 2273 tanti

1097 2289 1308 2330 momenti
1340 2287 1618 2341 procederet,
1649 2287 1692 2327 in
1721 2287 1818 2329 soli-

994 2342 1190 2385 tudinem
1234 2345 1432 2393 secessit,
1477 2343 1625 2395 ibique
1671 2342 1818 2385 divino

994 2405 1103 2441 nutu
1122 2400 1285 2442 factum
1310 2405 1393 2449 est,
1417 2404 1463 2441 ut
1482 2399 1672 2440 Felicem
1690 2399 1819 2441 Vale-

995 2456 1106 2497 sium
1131 2457 1175 2497 in
1198 2457 1294 2509 ipsa
1314 2458 1460 2498 eremo
1479 2456 1563 2507 jam
1581 2455 1729 2496 multis
1748 2469 1818 2497 an-

994 2512 1062 2552 nis
1088 2512 1319 2563 degentem
1344 2511 1569 2564 repererit:
1602 2525 1701 2552 cum
1731 2525 1818 2564 quo

994 2569 1099 2609 inita
1118 2570 1339 2617 societate,
1361 2580 1408 2608 se
1427 2580 1506 2619 per
1523 2567 1755 2608 triennium
1775 2568 1819 2608 in

996 2625 1211 2674 orati6ne,
1257 2629 1300 2665 et
1344 2623 1729 2675 contemplatione,
1775 2637 1818 2666 0-

994 2681 1246 2732 mniumque
1278 2679 1487 2721 virtutum
1519 2679 1666 2721 studio
1699 2682 1818 2721 exer-
