<?xml version="1.0" encoding="UTF-8"?>
<!DOCTYPE html PUBLIC "-//W3C//DTD XHTML 1.0 Transitional//EN"
    "http://www.w3.org/TR/xhtml1/DTD/xhtml1-transitional.dtd">
<html xmlns="http://www.w3.org/1999/xhtml" xml:lang="en" lang="en">
 <head>
  <title>
</title>
<meta http-equiv="Content-Type" content="text/html;charset=utf-8" />
  <meta name='ocr-system' content='tesseract 3.04.00' />
  <meta name='ocr-capabilities' content='ocr_page ocr_carea ocr_par ocr_line ocrx_word'/>
</head>
<body>
  <div class='ocr_page' id='page_1' title='image "./p2breviariumroma00cathuoft_0945.png"; bbox 0 0 2066 2956; ppageno 0'>
   <div class='ocr_carea' id='block_1_1' title="bbox 522 231 1476 278">
    <p class='ocr_par' dir='ltr' id='par_1_1' title="bbox 522 231 1476 278">
     <span class='ocr_line' id='line_1_1' title="bbox 522 231 1476 278; baseline 0.006 -13"><span class='ocrx_word' id='word_1_1' title='bbox 522 231 593 265; x_wconf 80' lang='lat' dir='ltr'>Die</span> <span class='ocrx_word' id='word_1_2' title='bbox 621 232 668 265; x_wconf 71' lang='lat'>16.</span> <span class='ocrx_word' id='word_1_3' title='bbox 694 232 792 273; x_wconf 80' lang='lat' dir='ltr'>Maii.</span> <span class='ocrx_word' id='word_1_4' title='bbox 835 235 869 267; x_wconf 69' lang='lat' dir='ltr'>S.</span> <span class='ocrx_word' id='word_1_5' title='bbox 895 234 1058 268; x_wconf 53' lang='lat' dir='ltr'>&lt;Ioannis</span> <span class='ocrx_word' id='word_1_6' title='bbox 1084 235 1343 278; x_wconf 74' lang='lat' dir='ltr'>Ncpomuceni</span> <span class='ocrx_word' id='word_1_7' title='bbox 1371 238 1476 272; x_wconf 74' lang='lat' dir='ltr'>Mart.</span> 
     </span>
    </p>
   </div>
   <div class='ocr_carea' id='block_1_2' title="bbox 1759 237 1850 281">
    <p class='ocr_par' dir='ltr' id='par_1_2' title="bbox 1759 237 1850 281">
     <span class='ocr_line' id='line_1_2' title="bbox 1759 237 1850 281; baseline -0.011 0"><span class='ocrx_word' id='word_1_8' title='bbox 1759 237 1850 281; x_wconf 83' lang='lat'><strong>[373]</strong></span> 
     </span>
    </p>
   </div>
   <div class='ocr_carea' id='block_1_3' title="bbox 146 291 1851 308">
    <p class='ocr_par' dir='ltr' id='par_1_3' title="bbox 146 291 1851 308">
     <span class='ocr_line' id='line_1_3' title="bbox 146 291 1851 308; baseline 0 2648"><span class='ocrx_word' id='word_1_9' title='bbox 146 291 1851 308; x_wconf 95' lang='lat' dir='ltr'> </span> 
     </span>
    </p>
   </div>
   <div class='ocr_carea' id='block_1_4' title="bbox 150 330 975 496">
    <p class='ocr_par' dir='ltr' id='par_1_4' title="bbox 150 330 975 496">
     <span class='ocr_line' id='line_1_4' title="bbox 150 330 975 383; baseline 0.001 -11"><span class='ocrx_word' id='word_1_10' title='bbox 150 330 237 372; x_wconf 91' lang='lat' dir='ltr'>Ubi</span> <span class='ocrx_word' id='word_1_11' title='bbox 256 331 369 372; x_wconf 90' lang='lat' dir='ltr'>enim</span> <span class='ocrx_word' id='word_1_12' title='bbox 388 331 587 372; x_wconf 86' lang='lat' dir='ltr'>exanime</span> <span class='ocrx_word' id='word_1_13' title='bbox 607 343 766 383; x_wconf 92' lang='lat' dir='ltr'>corpus</span> <span class='ocrx_word' id='word_1_14' title='bbox 782 331 975 373; x_wconf 76' lang='lat' dir='ltr'>secundo</span> 
     </span>
     <span class='ocr_line' id='line_1_5' title="bbox 152 387 975 440; baseline 0.001 -12"><span class='ocrx_word' id='word_1_15' title='bbox 152 387 330 430; x_wconf 83' lang='lat' dir='ltr'>flumine</span> <span class='ocrx_word' id='word_1_16' title='bbox 349 387 450 429; x_wconf 89' lang='lat' dir='ltr'>vehi</span> <span class='ocrx_word' id='word_1_17' title='bbox 470 388 617 440; x_wconf 88' lang='lat' dir='ltr'>coepit,</span> <span class='ocrx_word' id='word_1_18' title='bbox 637 388 839 430; x_wconf 87' lang='lat' dir='ltr'>ardentes</span> <span class='ocrx_word' id='word_1_19' title='bbox 858 388 975 430; x_wconf 89' lang='lat' dir='ltr'>faces</span> 
     </span>
     <span class='ocr_line' id='line_1_6' title="bbox 152 444 974 496; baseline 0 -11"><span class='ocrx_word' id='word_1_20' title='bbox 152 444 277 496; x_wconf 89' lang='lat' dir='ltr'>aquis</span> <span class='ocrx_word' id='word_1_21' title='bbox 301 446 635 496; x_wconf 68' lang='lat' dir='ltr'>supernatantes</span> <span class='ocrx_word' id='word_1_22' title='bbox 666 449 709 485; x_wconf 93' lang='lat' dir='ltr'>et</span> <span class='ocrx_word' id='word_1_23' title='bbox 734 444 974 486; x_wconf 90' lang='lat' dir='ltr'>discurren-</span> 
     </span>
    </p>
   </div>
   <div class='ocr_carea' id='block_1_5' title="bbox 150 500 1086 562">
    <p class='ocr_par' dir='ltr' id='par_1_5' title="bbox 150 500 1086 562">
     <span class='ocr_line' id='line_1_7' title="bbox 150 500 1086 562; baseline 0.003 -21"><span class='ocrx_word' id='word_1_24' title='bbox 150 505 217 541; x_wconf 91' lang='lat' dir='ltr'>tes</span> <span class='ocrx_word' id='word_1_25' title='bbox 245 502 551 553; x_wconf 88' lang='lat' dir='ltr'>apparuerunt.</span> <span class='ocrx_word' id='word_1_26' title='bbox 599 500 894 550; x_wconf 90' lang='lat' dir='ltr'>Quamobrem</span> <span class='ocrx_word' id='word_1_27' title='bbox 922 514 976 542; x_wconf 84' lang='lat' dir='ltr'>ex</span> <span class='ocrx_word' id='word_1_28' title='bbox 1041 540 1042 562; x_wconf 60' lang='lat'>÷</span> <span class='ocrx_word' id='word_1_29' title='bbox 1065 517 1086 551; x_wconf 41' lang='lat' dir='ltr'>{a</span> 
     </span>
    </p>
   </div>
   <div class='ocr_carea' id='block_1_6' title="bbox 148 556 977 2197">
    <p class='ocr_par' dir='ltr' id='par_1_6' title="bbox 148 556 977 2197">
     <span class='ocr_line' id='line_1_8' title="bbox 152 556 974 610; baseline 0.001 -13"><span class='ocrx_word' id='word_1_30' title='bbox 152 558 283 598; x_wconf 89' lang='lat' dir='ltr'>arena</span> <span class='ocrx_word' id='word_1_31' title='bbox 310 556 524 609; x_wconf 81' lang='lat' dir='ltr'>postridie</span> <span class='ocrx_word' id='word_1_32' title='bbox 551 570 678 598; x_wconf 88' lang='lat' dir='ltr'>mane</span> <span class='ocrx_word' id='word_1_33' title='bbox 704 570 865 610; x_wconf 94' lang='lat' dir='ltr'>corpus</span> <span class='ocrx_word' id='word_1_34' title='bbox 891 557 974 599; x_wconf 89' lang='lat' dir='ltr'>ela-</span> 
     </span>
     <span class='ocr_line' id='line_1_9' title="bbox 150 613 975 664; baseline 0.001 -11"><span class='ocrx_word' id='word_1_35' title='bbox 150 616 260 662; x_wconf 88' lang='lat' dir='ltr'>tum,</span> <span class='ocrx_word' id='word_1_36' title='bbox 293 613 491 654; x_wconf 87' lang='lat' dir='ltr'>canonici</span> <span class='ocrx_word' id='word_1_37' title='bbox 520 613 693 663; x_wconf 89' lang='lat' dir='ltr'>deinde,</span> <span class='ocrx_word' id='word_1_38' title='bbox 725 614 839 664; x_wconf 88' lang='lat' dir='ltr'>regis</span> <span class='ocrx_word' id='word_1_39' title='bbox 867 614 975 655; x_wconf 89' lang='lat' dir='ltr'>iram</span> 
     </span>
     <span class='ocr_line' id='line_1_10' title="bbox 149 668 976 723; baseline 0.002 -14"><span class='ocrx_word' id='word_1_40' title='bbox 149 668 255 709; x_wconf 87' lang='lat' dir='ltr'>nihil</span> <span class='ocrx_word' id='word_1_41' title='bbox 277 669 497 719; x_wconf 88' lang='lat' dir='ltr'>timentes,</span> <span class='ocrx_word' id='word_1_42' title='bbox 525 670 569 710; x_wconf 91' lang='lat' dir='ltr'>in</span> <span class='ocrx_word' id='word_1_43' title='bbox 592 670 976 723; x_wconf 61' lang='lat' dir='ltr'>metropolitanam</span> 
     </span>
     <span class='ocr_line' id='line_1_11' title="bbox 151 725 975 779; baseline 0.002 -13"><span class='ocrx_word' id='word_1_44' title='bbox 151 725 381 767; x_wconf 86' lang='lat' dir='ltr'>ecclesiam</span> <span class='ocrx_word' id='word_1_45' title='bbox 414 726 597 767; x_wconf 90' lang='lat' dir='ltr'>solemni</span> <span class='ocrx_word' id='word_1_46' title='bbox 629 739 794 779; x_wconf 89' lang='lat' dir='ltr'>pompa</span> <span class='ocrx_word' id='word_1_47' title='bbox 825 727 975 768; x_wconf 92' lang='lat' dir='ltr'>intule-</span> 
     </span>
     <span class='ocr_line' id='line_1_12' title="bbox 150 783 976 835; baseline 0.001 -12"><span class='ocrx_word' id='word_1_48' title='bbox 150 787 259 832; x_wconf 89' lang='lat' dir='ltr'>runt,</span> <span class='ocrx_word' id='word_1_49' title='bbox 275 787 318 824; x_wconf 93' lang='lat' dir='ltr'>et</span> <span class='ocrx_word' id='word_1_50' title='bbox 329 783 568 835; x_wconf 80' lang='lat' dir='ltr'>sepulturae</span> <span class='ocrx_word' id='word_1_51' title='bbox 578 783 847 825; x_wconf 90' lang='lat' dir='ltr'>mandarunt.</span> <span class='ocrx_word' id='word_1_52' title='bbox 868 784 976 825; x_wconf 89' lang='lat' dir='ltr'>Cum</span> 
     </span>
     <span class='ocr_line' id='line_1_13' title="bbox 151 839 975 882; baseline 0.002 -3"><span class='ocrx_word' id='word_1_53' title='bbox 151 843 296 880; x_wconf 91' lang='lat' dir='ltr'>autem</span> <span class='ocrx_word' id='word_1_54' title='bbox 310 839 354 880; x_wconf 92' lang='lat' dir='ltr'>in</span> <span class='ocrx_word' id='word_1_55' title='bbox 370 839 465 881; x_wconf 89' lang='lat' dir='ltr'>dies</span> <span class='ocrx_word' id='word_1_56' title='bbox 477 839 627 881; x_wconf 87' lang='lat' dir='ltr'>invicti</span> <span class='ocrx_word' id='word_1_57' title='bbox 638 839 880 882; x_wconf 85' lang='lat' dir='ltr'>sacerdotis</span> <span class='ocrx_word' id='word_1_58' title='bbox 890 853 975 881; x_wconf 93' lang='lat' dir='ltr'>me-</span> 
     </span>
     <span class='ocr_line' id='line_1_14' title="bbox 149 896 975 946; baseline 0.004 -11"><span class='ocrx_word' id='word_1_59' title='bbox 149 896 289 937; x_wconf 89' lang='lat' dir='ltr'>moria</span> <span class='ocrx_word' id='word_1_60' title='bbox 314 896 551 946; x_wconf 88' lang='lat' dir='ltr'>miraculis,</span> <span class='ocrx_word' id='word_1_61' title='bbox 587 902 630 938; x_wconf 92' lang='lat' dir='ltr'>et</span> <span class='ocrx_word' id='word_1_62' title='bbox 657 897 846 938; x_wconf 90' lang='lat' dir='ltr'>maxima</span> <span class='ocrx_word' id='word_1_63' title='bbox 872 896 975 938; x_wconf 93' lang='lat' dir='ltr'>fide-</span> 
     </span>
     <span class='ocr_line' id='line_1_15' title="bbox 149 951 976 1006; baseline 0.002 -14"><span class='ocrx_word' id='word_1_64' title='bbox 149 951 274 1002; x_wconf 87' lang='lat' dir='ltr'>lium,</span> <span class='ocrx_word' id='word_1_65' title='bbox 311 955 462 995; x_wconf 91' lang='lat' dir='ltr'>eorum</span> <span class='ocrx_word' id='word_1_66' title='bbox 497 955 722 1006; x_wconf 80' lang='lat' dir='ltr'>praecipue</span> <span class='ocrx_word' id='word_1_67' title='bbox 759 954 833 1005; x_wconf 94' lang='lat' dir='ltr'>qui</span> <span class='ocrx_word' id='word_1_68' title='bbox 862 954 976 995; x_wconf 87' lang='lat' dir='ltr'>fama</span> 
     </span>
     <span class='ocr_line' id='line_1_16' title="bbox 149 1008 975 1061; baseline 0.004 -12"><span class='ocrx_word' id='word_1_69' title='bbox 149 1008 469 1061; x_wconf 64' lang='lat' dir='ltr'>periclitantur,</span> <span class='ocrx_word' id='word_1_70' title='bbox 501 1008 782 1051; x_wconf 72' lang='lat' dir='ltr'>Veneratione</span> <span class='ocrx_word' id='word_1_71' title='bbox 811 1012 975 1052; x_wconf 90' lang='lat' dir='ltr'>cresce-</span> 
     </span>
     <span class='ocr_line' id='line_1_17' title="bbox 150 1065 975 1119; baseline 0.001 -13"><span class='ocrx_word' id='word_1_72' title='bbox 150 1070 232 1115; x_wconf 86' lang='lat' dir='ltr'>ret,</span> <span class='ocrx_word' id='word_1_73' title='bbox 272 1071 376 1119; x_wconf 90' lang='lat' dir='ltr'>post</span> <span class='ocrx_word' id='word_1_74' title='bbox 410 1079 547 1108; x_wconf 89' lang='lat' dir='ltr'>annos</span> <span class='ocrx_word' id='word_1_75' title='bbox 580 1065 755 1108; x_wconf 92' lang='lat' dir='ltr'>demum</span> <span class='ocrx_word' id='word_1_76' title='bbox 790 1067 975 1119; x_wconf 88' lang='lat' dir='ltr'>amplius</span> 
     </span>
     <span class='ocr_line' id='line_1_18' title="bbox 149 1122 975 1174; baseline 0.002 -12"><span class='ocrx_word' id='word_1_77' title='bbox 149 1124 387 1173; x_wconf 76' lang='lat' dir='ltr'>trecentos,</span> <span class='ocrx_word' id='word_1_78' title='bbox 413 1123 457 1163; x_wconf 92' lang='lat' dir='ltr'>in</span> <span class='ocrx_word' id='word_1_79' title='bbox 477 1122 658 1174; x_wconf 86' lang='lat' dir='ltr'>juridica</span> <span class='ocrx_word' id='word_1_80' title='bbox 676 1123 975 1174; x_wconf 80' lang='lat' dir='ltr'>recognitione</span> 
     </span>
     <span class='ocr_line' id='line_1_19' title="bbox 151 1178 976 1231; baseline 0.001 -12"><span class='ocrx_word' id='word_1_81' title='bbox 151 1179 363 1231; x_wconf 90' lang='lat' dir='ltr'>corporis,</span> <span class='ocrx_word' id='word_1_82' title='bbox 393 1179 513 1231; x_wconf 92' lang='lat' dir='ltr'>quod</span> <span class='ocrx_word' id='word_1_83' title='bbox 541 1180 622 1221; x_wconf 94' lang='lat' dir='ltr'>sub</span> <span class='ocrx_word' id='word_1_84' title='bbox 650 1179 783 1221; x_wconf 93' lang='lat' dir='ltr'>humo</span> <span class='ocrx_word' id='word_1_85' title='bbox 808 1178 976 1220; x_wconf 89' lang='lat' dir='ltr'>tamdiu</span> 
     </span>
     <span class='ocr_line' id='line_1_20' title="bbox 149 1235 977 1288; baseline 0.001 -12"><span class='ocrx_word' id='word_1_86' title='bbox 149 1235 356 1287; x_wconf 83' lang='lat' dir='ltr'>jacuerat,</span> <span class='ocrx_word' id='word_1_87' title='bbox 378 1235 525 1287; x_wconf 88' lang='lat' dir='ltr'>lingua</span> <span class='ocrx_word' id='word_1_88' title='bbox 546 1237 636 1288; x_wconf 90' lang='lat' dir='ltr'>ejus</span> <span class='ocrx_word' id='word_1_89' title='bbox 659 1236 914 1288; x_wconf 84' lang='lat' dir='ltr'>incorrupta</span> <span class='ocrx_word' id='word_1_90' title='bbox 933 1241 977 1277; x_wconf 93' lang='lat' dir='ltr'>et</span> 
     </span>
     <span class='ocr_line' id='line_1_21' title="bbox 149 1291 976 1345; baseline 0 -12"><span class='ocrx_word' id='word_1_91' title='bbox 149 1291 296 1333; x_wconf 86' lang='lat' dir='ltr'>vivida</span> <span class='ocrx_word' id='word_1_92' title='bbox 314 1293 489 1345; x_wconf 89' lang='lat' dir='ltr'>reperta</span> <span class='ocrx_word' id='word_1_93' title='bbox 508 1298 589 1334; x_wconf 89' lang='lat' dir='ltr'>est:</span> <span class='ocrx_word' id='word_1_94' title='bbox 610 1305 708 1344; x_wconf 85' lang='lat' dir='ltr'>quae</span> <span class='ocrx_word' id='word_1_95' title='bbox 729 1297 853 1334; x_wconf 88' lang='lat' dir='ltr'>sexto</span> <span class='ocrx_word' id='word_1_96' title='bbox 874 1298 976 1345; x_wconf 89' lang='lat' dir='ltr'>post</span> 
     </span>
     <span class='ocr_line' id='line_1_22' title="bbox 151 1348 976 1402; baseline 0.002 -14"><span class='ocrx_word' id='word_1_97' title='bbox 151 1361 265 1389; x_wconf 90' lang='lat' dir='ltr'>anno</span> <span class='ocrx_word' id='word_1_98' title='bbox 298 1348 512 1400; x_wconf 91' lang='lat' dir='ltr'>judicibus</span> <span class='ocrx_word' id='word_1_99' title='bbox 546 1362 572 1390; x_wconf 91' lang='lat' dir='ltr'>a</span> <span class='ocrx_word' id='word_1_100' title='bbox 600 1349 704 1391; x_wconf 90' lang='lat' dir='ltr'>sede</span> <span class='ocrx_word' id='word_1_101' title='bbox 733 1349 976 1402; x_wconf 89' lang='lat' dir='ltr'>apostolica</span> 
     </span>
     <span class='ocr_line' id='line_1_23' title="bbox 153 1402 975 1458; baseline 0 -13"><span class='ocrx_word' id='word_1_102' title='bbox 153 1402 365 1456; x_wconf 89' lang='lat' dir='ltr'>delegatis</span> <span class='ocrx_word' id='word_1_103' title='bbox 394 1405 603 1456; x_wconf 85' lang='lat' dir='ltr'>exhibita,</span> <span class='ocrx_word' id='word_1_104' title='bbox 631 1418 747 1447; x_wconf 90' lang='lat' dir='ltr'>novo</span> <span class='ocrx_word' id='word_1_105' title='bbox 772 1405 975 1458; x_wconf 86' lang='lat' dir='ltr'>prodigio</span> 
     </span>
     <span class='ocr_line' id='line_1_24' title="bbox 151 1461 977 1514; baseline 0 -12"><span class='ocrx_word' id='word_1_106' title='bbox 151 1463 331 1514; x_wconf 91' lang='lat' dir='ltr'>repente</span> <span class='ocrx_word' id='word_1_107' title='bbox 349 1462 569 1512; x_wconf 82' lang='lat' dir='ltr'>intumuit,</span> <span class='ocrx_word' id='word_1_108' title='bbox 595 1467 638 1504; x_wconf 92' lang='lat' dir='ltr'>et</span> <span class='ocrx_word' id='word_1_109' title='bbox 657 1461 977 1503; x_wconf 84' lang='lat' dir='ltr'>subobscurum</span> 
     </span>
     <span class='ocr_line' id='line_1_25' title="bbox 151 1517 976 1572; baseline 0.001 -15"><span class='ocrx_word' id='word_1_110' title='bbox 151 1517 358 1560; x_wconf 81' lang='lat' dir='ltr'>ruborem</span> <span class='ocrx_word' id='word_1_111' title='bbox 380 1518 423 1559; x_wconf 92' lang='lat' dir='ltr'>in</span> <span class='ocrx_word' id='word_1_112' title='bbox 451 1522 721 1572; x_wconf 79' lang='lat' dir='ltr'>purp1&#39;1reum</span> <span class='ocrx_word' id='word_1_113' title='bbox 740 1520 976 1560; x_wconf 87' lang='lat' dir='ltr'>commuta-</span> 
     </span>
     <span class='ocr_line' id='line_1_26' title="bbox 150 1573 976 1628; baseline 0 -13"><span class='ocrx_word' id='word_1_114' title='bbox 150 1573 222 1616; x_wconf 90' lang='lat' dir='ltr'>vit.</span> <span class='ocrx_word' id='word_1_115' title='bbox 257 1574 339 1615; x_wconf 91' lang='lat' dir='ltr'>His</span> <span class='ocrx_word' id='word_1_116' title='bbox 364 1576 513 1627; x_wconf 88' lang='lat' dir='ltr'>itaque</span> <span class='ocrx_word' id='word_1_117' title='bbox 538 1575 722 1628; x_wconf 88' lang='lat' dir='ltr'>aliisque</span> <span class='ocrx_word' id='word_1_118' title='bbox 742 1575 875 1626; x_wconf 85' lang='lat' dir='ltr'>signis</span> <span class='ocrx_word' id='word_1_119' title='bbox 895 1574 976 1615; x_wconf 91' lang='lat' dir='ltr'>rite</span> 
     </span>
     <span class='ocr_line' id='line_1_27' title="bbox 149 1629 974 1684; baseline 0 -13"><span class='ocrx_word' id='word_1_120' title='bbox 149 1629 365 1684; x_wconf 86' lang='lat' dir='ltr'>probatis,</span> <span class='ocrx_word' id='word_1_121' title='bbox 392 1630 658 1674; x_wconf 84' lang='lat' dir='ltr'>Benedictus</span> <span class='ocrx_word' id='word_1_122' title='bbox 679 1630 872 1674; x_wconf 89' lang='lat' dir='ltr'>decimus</span> <span class='ocrx_word' id='word_1_123' title='bbox 892 1632 974 1671; x_wconf 91' lang='lat' dir='ltr'>ter-</span> 
     </span>
     <span class='ocr_line' id='line_1_28' title="bbox 148 1687 977 1730; baseline -0.001 -2"><span class='ocrx_word' id='word_1_124' title='bbox 148 1688 236 1729; x_wconf 88' lang='lat' dir='ltr'>tius</span> <span class='ocrx_word' id='word_1_125' title='bbox 255 1688 457 1730; x_wconf 78' lang='lat' dir='ltr'>Pontifex</span> <span class='ocrx_word' id='word_1_126' title='bbox 476 1688 693 1729; x_wconf 88' lang='lat' dir='ltr'>Maximus</span> <span class='ocrx_word' id='word_1_127' title='bbox 717 1688 787 1730; x_wconf 91' lang='lat' dir='ltr'>die</span> <span class='ocrx_word' id='word_1_128' title='bbox 808 1687 977 1729; x_wconf 87' lang='lat' dir='ltr'>decima</span> 
     </span>
     <span class='ocr_line' id='line_1_29' title="bbox 149 1744 976 1795; baseline 0 -11"><span class='ocrx_word' id='word_1_129' title='bbox 149 1756 265 1785; x_wconf 89' lang='lat' dir='ltr'>nona</span> <span class='ocrx_word' id='word_1_130' title='bbox 291 1745 453 1786; x_wconf 85' lang='lat' dir='ltr'>mensis</span> <span class='ocrx_word' id='word_1_131' title='bbox 481 1745 644 1795; x_wconf 90' lang='lat' dir='ltr'>Martii,</span> <span class='ocrx_word' id='word_1_132' title='bbox 681 1757 794 1786; x_wconf 91' lang='lat' dir='ltr'>anno</span> <span class='ocrx_word' id='word_1_133' title='bbox 823 1744 976 1785; x_wconf 79' lang='lat' dir='ltr'>salutis</span> 
     </span>
     <span class='ocr_line' id='line_1_30' title="bbox 149 1800 976 1854; baseline 0 -13"><span class='ocrx_word' id='word_1_134' title='bbox 149 1800 379 1842; x_wconf 91' lang='lat' dir='ltr'>millesimo</span> <span class='ocrx_word' id='word_1_135' title='bbox 408 1801 796 1854; x_wconf 85' lang='lat' dir='ltr'>septingentesimo</span> <span class='ocrx_word' id='word_1_136' title='bbox 821 1800 976 1852; x_wconf 89' lang='lat' dir='ltr'>vigesi—</span> 
     </span>
     <span class='ocr_line' id='line_1_31' title="bbox 149 1858 975 1910; baseline -0.001 -12"><span class='ocrx_word' id='word_1_137' title='bbox 149 1869 222 1899; x_wconf 93' lang='lat' dir='ltr'>mo</span> <span class='ocrx_word' id='word_1_138' title='bbox 240 1870 373 1908; x_wconf 91' lang='lat' dir='ltr'>nono,</span> <span class='ocrx_word' id='word_1_139' title='bbox 393 1858 581 1910; x_wconf 90' lang='lat' dir='ltr'>primum</span> <span class='ocrx_word' id='word_1_140' title='bbox 598 1858 714 1899; x_wconf 91' lang='lat' dir='ltr'>hunc</span> <span class='ocrx_word' id='word_1_141' title='bbox 735 1870 975 1899; x_wconf 88' lang='lat' dir='ltr'>sacramen-</span> 
     </span>
     <span class='ocr_line' id='line_1_32' title="bbox 149 1913 976 1965; baseline -0.001 -10"><span class='ocrx_word' id='word_1_142' title='bbox 149 1913 250 1955; x_wconf 89' lang='lat' dir='ltr'>talis</span> <span class='ocrx_word' id='word_1_143' title='bbox 278 1914 408 1965; x_wconf 84' lang='lat' dir='ltr'>sigilli</span> <span class='ocrx_word' id='word_1_144' title='bbox 440 1916 722 1964; x_wconf 87' lang='lat' dir='ltr'>assertorem,</span> <span class='ocrx_word' id='word_1_145' title='bbox 756 1914 903 1955; x_wconf 90' lang='lat' dir='ltr'>arcani</span> <span class='ocrx_word' id='word_1_146' title='bbox 930 1913 976 1954; x_wconf 92' lang='lat' dir='ltr'>fi-</span> 
     </span>
     <span class='ocr_line' id='line_1_33' title="bbox 150 1968 975 2022; baseline -0.001 -11"><span class='ocrx_word' id='word_1_147' title='bbox 150 1968 251 2012; x_wconf 91' lang='lat' dir='ltr'>dem</span> <span class='ocrx_word' id='word_1_148' title='bbox 282 1970 491 2022; x_wconf 85' lang='lat' dir='ltr'>sanguine</span> <span class='ocrx_word' id='word_1_149' title='bbox 523 1970 846 2022; x_wconf 88' lang='lat' dir='ltr'>obsignantem,</span> <span class='ocrx_word' id='word_1_150' title='bbox 882 1982 975 2010; x_wconf 89' lang='lat' dir='ltr'>san-</span> 
     </span>
     <span class='ocr_line' id='line_1_34' title="bbox 150 2026 975 2079; baseline -0.001 -12"><span class='ocrx_word' id='word_1_151' title='bbox 150 2028 320 2067; x_wconf 88' lang='lat' dir='ltr'>ctorum</span> <span class='ocrx_word' id='word_1_152' title='bbox 333 2026 575 2079; x_wconf 90' lang='lat' dir='ltr'>Martyrum</span> <span class='ocrx_word' id='word_1_153' title='bbox 594 2026 795 2078; x_wconf 86' lang='lat' dir='ltr'>catalogo</span> <span class='ocrx_word' id='word_1_154' title='bbox 817 2026 975 2067; x_wconf 86' lang='lat' dir='ltr'>adscri-</span> 
     </span>
     <span class='ocr_line' id='line_1_35' title="bbox 149 2082 247 2135; baseline 0 -12"><span class='ocrx_word' id='word_1_155' title='bbox 149 2082 247 2135; x_wconf 93' lang='lat' dir='ltr'>psit.</span> 
     </span>
     <span class='ocr_line' id='line_1_36' title="bbox 204 2142 776 2197; baseline 0.003 -15"><span class='ocrx_word' id='word_1_156' title='bbox 204 2142 253 2194; x_wconf 71' lang='lat' dir='ltr'>R.</span> <span class='ocrx_word' id='word_1_157' title='bbox 277 2143 399 2185; x_wconf 84' lang='lat' dir='ltr'>Fssiae</span> <span class='ocrx_word' id='word_1_158' title='bbox 419 2144 673 2186; x_wconf 81' lang='lat' dir='ltr'>Jerusalem.</span> <span class='ocrx_word' id='word_1_159' title='bbox 693 2144 776 2197; x_wconf 86' lang='lat'>[44]</span> 
     </span>
    </p>
   </div>
   <div class='ocr_carea' id='block_1_7' title="bbox 370 2244 750 2284">
    <p class='ocr_par' dir='ltr' id='par_1_7' title="bbox 370 2244 750 2284">
     <span class='ocr_line' id='line_1_37' title="bbox 370 2244 750 2284; baseline -0.005 0"><span class='ocrx_word' id='word_1_160' title='bbox 370 2245 419 2284; x_wconf 89' lang='lat' dir='ltr'>In</span> <span class='ocrx_word' id='word_1_161' title='bbox 438 2245 508 2284; x_wconf 90' lang='lat'>111.</span> <span class='ocrx_word' id='word_1_162' title='bbox 529 2244 750 2283; x_wconf 81' lang='lat' dir='ltr'>Nocturno.</span> 
     </span>
    </p>
   </div>
   <div class='ocr_carea' id='block_1_8' title="bbox 152 2327 977 2426">
    <p class='ocr_par' dir='ltr' id='par_1_8' title="bbox 152 2327 977 2426">
     <span class='ocr_line' id='line_1_38' title="bbox 152 2327 977 2379; baseline -0.002 -10"><span class='ocrx_word' id='word_1_163' title='bbox 152 2327 305 2370; x_wconf 87' lang='lat' dir='ltr'>Lectio</span> <span class='ocrx_word' id='word_1_164' title='bbox 332 2329 470 2370; x_wconf 86' lang='lat' dir='ltr'>sancti</span> <span class='ocrx_word' id='word_1_165' title='bbox 492 2328 716 2379; x_wconf 79' lang='lat' dir='ltr'>Evangelii</span> <span class='ocrx_word' id='word_1_166' title='bbox 739 2327 977 2368; x_wconf 77' lang='lat' dir='ltr'>secundum</span> 
     </span>
     <span class='ocr_line' id='line_1_39' title="bbox 429 2384 697 2426; baseline -0.004 0"><span class='ocrx_word' id='word_1_167' title='bbox 429 2384 697 2426; x_wconf 70' lang='lat' dir='ltr'>Matthaeum.</span> 
     </span>
    </p>
   </div>
   <div class='ocr_carea' id='block_1_9' title="bbox 254 2465 871 2516">
    <p class='ocr_par' dir='ltr' id='par_1_9' title="bbox 254 2465 871 2516">
     <span class='ocr_line' id='line_1_40' title="bbox 254 2465 871 2516; baseline -0.005 -10"><span class='ocrx_word' id='word_1_168' title='bbox 254 2465 407 2506; x_wconf 91' lang='lat' dir='ltr'>Lectio</span> <span class='ocrx_word' id='word_1_169' title='bbox 427 2466 494 2505; x_wconf 85' lang='lat' dir='ltr'>vii.</span> <span class='ocrx_word' id='word_1_170' title='bbox 634 2466 735 2516; x_wconf 85' lang='lat' dir='ltr'>Cap.</span> <span class='ocrx_word' id='word_1_171' title='bbox 755 2466 818 2504; x_wconf 87' lang='lat'>10.</span> <span class='ocrx_word' id='word_1_172' title='bbox 838 2476 871 2504; x_wconf 94' lang='lat' dir='ltr'>c.</span> 
     </span>
    </p>
   </div>
   <div class='ocr_carea' id='block_1_10' title="bbox 150 2526 974 2807">
    <p class='ocr_par' dir='ltr' id='par_1_10' title="bbox 150 2526 974 2807">
     <span class='ocr_line' id='line_1_41' title="bbox 150 2526 974 2631; baseline -0.004 -59"><span class='ocrx_word' id='word_1_173' title='bbox 150 2526 226 2631; x_wconf 89' lang='lat' dir='ltr'>In</span> <span class='ocrx_word' id='word_1_174' title='bbox 254 2531 330 2574; x_wconf 93' lang='lat' dir='ltr'>illo</span> <span class='ocrx_word' id='word_1_175' title='bbox 363 2534 577 2585; x_wconf 91' lang='lat' dir='ltr'>tempore:</span> <span class='ocrx_word' id='word_1_176' title='bbox 611 2531 731 2572; x_wconf 85' lang='lat' dir='ltr'>Dixit</span> <span class='ocrx_word' id='word_1_177' title='bbox 758 2530 885 2570; x_wconf 91' lang='lat' dir='ltr'>Jesus</span> <span class='ocrx_word' id='word_1_178' title='bbox 914 2528 974 2570; x_wconf 92' lang='lat' dir='ltr'>di-</span> 
     </span>
     <span class='ocr_line' id='line_1_42' title="bbox 215 2587 974 2641; baseline -0.005 -12"><span class='ocrx_word' id='word_1_179' title='bbox 215 2588 394 2641; x_wconf 89' lang='lat' dir='ltr'>scipulis</span> <span class='ocrx_word' id='word_1_180' title='bbox 411 2589 516 2629; x_wconf 91' lang='lat' dir='ltr'>suis:</span> <span class='ocrx_word' id='word_1_181' title='bbox 533 2587 653 2629; x_wconf 93' lang='lat' dir='ltr'>Nihil</span> <span class='ocrx_word' id='word_1_182' title='bbox 673 2590 740 2627; x_wconf 89' lang='lat' dir='ltr'>est</span> <span class='ocrx_word' id='word_1_183' title='bbox 760 2587 974 2637; x_wconf 92' lang='lat' dir='ltr'>opertum,</span> 
     </span>
     <span class='ocr_line' id='line_1_43' title="bbox 152 2640 974 2695; baseline -0.005 -10"><span class='ocrx_word' id='word_1_184' title='bbox 152 2643 272 2695; x_wconf 92' lang='lat' dir='ltr'>quod</span> <span class='ocrx_word' id='word_1_185' title='bbox 307 2657 396 2686; x_wconf 92' lang='lat' dir='ltr'>non</span> <span class='ocrx_word' id='word_1_186' title='bbox 432 2643 712 2692; x_wconf 79' lang='lat' dir='ltr'>revelabitur3</span> <span class='ocrx_word' id='word_1_187' title='bbox 753 2646 797 2682; x_wconf 90' lang='lat' dir='ltr'>et</span> <span class='ocrx_word' id='word_1_188' title='bbox 832 2640 974 2682; x_wconf 85' lang='lat' dir='ltr'>occul-</span> 
     </span>
     <span class='ocr_line' id='line_1_44' title="bbox 150 2697 974 2795; baseline -0.005 -55"><span class='ocrx_word' id='word_1_189' title='bbox 150 2704 258 2795; x_wconf 48' lang='lat' dir='ltr'>tum,</span> <span class='ocrx_word' id='word_1_190' title='bbox 305 2699 424 2752; x_wconf 93' lang='lat' dir='ltr'>quod</span> <span class='ocrx_word' id='word_1_191' title='bbox 463 2713 551 2741; x_wconf 93' lang='lat' dir='ltr'>non</span> <span class='ocrx_word' id='word_1_192' title='bbox 592 2699 762 2740; x_wconf 91' lang='lat' dir='ltr'>scietur.</span> <span class='ocrx_word' id='word_1_193' title='bbox 813 2697 870 2737; x_wconf 91' lang='lat' dir='ltr'>Et</span> <span class='ocrx_word' id='word_1_194' title='bbox 911 2697 974 2737; x_wconf 92' lang='lat' dir='ltr'>re-</span> 
     </span>
     <span class='ocr_line' id='line_1_45' title="bbox 168 2767 282 2807; baseline 0 -11"><span class='ocrx_word' id='word_1_195' title='bbox 168 2767 282 2807; x_wconf 89' lang='lat' dir='ltr'>1qua.</span> 
     </span>
    </p>
   </div>
   <div class='ocr_carea' id='block_1_11' title="bbox 358 2893 478 2917">
    <p class='ocr_par' dir='ltr' id='par_1_11' title="bbox 358 2893 478 2917">
     <span class='ocr_line' id='line_1_46' title="bbox 358 2893 478 2917; baseline 0 -1"><span class='ocrx_word' id='word_1_196' title='bbox 358 2900 370 2916; x_wconf 81' lang='lat' dir='ltr'>s</span> <span class='ocrx_word' id='word_1_197' title='bbox 389 2893 478 2917; x_wconf 76' lang='lat' dir='ltr'>Ver-na.</span> 
     </span>
    </p>
   </div>
   <div class='ocr_carea' id='block_1_12' title="bbox 1026 332 1854 2801">
    <p class='ocr_par' dir='ltr' id='par_1_12' title="bbox 1026 332 1854 1502">
     <span class='ocr_line' id='line_1_47' title="bbox 1064 332 1826 385; baseline -0.001 -12"><span class='ocrx_word' id='word_1_198' title='bbox 1064 332 1252 373; x_wconf 88' lang='lat' dir='ltr'>Homilia</span> <span class='ocrx_word' id='word_1_199' title='bbox 1271 332 1409 373; x_wconf 90' lang='lat' dir='ltr'>sancti</span> <span class='ocrx_word' id='word_1_200' title='bbox 1428 332 1585 372; x_wconf 88' lang='lat' dir='ltr'>Hilarii</span> <span class='ocrx_word' id='word_1_201' title='bbox 1604 332 1826 385; x_wconf 87' lang='lat' dir='ltr'>Episcopi.</span> 
     </span>
     <span class='ocr_line' id='line_1_48' title="bbox 1032 395 1851 440; baseline -0.001 -10"><span class='ocrx_word' id='word_1_202' title='bbox 1032 395 1201 431; x_wconf 72' lang='lat' dir='ltr'>Coment.</span> <span class='ocrx_word' id='word_1_203' title='bbox 1226 398 1262 430; x_wconf 88' lang='lat' dir='ltr'>in</span> <span class='ocrx_word' id='word_1_204' title='bbox 1286 398 1430 432; x_wconf 74' lang='lat' dir='ltr'>Mutth..</span> <span class='ocrx_word' id='word_1_205' title='bbox 1457 408 1536 432; x_wconf 75' lang='lat' dir='ltr'>eun.</span> <span class='ocrx_word' id='word_1_206' title='bbox 1560 398 1615 431; x_wconf 82' lang='lat'>10.</span> <span class='ocrx_word' id='word_1_207' title='bbox 1643 402 1731 440; x_wconf 84' lang='lat' dir='ltr'>post</span> <span class='ocrx_word' id='word_1_208' title='bbox 1755 397 1851 430; x_wconf 85' lang='lat' dir='ltr'>med.</span> 
     </span>
     <span class='ocr_line' id='line_1_49' title="bbox 1042 443 1851 501; baseline 0 -15"><span class='ocrx_word' id='word_1_209' title='bbox 1042 448 1152 501; x_wconf 39' lang='grc' dir='ltr'>Ἶςρᾗζῆ</span> <span class='ocrx_word' id='word_1_210' title='bbox 1160 445 1330 485; x_wconf 89' lang='lat' dir='ltr'>ominus</span> <span class='ocrx_word' id='word_1_211' title='bbox 1351 444 1467 486; x_wconf 90' lang='lat' dir='ltr'>diem</span> <span class='ocrx_word' id='word_1_212' title='bbox 1486 444 1631 496; x_wconf 86' lang='lat' dir='ltr'>judicii</span> <span class='ocrx_word' id='word_1_213' title='bbox 1648 443 1851 495; x_wconf 78' lang='lat' dir='ltr'>ostendit,</span> 
     </span>
     <span class='ocr_line' id='line_1_50' title="bbox 1040 500 1851 555; baseline -0.007 -8"><span class='ocrx_word' id='word_1_214' title='bbox 1040 504 1042 506; x_wconf 67' lang='grc'><strong>’</strong></span> <span class='ocrx_word' id='word_1_215' title='bbox 1085 500 1128 555; x_wconf 57' lang='lat' dir='ltr'>{jis</span> <span class='ocrx_word' id='word_1_216' title='bbox 1149 527 1152 537; x_wconf 56' lang='grc' dir='ltr'><strong><em>ι</em></strong></span> <span class='ocrx_word' id='word_1_217' title='bbox 1177 514 1275 553; x_wconf 88' lang='lat' dir='ltr'>quae</span> <span class='ocrx_word' id='word_1_218' title='bbox 1322 501 1568 543; x_wconf 83' lang='lat' dir='ltr'>abstrusam</span> <span class='ocrx_word' id='word_1_219' title='bbox 1612 501 1851 542; x_wconf 88' lang='lat' dir='ltr'>voluntatis</span> 
     </span>
     <span class='ocr_line' id='line_1_51' title="bbox 1065 553 1850 610; baseline -0.001 -12"><span class='ocrx_word' id='word_1_220' title='bbox 1065 563 1066 566; x_wconf 76' lang='grc'>’</span> <span class='ocrx_word' id='word_1_221' title='bbox 1108 553 1151 580; x_wconf 53' lang='lat' dir='ltr'><em>L</em></span> <span class='ocrx_word' id='word_1_222' title='bbox 1176 563 1338 599; x_wconf 89' lang='lat' dir='ltr'>nostrae</span> <span class='ocrx_word' id='word_1_223' title='bbox 1390 557 1701 599; x_wconf 83' lang='lat' dir='ltr'>conscientiam</span> <span class='ocrx_word' id='word_1_224' title='bbox 1752 569 1850 610; x_wconf 92' lang='lat' dir='ltr'>pro-</span> 
     </span>
     <span class='ocr_line' id='line_1_52' title="bbox 1029 613 1850 666; baseline -0.001 -12"><span class='ocrx_word' id='word_1_225' title='bbox 1029 613 1118 655; x_wconf 87' lang='lat' dir='ltr'>det:</span> <span class='ocrx_word' id='word_1_226' title='bbox 1147 618 1190 655; x_wconf 88' lang='lat' dir='ltr'>et</span> <span class='ocrx_word' id='word_1_227' title='bbox 1217 627 1268 655; x_wconf 88' lang='lat' dir='ltr'>ea</span> <span class='ocrx_word' id='word_1_228' title='bbox 1298 627 1396 666; x_wconf 81' lang='lat' dir='ltr'>quae</span> <span class='ocrx_word' id='word_1_229' title='bbox 1423 627 1537 655; x_wconf 91' lang='lat' dir='ltr'>nunc</span> <span class='ocrx_word' id='word_1_230' title='bbox 1565 613 1738 655; x_wconf 80' lang='lat' dir='ltr'>occulta</span> <span class='ocrx_word' id='word_1_231' title='bbox 1766 613 1850 654; x_wconf 89' lang='lat' dir='ltr'>exi-</span> 
     </span>
     <span class='ocr_line' id='line_1_53' title="bbox 1028 670 1851 722; baseline -0.001 -11"><span class='ocrx_word' id='word_1_232' title='bbox 1028 670 1273 720; x_wconf 88' lang='lat' dir='ltr'>stimantur,</span> <span class='ocrx_word' id='word_1_233' title='bbox 1326 670 1424 712; x_wconf 92' lang='lat' dir='ltr'>luce</span> <span class='ocrx_word' id='word_1_234' title='bbox 1471 670 1730 721; x_wconf 88' lang='lat' dir='ltr'>cognitionis</span> <span class='ocrx_word' id='word_1_235' title='bbox 1775 673 1851 722; x_wconf 84' lang='lat' dir='ltr'>pu-</span> 
     </span>
     <span class='ocr_line' id='line_1_54' title="bbox 1027 726 1851 778; baseline 0.001 -12"><span class='ocrx_word' id='word_1_236' title='bbox 1027 726 1155 768; x_wconf 88' lang='lat' dir='ltr'>blicae</span> <span class='ocrx_word' id='word_1_237' title='bbox 1184 727 1370 778; x_wconf 89' lang='lat' dir='ltr'>deteget.</span> <span class='ocrx_word' id='word_1_238' title='bbox 1414 727 1551 777; x_wconf 88' lang='lat' dir='ltr'>Igitur</span> <span class='ocrx_word' id='word_1_239' title='bbox 1581 739 1670 767; x_wconf 92' lang='lat' dir='ltr'>non</span> <span class='ocrx_word' id='word_1_240' title='bbox 1702 727 1851 777; x_wconf 90' lang='lat' dir='ltr'>minas,</span> 
     </span>
     <span class='ocr_line' id='line_1_55' title="bbox 1028 783 1851 835; baseline 0.001 -12"><span class='ocrx_word' id='word_1_241' title='bbox 1028 796 1115 825; x_wconf 92' lang='lat' dir='ltr'>non</span> <span class='ocrx_word' id='word_1_242' title='bbox 1135 783 1331 833; x_wconf 86' lang='lat' dir='ltr'>consilia,</span> <span class='ocrx_word' id='word_1_243' title='bbox 1359 796 1447 824; x_wconf 92' lang='lat' dir='ltr'>non</span> <span class='ocrx_word' id='word_1_244' title='bbox 1472 785 1716 835; x_wconf 86' lang='lat' dir='ltr'>potestates</span> <span class='ocrx_word' id='word_1_245' title='bbox 1743 783 1851 824; x_wconf 91' lang='lat' dir='ltr'>inse-</span> 
     </span>
     <span class='ocr_line' id='line_1_56' title="bbox 1029 839 1852 882; baseline -0.001 -1"><span class='ocrx_word' id='word_1_246' title='bbox 1029 841 1236 882; x_wconf 91' lang='lat' dir='ltr'>ctantium</span> <span class='ocrx_word' id='word_1_247' title='bbox 1268 845 1417 881; x_wconf 90' lang='lat' dir='ltr'>monet</span> <span class='ocrx_word' id='word_1_248' title='bbox 1452 853 1548 881; x_wconf 90' lang='lat' dir='ltr'>esse</span> <span class='ocrx_word' id='word_1_249' title='bbox 1580 839 1852 881; x_wconf 89' lang='lat' dir='ltr'>metuendas:</span> 
     </span>
     <span class='ocr_line' id='line_1_57' title="bbox 1030 895 1852 949; baseline -0.002 -11"><span class='ocrx_word' id='word_1_250' title='bbox 1030 897 1131 949; x_wconf 89' lang='lat' dir='ltr'>quia</span> <span class='ocrx_word' id='word_1_251' title='bbox 1157 896 1249 938; x_wconf 88' lang='lat' dir='ltr'>dies</span> <span class='ocrx_word' id='word_1_252' title='bbox 1272 896 1417 948; x_wconf 91' lang='lat' dir='ltr'>judicii</span> <span class='ocrx_word' id='word_1_253' title='bbox 1442 896 1561 936; x_wconf 89' lang='lat' dir='ltr'>nulla</span> <span class='ocrx_word' id='word_1_254' title='bbox 1587 896 1684 937; x_wconf 87' lang='lat' dir='ltr'>haec</span> <span class='ocrx_word' id='word_1_255' title='bbox 1709 895 1852 944; x_wconf 84' lang='lat' dir='ltr'>fuisse,</span> 
     </span>
     <span class='ocr_line' id='line_1_58' title="bbox 1029 951 1853 1005; baseline -0.001 -11"><span class='ocrx_word' id='word_1_256' title='bbox 1029 958 1160 1005; x_wconf 91' lang='lat' dir='ltr'>atque</span> <span class='ocrx_word' id='word_1_257' title='bbox 1193 954 1337 994; x_wconf 89' lang='lat' dir='ltr'>inania</span> <span class='ocrx_word' id='word_1_258' title='bbox 1368 952 1589 993; x_wconf 89' lang='lat' dir='ltr'>revelabit.</span> <span class='ocrx_word' id='word_1_259' title='bbox 1643 953 1700 994; x_wconf 90' lang='lat' dir='ltr'>Et</span> <span class='ocrx_word' id='word_1_260' title='bbox 1733 951 1853 1004; x_wconf 93' lang='lat' dir='ltr'>quod</span> 
     </span>
     <span class='ocr_line' id='line_1_59' title="bbox 1030 1008 1853 1058; baseline -0.002 -7"><span class='ocrx_word' id='word_1_261' title='bbox 1030 1009 1129 1051; x_wconf 92' lang='lat' dir='ltr'>dico</span> <span class='ocrx_word' id='word_1_262' title='bbox 1164 1009 1288 1051; x_wconf 89' lang='lat' dir='ltr'>vobis</span> <span class='ocrx_word' id='word_1_263' title='bbox 1324 1010 1367 1049; x_wconf 93' lang='lat' dir='ltr'>in</span> <span class='ocrx_word' id='word_1_264' title='bbox 1400 1008 1610 1058; x_wconf 89' lang='lat' dir='ltr'>tenebris,</span> <span class='ocrx_word' id='word_1_265' title='bbox 1652 1008 1783 1050; x_wconf 88' lang='lat' dir='ltr'>dicite</span> <span class='ocrx_word' id='word_1_266' title='bbox 1809 1008 1853 1048; x_wconf 93' lang='lat' dir='ltr'>in</span> 
     </span>
     <span class='ocr_line' id='line_1_60' title="bbox 1028 1064 1853 1117; baseline -0.001 -11"><span class='ocrx_word' id='word_1_267' title='bbox 1028 1066 1202 1107; x_wconf 86' lang='lat' dir='ltr'>lumine:</span> <span class='ocrx_word' id='word_1_268' title='bbox 1237 1071 1279 1107; x_wconf 94' lang='lat' dir='ltr'>et</span> <span class='ocrx_word' id='word_1_269' title='bbox 1316 1064 1436 1117; x_wconf 91' lang='lat' dir='ltr'>quod</span> <span class='ocrx_word' id='word_1_270' title='bbox 1468 1066 1511 1106; x_wconf 91' lang='lat' dir='ltr'>in</span> <span class='ocrx_word' id='word_1_271' title='bbox 1545 1078 1648 1106; x_wconf 90' lang='lat' dir='ltr'>aure</span> <span class='ocrx_word' id='word_1_272' title='bbox 1683 1064 1853 1114; x_wconf 89' lang='lat' dir='ltr'>auditis,</span> 
     </span>
     <span class='ocr_line' id='line_1_61' title="bbox 1027 1121 1852 1175; baseline -0.004 -11"><span class='ocrx_word' id='word_1_273' title='bbox 1027 1123 1267 1175; x_wconf 90' lang='lat' dir='ltr'>praedicate</span> <span class='ocrx_word' id='word_1_274' title='bbox 1296 1135 1428 1175; x_wconf 88' lang='lat' dir='ltr'>super</span> <span class='ocrx_word' id='word_1_275' title='bbox 1454 1127 1581 1163; x_wconf 91' lang='lat' dir='ltr'>tecta.</span> <span class='ocrx_word' id='word_1_276' title='bbox 1620 1121 1722 1162; x_wconf 91' lang='lat' dir='ltr'>Non</span> <span class='ocrx_word' id='word_1_277' title='bbox 1750 1121 1852 1171; x_wconf 86' lang='lat' dir='ltr'>legi-</span> 
     </span>
     <span class='ocr_line' id='line_1_62' title="bbox 1028 1178 1852 1220; baseline -0.001 -1"><span class='ocrx_word' id='word_1_278' title='bbox 1028 1192 1123 1219; x_wconf 89' lang='lat' dir='ltr'>mus</span> <span class='ocrx_word' id='word_1_279' title='bbox 1151 1179 1387 1220; x_wconf 89' lang='lat' dir='ltr'>Dominum</span> <span class='ocrx_word' id='word_1_280' title='bbox 1415 1178 1591 1219; x_wconf 90' lang='lat' dir='ltr'>solitum</span> <span class='ocrx_word' id='word_1_281' title='bbox 1619 1178 1750 1219; x_wconf 90' lang='lat' dir='ltr'>fuisse</span> <span class='ocrx_word' id='word_1_282' title='bbox 1778 1179 1852 1218; x_wconf 89' lang='lat' dir='ltr'>no-</span> 
     </span>
     <span class='ocr_line' id='line_1_63' title="bbox 1029 1234 1853 1283; baseline -0.004 -7"><span class='ocrx_word' id='word_1_283' title='bbox 1029 1235 1172 1276; x_wconf 90' lang='lat' dir='ltr'>ctibus</span> <span class='ocrx_word' id='word_1_284' title='bbox 1201 1234 1500 1283; x_wconf 90' lang='lat' dir='ltr'>sermocinari,</span> <span class='ocrx_word' id='word_1_285' title='bbox 1537 1239 1581 1275; x_wconf 93' lang='lat' dir='ltr'>et</span> <span class='ocrx_word' id='word_1_286' title='bbox 1609 1234 1853 1275; x_wconf 87' lang='lat' dir='ltr'>doctrinam</span> 
     </span>
     <span class='ocr_line' id='line_1_64' title="bbox 1028 1289 1854 1341; baseline -0.004 -8"><span class='ocrx_word' id='word_1_287' title='bbox 1028 1292 1072 1332; x_wconf 90' lang='lat' dir='ltr'>in</span> <span class='ocrx_word' id='word_1_288' title='bbox 1112 1291 1303 1333; x_wconf 89' lang='lat' dir='ltr'>tenebris</span> <span class='ocrx_word' id='word_1_289' title='bbox 1339 1290 1590 1332; x_wconf 89' lang='lat' dir='ltr'>tradidisse:</span> <span class='ocrx_word' id='word_1_290' title='bbox 1632 1289 1710 1331; x_wconf 92' lang='lat' dir='ltr'>sed</span> <span class='ocrx_word' id='word_1_291' title='bbox 1752 1289 1854 1341; x_wconf 92' lang='lat' dir='ltr'>quia</span> 
     </span>
     <span class='ocr_line' id='line_1_65' title="bbox 1029 1346 1851 1399; baseline -0.004 -10"><span class='ocrx_word' id='word_1_292' title='bbox 1029 1349 1169 1390; x_wconf 89' lang='lat' dir='ltr'>omnis</span> <span class='ocrx_word' id='word_1_293' title='bbox 1191 1361 1334 1389; x_wconf 89' lang='lat' dir='ltr'>sermo</span> <span class='ocrx_word' id='word_1_294' title='bbox 1356 1348 1446 1399; x_wconf 90' lang='lat' dir='ltr'>ejus</span> <span class='ocrx_word' id='word_1_295' title='bbox 1471 1346 1716 1388; x_wconf 88' lang='lat' dir='ltr'>carnalibus</span> <span class='ocrx_word' id='word_1_296' title='bbox 1735 1347 1851 1387; x_wconf 90' lang='lat' dir='ltr'>tene-</span> 
     </span>
     <span class='ocr_line' id='line_1_66' title="bbox 1028 1402 1852 1455; baseline -0.005 -9"><span class='ocrx_word' id='word_1_297' title='bbox 1028 1404 1119 1446; x_wconf 90' lang='lat' dir='ltr'>brae</span> <span class='ocrx_word' id='word_1_298' title='bbox 1144 1410 1258 1454; x_wconf 93' lang='lat' dir='ltr'>sunt,</span> <span class='ocrx_word' id='word_1_299' title='bbox 1287 1409 1331 1445; x_wconf 89' lang='lat' dir='ltr'>et</span> <span class='ocrx_word' id='word_1_300' title='bbox 1353 1403 1536 1445; x_wconf 89' lang='lat' dir='ltr'>verbum</span> <span class='ocrx_word' id='word_1_301' title='bbox 1560 1404 1650 1455; x_wconf 93' lang='lat' dir='ltr'>ejus</span> <span class='ocrx_word' id='word_1_302' title='bbox 1674 1402 1852 1444; x_wconf 88' lang='lat' dir='ltr'>infideli-</span> 
     </span>
     <span class='ocr_line' id='line_1_67' title="bbox 1026 1461 1313 1502; baseline 0 0"><span class='ocrx_word' id='word_1_303' title='bbox 1026 1461 1108 1502; x_wconf 88' lang='lat' dir='ltr'>bus</span> <span class='ocrx_word' id='word_1_304' title='bbox 1127 1474 1215 1502; x_wconf 87' lang='lat' dir='ltr'>nox</span> <span class='ocrx_word' id='word_1_305' title='bbox 1234 1466 1313 1502; x_wconf 88' lang='lat' dir='ltr'>est.</span> 
     </span>
    </p>

    <p class='ocr_par' dir='ltr' id='par_1_13' title="bbox 1027 1516 1853 1791">
     <span class='ocr_line' id='line_1_68' title="bbox 1082 1516 1851 1568; baseline -0.001 -13"><span class='ocrx_word' id='word_1_306' title='bbox 1082 1516 1131 1567; x_wconf 69' lang='lat' dir='ltr'>R.</span> <span class='ocrx_word' id='word_1_307' title='bbox 1164 1518 1258 1568; x_wconf 89' lang='lat' dir='ltr'>Ego</span> <span class='ocrx_word' id='word_1_308' title='bbox 1293 1530 1390 1557; x_wconf 90' lang='lat' dir='ltr'>sum</span> <span class='ocrx_word' id='word_1_309' title='bbox 1416 1516 1516 1557; x_wconf 86' lang='lat' dir='ltr'>vitis</span> <span class='ocrx_word' id='word_1_310' title='bbox 1546 1528 1663 1565; x_wconf 90' lang='lat' dir='ltr'>vera,</span> <span class='ocrx_word' id='word_1_311' title='bbox 1696 1519 1739 1556; x_wconf 93' lang='lat' dir='ltr'>et</span> <span class='ocrx_word' id='word_1_312' title='bbox 1771 1526 1851 1555; x_wconf 87' lang='lat' dir='ltr'>vos</span> 
     </span>
     <span class='ocr_line' id='line_1_69' title="bbox 1027 1569 1852 1627; baseline -0.005 -12"><span class='ocrx_word' id='word_1_313' title='bbox 1027 1574 1243 1627; x_wconf 89' lang='lat' dir='ltr'>palmites:</span> <span class='ocrx_word' id='word_1_314' title='bbox 1274 1569 1296 1593; x_wconf 84' lang='lat'>*</span> <span class='ocrx_word' id='word_1_315' title='bbox 1322 1573 1405 1622; x_wconf 93' lang='lat' dir='ltr'>Qui</span> <span class='ocrx_word' id='word_1_316' title='bbox 1435 1577 1581 1613; x_wconf 90' lang='lat' dir='ltr'>manet</span> <span class='ocrx_word' id='word_1_317' title='bbox 1612 1572 1655 1612; x_wconf 94' lang='lat' dir='ltr'>in</span> <span class='ocrx_word' id='word_1_318' title='bbox 1690 1583 1776 1619; x_wconf 89' lang='lat' dir='ltr'>me,</span> <span class='ocrx_word' id='word_1_319' title='bbox 1809 1575 1852 1611; x_wconf 89' lang='lat' dir='ltr'>et</span> 
     </span>
     <span class='ocr_line' id='line_1_70' title="bbox 1029 1626 1852 1681; baseline -0.006 -9"><span class='ocrx_word' id='word_1_320' title='bbox 1029 1643 1110 1681; x_wconf 88' lang='lat' dir='ltr'>ego</span> <span class='ocrx_word' id='word_1_321' title='bbox 1130 1631 1174 1671; x_wconf 92' lang='lat' dir='ltr'>in</span> <span class='ocrx_word' id='word_1_322' title='bbox 1189 1642 1253 1679; x_wconf 91' lang='lat' dir='ltr'>eo,</span> <span class='ocrx_word' id='word_1_323' title='bbox 1271 1629 1342 1670; x_wconf 92' lang='lat' dir='ltr'>hic</span> <span class='ocrx_word' id='word_1_324' title='bbox 1358 1629 1442 1670; x_wconf 88' lang='lat' dir='ltr'>fert</span> <span class='ocrx_word' id='word_1_325' title='bbox 1456 1628 1644 1669; x_wconf 91' lang='lat' dir='ltr'>fructum</span> <span class='ocrx_word' id='word_1_326' title='bbox 1657 1626 1852 1674; x_wconf 86' lang='lat' dir='ltr'>multum,</span> 
     </span>
     <span class='ocr_line' id='line_1_71' title="bbox 1029 1676 1853 1736; baseline -0.007 -8"><span class='ocrx_word' id='word_1_327' title='bbox 1029 1686 1212 1736; x_wconf 71' lang='lat' dir='ltr'>alleluja,</span> <span class='ocrx_word' id='word_1_328' title='bbox 1245 1684 1426 1736; x_wconf 74' lang='lat' dir='ltr'>alleluja.</span> <span class='ocrx_word' id='word_1_329' title='bbox 1465 1676 1516 1729; x_wconf 57' lang='lat' dir='ltr'>ys.</span> <span class='ocrx_word' id='word_1_330' title='bbox 1548 1684 1669 1725; x_wconf 77' lang='lat' dir='ltr'>sieut</span> <span class='ocrx_word' id='word_1_331' title='bbox 1702 1681 1853 1723; x_wconf 63' lang='lat' dir='ltr'>dilexit</span> 
     </span>
     <span class='ocr_line' id='line_1_72' title="bbox 1027 1738 1809 1791; baseline -0.008 -7"><span class='ocrx_word' id='word_1_332' title='bbox 1027 1756 1098 1784; x_wconf 92' lang='lat' dir='ltr'>me</span> <span class='ocrx_word' id='word_1_333' title='bbox 1115 1743 1257 1791; x_wconf 86' lang='lat' dir='ltr'>Pater,</span> <span class='ocrx_word' id='word_1_334' title='bbox 1277 1746 1321 1782; x_wconf 86' lang='lat' dir='ltr'>et</span> <span class='ocrx_word' id='word_1_335' title='bbox 1340 1753 1422 1791; x_wconf 85' lang='lat' dir='ltr'>ego</span> <span class='ocrx_word' id='word_1_336' title='bbox 1443 1739 1575 1782; x_wconf 83' lang='lat' dir='ltr'>dilexi</span> <span class='ocrx_word' id='word_1_337' title='bbox 1594 1752 1686 1780; x_wconf 91' lang='lat' dir='ltr'>vos.</span> <span class='ocrx_word' id='word_1_338' title='bbox 1715 1738 1809 1788; x_wconf 86' lang='lat' dir='ltr'>Qui.</span> 
     </span>
    </p>

    <p class='ocr_par' dir='ltr' id='par_1_14' title="bbox 1315 1797 1568 1838">
     <span class='ocr_line' id='line_1_73' title="bbox 1315 1797 1568 1838; baseline -0.008 0"><span class='ocrx_word' id='word_1_339' title='bbox 1315 1798 1465 1838; x_wconf 89' lang='lat' dir='ltr'>Lectio</span> <span class='ocrx_word' id='word_1_340' title='bbox 1486 1797 1568 1837; x_wconf 80' lang='lat' dir='ltr'>viii.</span> 
     </span>
    </p>

    <p class='ocr_par' dir='ltr' id='par_1_15' title="bbox 1079 1852 1851 1906">
     <span class='ocr_line' id='line_1_74' title="bbox 1079 1852 1851 1906; baseline -0.005 -10"><span class='ocrx_word' id='word_1_341' title='bbox 1079 1860 1212 1906; x_wconf 90' lang='lat' dir='ltr'>taque</span> <span class='ocrx_word' id='word_1_342' title='bbox 1239 1853 1286 1895; x_wconf 92' lang='lat' dir='ltr'>id</span> <span class='ocrx_word' id='word_1_343' title='bbox 1314 1852 1435 1906; x_wconf 92' lang='lat' dir='ltr'>quod</span> <span class='ocrx_word' id='word_1_344' title='bbox 1462 1866 1487 1894; x_wconf 90' lang='lat' dir='ltr'>a</span> <span class='ocrx_word' id='word_1_345' title='bbox 1516 1865 1564 1893; x_wconf 92' lang='lat' dir='ltr'>se</span> <span class='ocrx_word' id='word_1_346' title='bbox 1589 1852 1754 1893; x_wconf 91' lang='lat' dir='ltr'>dictum</span> <span class='ocrx_word' id='word_1_347' title='bbox 1775 1856 1851 1901; x_wconf 92' lang='lat' dir='ltr'>est,</span> 
     </span>
    </p>

    <p class='ocr_par' dir='ltr' id='par_1_16' title="bbox 1027 1908 1852 2801">
     <span class='ocr_line' id='line_1_75' title="bbox 1098 1908 1851 1952; baseline -0.004 -1"><span class='ocrx_word' id='word_1_348' title='bbox 1098 1924 1196 1952; x_wconf 90' lang='lat' dir='ltr'>cum</span> <span class='ocrx_word' id='word_1_349' title='bbox 1214 1910 1416 1951; x_wconf 91' lang='lat' dir='ltr'>libertate</span> <span class='ocrx_word' id='word_1_350' title='bbox 1436 1908 1539 1950; x_wconf 84' lang='lat' dir='ltr'>fidei</span> <span class='ocrx_word' id='word_1_351' title='bbox 1559 1913 1603 1950; x_wconf 91' lang='lat' dir='ltr'>et</span> <span class='ocrx_word' id='word_1_352' title='bbox 1618 1908 1851 1949; x_wconf 90' lang='lat' dir='ltr'>confessio-</span> 
     </span>
     <span class='ocr_line' id='line_1_76' title="bbox 1028 1963 1850 2018; baseline -0.005 -10"><span class='ocrx_word' id='word_1_353' title='bbox 1028 1968 1095 2008; x_wconf 88' lang='lat' dir='ltr'>nis</span> <span class='ocrx_word' id='word_1_354' title='bbox 1114 1967 1207 2008; x_wconf 86' lang='lat' dir='ltr'>vult</span> <span class='ocrx_word' id='word_1_355' title='bbox 1235 1979 1330 2008; x_wconf 90' lang='lat' dir='ltr'>esse</span> <span class='ocrx_word' id='word_1_356' title='bbox 1354 1963 1634 2018; x_wconf 90' lang='lat' dir='ltr'>loquendum.</span> <span class='ocrx_word' id='word_1_357' title='bbox 1678 1964 1850 2006; x_wconf 92' lang='lat' dir='ltr'>Idcirco</span> 
     </span>
     <span class='ocr_line' id='line_1_77' title="bbox 1030 2021 1850 2076; baseline -0.006 -11"><span class='ocrx_word' id='word_1_358' title='bbox 1030 2037 1128 2076; x_wconf 88' lang='lat' dir='ltr'>quae</span> <span class='ocrx_word' id='word_1_359' title='bbox 1160 2024 1204 2064; x_wconf 93' lang='lat' dir='ltr'>in</span> <span class='ocrx_word' id='word_1_360' title='bbox 1235 2022 1427 2064; x_wconf 88' lang='lat' dir='ltr'>tenebris</span> <span class='ocrx_word' id='word_1_361' title='bbox 1462 2021 1579 2063; x_wconf 90' lang='lat' dir='ltr'>dicta</span> <span class='ocrx_word' id='word_1_362' title='bbox 1611 2025 1711 2061; x_wconf 90' lang='lat' dir='ltr'>sunt</span> <span class='ocrx_word' id='word_1_363' title='bbox 1742 2032 1850 2072; x_wconf 88' lang='lat' dir='ltr'>prae-</span> 
     </span>
     <span class='ocr_line' id='line_1_78' title="bbox 1029 2078 1850 2130; baseline -0.006 -9"><span class='ocrx_word' id='word_1_364' title='bbox 1029 2079 1166 2122; x_wconf 90' lang='lat' dir='ltr'>dicari</span> <span class='ocrx_word' id='word_1_365' title='bbox 1184 2079 1308 2130; x_wconf 89' lang='lat' dir='ltr'>jussit</span> <span class='ocrx_word' id='word_1_366' title='bbox 1326 2079 1370 2119; x_wconf 94' lang='lat' dir='ltr'>in</span> <span class='ocrx_word' id='word_1_367' title='bbox 1388 2078 1563 2119; x_wconf 83' lang='lat' dir='ltr'>lumine:</span> <span class='ocrx_word' id='word_1_368' title='bbox 1590 2081 1638 2117; x_wconf 93' lang='lat' dir='ltr'>ut</span> <span class='ocrx_word' id='word_1_369' title='bbox 1663 2088 1762 2128; x_wconf 85' lang='lat' dir='ltr'>quae</span> <span class='ocrx_word' id='word_1_370' title='bbox 1787 2088 1850 2117; x_wconf 89' lang='lat' dir='ltr'>se-</span> 
     </span>
     <span class='ocr_line' id='line_1_79' title="bbox 1029 2135 1852 2184; baseline -0.006 -7"><span class='ocrx_word' id='word_1_371' title='bbox 1029 2138 1150 2177; x_wconf 88' lang='lat' dir='ltr'>creto</span> <span class='ocrx_word' id='word_1_372' title='bbox 1174 2135 1342 2176; x_wconf 81' lang='lat' dir='ltr'>aurium</span> <span class='ocrx_word' id='word_1_373' title='bbox 1366 2136 1553 2175; x_wconf 76' lang='lat' dir='ltr'>eofiu&#39;ssa</span> <span class='ocrx_word' id='word_1_374' title='bbox 1578 2137 1691 2182; x_wconf 89' lang='lat' dir='ltr'>sunt,</span> <span class='ocrx_word' id='word_1_375' title='bbox 1719 2144 1852 2184; x_wconf 91' lang='lat' dir='ltr'>super</span> 
     </span>
     <span class='ocr_line' id='line_1_80' title="bbox 1028 2188 1851 2244; baseline -0.007 -9"><span class='ocrx_word' id='word_1_376' title='bbox 1028 2198 1161 2244; x_wconf 90' lang='lat' dir='ltr'>tecta,</span> <span class='ocrx_word' id='word_1_377' title='bbox 1193 2192 1239 2234; x_wconf 94' lang='lat' dir='ltr'>id</span> <span class='ocrx_word' id='word_1_378' title='bbox 1271 2196 1348 2241; x_wconf 92' lang='lat' dir='ltr'>est,</span> <span class='ocrx_word' id='word_1_379' title='bbox 1378 2190 1550 2232; x_wconf 89' lang='lat' dir='ltr'>excelso</span> <span class='ocrx_word' id='word_1_380' title='bbox 1579 2188 1851 2241; x_wconf 93' lang='lat' dir='ltr'>loquentium</span> 
     </span>
     <span class='ocr_line' id='line_1_81' title="bbox 1028 2246 1851 2302; baseline -0.007 -11"><span class='ocrx_word' id='word_1_381' title='bbox 1028 2249 1252 2302; x_wconf 87' lang='lat' dir='ltr'>praeeonio</span> <span class='ocrx_word' id='word_1_382' title='bbox 1295 2247 1536 2289; x_wconf 87' lang='lat' dir='ltr'>audiantur.</span> <span class='ocrx_word' id='word_1_383' title='bbox 1590 2246 1851 2287; x_wconf 86' lang='lat' dir='ltr'>Constanter</span> 
     </span>
     <span class='ocr_line' id='line_1_82' title="bbox 1030 2302 1852 2355; baseline -0.006 -8"><span class='ocrx_word' id='word_1_384' title='bbox 1030 2306 1143 2347; x_wconf 91' lang='lat' dir='ltr'>enim</span> <span class='ocrx_word' id='word_1_385' title='bbox 1158 2305 1242 2347; x_wconf 90' lang='lat' dir='ltr'>Dei</span> <span class='ocrx_word' id='word_1_386' title='bbox 1259 2303 1494 2355; x_wconf 85' lang='lat' dir='ltr'>ingerenda</span> <span class='ocrx_word' id='word_1_387' title='bbox 1509 2302 1700 2353; x_wconf 88' lang='lat' dir='ltr'>cognitio</span> <span class='ocrx_word' id='word_1_388' title='bbox 1716 2305 1793 2351; x_wconf 89' lang='lat' dir='ltr'>est,</span> <span class='ocrx_word' id='word_1_389' title='bbox 1808 2306 1852 2343; x_wconf 90' lang='lat' dir='ltr'>et</span> 
     </span>
     <span class='ocr_line' id='line_1_83' title="bbox 1028 2357 1849 2414; baseline -0.007 -11"><span class='ocrx_word' id='word_1_390' title='bbox 1028 2361 1292 2414; x_wconf 84' lang='lat' dir='ltr'>profundum</span> <span class='ocrx_word' id='word_1_391' title='bbox 1333 2358 1544 2400; x_wconf 81' lang='lat' dir='ltr'>doctrinae</span> <span class='ocrx_word' id='word_1_392' title='bbox 1587 2357 1849 2408; x_wconf 79' lang='lat' dir='ltr'>evangelicae</span> 
     </span>
     <span class='ocr_line' id='line_1_84' title="bbox 1028 2411 1850 2466; baseline -0.007 -7"><span class='ocrx_word' id='word_1_393' title='bbox 1028 2419 1244 2459; x_wconf 89' lang='lat' dir='ltr'>secretum</span> <span class='ocrx_word' id='word_1_394' title='bbox 1269 2415 1315 2455; x_wconf 89' lang='lat' dir='ltr'>in</span> <span class='ocrx_word' id='word_1_395' title='bbox 1341 2414 1501 2455; x_wconf 83' lang='lat' dir='ltr'>lumine</span> <span class='ocrx_word' id='word_1_396' title='bbox 1525 2411 1850 2466; x_wconf 84' lang='lat' dir='ltr'>praedicationis</span> 
     </span>
     <span class='ocr_line' id='line_1_85' title="bbox 1029 2468 1850 2526; baseline -0.006 -11"><span class='ocrx_word' id='word_1_397' title='bbox 1029 2472 1283 2526; x_wconf 87' lang='lat' dir='ltr'>apostolicae</span> <span class='ocrx_word' id='word_1_398' title='bbox 1327 2468 1627 2511; x_wconf 87' lang='lat' dir='ltr'>revelandum:</span> <span class='ocrx_word' id='word_1_399' title='bbox 1669 2480 1758 2509; x_wconf 91' lang='lat' dir='ltr'>non</span> <span class='ocrx_word' id='word_1_400' title='bbox 1801 2468 1850 2510; x_wconf 91' lang='lat' dir='ltr'>ti-</span> 
     </span>
     <span class='ocr_line' id='line_1_86' title="bbox 1028 2523 1850 2577; baseline -0.006 -7"><span class='ocrx_word' id='word_1_401' title='bbox 1028 2530 1195 2570; x_wconf 90' lang='lat' dir='ltr'>mentes</span> <span class='ocrx_word' id='word_1_402' title='bbox 1210 2540 1298 2575; x_wconf 91' lang='lat' dir='ltr'>eos,</span> <span class='ocrx_word' id='word_1_403' title='bbox 1315 2525 1471 2577; x_wconf 90' lang='lat' dir='ltr'>quibus</span> <span class='ocrx_word' id='word_1_404' title='bbox 1487 2537 1585 2567; x_wconf 92' lang='lat' dir='ltr'>cum</span> <span class='ocrx_word' id='word_1_405' title='bbox 1604 2524 1660 2566; x_wconf 89' lang='lat' dir='ltr'>sit</span> <span class='ocrx_word' id='word_1_406' title='bbox 1677 2523 1850 2566; x_wconf 88' lang='lat' dir='ltr'>licentia</span> 
     </span>
     <span class='ocr_line' id='line_1_87' title="bbox 1028 2580 1850 2636; baseline -0.007 -10"><span class='ocrx_word' id='word_1_407' title='bbox 1028 2585 1071 2625; x_wconf 89' lang='lat' dir='ltr'>in</span> <span class='ocrx_word' id='word_1_408' title='bbox 1099 2587 1299 2636; x_wconf 89' lang='lat' dir='ltr'>corpora,</span> <span class='ocrx_word' id='word_1_409' title='bbox 1326 2586 1472 2622; x_wconf 88' lang='lat' dir='ltr'>tamen</span> <span class='ocrx_word' id='word_1_410' title='bbox 1498 2581 1542 2620; x_wconf 87' lang='lat' dir='ltr'>in</span> <span class='ocrx_word' id='word_1_411' title='bbox 1570 2580 1759 2621; x_wconf 87' lang='lat' dir='ltr'>animam</span> <span class='ocrx_word' id='word_1_412' title='bbox 1784 2580 1850 2631; x_wconf 88' lang='lat' dir='ltr'>jus</span> 
     </span>
     <span class='ocr_line' id='line_1_88' title="bbox 1027 2636 1849 2689; baseline -0.006 -8"><span class='ocrx_word' id='word_1_413' title='bbox 1027 2640 1192 2681; x_wconf 92' lang='lat' dir='ltr'>nullum</span> <span class='ocrx_word' id='word_1_414' title='bbox 1228 2642 1308 2679; x_wconf 88' lang='lat' dir='ltr'>est:</span> <span class='ocrx_word' id='word_1_415' title='bbox 1347 2637 1426 2678; x_wconf 88' lang='lat' dir='ltr'>sed</span> <span class='ocrx_word' id='word_1_416' title='bbox 1461 2637 1666 2677; x_wconf 88' lang='lat' dir='ltr'>timentes</span> <span class='ocrx_word' id='word_1_417' title='bbox 1701 2636 1849 2689; x_wconf 89' lang='lat' dir='ltr'>potius</span> 
     </span>
     <span class='ocr_line' id='line_1_89' title="bbox 1027 2691 1850 2745; baseline -0.006 -8"><span class='ocrx_word' id='word_1_418' title='bbox 1027 2697 1184 2745; x_wconf 92' lang='lat' dir='ltr'>Deum,</span> <span class='ocrx_word' id='word_1_419' title='bbox 1217 2694 1287 2735; x_wconf 89' lang='lat' dir='ltr'>cui</span> <span class='ocrx_word' id='word_1_420' title='bbox 1317 2691 1556 2745; x_wconf 78' lang='lat' dir='ltr'>perdendae</span> <span class='ocrx_word' id='word_1_421' title='bbox 1582 2691 1626 2732; x_wconf 92' lang='lat' dir='ltr'>in</span> <span class='ocrx_word' id='word_1_422' title='bbox 1654 2691 1850 2742; x_wconf 85' lang='lat' dir='ltr'>gehenna</span> 
     </span>
     <span class='ocr_line' id='line_1_90' title="bbox 1028 2748 1848 2801; baseline -0.009 -7"><span class='ocrx_word' id='word_1_423' title='bbox 1028 2757 1073 2794; x_wconf 88' lang='lat' dir='ltr'>et</span> <span class='ocrx_word' id='word_1_424' title='bbox 1091 2752 1245 2793; x_wconf 84' lang='lat' dir='ltr'>animae</span> <span class='ocrx_word' id='word_1_425' title='bbox 1273 2754 1317 2791; x_wconf 89' lang='lat' dir='ltr'>et</span> <span class='ocrx_word' id='word_1_426' title='bbox 1340 2748 1538 2801; x_wconf 90' lang='lat' dir='ltr'>corporis</span> <span class='ocrx_word' id='word_1_427' title='bbox 1562 2748 1618 2788; x_wconf 91' lang='lat' dir='ltr'>sit</span> <span class='ocrx_word' id='word_1_428' title='bbox 1639 2748 1848 2800; x_wconf 88' lang='lat' dir='ltr'>potestas.</span> 
     </span>
    </p>
   </div>
   <div class='ocr_carea' id='block_1_13' title="bbox 1025 444 1121 585">
    <p class='ocr_par' dir='ltr' id='par_1_17' title="bbox 1025 444 1121 585">
     <span class='ocr_line' id='line_1_91' title="bbox 1025 444 1121 585; baseline 0.021 -39"><span class='ocrx_word' id='word_1_429' title='bbox 1025 444 1121 585; x_wconf 95' lang='lat' dir='ltr'>   </span> 
     </span>
    </p>
   </div>
   <div class='ocr_carea' id='block_1_14' title="bbox 1584 2873 1638 2907">
    <p class='ocr_par' dir='ltr' id='par_1_18' title="bbox 1584 2873 1638 2907">
     <span class='ocr_line' id='line_1_92' title="bbox 1584 2873 1638 2907; baseline 0 -14"><span class='ocrx_word' id='word_1_430' title='bbox 1584 2873 1638 2907; x_wconf 64' lang='lat' dir='ltr'>Y*</span> 
     </span>
    </p>
   </div>
  </div>
 </body>
</html>
