2066 2904
832 153 1040 185 Commune

200 243 305 292 filia,
334 248 377 285 et
400 256 557 284 nurum
581 256 608 284 a
631 255 777 284 socru:
802 247 846 284 et
869 242 1030 283 inimici

199 299 386 340 heminis
416 299 648 340 domestici
676 299 778 350 ejus.
815 299 899 349 Qui
924 310 1029 349 ergo

199 360 381 407 propter
400 355 533 397 fidem
555 354 731 404 Christi,
757 359 800 396 et
818 354 1030 407 praedica-

199 411 363 452 tionem
389 411 631 462 Evangelii,
666 424 819 452 omnes
848 410 1030 451 affectus
1095 398 1139 448 ’θ’

199 468 562 520 contempserint,
603 472 736 519 atque
774 466 948 508 divitias
987 471 1031 507 et

198 523 348 564 sa'eculi
376 523 641 576 voluptates:
673 523 745 564 isti
777 522 1031 575 centuplum

198 579 422 632 recipient,
446 585 490 621 et
506 580 641 622 vitam
666 581 877 620 aeternam
891 578 1030 631 possi-

199 634 375 677 debunt.

253 695 301 744 Ιζν.
333 692 427 734 Sint
459 692 595 734 lumbi
625 692 761 733 vestri
791 691 1030 744 praecincti,

199 752 243 789 et
279 747 470 790 lucernae
509 748 713 789 ardentes
751 748 795 787 in
829 746 1031 788 manibus

198 805 372 845 vestris:
398 806 420 827 *
451 805 508 845 Et
536 817 617 846 vos
650 803 815 845 similes
847 802 1031 844 homini-

198 859 280 901 bus
313 860 672 913 exspectantibus
705 859 931 901 deminum
963 873 1031 900 su-

198 929 287 965 um,
322 916 498 969 quando
529 919 776 958 revertatur
803 928 828 956 a
855 916 1031 968 nuptiis.

200 970 248 1020 Y.
275 972 466 1023 Vigilate
486 986 603 1024 ergo,
628 972 729 1024 quia
747 972 926 1013 nescitis
945 984 1032 1023 qua

199 1028 307 1069 hora
326 1029 543 1070 Dominus
563 1034 710 1070 vester
731 1032 941 1070 venturus
963 1028 1032 1071 sit.

199 1085 256 1125 Et
276 1097 367 1126 vos.
395 1085 548 1126 Gloria
565 1085 695 1126 Patri.
723 1085 780 1125 Et
798 1097 889 1126 vos.

502 1143 653 1183 Lectio
675 1143 727 1181 ix.

282 1211 309 1237 x
321 1197 554 1239 occasione
564 1197 690 1249 hujus
701 1197 929 1238 sententiae
943 1196 1032 1248 qui-

293 1253 394 1295 dam
426 1253 712 1295 introducunt
745 1252 863 1294 mille
895 1265 1033 1294 annos

201 1314 303 1362 post
314 1310 692 1359 resurrectionem,
708 1309 915 1358 dicentes,
929 1314 1034 1350 tunc

200 1366 328 1407 nobis
365 1366 617 1418 centuplum
659 1366 853 1407 emnium
888 1378 1034 1407 rerum

202 1435 310 1474 quas
331 1422 585 1469 dimisimus,
607 1427 650 1464 et
666 1423 803 1463 vitam
824 1424 1035 1463 aeternam

202 1491 298 1520 esse
317 1478 604 1520 reddendam:
623 1491 712 1520 non
729 1478 1034 1529 intelligentes,

203 1534 333 1587 quod,
356 1535 393 1576 si
412 1535 455 1575 in
477 1535 635 1577 ceteris
655 1535 788 1586 digna
809 1535 863 1576 sit
884 1547 1033 1587 repro-

200 1591 363 1641 missio,
383 1592 427 1632 in
441 1591 654 1633 uxeribus
669 1594 883 1644 appareat
898 1591 1033 1643 turpi-

201 1647 326 1688 tudo:
343 1652 391 1688 ut
412 1648 486 1700 qui
505 1660 637 1688 unam
656 1660 738 1700 pro
758 1647 951 1688 Domino
972 1646 1034 1688 di-

201 1704 384 1753 miserit,
408 1709 584 1745 centum
607 1704 793 1756 recipiat
811 1703 855 1743 in
875 1703 1035 1744 futuro.

202 1759 364 1800 Sensus
391 1772 495 1811 ergo
523 1760 606 1801 iste
631 1765 712 1801 est:
739 1759 824 1810 Qui
843 1758 1035 1800 carnalia

202 1828 284 1868 pro
300 1815 528 1857 Salvatere
548 1816 773 1864 dimiserit,
793 1815 1036 1867 spiritualia

203 1872 401 1924 recipiet:
423 1885 522 1924 quae
542 1872 875 1924 comparatione
891 1876 934 1912 et
949 1873 1035 1912 me-

202 1928 288 1969 rito
317 1928 383 1969 sui
411 1929 472 1969 ita
497 1933 638 1977 erunt,
672 1928 797 1980 quasi
830 1928 866 1968 si
895 1940 1035 1980 parvo

203 1987 387 2026 numero
403 1985 680 2026 centenarius
695 1987 903 2025 numerus
919 1996 1034 2024 com-

204 2043 394 2093 paretur.
451 2042 514 2081 Te
533 2041 688 2081 Deum.
708 2041 766 2081 15.

378 2152 440 2193 11.
482 2151 599 2192 Alia
625 2150 861 2193 Homilia.

205 2210 356 2251 Lectio
382 2211 520 2251 sancti
544 2208 771 2259 Evangelii
794 2207 1036 2249 secundum

488 2265 757 2307 Matthaeum.

311 2324 458 2364 Lectio
481 2325 544 2363 vii.
697 2326 799 2375 Cap.
823 2325 870 2363 11.
891 2324 928 2364 d.

190 2377 282 2482 ‘In
306 2378 380 2419 illo
404 2380 621 2431 tempore:
650 2377 946 2431 Respondens
970 2378 994 2418 J
997 2391 1036 2419 e-

282 2447 355 2475 sus
384 2434 506 2476 dixit:
537 2435 762 2477 Confiteor
789 2433 868 2475 tibi
895 2434 1037 2484 Pater,

208 2489 395 2531 Demine
428 2491 529 2532 coeli
563 2497 606 2533 et
631 2497 781 2540 terrae,
813 2490 915 2542 quia
943 2490 1037 2532 abs-

210 2545 399 2587 condisti
414 2546 511 2589 haec
529 2560 554 2588 a
573 2547 853 2600 sapientibus,
878 2552 922 2587 et
939 2560 1037 2599 pru-

210 2600 429 2651 dentibus,
456 2609 499 2644 et
522 2604 729 2645 revelasti
755 2616 807 2645 ea
833 2603 1038 2655 parvulis.

210 2657 266 2698 Et
283 2657 460 2710 reliqua.

1069 151 1272 184 Abbatum.

1084 240 1275 284 Homilia
1294 241 1434 282 sancti
1449 240 1685 291 Augustini
1694 240 1917 292 Episcopi.

1162 308 1344 340 Sermone
1366 307 1421 340 10.
1440 306 1486 339 de
1507 305 1644 338 Verbis
1664 304 1828 338 Domini.

1100 390 1105 398 .
1131 371 1186 411 μ
1241 355 1355 395 enite
1375 352 1432 394 ad
1451 365 1521 394 me
1538 365 1691 394 omnes
1708 352 1783 404 qui
1796 351 1916 394 labo-

1099 454 1101 458 ,
1122 454 1126 458 ,
1170 417 1175 421 ’
1201 437 1202 440 ,
1220 408 1224 441 ἑ
1253 410 1372 450 ratis.
1424 410 1569 460 Quare
1607 409 1723 450 enim
1764 420 1917 450 omnes

1123 464 1151 490 ,ππ
1185 455 1223 479 f
1252 465 1521 514 laboramus,
1539 465 1623 505 nisi
1644 465 1746 516 quia
1768 477 1917 505 sumus

1082 520 1281 563 hemines
1299 521 1521 570 mortales,
1540 520 1727 572 fragiles,
1746 520 1917 570 infirmi,

1082 577 1202 619 lutea
1225 590 1331 619 vasa
1354 579 1601 630 portanteS,
1630 589 1730 628 quae
1754 576 1918 618 faciunt

1082 634 1271 675 invicem
1303 632 1555 684 angustias?
1596 632 1685 674 Sed
1715 633 1753 674 si
1785 645 1917 684 angu-

1084 690 1269 731 stiantur
1280 702 1387 731 vasa
1402 689 1557 738 carnis,
1572 688 1808 730 dilatentur
1820 691 1917 741 spa-

1083 746 1143 787 tia
1163 746 1367 787 caritatis.
1404 744 1520 796 Quid
1548 757 1654 796 ergo
1683 744 1806 794 dicit,
1834 744 1918 786 Ve-

1083 804 1174 844 nite
1207 802 1263 843 ad
1294 815 1365 843 me
1398 814 1551 843 omnes
1590 801 1664 853 qui
1695 800 1919 850 laboratis,

1083 858 1167 899 nisi
1181 863 1231 900 ut
1244 871 1333 900 non
1347 856 1580 899 laboretis?
1600 857 1803 909 Denique
1818 869 1919 910 pro-

1083 915 1236 955 missio
1266 915 1357 966 ejus
1386 914 1430 954 in
1457 918 1669 966 promptu
1697 918 1779 963 est,
1814 915 1919 965 que-

1084 971 1201 1011 niam
1219 970 1473 1012 laborantes
1492 969 1678 1011 vocavit.
1710 970 1920 1020 Quaerent

1084 1027 1210 1076 forte,
1232 1039 1318 1079 qua
1336 1026 1541 1068 mercede
1557 1025 1705 1067 vocati
1723 1030 1835 1066 sunt.
1862 1025 1920 1067 Et

1086 1096 1167 1134 ego
1196 1095 1297 1132 vos,
1325 1083 1486 1135 inquit,
1514 1082 1721 1124 reficiam.
1757 1081 1920 1123 Tellite

1085 1141 1233 1192 jugum
1251 1152 1398 1180 meum
1421 1151 1555 1191 super
1573 1150 1669 1188 vos,
1696 1142 1740 1180 et
1763 1137 1921 1179 discite

1086 1208 1112 1236 a
1130 1208 1215 1245 me,
1239 1207 1327 1236 non
1346 1194 1559 1236 mundum
1578 1194 1808 1243 fabricare,
1832 1206 1921 1235 non

1087 1256 1245 1293 cuncta
1255 1251 1444 1293 visibilia
1460 1256 1503 1292 et
1513 1250 1747 1292 invisibilia
1758 1252 1920 1300 creare,

1086 1321 1175 1349 non
1199 1309 1243 1348 in
1265 1308 1365 1360 ipso
1386 1307 1553 1349 mundo
1572 1306 1788 1348 mirabilia
1808 1306 1920 1348 face·

1087 1377 1145 1414 re,
1166 1369 1210 1405 et
1228 1367 1428 1406 mortuos
1447 1364 1675 1414 suscitare3
1695 1362 1785 1411 sed,
1805 1363 1920 1413 Que-

1086 1421 1203 1461 niam
1222 1421 1339 1462 mitis
1366 1433 1478 1469 sum,
1505 1424 1549 1461 et
1572 1419 1748 1460 humilis
1774 1418 1922 1461 corde.

1139 1481 1189 1531 Rg.
1221 1478 1312 1518 Iste
1344 1482 1412 1518 est
1439 1476 1523 1529 qui.
1547 1475 1630 1528 [97]

1376 1535 1527 1576 Lectio
1549 1534 1631 1574 viii.

1086 1587 1328 1692 Magnus
1365 1602 1463 1631 esse
1490 1588 1579 1630 vis?
1607 1601 1633 1629 a
1656 1588 1836 1629 minimo
1860 1589 1921 1628 in-

1210 1647 1317 1699 cipe.
1355 1646 1536 1696 Cogitas
1563 1657 1767 1696 magnam
1793 1643 1921 1686 fabri-

1088 1714 1185 1743 cam
1226 1705 1482 1744 construere
1524 1699 1819 1742 celsitudinis?
1865 1699 1922 1742 de

1088 1757 1373 1800 fundamento
1410 1758 1534 1810 prius
1571 1757 1718 1808 cegita
1753 1756 1921 1798 humili-

1087 1815 1202 1856 tatis.
1230 1815 1287 1856 Et
1309 1819 1519 1867 quantam
1539 1813 1725 1866 quisque
1743 1812 1854 1862 vult,
1879 1817 1924 1854 et

1089 1870 1286 1924 dispenit
1305 1871 1668 1923 superimpenere
1684 1869 1848 1911 molem
1867 1881 1922 1910 ae-

1089 1927 1233 1976 dificii,
1250 1932 1414 1979 quanto
1431 1927 1513 1968 erit
1523 1927 1663 1977 majus
1674 1925 1923 1975 aedificium,

1088 1988 1211 2024 tanto
1232 1983 1362 2024 altius
1377 1982 1488 2024 fodit
1502 1982 1846 2024 fundamentum.
1866 1981 1925 2023 Et

1089 2039 1257 2081 fabrica
1274 2039 1451 2092 quidem
1467 2052 1566 2080 cum
1581 2038 1861 2088 construitur,
1879 2037 1924 2078 in

1090 2098 1280 2149 superna
1298 2095 1537 2147 consurgit:
1558 2095 1633 2147 qui
1652 2099 1798 2136 autem
1812 2093 1925 2135 fodit

1089 2152 1438 2202 fundamentum,
1464 2151 1521 2193 ad
1546 2151 1633 2192 ima
1652 2150 1924 2203 deprimitur.

1090 2209 1207 2260 Ergo
1233 2213 1277 2250 et
1300 2208 1467 2250 fabrica
1492 2212 1594 2249 ante
1618 2205 1925 2249 celsitudinem

1089 2264 1354 2314 humiliatur,
1375 2270 1418 2306 et
1431 2264 1654 2314 fastigium
1668 2267 1772 2316 post
1786 2262 1923 2310 humi-

1090 2320 1315 2362 liationem
1333 2320 1524 2372 erigitur.

1142 2381 1190 2431 Rg.
1219 2377 1314 2418 Sint
1341 2376 1489 2418 lumbi.
1515 2384 1561 2419 ut
1587 2391 1727 2430 supra.

1392 2436 1543 2476 Lectio
1564 2436 1618 2475 ix.

1177 2490 1269 2531 uod
1288 2494 1354 2531 est
1373 2489 1595 2539 fastigium
1616 2487 1923 2530 construendae

1195 2546 1390 2595 fabricae,
1416 2557 1547 2597 quam
1569 2542 1799 2586 molimur?
1835 2557 1923 2596 quo

1091 2605 1405 2655 perventurum
1419 2606 1487 2642 est
1500 2603 1710 2642 cacumen
1726 2599 1923 2641 aedificii?

1094 2659 1192 2700 Cito
1225 2658 1341 2708 dico,
1378 2669 1518 2709 usque
1551 2655 1609 2698 ad
1637 2658 1924 2708 conspectum
