2066 2904
651 137 858 171 Commune
884 136 1128 170 confessoris
1150 136 1356 170 Pontificis.

154 245 256 275 ecce
298 233 382 274 alia
423 232 613 286 quinque
649 232 972 285 superlucratus

153 301 259 330 sum.
294 290 423 331 Intra.

212 351 367 393 Bened.
397 350 646 402 Unigenitus
664 351 749 392 Dei
767 351 911 393 Filius.

295 425 361 464 De
379 423 577 476 Epistola
596 424 652 466 ad
670 425 827 467 Titum.

254 489 403 530 Lectio
428 488 466 527 ii.
662 490 763 541 Cap.
785 492 812 529 1.
829 489 867 530 b.

234 554 381 604 portet
424 552 537 593 enim
576 553 831 604 episcopum
879 551 970 592 sine

253 608 429 650 crimine
450 621 555 658 esse,
575 608 686 649 sicut
698 607 782 649 Dei
801 607 969 660 dispen-

151 666 355 706 satorem:
387 677 475 706 non
499 663 748 717 superbum,
778 677 866 706 non
890 664 969 705 ira-

151 720 349 771 cundum,
367 734 454 762 non
473 720 750 770 vinolentum,
769 733 856 762 non
874 734 968 773 per-

150 779 388 827 cussorem,
427 790 515 819 non
546 777 686 830 turpis
712 776 821 818 lucri
852 777 969 830 cupi-

151 832 269 874 dum:
306 833 385 875 sed
410 833 689 887 hospitalem,
724 833 968 885 benignum,

149 889 355 940 sobrium,
386 890 558 942 justum,
591 894 803 940 sanctum,
835 890 968 932 conti-

147 947 339 997 nentem,
376 946 711 999 amplectentem
739 959 853 997 eum,
896 947 969 999 qui

147 1002 385 1044 secundum
411 1003 653 1044 doctrinam
681 1007 761 1053 est,
794 1002 968 1045 fidelem

149 1061 406 1101 sermonem:
433 1065 481 1101 ut
499 1064 657 1112 potens
677 1059 733 1101 sit
747 1059 968 1101 exhortari

147 1115 191 1171 in
215 1114 412 1157 doctrina
437 1128 558 1166 sana,
588 1120 631 1157 et
650 1128 742 1166 eOS,
771 1116 844 1168 qui
868 1128 966 1158 con-

147 1170 374 1222 tradicunt,
389 1175 580 1224 arguere.
595 1172 702 1214 Sunt
716 1172 830 1214 enim
842 1172 967 1214 multi

147 1228 277 1269 etiam
303 1228 620 1278 inobedientes,
651 1228 891 1281 vaniloqui,
924 1234 968 1271 et

146 1284 416 1326 seductores:
434 1285 622 1326 maxime
638 1285 711 1337 qui
725 1285 780 1327 de
796 1286 967 1327 circum-

146 1340 308 1382 cisione
335 1346 447 1383 sunt:
483 1353 592 1394 quos
619 1343 795 1394 oportet
820 1341 965 1383 redar-

145 1397 232 1448 gui:
261 1397 334 1449 qui
357 1397 580 1438 universas
609 1397 763 1439 domos
790 1398 964 1440 subver-

145 1458 256 1503 tunt,
293 1453 500 1496 docentes
529 1466 626 1507 quae
659 1467 746 1496 non
779 1456 964 1507 oportet,

144 1510 283 1562 turpis
301 1510 410 1552 lucri
427 1511 576 1561 gratia.

143 1568 252 1665 mh}
280 1567 395 1608 Ecce
422 1566 628 1609 sacerdos
655 1580 852 1618 magnus,
891 1567 964 1619 qui

147 1621 156 1630 '
241 1622 364 1665 iebus
389 1623 477 1665 suis
500 1623 664 1677 placuit
682 1624 794 1665 Deo:
815 1626 836 1649 *
854 1623 962 1665 Ideo

75 1684 79 1688 '
142 1678 415 1731 jurejurando
452 1680 554 1722 fecit
594 1680 715 1721 illum
750 1680 962 1721 Dominus

143 1736 368 1778 crescere
356 1750 400 1777 111
418 1736 592 1789 plebem
610 1749 743 1778 suam.
766 1735 805 1785 ,Y
808 1736 961 1778 ‚Bene-

142 1790 376 1834 dictionem
404 1793 595 1834 omnium
622 1793 813 1844 gentium
840 1792 961 1834 dedit

139 1847 216 1898 illi,
252 1853 296 1891 et
321 1850 629 1891 testamentum
655 1862 781 1891 suum
808 1849 960 1891 confir-

140 1905 275 1946 mavit
292 1918 423 1958 super
443 1910 574 1958 caput
594 1906 695 1958 ejus.
722 1905 841 1948 Ideo.

196 1965 357 2007 Bened.
380 1966 562 2019 Spiritus
581 1966 719 2008 sancti
736 1966 884 2017 gratia.

248 2033 398 2075 Lectio
419 2034 471 2074 iii.
703 2036 805 2087 Cap.
824 2037 860 2076 2.

145 2087 258 2193 Tu
284 2100 430 2137 autem
460 2096 640 2149 loquere
673 2110 770 2149 quae
803 2098 960 2139 decent

251 2165 400 2193 sanam
435 2151 696 2195 doctrinam:
744 2154 878 2195 Senes
912 2160 960 2196 ut

141 2208 273 2250 sobrii
293 2209 388 2259 sint,
406 2209 565 2262 pudici,
590 2209 839 2262 prudentes,
867 2211 959 2252 sani

140 2264 184 2305 in
202 2264 300 2315 fide,
326 2265 371 2306 in
397 2264 640 2316 dilectione,
667 2266 712 2307 in
734 2267 958 2319 patientia:

65 2368 76 2376 ἴ
138 2321 260 2362 Anus
296 2321 490 2363 similiter
525 2322 569 2363 in
605 2322 756 2364 habitu
795 2329 957 2373 sancto,

137 2389 224 2418 non
244 2378 567 2428 criminatrices,
593 2391 682 2420 non
700 2379 837 2421 multo
857 2380 957 2421 vino

139 2434 386 2484 servientes,
412 2434 524 2476 bene
544 2435 768 2477 docentes:
792 2441 840 2477 ut
858 2449 956 2488 pru-

139 2488 327 2531 dentiam
368 2490 554 2533 doceant
600 2491 956 2542 adolescentulas,

138 2550 186 2586 ut
218 2546 335 2587 viros
368 2560 471 2589 suos
504 2554 663 2599 ament,
701 2549 815 2590 filios
851 2561 955 2590 suos

139 2600 328 2652 diligant,
342 2603 592 2656 prudentes,
607 2610 760 2654 castas,
777 2604 955 2654 sobrias,

139 2656 294 2699 domus
316 2671 463 2700 curam
485 2659 709 2710 habentes,
736 2660 954 2711 benignas,

289 2800 353 2826 Pars
368 2802 461 2827 Verna.

1025 232 1222 274 subditas
1255 232 1358 273 viris
1390 232 1495 282 suis,
1536 236 1584 274 ut
1615 244 1703 273 non
1734 230 1846 272 blas-

1024 288 1253 342 phemetur
1295 288 1477 330 verbum
1511 288 1605 330 Dei.
1656 288 1680 329 J
1683 290 1846 329 uvenes

1024 345 1220 387 similiter
1242 344 1418 386 hortare
1440 349 1487 386 ut
1508 344 1643 386 sobrii
1662 345 1758 386 sint.
1795 345 1847 384 In

1025 401 1224 443 omnibus
1270 403 1460 454 teipsum
1504 400 1656 454 praebe
1706 402 1845 442 exem-

1023 457 1144 510 plum
1162 457 1379 499 bonorum
1399 459 1596 511 operum,
1623 458 1667 498 in
1687 456 1845 499 doctri-

1022 527 1088 564 na,
1107 515 1150 555 in
1168 514 1426 565 integritate,
1448 515 1491 555 in
1510 514 1734 565 gravitate,
1753 526 1845 555 ver-

1022 570 1126 612 bum
1143 584 1306 620 sanum,
1325 569 1718 623 irreprehensibile:
1737 575 1784 612 ut
1798 570 1845 619 is,

1024 628 1098 679 qui
1117 640 1171 669 ex
1189 627 1374 669 adverso
1396 632 1472 676 est,
1499 628 1713 676 vereatur,
1740 626 1846 667 nihil

1022 683 1188 726 habens
1207 684 1367 725 malum
1387 683 1532 726 dicere
1551 683 1606 725 de
1624 683 1762 725 nobis.

1074 746 1124 798 R,
1138 745 1162 786 J
1164 745 1306 787 uravit
1315 745 1539 795 Dominus,
1555 749 1599 786 et
1612 757 1700 786 non
1715 744 1845 797 poeni-

1021 801 1130 843 tebit
1155 814 1267 843 eum:
1292 805 1313 826 ¹⁸¹
1338 802 1407 842 Tu
1430 814 1476 843 es
1499 800 1705 842 sacerdos
1726 801 1770 841 in
1790 813 1843 841 ae-

1020 860 1191 900 ternum
1210 858 1449 900 secundum
1464 857 1661 899 ordinem
1676 857 1845 899 Melchi-

1021 914 1192 956 sedech.
1223 911 1271 961 δ”.
1290 915 1412 956 Dixit
1425 915 1637 956 Dominus
1652 914 1842 955 Domino

1019 984 1136 1021 meo,
1163 971 1277 1013 Sede
1294 974 1326 1012 'a
1351 971 1516 1013 dextris
1538 971 1658 1012 meis.
1695 971 1764 1011 Tu
1784 984 1841 1012 es.

1023 1028 1170 1069 Gloria
1189 1029 1318 1070 Patri.
1354 1028 1423 1068 Tu
1443 1041 1500 1069 es.

1251 1110 1299 1148 In
1319 1111 1367 1149 II.
1389 1112 1609 1152 Nocturno.

1074 1174 1107 1213 Α
1117 1181 1171 1215 nt.
1195 1175 1473 1216 Invocantem
1488 1174 1511 1199 *
1527 1172 1748 1215 exaudivit
1762 1172 1843 1212 Do-

1018 1229 1158 1271 minus
1178 1236 1375 1273 sanctum
1395 1244 1530 1280 suum,
1554 1230 1647 1270 Dfis
1669 1228 1841 1270 exaudi-

1019 1285 1080 1328 vit
1099 1299 1208 1337 eum,
1234 1292 1277 1329 et
1297 1288 1520 1330 constituit
1540 1300 1638 1328 eum
1658 1286 1701 1326 in
1720 1298 1841 1338 pace.

1304 1354 1500 1394 Psahnus
1521 1356 1557 1394 4.

1024 1421 1206 1478 ³70]
1237 1418 1488 1459 invocarem
1518 1416 1739 1459 exaudivit
1771 1428 1840 1457 me

1020 1463 1127 1513 l
1149 1474 1270 1515 Deus
1294 1474 1468 1526 justitiae
1493 1487 1619 1515 meae:
1647 1475 1670 1500 *
1697 1473 1741 1513 in
1768 1473 1839 1514 tri-

1020 1525 1060 1551 Μ
1077 1552 1092 1554 ῆ-
1148 1530 1370 1573 bulatione
1390 1530 1582 1572 dilatasti
1600 1529 1715 1570 mihi.

1066 1587 1272 1629 Miserere
1291 1588 1386 1639 mei,
1401 1588 1424 1613 *
1444 1592 1488 1629 et
1507 1586 1664 1628 exandi
1680 1586 1837 1628 oratio-

1015 1656 1114 1684 nem
1132 1657 1285 1685 meam.

1066 1700 1162 1741 Filii
1194 1700 1419 1742 hominum
1450 1704 1679 1753 usquequo
1717 1699 1838 1751 gravi

1015 1755 1170 1799 corde?
1198 1758 1221 1782 *
1250 1763 1297 1799 ut
1329 1757 1435 1809 quid
1467 1757 1642 1808 diligitis
1675 1756 1836 1797 vanita-

1014 1818 1113 1863 tem,
1142 1819 1185 1855 et
1205 1815 1398 1866 quaeritis
1417 1811 1715 1856 mendacium?

1065 1870 1122 1912 Et
1157 1871 1313 1912 scitote
1349 1871 1555 1923 quoniam
1591 1869 1837 1910 mirificavit

1012 1926 1225 1968 Dominus
1249 1933 1447 1969 sanctum
1471 1940 1611 1968 suum:
1636 1927 1659 1952 *
1686 1925 1834 1967 Domi-

1012 1995 1093 2024 nus
1126 1983 1331 2025 exaudiet
1361 1997 1431 2026 me
1459 1997 1558 2026 cum
1586 1982 1833 2024 clamavero

1014 2038 1070 2080 ad
1089 2052 1199 2081 eum.

1066 2096 1321 2147 Irascimini,
1355 2102 1398 2139 et
1423 2097 1558 2139 nolite
1584 2096 1783 2149 peccare:
1810 2095 1834 2121 *

1013 2165 1110 2204 quae
1134 2153 1276 2196 dicitis
1300 2155 1343 2195 in
1368 2154 1574 2196 cordibus
1595 2151 1763 2200 vestris,
1789 2151 1833 2191 in

1010 2208 1223 2262 cubilibus
1242 2211 1399 2252 vestris
1423 2207 1773 2261 compungimini.

1060 2265 1310 2309 Sacrificate
1348 2266 1609 2308 sacrificium
1644 2264 1831 2317 justitiae,

1010 2326 1053 2362 et
1079 2325 1254 2375 sperate
1282 2324 1326 2364 in
1351 2323 1552 2364 Domino.
1571 2322 1594 2347 *
1617 2321 1744 2362 Multi
1771 2319 1830 2362 di-

1009 2384 1125 2420 cunt:
1153 2381 1259 2430 Quis
1278 2379 1469 2422 ostendit
1487 2378 1614 2420 nobis
1632 2376 1771 2419 bona?

1060 2436 1284 2487 Signatum
1312 2441 1379 2478 est
1410 2447 1541 2488 super
1572 2447 1653 2475 nos
1684 2433 1829 2475 lumen

1008 2492 1152 2534 vultus
1175 2493 1239 2534 tui
1260 2492 1462 2534 Domine:
1490 2492 1513 2518 *
1541 2490 1700 2533 dedisti
1722 2490 1828 2531 laeti-

1007 2549 1113 2590 tiam
1130 2550 1174 2590 in
1193 2549 1326 2591 corde
1345 2561 1455 2590 meo.

1057 2605 1099 2646 A
1121 2606 1265 2647 fructu
1291 2604 1508 2653 frumenti,
1539 2603 1642 2653 vini,
1675 2608 1719 2645 et
1742 2603 1828 2645 olei

1006 2662 1073 2703 sui
1090 2663 1114 2689 *
1131 2661 1406 2714 multiplicati
1424 2664 1534 2702 sunt.

1570 2791 1621 2826 Ε*
