<?xml version="1.0" encoding="UTF-8"?>
<!DOCTYPE html PUBLIC "-//W3C//DTD XHTML 1.0 Transitional//EN"
    "http://www.w3.org/TR/xhtml1/DTD/xhtml1-transitional.dtd">
<html xmlns="http://www.w3.org/1999/xhtml" xml:lang="en" lang="en">
 <head>
  <title>
</title>
<meta http-equiv="Content-Type" content="text/html;charset=utf-8" />
  <meta name='ocr-system' content='tesseract 3.04.00' />
  <meta name='ocr-capabilities' content='ocr_page ocr_carea ocr_par ocr_line ocrx_word'/>
</head>
<body>
  <div class='ocr_page' id='page_1' title='image "./p2breviariumroma00cathuoft_0988.png"; bbox 0 0 2066 2956; ppageno 0'>
   <div class='ocr_carea' id='block_1_1' title="bbox 246 194 1365 244">
    <p class='ocr_par' dir='ltr' id='par_1_1' title="bbox 246 194 1365 244">
     <span class='ocr_line' id='line_1_1' title="bbox 246 194 1365 244; baseline 0.006 -16"><span class='ocrx_word' id='word_1_1' title='bbox 246 194 289 228; x_wconf 80' lang='lat'>4*</span> <span class='ocrx_word' id='word_1_2' title='bbox 845 200 900 234; x_wconf 86' lang='lat' dir='ltr'>Ss.</span> <span class='ocrx_word' id='word_1_3' title='bbox 926 202 1078 244; x_wconf 79' lang='lat' dir='ltr'>Septem</span> <span class='ocrx_word' id='word_1_4' title='bbox 1104 201 1365 235; x_wconf 81' lang='lat' dir='ltr'>Fundutorum</span> 
     </span>
    </p>
   </div>
   <div class='ocr_carea' id='block_1_2' title="bbox 549 334 758 375">
    <p class='ocr_par' dir='ltr' id='par_1_2' title="bbox 549 334 758 375">
     <span class='ocr_line' id='line_1_2' title="bbox 549 334 758 375; baseline 0 -2"><span class='ocrx_word' id='word_1_5' title='bbox 549 334 701 375; x_wconf 84' lang='lat' dir='ltr'>Lectio</span> <span class='ocrx_word' id='word_1_6' title='bbox 724 349 758 373; x_wconf 82' lang='lat' dir='ltr'>v.</span> 
     </span>
    </p>
   </div>
   <div class='ocr_carea' id='block_1_3' title="bbox 213 412 1073 2781">
    <p class='ocr_par' dir='ltr' id='par_1_3' title="bbox 213 412 1073 2781">
     <span class='ocr_line' id='line_1_3' title="bbox 340 412 1073 467; baseline 0.007 -14"><span class='ocrx_word' id='word_1_7' title='bbox 340 425 394 453; x_wconf 89' lang='lat' dir='ltr'>oc</span> <span class='ocrx_word' id='word_1_8' title='bbox 421 412 524 453; x_wconf 88' lang='lat' dir='ltr'>vitae</span> <span class='ocrx_word' id='word_1_9' title='bbox 557 413 801 455; x_wconf 91' lang='lat' dir='ltr'>institutum</span> <span class='ocrx_word' id='word_1_10' title='bbox 832 428 963 467; x_wconf 92' lang='lat' dir='ltr'>quam</span> <span class='ocrx_word' id='word_1_11' title='bbox 991 416 1073 458; x_wconf 88' lang='lat' dir='ltr'>sibi</span> 
     </span>
     <span class='ocr_line' id='line_1_4' title="bbox 349 468 1072 521; baseline 0.007 -12"><span class='ocrx_word' id='word_1_12' title='bbox 349 468 462 510; x_wconf 90' lang='lat' dir='ltr'>foret</span> <span class='ocrx_word' id='word_1_13' title='bbox 478 471 708 521; x_wconf 91' lang='lat' dir='ltr'>acceptum</span> <span class='ocrx_word' id='word_1_14' title='bbox 725 470 845 511; x_wconf 90' lang='lat' dir='ltr'>Deus</span> <span class='ocrx_word' id='word_1_15' title='bbox 860 472 1072 514; x_wconf 88' lang='lat' dir='ltr'>miraculo</span> 
     </span>
     <span class='ocr_line' id='line_1_5' title="bbox 244 523 1072 579; baseline 0.006 -14"><span class='ocrx_word' id='word_1_16' title='bbox 244 523 446 566; x_wconf 88' lang='lat' dir='ltr'>ostendit.</span> <span class='ocrx_word' id='word_1_17' title='bbox 488 525 602 566; x_wconf 91' lang='lat' dir='ltr'>Nam</span> <span class='ocrx_word' id='word_1_18' title='bbox 631 539 763 577; x_wconf 91' lang='lat' dir='ltr'>quum</span> <span class='ocrx_word' id='word_1_19' title='bbox 793 528 926 579; x_wconf 92' lang='lat' dir='ltr'>paulo</span> <span class='ocrx_word' id='word_1_20' title='bbox 956 527 1072 570; x_wconf 87' lang='lat' dir='ltr'>dein-</span> 
     </span>
     <span class='ocr_line' id='line_1_6' title="bbox 244 578 1069 635; baseline 0.006 -14"><span class='ocrx_word' id='word_1_21' title='bbox 244 593 348 633; x_wconf 83' lang='lat' dir='ltr'><strong>ceps</strong></span> <span class='ocrx_word' id='word_1_22' title='bbox 376 579 419 621; x_wconf 89' lang='lat' dir='ltr'>hi</span> <span class='ocrx_word' id='word_1_23' title='bbox 449 587 620 634; x_wconf 86' lang='lat' dir='ltr'><strong>septem</strong></span> <span class='ocrx_word' id='word_1_24' title='bbox 648 582 730 623; x_wconf 93' lang='lat' dir='ltr'>viri</span> <span class='ocrx_word' id='word_1_25' title='bbox 758 578 838 635; x_wconf 87' lang='lat' dir='ltr'>p&#39;er</span> <span class='ocrx_word' id='word_1_26' title='bbox 858 584 1069 626; x_wconf 89' lang='lat' dir='ltr'>Florenti-</span> 
     </span>
     <span class='ocr_line' id='line_1_7' title="bbox 242 637 1067 693; baseline 0.007 -16"><span class='ocrx_word' id='word_1_27' title='bbox 242 649 341 677; x_wconf 88' lang='lat' dir='ltr'>nam</span> <span class='ocrx_word' id='word_1_28' title='bbox 360 637 513 678; x_wconf 91' lang='lat' dir='ltr'>urbem</span> <span class='ocrx_word' id='word_1_29' title='bbox 534 638 727 680; x_wconf 87' lang='lat' dir='ltr'>ostiatim</span> <span class='ocrx_word' id='word_1_30' title='bbox 744 639 1067 693; x_wconf 89' lang='lat' dir='ltr'>eleemosynam</span> 
     </span>
     <span class='ocr_line' id='line_1_8' title="bbox 243 693 1066 750; baseline 0.009 -17"><span class='ocrx_word' id='word_1_31' title='bbox 243 693 583 744; x_wconf 69' lang='lat' dir='ltr'>mendicarent,</span> <span class='ocrx_word' id='word_1_32' title='bbox 616 695 775 737; x_wconf 88' lang='lat' dir='ltr'>accidit</span> <span class='ocrx_word' id='word_1_33' title='bbox 805 703 853 739; x_wconf 92' lang='lat' dir='ltr'>ut</span> <span class='ocrx_word' id='word_1_34' title='bbox 884 700 1066 750; x_wconf 90' lang='lat' dir='ltr'>repente</span> 
     </span>
     <span class='ocr_line' id='line_1_9' title="bbox 242 749 1070 804; baseline 0.01 -15"><span class='ocrx_word' id='word_1_35' title='bbox 242 749 469 791; x_wconf 82' lang='lat' dir='ltr'>infantium</span> <span class='ocrx_word' id='word_1_36' title='bbox 485 763 604 801; x_wconf 92' lang='lat' dir='ltr'>voce,</span> <span class='ocrx_word' id='word_1_37' title='bbox 622 764 734 804; x_wconf 93' lang='lat' dir='ltr'>quos</span> <span class='ocrx_word' id='word_1_38' title='bbox 752 753 959 796; x_wconf 88' lang='lat' dir='ltr'>interfuit</span> <span class='ocrx_word' id='word_1_39' title='bbox 977 768 1070 797; x_wconf 92' lang='lat' dir='ltr'>san-</span> 
     </span>
     <span class='ocr_line' id='line_1_10' title="bbox 242 806 1070 863; baseline 0.008 -17"><span class='ocrx_word' id='word_1_40' title='bbox 242 811 338 847; x_wconf 92' lang='lat' dir='ltr'>ctus</span> <span class='ocrx_word' id='word_1_41' title='bbox 371 806 601 861; x_wconf 85' lang='lat' dir='ltr'>Philippus</span> <span class='ocrx_word' id='word_1_42' title='bbox 634 808 832 851; x_wconf 85' lang='lat' dir='ltr'>Benitius</span> <span class='ocrx_word' id='word_1_43' title='bbox 872 811 1070 863; x_wconf 91' lang='lat' dir='ltr'>quintum</span> 
     </span>
     <span class='ocr_line' id='line_1_11' title="bbox 242 863 1069 917; baseline 0.008 -14"><span class='ocrx_word' id='word_1_44' title='bbox 242 863 386 904; x_wconf 86' lang='lat' dir='ltr'>aetatis</span> <span class='ocrx_word' id='word_1_45' title='bbox 411 877 605 906; x_wconf 88' lang='lat' dir='ltr'>mensem</span> <span class='ocrx_word' id='word_1_46' title='bbox 624 865 697 906; x_wconf 88' lang='lat' dir='ltr'>vix</span> <span class='ocrx_word' id='word_1_47' title='bbox 722 866 959 917; x_wconf 77' lang='lat' dir='ltr'>ingressus,</span> <span class='ocrx_word' id='word_1_48' title='bbox 988 869 1069 911; x_wconf 90' lang='lat' dir='ltr'>Be-</span> 
     </span>
     <span class='ocr_line' id='line_1_12' title="bbox 242 920 1068 967; baseline 0.01 -8"><span class='ocrx_word' id='word_1_49' title='bbox 242 921 327 960; x_wconf 86' lang='lat' dir='ltr'>atae</span> <span class='ocrx_word' id='word_1_50' title='bbox 360 920 510 962; x_wconf 87' lang='lat' dir='ltr'>Mariae</span> <span class='ocrx_word' id='word_1_51' title='bbox 547 921 670 963; x_wconf 92' lang='lat' dir='ltr'>Servi</span> <span class='ocrx_word' id='word_1_52' title='bbox 708 924 1068 967; x_wconf 87' lang='lat' dir='ltr'>acclamarentur:</span> 
     </span>
     <span class='ocr_line' id='line_1_13' title="bbox 241 976 1067 1035; baseline 0.01 -19"><span class='ocrx_word' id='word_1_53' title='bbox 241 988 328 1028; x_wconf 94' lang='lat' dir='ltr'>quo</span> <span class='ocrx_word' id='word_1_54' title='bbox 349 976 507 1019; x_wconf 90' lang='lat' dir='ltr'>deinde</span> <span class='ocrx_word' id='word_1_55' title='bbox 527 979 701 1021; x_wconf 92' lang='lat' dir='ltr'>nomine</span> <span class='ocrx_word' id='word_1_56' title='bbox 726 993 901 1034; x_wconf 85' lang='lat' dir='ltr'><strong>semper</strong></span> <span class='ocrx_word' id='word_1_57' title='bbox 920 983 1067 1035; x_wconf 90' lang='lat' dir='ltr'>appel-</span> 
     </span>
     <span class='ocr_line' id='line_1_14' title="bbox 240 1032 1069 1092; baseline 0.01 -19"><span class='ocrx_word' id='word_1_58' title='bbox 240 1032 317 1074; x_wconf 90' lang='lat' dir='ltr'>lati</span> <span class='ocrx_word' id='word_1_59' title='bbox 351 1038 461 1075; x_wconf 91' lang='lat' dir='ltr'>sunt.</span> <span class='ocrx_word' id='word_1_60' title='bbox 517 1035 677 1085; x_wconf 85' lang='lat' dir='ltr'>Quare,</span> <span class='ocrx_word' id='word_1_61' title='bbox 712 1037 881 1079; x_wconf 87' lang='lat' dir='ltr'>vitandi</span> <span class='ocrx_word' id='word_1_62' title='bbox 914 1041 1069 1092; x_wconf 93' lang='lat' dir='ltr'>populi</span> 
     </span>
     <span class='ocr_line' id='line_1_15' title="bbox 241 1091 1068 1138; baseline 0.011 -9"><span class='ocrx_word' id='word_1_63' title='bbox 241 1093 449 1130; x_wconf 90' lang='lat' dir='ltr'>occursus</span> <span class='ocrx_word' id='word_1_64' title='bbox 474 1103 525 1132; x_wconf 90' lang='lat' dir='ltr'>ac</span> <span class='ocrx_word' id='word_1_65' title='bbox 549 1091 798 1135; x_wconf 88' lang='lat' dir='ltr'>solitudinis</span> <span class='ocrx_word' id='word_1_66' title='bbox 823 1098 972 1137; x_wconf 91' lang='lat' dir='ltr'>amore</span> <span class='ocrx_word' id='word_1_67' title='bbox 994 1095 1068 1138; x_wconf 92' lang='lat' dir='ltr'>du-</span> 
     </span>
     <span class='ocr_line' id='line_1_16' title="bbox 240 1146 1067 1195; baseline 0.011 -9"><span class='ocrx_word' id='word_1_68' title='bbox 240 1146 314 1195; x_wconf 86' lang='lat' dir='ltr'>cti,</span> <span class='ocrx_word' id='word_1_69' title='bbox 346 1146 390 1186; x_wconf 93' lang='lat' dir='ltr'>in</span> <span class='ocrx_word' id='word_1_70' title='bbox 422 1147 589 1188; x_wconf 86' lang='lat' dir='ltr'>Senarii</span> <span class='ocrx_word' id='word_1_71' title='bbox 621 1150 781 1192; x_wconf 91' lang='lat' dir='ltr'>montis</span> <span class='ocrx_word' id='word_1_72' title='bbox 814 1154 990 1194; x_wconf 90' lang='lat' dir='ltr'>recessu</span> <span class='ocrx_word' id='word_1_73' title='bbox 1024 1166 1067 1195; x_wconf 93' lang='lat' dir='ltr'>o-</span> 
     </span>
     <span class='ocr_line' id='line_1_17' title="bbox 239 1206 1067 1259; baseline 0.012 -17"><span class='ocrx_word' id='word_1_74' title='bbox 239 1215 362 1243; x_wconf 93' lang='lat' dir='ltr'>mnes</span> <span class='ocrx_word' id='word_1_75' title='bbox 399 1207 660 1254; x_wconf 87' lang='lat' dir='ltr'>convenere,</span> <span class='ocrx_word' id='word_1_76' title='bbox 702 1206 849 1259; x_wconf 84' lang='lat' dir='ltr'>ibique</span> <span class='ocrx_word' id='word_1_77' title='bbox 888 1210 1067 1253; x_wconf 88' lang='lat' dir='ltr'>coeleste</span> 
     </span>
     <span class='ocr_line' id='line_1_18' title="bbox 241 1258 1068 1315; baseline 0.012 -16"><span class='ocrx_word' id='word_1_78' title='bbox 241 1258 465 1310; x_wconf 89' lang='lat' dir='ltr'>quoddam</span> <span class='ocrx_word' id='word_1_79' title='bbox 476 1261 576 1302; x_wconf 89' lang='lat' dir='ltr'>vitae</span> <span class='ocrx_word' id='word_1_80' title='bbox 591 1275 728 1312; x_wconf 87' lang='lat' dir='ltr'>genus</span> <span class='ocrx_word' id='word_1_81' title='bbox 746 1266 940 1315; x_wconf 84' lang='lat' dir='ltr'>aggressi</span> <span class='ocrx_word' id='word_1_82' title='bbox 956 1273 1068 1309; x_wconf 92' lang='lat' dir='ltr'>sunt.</span> 
     </span>
     <span class='ocr_line' id='line_1_19' title="bbox 239 1315 1067 1373; baseline 0.011 -17"><span class='ocrx_word' id='word_1_83' title='bbox 239 1315 511 1359; x_wconf 86' lang='lat' dir='ltr'>Victitabant</span> <span class='ocrx_word' id='word_1_84' title='bbox 531 1319 644 1360; x_wconf 90' lang='lat' dir='ltr'>enim</span> <span class='ocrx_word' id='word_1_85' title='bbox 659 1320 702 1360; x_wconf 94' lang='lat' dir='ltr'>in</span> <span class='ocrx_word' id='word_1_86' title='bbox 719 1322 950 1373; x_wconf 92' lang='lat' dir='ltr'>speluncis,</span> <span class='ocrx_word' id='word_1_87' title='bbox 973 1324 1067 1365; x_wconf 92' lang='lat' dir='ltr'>sola</span> 
     </span>
     <span class='ocr_line' id='line_1_20' title="bbox 239 1372 1066 1430; baseline 0.011 -18"><span class='ocrx_word' id='word_1_88' title='bbox 239 1384 352 1423; x_wconf 88' lang='lat' dir='ltr'>aqua</span> <span class='ocrx_word' id='word_1_89' title='bbox 386 1372 623 1427; x_wconf 84' lang='lat' dir='ltr'>herbisque</span> <span class='ocrx_word' id='word_1_90' title='bbox 656 1379 864 1419; x_wconf 80' lang='lat' dir='ltr'>contenti:</span> <span class='ocrx_word' id='word_1_91' title='bbox 909 1380 1066 1430; x_wconf 87' lang='lat' dir='ltr'>vigiliis</span> 
     </span>
     <span class='ocr_line' id='line_1_21' title="bbox 239 1428 1065 1488; baseline 0.013 -20"><span class='ocrx_word' id='word_1_92' title='bbox 239 1428 421 1480; x_wconf 90' lang='lat' dir='ltr'>aliisque</span> <span class='ocrx_word' id='word_1_93' title='bbox 443 1432 756 1484; x_wconf 60' lang='lat' dir='ltr'>asperitatibus</span> <span class='ocrx_word' id='word_1_94' title='bbox 777 1447 939 1488; x_wconf 91' lang='lat' dir='ltr'>corpus</span> <span class='ocrx_word' id='word_1_95' title='bbox 960 1442 1065 1479; x_wconf 90' lang='lat' dir='ltr'>atte-</span> 
     </span>
     <span class='ocr_line' id='line_1_22' title="bbox 236 1485 1065 1542; baseline 0.012 -17"><span class='ocrx_word' id='word_1_96' title='bbox 236 1485 403 1527; x_wconf 77' lang='lat' dir='ltr'>rebant:</span> <span class='ocrx_word' id='word_1_97' title='bbox 433 1487 593 1530; x_wconf 88' lang='lat' dir='ltr'>Christi</span> <span class='ocrx_word' id='word_1_98' title='bbox 618 1491 870 1542; x_wconf 92' lang='lat' dir='ltr'>passionem</span> <span class='ocrx_word' id='word_1_99' title='bbox 889 1506 940 1534; x_wconf 89' lang='lat' dir='ltr'>ac</span> <span class='ocrx_word' id='word_1_100' title='bbox 960 1507 1065 1535; x_wconf 89' lang='lat' dir='ltr'>moe-</span> 
     </span>
     <span class='ocr_line' id='line_1_23' title="bbox 238 1542 1065 1595; baseline 0.013 -14"><span class='ocrx_word' id='word_1_101' title='bbox 238 1542 439 1584; x_wconf 84' lang='lat' dir='ltr'>stissimae</span> <span class='ocrx_word' id='word_1_102' title='bbox 467 1544 661 1595; x_wconf 90' lang='lat' dir='ltr'>ejusdem</span> <span class='ocrx_word' id='word_1_103' title='bbox 681 1547 916 1590; x_wconf 89' lang='lat' dir='ltr'>Genitricis</span> <span class='ocrx_word' id='word_1_104' title='bbox 943 1549 1065 1592; x_wconf 93' lang='lat' dir='ltr'>dolo—</span> 
     </span>
     <span class='ocr_line' id='line_1_24' title="bbox 236 1599 1065 1659; baseline 0.013 -21"><span class='ocrx_word' id='word_1_105' title='bbox 236 1610 306 1639; x_wconf 90' lang='lat' dir='ltr'>res</span> <span class='ocrx_word' id='word_1_106' title='bbox 318 1599 492 1642; x_wconf 85' lang='lat' dir='ltr'>assidue</span> <span class='ocrx_word' id='word_1_107' title='bbox 503 1602 777 1646; x_wconf 85' lang='lat' dir='ltr'>meditantes.</span> <span class='ocrx_word' id='word_1_108' title='bbox 789 1606 919 1655; x_wconf 90' lang='lat' dir='ltr'>Quod</span> <span class='ocrx_word' id='word_1_109' title='bbox 931 1621 1065 1659; x_wconf 92' lang='lat' dir='ltr'>quum</span> 
     </span>
     <span class='ocr_line' id='line_1_25' title="bbox 237 1654 1063 1716; baseline 0.015 -22"><span class='ocrx_word' id='word_1_110' title='bbox 237 1654 340 1696; x_wconf 91' lang='lat' dir='ltr'>olim</span> <span class='ocrx_word' id='word_1_111' title='bbox 367 1668 490 1698; x_wconf 91' lang='lat' dir='ltr'>sacra</span> <span class='ocrx_word' id='word_1_112' title='bbox 510 1657 777 1702; x_wconf 89' lang='lat' dir='ltr'>Parasceves</span> <span class='ocrx_word' id='word_1_113' title='bbox 803 1662 873 1703; x_wconf 92' lang='lat' dir='ltr'>die</span> <span class='ocrx_word' id='word_1_114' title='bbox 899 1663 1063 1716; x_wconf 92' lang='lat' dir='ltr'>impen-</span> 
     </span>
     <span class='ocr_line' id='line_1_26' title="bbox 236 1711 1064 1771; baseline 0.014 -20"><span class='ocrx_word' id='word_1_115' title='bbox 236 1711 326 1752; x_wconf 91' lang='lat' dir='ltr'>sius</span> <span class='ocrx_word' id='word_1_116' title='bbox 373 1718 731 1767; x_wconf 75' lang='lat' dir='ltr'>exsequerentur,</span> <span class='ocrx_word' id='word_1_117' title='bbox 782 1718 879 1771; x_wconf 90' lang='lat' dir='ltr'>ipsa</span> <span class='ocrx_word' id='word_1_118' title='bbox 924 1720 1064 1763; x_wconf 87' lang='lat' dir='ltr'>Beata</span> 
     </span>
     <span class='ocr_line' id='line_1_27' title="bbox 237 1768 1062 1828; baseline 0.015 -21"><span class='ocrx_word' id='word_1_119' title='bbox 237 1768 375 1819; x_wconf 87' lang='lat' dir='ltr'>Virgo</span> <span class='ocrx_word' id='word_1_120' title='bbox 395 1769 478 1810; x_wconf 91' lang='lat' dir='ltr'>illis</span> <span class='ocrx_word' id='word_1_121' title='bbox 502 1771 661 1814; x_wconf 82' lang='lat' dir='ltr'>iterato</span> <span class='ocrx_word' id='word_1_122' title='bbox 682 1777 918 1827; x_wconf 83' lang='lat' dir='ltr'>apparens,</span> <span class='ocrx_word' id='word_1_123' title='bbox 942 1777 1062 1828; x_wconf 87' lang='lat' dir='ltr'>lugu-</span> 
     </span>
     <span class='ocr_line' id='line_1_28' title="bbox 236 1823 1062 1885; baseline 0.015 -21"><span class='ocrx_word' id='word_1_124' title='bbox 236 1823 359 1865; x_wconf 90' lang='lat' dir='ltr'>brem</span> <span class='ocrx_word' id='word_1_125' title='bbox 405 1832 591 1878; x_wconf 90' lang='lat' dir='ltr'>vestem,</span> <span class='ocrx_word' id='word_1_126' title='bbox 638 1842 769 1882; x_wconf 89' lang='lat' dir='ltr'>quam</span> <span class='ocrx_word' id='word_1_127' title='bbox 813 1832 1062 1885; x_wconf 80' lang='lat' dir='ltr'>induerent,</span> 
     </span>
     <span class='ocr_line' id='line_1_29' title="bbox 237 1881 1062 1941; baseline 0.013 -20"><span class='ocrx_word' id='word_1_128' title='bbox 237 1881 445 1932; x_wconf 88' lang='lat' dir='ltr'>ostendit,</span> <span class='ocrx_word' id='word_1_129' title='bbox 492 1884 662 1937; x_wconf 87' lang='lat' dir='ltr'>sibique</span> <span class='ocrx_word' id='word_1_130' title='bbox 709 1890 1062 1941; x_wconf 86' lang='lat' dir='ltr'>acceptissimum</span> 
     </span>
     <span class='ocr_line' id='line_1_30' title="bbox 235 1936 1061 1991; baseline 0.016 -15"><span class='ocrx_word' id='word_1_131' title='bbox 235 1936 328 1978; x_wconf 92' lang='lat' dir='ltr'>fore</span> <span class='ocrx_word' id='word_1_132' title='bbox 354 1939 631 1991; x_wconf 85' lang='lat' dir='ltr'>significavit,</span> <span class='ocrx_word' id='word_1_133' title='bbox 659 1948 708 1984; x_wconf 93' lang='lat' dir='ltr'>ut</span> <span class='ocrx_word' id='word_1_134' title='bbox 730 1957 893 1987; x_wconf 91' lang='lat' dir='ltr'>novum</span> <span class='ocrx_word' id='word_1_135' title='bbox 919 1947 963 1987; x_wconf 94' lang='lat' dir='ltr'>in</span> <span class='ocrx_word' id='word_1_136' title='bbox 982 1948 1061 1989; x_wconf 90' lang='lat' dir='ltr'>Ec-</span> 
     </span>
     <span class='ocr_line' id='line_1_31' title="bbox 235 1993 1060 2046; baseline 0.016 -13"><span class='ocrx_word' id='word_1_137' title='bbox 235 1993 366 2035; x_wconf 88' lang='lat' dir='ltr'>clesia</span> <span class='ocrx_word' id='word_1_138' title='bbox 393 1997 637 2046; x_wconf 86' lang='lat' dir='ltr'>regularem</span> <span class='ocrx_word' id='word_1_139' title='bbox 664 2000 874 2043; x_wconf 88' lang='lat' dir='ltr'>Ordinem</span> <span class='ocrx_word' id='word_1_140' title='bbox 901 2004 1060 2045; x_wconf 87' lang='lat' dir='ltr'>excita-</span> 
     </span>
     <span class='ocr_line' id='line_1_32' title="bbox 213 2052 1058 2112; baseline 0.015 -23"><span class='ocrx_word' id='word_1_141' title='bbox 213 2055 349 2098; x_wconf 80' lang='lat' dir='ltr'>,rent,</span> <span class='ocrx_word' id='word_1_142' title='bbox 378 2052 452 2104; x_wconf 89' lang='lat' dir='ltr'>qui</span> <span class='ocrx_word' id='word_1_143' title='bbox 478 2053 620 2104; x_wconf 87' lang='lat' dir='ltr'>jugem</span> <span class='ocrx_word' id='word_1_144' title='bbox 647 2057 863 2099; x_wconf 82' lang='lat' dir='ltr'>recoleret</span> <span class='ocrx_word' id='word_1_145' title='bbox 889 2072 940 2100; x_wconf 92' lang='lat' dir='ltr'>ac</span> <span class='ocrx_word' id='word_1_146' title='bbox 959 2073 1058 2112; x_wconf 91' lang='lat' dir='ltr'>pro-</span> 
     </span>
     <span class='ocr_line' id='line_1_33' title="bbox 234 2109 1060 2169; baseline 0.016 -23"><span class='ocrx_word' id='word_1_147' title='bbox 234 2109 430 2150; x_wconf 89' lang='lat' dir='ltr'>moveret</span> <span class='ocrx_word' id='word_1_148' title='bbox 444 2112 701 2153; x_wconf 80' lang='lat' dir='ltr'>memoriam</span> <span class='ocrx_word' id='word_1_149' title='bbox 716 2112 931 2166; x_wconf 90' lang='lat' dir='ltr'>dolorum,</span> <span class='ocrx_word' id='word_1_150' title='bbox 948 2129 1060 2169; x_wconf 92' lang='lat' dir='ltr'>quos</span> 
     </span>
     <span class='ocr_line' id='line_1_34' title="bbox 233 2162 1061 2218; baseline 0.016 -15"><span class='ocrx_word' id='word_1_151' title='bbox 233 2162 329 2215; x_wconf 89' lang='lat' dir='ltr'>ipsa</span> <span class='ocrx_word' id='word_1_152' title='bbox 369 2167 547 2218; x_wconf 89' lang='lat' dir='ltr'>pertulit</span> <span class='ocrx_word' id='word_1_153' title='bbox 585 2167 666 2210; x_wconf 93' lang='lat' dir='ltr'>sub</span> <span class='ocrx_word' id='word_1_154' title='bbox 706 2183 835 2212; x_wconf 89' lang='lat' dir='ltr'>cruce</span> <span class='ocrx_word' id='word_1_155' title='bbox 873 2172 1061 2216; x_wconf 91' lang='lat' dir='ltr'>Domini.</span> 
     </span>
     <span class='ocr_line' id='line_1_35' title="bbox 235 2219 1059 2281; baseline 0.016 -21"><span class='ocrx_word' id='word_1_156' title='bbox 235 2219 344 2262; x_wconf 86' lang='lat' dir='ltr'>Haec</span> <span class='ocrx_word' id='word_1_157' title='bbox 369 2228 547 2264; x_wconf 90' lang='lat' dir='ltr'>sanctus</span> <span class='ocrx_word' id='word_1_158' title='bbox 574 2225 746 2276; x_wconf 91' lang='lat' dir='ltr'>Petrus,</span> <span class='ocrx_word' id='word_1_159' title='bbox 774 2228 962 2281; x_wconf 91' lang='lat' dir='ltr'>inclytus</span> <span class='ocrx_word' id='word_1_160' title='bbox 983 2231 1059 2272; x_wconf 93' lang='lat' dir='ltr'>Or-</span> 
     </span>
     <span class='ocr_line' id='line_1_36' title="bbox 235 2274 1060 2338; baseline 0.016 -22"><span class='ocrx_word' id='word_1_161' title='bbox 235 2274 346 2318; x_wconf 91' lang='lat' dir='ltr'>dinis</span> <span class='ocrx_word' id='word_1_162' title='bbox 364 2278 710 2324; x_wconf 91' lang='lat' dir='ltr'>Praedicatorum</span> <span class='ocrx_word' id='word_1_163' title='bbox 728 2284 909 2338; x_wconf 90' lang='lat' dir='ltr'>Martyr,</span> <span class='ocrx_word' id='word_1_164' title='bbox 929 2299 983 2328; x_wconf 90' lang='lat' dir='ltr'>ex</span> <span class='ocrx_word' id='word_1_165' title='bbox 1004 2288 1060 2329; x_wconf 91' lang='lat' dir='ltr'>fa-</span> 
     </span>
     <span class='ocr_line' id='line_1_37' title="bbox 235 2332 1059 2385; baseline 0.017 -14"><span class='ocrx_word' id='word_1_166' title='bbox 235 2332 390 2374; x_wconf 90' lang='lat' dir='ltr'>miliari</span> <span class='ocrx_word' id='word_1_167' title='bbox 417 2348 515 2377; x_wconf 90' lang='lat' dir='ltr'>cum</span> <span class='ocrx_word' id='word_1_168' title='bbox 541 2340 701 2380; x_wconf 90' lang='lat' dir='ltr'>sanctis</span> <span class='ocrx_word' id='word_1_169' title='bbox 726 2340 811 2382; x_wconf 93' lang='lat' dir='ltr'>illis</span> <span class='ocrx_word' id='word_1_170' title='bbox 831 2342 934 2383; x_wconf 90' lang='lat' dir='ltr'>viris</span> <span class='ocrx_word' id='word_1_171' title='bbox 960 2356 1059 2385; x_wconf 93' lang='lat' dir='ltr'>con-</span> 
     </span>
     <span class='ocr_line' id='line_1_38' title="bbox 236 2389 1059 2446; baseline 0.018 -19"><span class='ocrx_word' id='word_1_172' title='bbox 236 2389 464 2432; x_wconf 87' lang='lat' dir='ltr'>suetudine</span> <span class='ocrx_word' id='word_1_173' title='bbox 493 2405 544 2434; x_wconf 89' lang='lat' dir='ltr'>ac</span> <span class='ocrx_word' id='word_1_174' title='bbox 569 2396 778 2446; x_wconf 88' lang='lat' dir='ltr'>peculiari</span> <span class='ocrx_word' id='word_1_175' title='bbox 805 2398 935 2439; x_wconf 89' lang='lat' dir='ltr'>etiam</span> <span class='ocrx_word' id='word_1_176' title='bbox 960 2400 1059 2442; x_wconf 85' lang='lat' dir='ltr'>Dei-</span> 
     </span>
     <span class='ocr_line' id='line_1_39' title="bbox 236 2447 1059 2506; baseline 0.019 -23"><span class='ocrx_word' id='word_1_177' title='bbox 236 2456 355 2495; x_wconf 86' lang='lat' dir='ltr'>parae</span> <span class='ocrx_word' id='word_1_178' title='bbox 381 2447 547 2490; x_wconf 91' lang='lat' dir='ltr'>visione</span> <span class='ocrx_word' id='word_1_179' title='bbox 574 2464 707 2502; x_wconf 92' lang='lat' dir='ltr'>quum</span> <span class='ocrx_word' id='word_1_180' title='bbox 733 2453 974 2506; x_wconf 86' lang='lat' dir='ltr'>didicisset;</span> <span class='ocrx_word' id='word_1_181' title='bbox 1007 2458 1059 2498; x_wconf 93' lang='lat' dir='ltr'>iis</span> 
     </span>
     <span class='ocr_line' id='line_1_40' title="bbox 234 2502 1058 2562; baseline 0.019 -23"><span class='ocrx_word' id='word_1_182' title='bbox 234 2506 386 2542; x_wconf 87' lang='lat' dir='ltr'>auctor</span> <span class='ocrx_word' id='word_1_183' title='bbox 402 2502 490 2552; x_wconf 90' lang='lat' dir='ltr'>fuit,</span> <span class='ocrx_word' id='word_1_184' title='bbox 510 2511 557 2547; x_wconf 92' lang='lat' dir='ltr'>ut</span> <span class='ocrx_word' id='word_1_185' title='bbox 572 2507 779 2550; x_wconf 91' lang='lat' dir='ltr'>Ordinem</span> <span class='ocrx_word' id='word_1_186' title='bbox 796 2511 1058 2562; x_wconf 86' lang='lat' dir='ltr'>Regularem</span> 
     </span>
     <span class='ocr_line' id='line_1_41' title="bbox 234 2555 1058 2612; baseline 0.022 -17"><span class='ocrx_word' id='word_1_187' title='bbox 234 2555 315 2596; x_wconf 87' lang='lat' dir='ltr'>sub</span> <span class='ocrx_word' id='word_1_188' title='bbox 343 2559 636 2610; x_wconf 82' lang='lat' dir='ltr'>appellatione</span> <span class='ocrx_word' id='word_1_189' title='bbox 654 2564 887 2609; x_wconf 90' lang='lat' dir='ltr'>Servorum</span> <span class='ocrx_word' id='word_1_190' title='bbox 915 2569 1058 2612; x_wconf 83' lang='lat' dir='ltr'>beatae</span> 
     </span>
     <span class='ocr_line' id='line_1_42' title="bbox 235 2611 1059 2678; baseline 0.022 -27"><span class='ocrx_word' id='word_1_191' title='bbox 235 2611 426 2663; x_wconf 84' lang='lat' dir='ltr'>Virginis</span> <span class='ocrx_word' id='word_1_192' title='bbox 463 2616 752 2663; x_wconf 77' lang='lat' dir='ltr'>instituerent:</span> <span class='ocrx_word' id='word_1_193' title='bbox 791 2625 864 2676; x_wconf 94' lang='lat' dir='ltr'>qui</span> <span class='ocrx_word' id='word_1_194' title='bbox 901 2628 1059 2678; x_wconf 89' lang='lat' dir='ltr'>postea</span> 
     </span>
     <span class='ocr_line' id='line_1_43' title="bbox 236 2667 1058 2728; baseline 0.023 -21"><span class='ocrx_word' id='word_1_195' title='bbox 236 2667 291 2709; x_wconf 91' lang='lat' dir='ltr'>ab</span> <span class='ocrx_word' id='word_1_196' title='bbox 336 2670 592 2716; x_wconf 86' lang='lat' dir='ltr'>Innocentio</span> <span class='ocrx_word' id='word_1_197' title='bbox 641 2684 798 2728; x_wconf 89' lang='lat' dir='ltr'>quarto</span> <span class='ocrx_word' id='word_1_198' title='bbox 844 2681 1058 2725; x_wconf 92' lang='lat' dir='ltr'>Pontifice</span> 
     </span>
     <span class='ocr_line' id='line_1_44' title="bbox 234 2724 826 2781; baseline 0.024 -17"><span class='ocrx_word' id='word_1_199' title='bbox 234 2724 426 2768; x_wconf 85' lang='lat' dir='ltr'>Maximo</span> <span class='ocrx_word' id='word_1_200' title='bbox 446 2731 716 2781; x_wconf 89' lang='lat' dir='ltr'>approbatus</span> <span class='ocrx_word' id='word_1_201' title='bbox 736 2735 826 2778; x_wconf 88' lang='lat' dir='ltr'>fuit.</span> 
     </span>
    </p>
   </div>
   <div class='ocr_carea' id='block_1_4' title="bbox 1126 302 1957 640">
    <p class='ocr_par' dir='ltr' id='par_1_4' title="bbox 1126 302 1957 640">
     <span class='ocr_line' id='line_1_45' title="bbox 1178 302 1956 359; baseline 0.012 -17"><span class='ocrx_word' id='word_1_202' title='bbox 1178 304 1227 355; x_wconf 67' lang='lat' dir='ltr'>R.</span> <span class='ocrx_word' id='word_1_203' title='bbox 1257 302 1434 346; x_wconf 82' lang='lat' dir='ltr'>Amavit</span> <span class='ocrx_word' id='word_1_204' title='bbox 1453 317 1553 346; x_wconf 92' lang='lat' dir='ltr'>eum</span> <span class='ocrx_word' id='word_1_205' title='bbox 1572 306 1801 359; x_wconf 88' lang='lat' dir='ltr'>Dominus,</span> <span class='ocrx_word' id='word_1_206' title='bbox 1826 313 1870 350; x_wconf 90' lang='lat' dir='ltr'>et</span> <span class='ocrx_word' id='word_1_207' title='bbox 1889 321 1956 351; x_wconf 94' lang='lat' dir='ltr'>or-</span> 
     </span>
     <span class='ocr_line' id='line_1_46' title="bbox 1127 358 1957 414; baseline 0.011 -15"><span class='ocrx_word' id='word_1_208' title='bbox 1127 358 1247 400; x_wconf 89' lang='lat' dir='ltr'>navit</span> <span class='ocrx_word' id='word_1_209' title='bbox 1282 372 1396 401; x_wconf 88' lang='lat' dir='ltr'>eum:</span> <span class='ocrx_word' id='word_1_210' title='bbox 1436 361 1595 403; x_wconf 89' lang='lat' dir='ltr'>stolam</span> <span class='ocrx_word' id='word_1_211' title='bbox 1628 363 1782 414; x_wconf 83' lang='lat' dir='ltr'>gloriae</span> <span class='ocrx_word' id='word_1_212' title='bbox 1816 365 1957 408; x_wconf 82' lang='lat' dir='ltr'>induit</span> 
     </span>
     <span class='ocr_line' id='line_1_47' title="bbox 1129 416 1957 473; baseline 0.012 -18"><span class='ocrx_word' id='word_1_213' title='bbox 1129 428 1238 465; x_wconf 86' lang='lat' dir='ltr'>eum,</span> <span class='ocrx_word' id='word_1_214' title='bbox 1264 420 1284 441; x_wconf 84' lang='lat'>*</span> <span class='ocrx_word' id='word_1_215' title='bbox 1318 416 1374 458; x_wconf 82' lang='lat' dir='ltr'>Et</span> <span class='ocrx_word' id='word_1_216' title='bbox 1401 416 1458 459; x_wconf 93' lang='lat' dir='ltr'>ad</span> <span class='ocrx_word' id='word_1_217' title='bbox 1484 424 1636 471; x_wconf 90' lang='lat' dir='ltr'>portas</span> <span class='ocrx_word' id='word_1_218' title='bbox 1664 421 1857 473; x_wconf 88' lang='lat' dir='ltr'>paradisi</span> <span class='ocrx_word' id='word_1_219' title='bbox 1886 435 1957 465; x_wconf 91' lang='lat' dir='ltr'>co-</span> 
     </span>
     <span class='ocr_line' id='line_1_48' title="bbox 1128 469 1956 522; baseline 0.012 -10"><span class='ocrx_word' id='word_1_220' title='bbox 1128 473 1299 514; x_wconf 85' lang='lat' dir='ltr'>ronavit</span> <span class='ocrx_word' id='word_1_221' title='bbox 1328 486 1437 514; x_wconf 92' lang='lat' dir='ltr'>eum.</span> <span class='ocrx_word' id='word_1_222' title='bbox 1487 469 1537 521; x_wconf 68' lang='lat' dir='ltr'>V.</span> <span class='ocrx_word' id='word_1_223' title='bbox 1566 475 1714 519; x_wconf 90' lang='lat' dir='ltr'>Induit</span> <span class='ocrx_word' id='word_1_224' title='bbox 1742 491 1840 520; x_wconf 90' lang='lat' dir='ltr'>eum</span> <span class='ocrx_word' id='word_1_225' title='bbox 1868 479 1956 522; x_wconf 89' lang='lat' dir='ltr'>Do-</span> 
     </span>
     <span class='ocr_line' id='line_1_49' title="bbox 1126 528 1957 583; baseline 0.013 -15"><span class='ocrx_word' id='word_1_226' title='bbox 1126 528 1268 570; x_wconf 90' lang='lat' dir='ltr'>minus</span> <span class='ocrx_word' id='word_1_227' title='bbox 1308 529 1491 572; x_wconf 87' lang='lat' dir='ltr'>loricam</span> <span class='ocrx_word' id='word_1_228' title='bbox 1531 531 1655 583; x_wconf 89' lang='lat' dir='ltr'>fidei,</span> <span class='ocrx_word' id='word_1_229' title='bbox 1701 540 1745 576; x_wconf 91' lang='lat' dir='ltr'>et</span> <span class='ocrx_word' id='word_1_230' title='bbox 1786 537 1957 579; x_wconf 84' lang='lat' dir='ltr'>ornavit</span> 
     </span>
     <span class='ocr_line' id='line_1_50' title="bbox 1127 586 1592 640; baseline 0.011 -16"><span class='ocrx_word' id='word_1_231' title='bbox 1127 597 1237 625; x_wconf 91' lang='lat' dir='ltr'>eum.</span> <span class='ocrx_word' id='word_1_232' title='bbox 1269 586 1326 628; x_wconf 89' lang='lat' dir='ltr'>Et</span> <span class='ocrx_word' id='word_1_233' title='bbox 1349 586 1406 628; x_wconf 90' lang='lat' dir='ltr'>ad</span> <span class='ocrx_word' id='word_1_234' title='bbox 1428 593 1592 640; x_wconf 89' lang='lat' dir='ltr'>portas.</span> 
     </span>
    </p>
   </div>
   <div class='ocr_carea' id='block_1_5' title="bbox 1424 668 1648 710">
    <p class='ocr_par' dir='ltr' id='par_1_5' title="bbox 1424 668 1648 710">
     <span class='ocr_line' id='line_1_51' title="bbox 1424 668 1648 710; baseline 0.004 -2"><span class='ocrx_word' id='word_1_235' title='bbox 1424 668 1576 710; x_wconf 90' lang='lat' dir='ltr'>Lectio</span> <span class='ocrx_word' id='word_1_236' title='bbox 1596 669 1648 709; x_wconf 80' lang='lat' dir='ltr'>vi.</span> 
     </span>
    </p>
   </div>
   <div class='ocr_carea' id='block_1_6' title="bbox 1111 734 1966 2663">
    <p class='ocr_par' dir='ltr' id='par_1_6' title="bbox 1111 734 1966 2663">
     <span class='ocr_line' id='line_1_52' title="bbox 1123 734 1956 840; baseline 0.012 -59"><span class='ocrx_word' id='word_1_237' title='bbox 1123 734 1314 840; x_wconf 86' lang='lat' dir='ltr'>Porro</span> <span class='ocrx_word' id='word_1_238' title='bbox 1335 744 1475 785; x_wconf 90' lang='lat' dir='ltr'>sancti</span> <span class='ocrx_word' id='word_1_239' title='bbox 1495 744 1558 785; x_wconf 95' lang='lat' dir='ltr'>illi</span> <span class='ocrx_word' id='word_1_240' title='bbox 1578 746 1675 797; x_wconf 87' lang='lat' dir='ltr'>viri,</span> <span class='ocrx_word' id='word_1_241' title='bbox 1704 759 1838 799; x_wconf 90' lang='lat' dir='ltr'>quum</span> <span class='ocrx_word' id='word_1_242' title='bbox 1863 749 1956 802; x_wconf 90' lang='lat' dir='ltr'>plu-</span> 
     </span>
     <span class='ocr_line' id='line_1_53' title="bbox 1166 800 1956 858; baseline 0.011 -19"><span class='ocrx_word' id='word_1_243' title='bbox 1166 802 1168 805; x_wconf 82' lang='grc'>’</span> <span class='ocrx_word' id='word_1_244' title='bbox 1231 812 1302 841; x_wconf 92' lang='lat' dir='ltr'>res</span> <span class='ocrx_word' id='word_1_245' title='bbox 1340 800 1422 842; x_wconf 92' lang='lat' dir='ltr'>sibi</span> <span class='ocrx_word' id='word_1_246' title='bbox 1460 802 1607 844; x_wconf 93' lang='lat' dir='ltr'>socios</span> <span class='ocrx_word' id='word_1_247' title='bbox 1645 803 1956 858; x_wconf 81' lang='lat' dir='ltr'>adjunxissent,</span> 
     </span>
     <span class='ocr_line' id='line_1_54' title="bbox 1125 856 1956 916; baseline 0.011 -20"><span class='ocrx_word' id='word_1_248' title='bbox 1125 856 1264 897; x_wconf 86' lang='lat' dir='ltr'>Italiae</span> <span class='ocrx_word' id='word_1_249' title='bbox 1283 857 1484 899; x_wconf 87' lang='lat' dir='ltr'>civitates</span> <span class='ocrx_word' id='word_1_250' title='bbox 1500 864 1633 911; x_wconf 89' lang='lat' dir='ltr'>atque</span> <span class='ocrx_word' id='word_1_251' title='bbox 1649 861 1826 914; x_wconf 89' lang='lat' dir='ltr'>oppida,</span> <span class='ocrx_word' id='word_1_252' title='bbox 1845 876 1956 916; x_wconf 87' lang='lat' dir='ltr'>prae-</span> 
     </span>
     <span class='ocr_line' id='line_1_55' title="bbox 1125 914 1956 974; baseline 0.012 -21"><span class='ocrx_word' id='word_1_253' title='bbox 1125 914 1275 955; x_wconf 90' lang='lat' dir='ltr'>sertim</span> <span class='ocrx_word' id='word_1_254' title='bbox 1308 915 1512 966; x_wconf 79' lang='lat' dir='ltr'>Etruriae,</span> <span class='ocrx_word' id='word_1_255' title='bbox 1547 921 1780 960; x_wconf 80' lang='lat' dir='ltr'>excurrere</span> <span class='ocrx_word' id='word_1_256' title='bbox 1813 923 1956 974; x_wconf 87' lang='lat' dir='ltr'>coepe-</span> 
     </span>
     <span class='ocr_line' id='line_1_56' title="bbox 1124 971 1956 1027; baseline 0.011 -17"><span class='ocrx_word' id='word_1_257' title='bbox 1124 976 1234 1020; x_wconf 92' lang='lat' dir='ltr'>runt,</span> <span class='ocrx_word' id='word_1_258' title='bbox 1249 971 1544 1023; x_wconf 84' lang='lat' dir='ltr'>praedicantes</span> <span class='ocrx_word' id='word_1_259' title='bbox 1560 973 1722 1027; x_wconf 90' lang='lat' dir='ltr'>ubique</span> <span class='ocrx_word' id='word_1_260' title='bbox 1735 975 1956 1019; x_wconf 90' lang='lat' dir='ltr'>Christum</span> 
     </span>
     <span class='ocr_line' id='line_1_57' title="bbox 1125 1027 1957 1079; baseline 0.011 -11"><span class='ocrx_word' id='word_1_261' title='bbox 1125 1027 1402 1079; x_wconf 89' lang='lat' dir='ltr'>Crucifixum,</span> <span class='ocrx_word' id='word_1_262' title='bbox 1421 1030 1572 1072; x_wconf 89' lang='lat' dir='ltr'>civiles</span> <span class='ocrx_word' id='word_1_263' title='bbox 1588 1031 1834 1075; x_wconf 92' lang='lat' dir='ltr'>discordias</span> <span class='ocrx_word' id='word_1_264' title='bbox 1850 1047 1957 1076; x_wconf 93' lang='lat' dir='ltr'>com-</span> 
     </span>
     <span class='ocr_line' id='line_1_58' title="bbox 1123 1087 1954 1137; baseline 0.011 -12"><span class='ocrx_word' id='word_1_265' title='bbox 1123 1087 1371 1137; x_wconf 89' lang='lat' dir='ltr'>pescentes,</span> <span class='ocrx_word' id='word_1_266' title='bbox 1403 1092 1445 1127; x_wconf 90' lang='lat' dir='ltr'>et</span> <span class='ocrx_word' id='word_1_267' title='bbox 1478 1087 1730 1130; x_wconf 89' lang='lat' dir='ltr'>innumeros</span> <span class='ocrx_word' id='word_1_268' title='bbox 1763 1089 1854 1132; x_wconf 91' lang='lat' dir='ltr'>fere</span> <span class='ocrx_word' id='word_1_269' title='bbox 1883 1090 1954 1133; x_wconf 88' lang='lat' dir='ltr'>de-</span> 
     </span>
     <span class='ocr_line' id='line_1_59' title="bbox 1124 1141 1953 1189; baseline 0.011 -8"><span class='ocrx_word' id='word_1_270' title='bbox 1124 1141 1219 1182; x_wconf 92' lang='lat' dir='ltr'>vios</span> <span class='ocrx_word' id='word_1_271' title='bbox 1243 1142 1299 1183; x_wconf 90' lang='lat' dir='ltr'>ad</span> <span class='ocrx_word' id='word_1_272' title='bbox 1319 1143 1492 1184; x_wconf 91' lang='lat' dir='ltr'>virtutis</span> <span class='ocrx_word' id='word_1_273' title='bbox 1518 1145 1720 1186; x_wconf 86' lang='lat' dir='ltr'>semitam</span> <span class='ocrx_word' id='word_1_274' title='bbox 1745 1150 1953 1189; x_wconf 84' lang='lat' dir='ltr'>revocan-</span> 
     </span>
     <span class='ocr_line' id='line_1_60' title="bbox 1122 1199 1954 1252; baseline 0.01 -14"><span class='ocrx_word' id='word_1_275' title='bbox 1122 1202 1200 1238; x_wconf 91' lang='lat' dir='ltr'>tes.</span> <span class='ocrx_word' id='word_1_276' title='bbox 1241 1199 1398 1251; x_wconf 91' lang='lat' dir='ltr'>Neque</span> <span class='ocrx_word' id='word_1_277' title='bbox 1422 1200 1595 1242; x_wconf 85' lang='lat' dir='ltr'>Italiam</span> <span class='ocrx_word' id='word_1_278' title='bbox 1619 1202 1772 1252; x_wconf 90' lang='lat' dir='ltr'>modo,</span> <span class='ocrx_word' id='word_1_279' title='bbox 1805 1203 1884 1245; x_wconf 89' lang='lat' dir='ltr'>sed</span> <span class='ocrx_word' id='word_1_280' title='bbox 1911 1210 1954 1247; x_wconf 92' lang='lat' dir='ltr'>et</span> 
     </span>
     <span class='ocr_line' id='line_1_61' title="bbox 1122 1254 1954 1305; baseline 0.008 -10"><span class='ocrx_word' id='word_1_281' title='bbox 1122 1254 1327 1305; x_wconf 81' lang='lat' dir='ltr'>Galliam,</span> <span class='ocrx_word' id='word_1_282' title='bbox 1353 1255 1635 1298; x_wconf 80' lang='lat' dir='ltr'>Germaniam</span> <span class='ocrx_word' id='word_1_283' title='bbox 1654 1271 1706 1300; x_wconf 88' lang='lat' dir='ltr'>ac</span> <span class='ocrx_word' id='word_1_284' title='bbox 1723 1259 1954 1302; x_wconf 89' lang='lat' dir='ltr'>Poloniam</span> 
     </span>
     <span class='ocr_line' id='line_1_62' title="bbox 1121 1311 1952 1363; baseline 0.01 -12"><span class='ocrx_word' id='word_1_285' title='bbox 1121 1311 1211 1352; x_wconf 92' lang='lat' dir='ltr'>suis</span> <span class='ocrx_word' id='word_1_286' title='bbox 1255 1313 1519 1363; x_wconf 87' lang='lat' dir='ltr'>evangelicis</span> <span class='ocrx_word' id='word_1_287' title='bbox 1562 1314 1789 1357; x_wconf 92' lang='lat' dir='ltr'>laboribus</span> <span class='ocrx_word' id='word_1_288' title='bbox 1825 1329 1952 1359; x_wconf 88' lang='lat' dir='ltr'>exco-</span> 
     </span>
     <span class='ocr_line' id='line_1_63' title="bbox 1120 1367 1952 1423; baseline 0.01 -15"><span class='ocrx_word' id='word_1_289' title='bbox 1120 1367 1304 1410; x_wconf 88' lang='lat' dir='ltr'>luerunt.</span> <span class='ocrx_word' id='word_1_290' title='bbox 1359 1369 1561 1422; x_wconf 90' lang='lat' dir='ltr'>Denique</span> <span class='ocrx_word' id='word_1_291' title='bbox 1607 1384 1741 1423; x_wconf 92' lang='lat' dir='ltr'>quum</span> <span class='ocrx_word' id='word_1_292' title='bbox 1788 1373 1952 1416; x_wconf 92' lang='lat' dir='ltr'>bonum</span> 
     </span>
     <span class='ocr_line' id='line_1_64' title="bbox 1121 1424 1950 1483; baseline 0.011 -18"><span class='ocrx_word' id='word_1_293' title='bbox 1121 1424 1283 1467; x_wconf 91' lang='lat' dir='ltr'>Christi</span> <span class='ocrx_word' id='word_1_294' title='bbox 1310 1425 1493 1468; x_wconf 90' lang='lat' dir='ltr'>odorem</span> <span class='ocrx_word' id='word_1_295' title='bbox 1518 1427 1648 1479; x_wconf 87' lang='lat' dir='ltr'>longe</span> <span class='ocrx_word' id='word_1_296' title='bbox 1674 1429 1851 1483; x_wconf 88' lang='lat' dir='ltr'>lateque</span> <span class='ocrx_word' id='word_1_297' title='bbox 1871 1430 1950 1474; x_wconf 89' lang='lat' dir='ltr'>dif-</span> 
     </span>
     <span class='ocr_line' id='line_1_65' title="bbox 1119 1481 1950 1540; baseline 0.012 -19"><span class='ocrx_word' id='word_1_298' title='bbox 1119 1481 1350 1532; x_wconf 90' lang='lat' dir='ltr'>fudissent,</span> <span class='ocrx_word' id='word_1_299' title='bbox 1408 1487 1718 1536; x_wconf 89' lang='lat' dir='ltr'>portentorum</span> <span class='ocrx_word' id='word_1_300' title='bbox 1773 1499 1950 1540; x_wconf 91' lang='lat' dir='ltr'>quoque</span> 
     </span>
     <span class='ocr_line' id='line_1_66' title="bbox 1117 1538 1949 1593; baseline 0.012 -15"><span class='ocrx_word' id='word_1_301' title='bbox 1117 1538 1257 1588; x_wconf 88' lang='lat' dir='ltr'>gloria</span> <span class='ocrx_word' id='word_1_302' title='bbox 1281 1539 1490 1590; x_wconf 88' lang='lat' dir='ltr'>illustres,</span> <span class='ocrx_word' id='word_1_303' title='bbox 1517 1542 1760 1593; x_wconf 85' lang='lat' dir='ltr'>migrarunt</span> <span class='ocrx_word' id='word_1_304' title='bbox 1785 1543 1842 1586; x_wconf 92' lang='lat' dir='ltr'>ad</span> <span class='ocrx_word' id='word_1_305' title='bbox 1861 1545 1949 1588; x_wconf 90' lang='lat' dir='ltr'>Do-</span> 
     </span>
     <span class='ocr_line' id='line_1_67' title="bbox 1117 1595 1948 1649; baseline 0.011 -14"><span class='ocrx_word' id='word_1_306' title='bbox 1117 1595 1292 1637; x_wconf 90' lang='lat' dir='ltr'>minum.</span> <span class='ocrx_word' id='word_1_307' title='bbox 1333 1596 1422 1638; x_wconf 89' lang='lat' dir='ltr'>Sed</span> <span class='ocrx_word' id='word_1_308' title='bbox 1450 1610 1562 1649; x_wconf 92' lang='lat' dir='ltr'>quos</span> <span class='ocrx_word' id='word_1_309' title='bbox 1587 1613 1699 1640; x_wconf 92' lang='lat' dir='ltr'>unus</span> <span class='ocrx_word' id='word_1_310' title='bbox 1723 1613 1842 1642; x_wconf 84' lang='lat' dir='ltr'>verae</span> <span class='ocrx_word' id='word_1_311' title='bbox 1866 1601 1948 1644; x_wconf 86' lang='lat' dir='ltr'>fra-</span> 
     </span>
     <span class='ocr_line' id='line_1_68' title="bbox 1117 1652 1948 1707; baseline 0.011 -15"><span class='ocrx_word' id='word_1_312' title='bbox 1117 1652 1336 1695; x_wconf 87' lang='lat' dir='ltr'>ternitatis</span> <span class='ocrx_word' id='word_1_313' title='bbox 1383 1667 1435 1696; x_wconf 91' lang='lat' dir='ltr'>ac</span> <span class='ocrx_word' id='word_1_314' title='bbox 1479 1655 1702 1707; x_wconf 84' lang='lat' dir='ltr'>religionis</span> <span class='ocrx_word' id='word_1_315' title='bbox 1743 1671 1868 1700; x_wconf 92' lang='lat' dir='ltr'>amor</span> <span class='ocrx_word' id='word_1_316' title='bbox 1904 1660 1948 1701; x_wconf 94' lang='lat' dir='ltr'>in</span> 
     </span>
     <span class='ocr_line' id='line_1_69' title="bbox 1117 1708 1948 1768; baseline 0.013 -20"><span class='ocrx_word' id='word_1_317' title='bbox 1117 1708 1206 1750; x_wconf 91' lang='lat' dir='ltr'>vita</span> <span class='ocrx_word' id='word_1_318' title='bbox 1232 1710 1496 1762; x_wconf 88' lang='lat' dir='ltr'>sociaverat,</span> <span class='ocrx_word' id='word_1_319' title='bbox 1524 1725 1658 1754; x_wconf 92' lang='lat' dir='ltr'>unum</span> <span class='ocrx_word' id='word_1_320' title='bbox 1684 1715 1850 1768; x_wconf 83' lang='lat' dir='ltr'>pariter</span> <span class='ocrx_word' id='word_1_321' title='bbox 1876 1715 1948 1759; x_wconf 90' lang='lat' dir='ltr'>de-</span> 
     </span>
     <span class='ocr_line' id='line_1_70' title="bbox 1116 1767 1950 1822; baseline 0.012 -17"><span class='ocrx_word' id='word_1_322' title='bbox 1116 1767 1316 1807; x_wconf 90' lang='lat' dir='ltr'>mortuos</span> <span class='ocrx_word' id='word_1_323' title='bbox 1332 1769 1528 1810; x_wconf 87' lang='lat' dir='ltr'>contexit</span> <span class='ocrx_word' id='word_1_324' title='bbox 1542 1770 1834 1822; x_wconf 88' lang='lat' dir='ltr'>sepulchrum,</span> <span class='ocrx_word' id='word_1_325' title='bbox 1852 1775 1950 1815; x_wconf 90' lang='lat' dir='ltr'>una-</span> 
     </span>
     <span class='ocr_line' id='line_1_71' title="bbox 1117 1823 1948 1881; baseline 0.012 -19"><span class='ocrx_word' id='word_1_326' title='bbox 1117 1834 1202 1873; x_wconf 91' lang='lat' dir='ltr'>que</span> <span class='ocrx_word' id='word_1_327' title='bbox 1245 1823 1399 1876; x_wconf 91' lang='lat' dir='ltr'>populi</span> <span class='ocrx_word' id='word_1_328' title='bbox 1439 1828 1666 1869; x_wconf 87' lang='lat' dir='ltr'>veneratio</span> <span class='ocrx_word' id='word_1_329' title='bbox 1707 1833 1948 1881; x_wconf 74' lang='lat' dir='ltr'>prosecuta</span> 
     </span>
     <span class='ocr_line' id='line_1_72' title="bbox 1116 1880 1945 1934; baseline 0.011 -15"><span class='ocrx_word' id='word_1_330' title='bbox 1116 1884 1194 1920; x_wconf 89' lang='lat' dir='ltr'>est.</span> <span class='ocrx_word' id='word_1_331' title='bbox 1232 1880 1514 1934; x_wconf 90' lang='lat' dir='ltr'>Quapropter</span> <span class='ocrx_word' id='word_1_332' title='bbox 1538 1883 1742 1929; x_wconf 87' lang='lat' dir='ltr'>Clemens</span> <span class='ocrx_word' id='word_1_333' title='bbox 1770 1885 1945 1928; x_wconf 88' lang='lat' dir='ltr'>undeci-</span> 
     </span>
     <span class='ocr_line' id='line_1_73' title="bbox 1115 1936 1946 1986; baseline 0.013 -11"><span class='ocrx_word' id='word_1_334' title='bbox 1115 1948 1211 1976; x_wconf 90' lang='lat' dir='ltr'>mus</span> <span class='ocrx_word' id='word_1_335' title='bbox 1232 1942 1275 1978; x_wconf 92' lang='lat' dir='ltr'>et</span> <span class='ocrx_word' id='word_1_336' title='bbox 1291 1936 1557 1981; x_wconf 88' lang='lat' dir='ltr'>Benedictus</span> <span class='ocrx_word' id='word_1_337' title='bbox 1578 1940 1773 1983; x_wconf 90' lang='lat' dir='ltr'>decimus</span> <span class='ocrx_word' id='word_1_338' title='bbox 1790 1943 1946 1986; x_wconf 88' lang='lat' dir='ltr'>tertius</span> 
     </span>
     <span class='ocr_line' id='line_1_74' title="bbox 1114 1990 1947 2042; baseline 0.012 -10"><span class='ocrx_word' id='word_1_339' title='bbox 1114 1990 1352 2035; x_wconf 87' lang='lat' dir='ltr'>Pontifices</span> <span class='ocrx_word' id='word_1_340' title='bbox 1371 1995 1551 2038; x_wconf 88' lang='lat' dir='ltr'>Maximi</span> <span class='ocrx_word' id='word_1_341' title='bbox 1576 1997 1771 2040; x_wconf 85' lang='lat' dir='ltr'>delatum</span> <span class='ocrx_word' id='word_1_342' title='bbox 1789 1999 1947 2042; x_wconf 89' lang='lat' dir='ltr'>iisdem</span> 
     </span>
     <span class='ocr_line' id='line_1_75' title="bbox 1114 2049 1945 2100; baseline 0.013 -12"><span class='ocrx_word' id='word_1_343' title='bbox 1114 2061 1139 2089; x_wconf 93' lang='lat' dir='ltr'>a</span> <span class='ocrx_word' id='word_1_344' title='bbox 1159 2049 1357 2100; x_wconf 88' lang='lat' dir='ltr'>pluribus</span> <span class='ocrx_word' id='word_1_345' title='bbox 1377 2053 1551 2095; x_wconf 83' lang='lat' dir='ltr'>saeculis</span> <span class='ocrx_word' id='word_1_346' title='bbox 1570 2054 1843 2097; x_wconf 89' lang='lat' dir='ltr'>individuum</span> <span class='ocrx_word' id='word_1_347' title='bbox 1860 2057 1945 2099; x_wconf 88' lang='lat' dir='ltr'>cul-</span> 
     </span>
     <span class='ocr_line' id='line_1_76' title="bbox 1114 2107 1945 2155; baseline 0.011 -9"><span class='ocrx_word' id='word_1_348' title='bbox 1114 2110 1206 2146; x_wconf 90' lang='lat' dir='ltr'>tum</span> <span class='ocrx_word' id='word_1_349' title='bbox 1227 2107 1558 2151; x_wconf 88' lang='lat' dir='ltr'>confirmarunt:</span> <span class='ocrx_word' id='word_1_350' title='bbox 1576 2124 1628 2153; x_wconf 90' lang='lat' dir='ltr'>ac</span> <span class='ocrx_word' id='word_1_351' title='bbox 1641 2111 1734 2154; x_wconf 92' lang='lat' dir='ltr'>Leo</span> <span class='ocrx_word' id='word_1_352' title='bbox 1750 2111 1945 2155; x_wconf 86' lang='lat' dir='ltr'>decimus</span> 
     </span>
     <span class='ocr_line' id='line_1_77' title="bbox 1113 2163 1966 2218; baseline 0.013 -15"><span class='ocrx_word' id='word_1_353' title='bbox 1113 2163 1284 2215; x_wconf 78' lang='lat' dir='ltr'>tertius,</span> <span class='ocrx_word' id='word_1_354' title='bbox 1319 2166 1578 2218; x_wconf 85' lang='lat' dir='ltr'>approbatis</span> <span class='ocrx_word' id='word_1_355' title='bbox 1607 2171 1735 2211; x_wconf 86' lang='lat' dir='ltr'>antea</span> <span class='ocrx_word' id='word_1_356' title='bbox 1763 2169 1966 2214; x_wconf 68' lang='lat' dir='ltr'>miracu-&#39;</span> 
     </span>
     <span class='ocr_line' id='line_1_78' title="bbox 1113 2218 1944 2272; baseline 0.013 -13"><span class='ocrx_word' id='word_1_357' title='bbox 1113 2218 1177 2265; x_wconf 85' lang='lat' dir='ltr'>lis,</span> <span class='ocrx_word' id='word_1_358' title='bbox 1197 2226 1300 2272; x_wconf 92' lang='lat' dir='ltr'>post</span> <span class='ocrx_word' id='word_1_359' title='bbox 1314 2221 1529 2265; x_wconf 91' lang='lat' dir='ltr'>indultam</span> <span class='ocrx_word' id='word_1_360' title='bbox 1544 2226 1872 2269; x_wconf 90' lang='lat' dir='ltr'>venerationem</span> <span class='ocrx_word' id='word_1_361' title='bbox 1887 2227 1944 2270; x_wconf 89' lang='lat' dir='ltr'>ad</span> 
     </span>
     <span class='ocr_line' id='line_1_79' title="bbox 1114 2277 1943 2326; baseline 0.011 -8"><span class='ocrx_word' id='word_1_362' title='bbox 1114 2277 1390 2320; x_wconf 86' lang='lat' dir='ltr'>collectivam</span> <span class='ocrx_word' id='word_1_363' title='bbox 1417 2282 1674 2324; x_wconf 90' lang='lat' dir='ltr'>eorumdem</span> <span class='ocrx_word' id='word_1_364' title='bbox 1705 2284 1943 2326; x_wconf 89' lang='lat' dir='ltr'>invocatio-</span> 
     </span>
     <span class='ocr_line' id='line_1_80' title="bbox 1112 2335 1942 2390; baseline 0.011 -16"><span class='ocrx_word' id='word_1_365' title='bbox 1112 2347 1212 2375; x_wconf 92' lang='lat' dir='ltr'>nem</span> <span class='ocrx_word' id='word_1_366' title='bbox 1233 2348 1258 2376; x_wconf 92' lang='lat' dir='ltr'>a</span> <span class='ocrx_word' id='word_1_367' title='bbox 1276 2335 1373 2377; x_wconf 91' lang='lat' dir='ltr'>Deo</span> <span class='ocrx_word' id='word_1_368' title='bbox 1394 2339 1596 2390; x_wconf 85' lang='lat' dir='ltr'>patratis,</span> <span class='ocrx_word' id='word_1_369' title='bbox 1624 2340 1805 2382; x_wconf 91' lang='lat' dir='ltr'>eosdem</span> <span class='ocrx_word' id='word_1_370' title='bbox 1829 2353 1942 2383; x_wconf 91' lang='lat' dir='ltr'>anno</span> 
     </span>
     <span class='ocr_line' id='line_1_81' title="bbox 1114 2391 1942 2444; baseline 0.011 -14"><span class='ocrx_word' id='word_1_371' title='bbox 1114 2391 1476 2444; x_wconf 83' lang='lat' dir='ltr'>quinquagesimo</span> <span class='ocrx_word' id='word_1_372' title='bbox 1497 2395 1734 2437; x_wconf 89' lang='lat' dir='ltr'>sacerdotii</span> <span class='ocrx_word' id='word_1_373' title='bbox 1754 2398 1821 2438; x_wconf 91' lang='lat' dir='ltr'>sui</span> <span class='ocrx_word' id='word_1_374' title='bbox 1838 2397 1942 2439; x_wconf 90' lang='lat' dir='ltr'>San-</span> 
     </span>
     <span class='ocr_line' id='line_1_82' title="bbox 1112 2449 1942 2503; baseline 0.01 -15"><span class='ocrx_word' id='word_1_375' title='bbox 1112 2449 1282 2489; x_wconf 90' lang='lat' dir='ltr'>ctorum</span> <span class='ocrx_word' id='word_1_376' title='bbox 1311 2449 1553 2492; x_wconf 92' lang='lat' dir='ltr'>honoribus</span> <span class='ocrx_word' id='word_1_377' title='bbox 1583 2453 1838 2503; x_wconf 89' lang='lat' dir='ltr'>cumulavit,</span> <span class='ocrx_word' id='word_1_378' title='bbox 1871 2467 1942 2496; x_wconf 91' lang='lat' dir='ltr'>eo-</span> 
     </span>
     <span class='ocr_line' id='line_1_83' title="bbox 1111 2507 1940 2556; baseline 0.011 -13"><span class='ocrx_word' id='word_1_379' title='bbox 1111 2507 1297 2556; x_wconf 92' lang='lat' dir='ltr'>rumque</span> <span class='ocrx_word' id='word_1_380' title='bbox 1315 2508 1573 2548; x_wconf 91' lang='lat' dir='ltr'>memoriam</span> <span class='ocrx_word' id='word_1_381' title='bbox 1593 2508 1750 2550; x_wconf 86' lang='lat' dir='ltr'>Officio</span> <span class='ocrx_word' id='word_1_382' title='bbox 1770 2522 1822 2551; x_wconf 91' lang='lat' dir='ltr'>ac</span> <span class='ocrx_word' id='word_1_383' title='bbox 1840 2510 1940 2552; x_wconf 92' lang='lat' dir='ltr'>Mis-</span> 
     </span>
     <span class='ocr_line' id='line_1_84' title="bbox 1112 2561 1940 2618; baseline 0.011 -18"><span class='ocrx_word' id='word_1_384' title='bbox 1112 2573 1160 2600; x_wconf 91' lang='lat' dir='ltr'>sa</span> <span class='ocrx_word' id='word_1_385' title='bbox 1187 2561 1228 2601; x_wconf 94' lang='lat' dir='ltr'>in</span> <span class='ocrx_word' id='word_1_386' title='bbox 1254 2563 1459 2605; x_wconf 88' lang='lat' dir='ltr'>universa</span> <span class='ocrx_word' id='word_1_387' title='bbox 1478 2565 1679 2606; x_wconf 88' lang='lat' dir='ltr'>Ecclesia</span> <span class='ocrx_word' id='word_1_388' title='bbox 1705 2568 1940 2618; x_wconf 85' lang='lat' dir='ltr'>quotannis</span> 
     </span>
     <span class='ocr_line' id='line_1_85' title="bbox 1111 2618 1610 2663; baseline 0.01 -5"><span class='ocrx_word' id='word_1_389' title='bbox 1111 2618 1391 2661; x_wconf 91' lang='lat' dir='ltr'>recolendam</span> <span class='ocrx_word' id='word_1_390' title='bbox 1412 2621 1610 2663; x_wconf 89' lang='lat' dir='ltr'>instituit.</span> 
     </span>
    </p>
   </div>
   <div class='ocr_carea' id='block_1_7' title="bbox 1111 2686 1940 2799">
    <p class='ocr_par' dir='ltr' id='par_1_7' title="bbox 1111 2686 1940 2799">
     <span class='ocr_line' id='line_1_86' title="bbox 1161 2686 1940 2744; baseline 0.009 -16"><span class='ocrx_word' id='word_1_391' title='bbox 1161 2686 1211 2737; x_wconf 64' lang='lat' dir='ltr'>Ru</span> <span class='ocrx_word' id='word_1_392' title='bbox 1252 2688 1342 2730; x_wconf 88' lang='lat' dir='ltr'>Iste</span> <span class='ocrx_word' id='word_1_393' title='bbox 1387 2689 1519 2732; x_wconf 92' lang='lat' dir='ltr'>homo</span> <span class='ocrx_word' id='word_1_394' title='bbox 1564 2692 1750 2744; x_wconf 90' lang='lat' dir='ltr'>perfecit</span> <span class='ocrx_word' id='word_1_395' title='bbox 1795 2693 1940 2735; x_wconf 89' lang='lat' dir='ltr'>omnia</span> 
     </span>
     <span class='ocr_line' id='line_1_87' title="bbox 1111 2745 1939 2799; baseline 0.01 -15"><span class='ocrx_word' id='word_1_396' title='bbox 1111 2756 1209 2796; x_wconf 90' lang='lat' dir='ltr'>quae</span> <span class='ocrx_word' id='word_1_397' title='bbox 1233 2745 1406 2788; x_wconf 90' lang='lat' dir='ltr'>locutus</span> <span class='ocrx_word' id='word_1_398' title='bbox 1433 2753 1500 2789; x_wconf 89' lang='lat' dir='ltr'>est</span> <span class='ocrx_word' id='word_1_399' title='bbox 1527 2747 1566 2789; x_wconf 92' lang='lat' dir='ltr'>ei</span> <span class='ocrx_word' id='word_1_400' title='bbox 1590 2748 1729 2799; x_wconf 92' lang='lat' dir='ltr'>Deus,</span> <span class='ocrx_word' id='word_1_401' title='bbox 1757 2755 1802 2791; x_wconf 90' lang='lat' dir='ltr'>et</span> <span class='ocrx_word' id='word_1_402' title='bbox 1828 2749 1939 2792; x_wconf 84' lang='lat' dir='ltr'>dixit</span> 
     </span>
    </p>
   </div>
  </div>
 </body>
</html>
