2028 2892
790 161 993 196 Dominica
1018 162 1230 196 Passionis.

141 268 223 298 nec
248 255 363 297 enim
385 255 540 296 timere
563 258 608 296 te
631 254 789 295 faciam
806 254 974 296 vultum

142 314 306 354 eorum.
339 312 435 362 Ego
461 311 626 363 quippe
650 310 753 352 dedi
776 316 820 352 te
840 310 974 352 hedie

141 369 186 409 in
212 368 434 410 civitatem
458 369 686 416 munitam,
723 371 767 408 et
790 367 834 407 in
858 367 973 408 colu-

143 437 291 466 mnam
322 424 525 473 ferream,
565 427 608 464 et
640 423 684 463 in
715 436 887 464 murum
920 425 973 464 ae-

143 494 281 530 reum,
306 493 440 533 super
465 482 648 521 omnem'
658 483 838 528 terram,
866 479 974 529 regi-

142 537 226 579 bus
244 536 376 586 Juda,
403 535 678 588 principibus
704 536 812 587 eius,
842 540 885 576 et
911 548 974 575 sa-

144 592 414 644 cerd6tibus,
448 597 492 634 et
512 591 691 644 >populo
723 596 866 633 terrae.
919 592 976 633 Et

143 648 372 691 bellabunt
387 648 622 690 adversum
636 653 692 697 te,
708 652 752 689 et
766 660 854 689 non
865 660 975 700 prae-

144 705 367 747 valebunt:
392 705 493 757 quia
513 717 596 755 ego
616 710 763 746 tecum
782 717 893 753 sum,
916 704 976 744 ait

146 762 373 811 D6minus,
394 765 443 802 ut
461 760 645 803 liberem
661 765 717 802 te.

198 825 249 876 R.
282 823 526 875 Usquequo
554 821 816 863 exaltabitur
841 820 976 861 inimi-

146 892 223 920 cus
246 891 371 920 meus
395 891 527 930 super
546 876 639 919 me?
660 881 682 904 *
703 877 910 929 Respice,
934 881 978 917 et

147 935 307 977 exaudi
338 947 425 984 me,
466 934 655 975 Domine
686 934 808 975 Deus
844 945 977 974 meus.

147 990 198 1040 V.
224 991 309 1042 Qui
334 990 547 1033 tribulant
574 1003 661 1039 me,
699 988 979 1031 exsultabunt

148 1048 185 1088 si
208 1052 357 1089 motus
381 1047 523 1088 fuero:
550 1059 632 1096 ego
656 1051 808 1088 autem
833 1046 878 1086 in
902 1045 978 1085 mi-

146 1103 387 1145 sericerdia
417 1108 494 1144 tua
529 1102 728 1154 sperabo.
777 1101 978 1154 Respice.

148 1162 401 1212 Usquequo.

373 1243 422 1281 In
450 1242 500 1281 II.
528 1242 753 1281 Nocturno.

224 1311 377 1353 Sermo
407 1312 548 1353 sancti
574 1310 736 1352 Leenis
763 1310 909 1362 Papae.

266 1376 399 1411 Sermo
418 1377 447 1409 9.
472 1375 517 1409 de
541 1375 855 1417 Quadragesima.

452 1436 604 1476 Lectio
626 1435 677 1475 iv.

158 1512 195 1546 '2:31
318 1495 536 1545 omnibuS‚
560 1494 846 1544 dilectissimi,
869 1494 979 1535 sole-

158 1558 197 1610 ¹5
220 1548 258 1609 'fiij-2
287 1552 545 1595 mnitatibus
584 1551 849 1600 christianis,
891 1563 979 1591 non

174 1607 188 1615 ”
287 1610 540 1661 ignoramus
584 1606 792 1660 paschale
839 1619 979 1647 sacra-

148 1670 345 1709 mentum
366 1678 464 1707 esse
483 1666 773 1717 praecipuum:
794 1663 864 1704 cui
881 1675 979 1704 con-

149 1724 279 1775 digne
305 1726 349 1764 et
376 1723 569 1772 cengrue
589 1718 888 1772 suscipiendo,
916 1723 980 1760 to-

147 1782 235 1822 tius
255 1778 434 1831 quidem
452 1789 534 1818 nos
553 1775 767 1828 temporis
781 1775 981 1816 institfita

148 1836 402 1878 reformant:
454 1832 534 1875 sed
579 1832 862 1874 devotionem
907 1843 980 1871 no-

149 1897 286 1934 stram
309 1891 552 1944 praesentes
576 1888 647 1931 vel
671 1887 862 1928 maxime
887 1886 980 1928 dies

151 1949 345 2000 exigunt,
373 1958 484 1999 quos
508 1945 571 1986 illi
590 1943 900 1986 sublimissimo
921 1942 980 1984 di-

149 2006 263 2046 vinae
278 2001 595 2044 misericerdiae
610 2000 885 2042 sacramento
901 1999 980 2039 sci-

149 2073 248 2101 mus
268 2072 366 2102 esse
385 2060 629 2108 contiguos.
652 2057 704 2096 In
719 2054 878 2107 quibus
894 2056 980 2095 me-

150 2117 237 2158 rito
258 2128 284 2157 a
302 2115 464 2156 sanctis
479 2112 710 2166 Apostolis
728 2124 808 2164 per
823 2110 980 2152 doctri-

152 2185 254 2213 nam
285 2171 473 2224 Spiritus
506 2169 646 2211 sancti
684 2169 849 2219 majera
881 2171 981 2207 sunt

152 2228 354 2270 ordinata
378 2227 548 2279 jejunia:
575 2230 624 2266 ut
646 2237 727 2277 per
751 2226 981 2265 commune

152 2284 426 2326 consertium
459 2282 600 2324 crucis
634 2279 814 2329 Christi,
851 2278 982 2319 etiam

151 2353 234 2382 nos
251 2339 417 2392 aliquid
433 2339 477 2379 in
496 2350 550 2380 eo
567 2336 687 2390 quod
702 2340 886 2389 propter
900 2347 981 2375 nos

152 2397 307 2448 gessit,
332 2397 575 2447 ageremus,
601 2393 714 2434 sicut
737 2390 981 2444 Apostolus

153 2454 229 2495 ait:
259 2453 305 2494 Si
329 2451 638 2504 compatimur,
667 2453 711 2490 et
737 2445 981 2497 conglorifi-

154 2508 361 2550 cabimur.
403 2507 534 2549 Certa
565 2510 698 2556 atque
730 2507 884 2545 secura
915 2505 982 2542 est

154 2564 427 2618 exspectatio
443 2564 673 2616 promissae
688 2557 981 2607 beatitudinis,

153 2621 315 2717 gikgineizsst
332 2618 612 2673 participatio
627 2615 870 2658 Dominicae
884 2626 981 2666 pas·
996 2620 998 2625 '

1786 159 1852 194 187

1079 258 1130 308 R.
1145 254 1267 295 Deus
1285 266 1408 294 meus
1428 267 1474 295 es
1494 258 1556 303 tu,
1576 267 1630 296 ne
1650 254 1851 296 discedas

1026 324 1051 351 a
1074 323 1159 352 me:
1180 314 1202 337 *
1225 310 1440 360 Quoniam
1461 309 1682 351 tribulatio
1706 311 1851 363 proxi-

1026 380 1099 407 ma
1133 370 1215 415 est,
1252 371 1295 407 et
1330 378 1418 406 non
1455 370 1521 406 est
1559 367 1631 417 qui
1667 367 1852 417 adjuvet.

1030 421 1080 472 V.
1105 422 1175 463 Tu
1203 426 1349 462 autem
1377 422 1565 462 Demine
1594 435 1648 463 ne
1678 422 1852 473 elonga-

1027 479 1142 520 veris
1167 477 1375 519 auxilium
1398 482 1520 519 tuum
1546 490 1571 518 a
1592 491 1677 519 me:
1704 479 1760 519 ad
1780 479 1851 520 de-

1027 535 1269 576 fensienem
1287 547 1429 575 meam
1447 534 1604 586 aspice.
1628 535 1852 584 Quoniam.

1340 614 1489 655 Lectio
1511 628 1546 652 v.

1030 675 1226 781 Nemo
1252 678 1332 722 est,
1366 672 1654 722 dilectissimi,
1685 674 1754 714 cui
1775 686 1854 725 per

1130 729 1427 771 conditionem
1444 730 1654 781 temporis
1668 732 1854 771 societas

1028 787 1155 838 hujus
1179 785 1331 836 gloriae
1351 785 1607 835 denegetur,
1633 791 1854 837 tamquam

1028 841 1320 894 tranquillitas
1346 841 1469 893 pacis
1487 843 1626 882 vacua
1651 842 1706 882 sit
1733 854 1854 882 occa-

1030 899 1151 940 sione
1164 898 1347 939 virtutis.
1370 897 1611 949 Apestolus
1627 898 1740 938 enim
1753 900 1856 950 pra'e—

1030 954 1157 1004 dicat,
1172 954 1336 995 dicens:
1351 954 1514 995 Omnes
1531 953 1604 1004 qui
1618 953 1688 1005 pie
1704 953 1855 994 volunt

1029 1013 1178 1052 vivere
1205 1010 1250 1050 in
1279 1009 1469 1058 Christo,
1504 1009 1854 1061 persecutienem

1030 1067 1262 1119 patientur:
1287 1071 1330 1107 et
1351 1065 1451 1107 ideo
1476 1078 1714 1117 numquam
1733 1065 1856 1107 deest

1031 1122 1254 1164 tribulatio
1290 1121 1624 1174 persecutionis,
1666 1122 1702 1162 si
1737 1135 1855 1162 num—

1033 1191 1164 1230 quam
1201 1178 1314 1220 desit
1356 1178 1634 1219 observantia
1673 1178 1857 1229 pietatis.

1031 1235 1247 1276 Deminus
1274 1235 1389 1276 enim
1413 1234 1456 1274 in
1481 1233 1857 1275 exhortationibus

1032 1292 1122 1332 suis
1145 1291 1265 1333 dicit:
1290 1291 1373 1340 Qui
1397 1303 1484 1331 non
1505 1290 1663 1342 accipit
1686 1303 1858 1331 erucem

1031 1361 1172 1397 suam,
1198 1352 1242 1389 et
1266 1347 1461 1399 sequitur
1485 1359 1571 1395 me,
1598 1359 1685 1387 non
1705 1351 1771 1387 est
1788 1359 1857 1387 me

1032 1403 1200 1454 dignus.
1257 1403 1352 1444 Nec
1394 1402 1596 1444 dubitare
1633 1402 1858 1451 debemus,

1032 1459 1144 1500 hanc
1163 1471 1319 1500 vocem
1337 1471 1425 1499 non
1442 1458 1583 1499 solum
1599 1457 1655 1498 ad
1671 1457 1857 1510 discipu-

1032 1515 1100 1557 los
1122 1515 1298 1564 Christi,
1319 1514 1397 1556 sed
1417 1513 1473 1555 ad
1493 1519 1675 1554 cunctos
1694 1513 1857 1563 fideles,

1031 1574 1259 1623 totamque
1267 1570 1509 1612 Ecclesiam
1519 1570 1747 1622 pertinere,
1760 1582 1857 1621 quae

1032 1627 1223 1669 salutare
1251 1640 1377 1668 suum
1405 1626 1449 1666 in
1473 1626 1540 1666 his
1567 1626 1641 1677 qui
1667 1625 1858 1674 aderant,

1033 1683 1337 1726 universaliter
1357 1682 1572 1724 audiebat.

1086 1749 1137 1800 Rg.
1162 1746 1214 1785 In
1238 1749 1282 1785 te
1306 1745 1491 1795 jactatus
1517 1756 1612 1784 sum
1639 1755 1693 1783 ex
1718 1745 1857 1791 litero,

1035 1802 1090 1843 de
1113 1805 1265 1843 ventre
1289 1800 1439 1841 matris
1463 1811 1574 1840 meae
1593 1799 1713 1840 Deus
1736 1810 1858 1839 meus

1035 1871 1081 1900 es
1100 1862 1159 1907 tu,
1178 1870 1233 1898 ne
1249 1855 1450 1898 discedas
1466 1868 1491 1896 a
1505 1868 1591 1896 me:
1606 1856 1627 1879 *
1645 1854 1857 1904 Quoniam

1033 1913 1258 1967 tribulatio
1282 1911 1485 1965 proxima
1504 1916 1586 1961 est,
1612 1915 1657 1952 et
1680 1923 1767 1951 non
1793 1914 1859 1951 est

1035 1971 1109 2023 qui
1137 1969 1322 2021 adjuvet.
1371 1966 1418 2017 N.
1446 1967 1575 2009 Salva
1602 1979 1672 2008 me
1701 1979 1754 2007 ex
1782 1978 1857 2006 ore

1034 2026 1189 2075 leenis,
1221 2029 1265 2066 et
1297 2037 1322 2065 a
1352 2024 1557 2065 cernibus
1589 2021 1857 2063 unicernium

1034 2082 1323 2124 humilitatem
1341 2093 1494 2121 meam.
1522 2078 1746 2129 Queniam.

1334 2153 1483 2195 Lectio
1505 2152 1555 2191 vi.

1035 2218 1194 2324 Sicut
1213 2231 1317 2270 ergo
1337 2220 1471 2261 totius
1491 2221 1558 2258 est
1576 2213 1771 2266 corporis
1786 2214 1857 2266 pie

1120 2279 1285 2325 vivere,
1312 2276 1372 2316 ita
1396 2275 1529 2316 totius
1555 2275 1621 2312 est
1644 2270 1856 2322 temporis

1035 2345 1209 2375 crucem
1223 2332 1350 2372 ferre:
1371 2342 1467 2381 quae
1482 2327 1636 2368 merito
1653 2325 1756 2366 ferri
1768 2325 1857 2384 uni-

1035 2392 1192 2441 cuique
1211 2386 1428 2434 suadetur,
1449 2383 1548 2435 quja
1562 2381 1754 2435 propriis
1768 2393 1856 2422 mo-

1036 2445 1104 2486 dis
1129 2449 1260 2495 atque
1282 2440 1494 2483 mensuris
1518 2438 1572 2479 ab
1592 2439 1857 2489 unoqueque

1034 2501 1256 2542 toleratur.
1288 2498 1430 2539 Unum
1449 2506 1608 2536 nomen
1628 2498 1694 2535 est
1712 2505 1856 2545 perse-

1036 2555 1238 2603 cutienis‚
1275 2552 1352 2594 sed
1388 2563 1475 2592 non
1512 2562 1598 2591 una
1630 2554 1696 2591 est
1728 2560 1858 2589 causa

1036 2609 1301 2653 certaminis:
1351 2611 1397 2648 'et
1447 2605 1546 2659 plus
1600 2605 1857 2657 plerumque

1034 2666 1217 2720 periculi
1239 2668 1307 2706 est
1328 2663 1371 2703 in
1394 2661 1649 2703 insidiatore
1672 2659 1856 2707 occultO,
