2028 2892
733 159 885 203 Septem
911 160 1097 193 Dolo'rum
1122 159 1162 192 B.
1188 158 1232 192 M.
1261 158 1302 191 V.

215 256 425 300 Traditus
457 269 568 306 sum,
602 261 645 298 et
676 268 765 298 non
797 255 986 306 egredia-

163 315 257 357 bar:
285 315 308 340 *
339 313 454 355 oculi
485 312 572 354 mei
602 312 863 364 languerunt
896 325 990 365 prae

163 371 322 424 inopia.

216 426 412 469 Clamavi
435 425 492 468 ad
515 430 558 468 te
579 425 767 467 Domine
791 430 886 467 tota
906 425 991 467 die:

163 485 187 511 *
216 482 406 536 expandi
434 482 489 524 ad
516 487 560 524 te
588 495 742 523 manus
769 495 900 523 meas.

213 538 439 591 Numquid
462 538 646 580 mortuis
664 538 799 580 facies
818 537 990 579 mirabi—

162 596 234 637 lia:
265 596 288 622 *
322 601 396 637 aut
428 595 586 637 medici
623 594 910 645 suscitabunt,
948 600 991 636 et

164 652 490 695 confitebuntur
517 650 618 693 tibi?

214 708 439 761 Numquid
467 708 661 750 narrabit
689 708 846 761 aliquis
864 709 908 749 in
927 721 989 749 se-

163 765 349 819 pulchro
377 764 722 806 misericordiam
749 770 886 814 tuam,
906 764 930 790 *
947 769 990 806 et

164 822 394 864 veritatem
421 826 541 862 tuam
568 821 611 861 in
639 819 907 874 perditione?

214 877 439 929 Numquid
468 879 788 928 cognoscentur
810 878 855 918 in
872 879 989 919 tene-

164 935 253 976 bris
280 933 495 975 mirabilia
521 939 611 975 tua:
630 935 653 960 *
674 939 718 976 et
736 934 898 986 justitia
915 939 991 975 tua

162 991 205 1031 in
232 995 350 1032 terra
377 989 630 1031 oblivionis?

210 1046 268 1088 Et
292 1059 374 1097 ego
394 1045 451 1089 ad
478 1051 521 1088 te
540 1046 728 1088 Domine
748 1046 948 1088 clamavi:
966 1048 990 1074 *

164 1108 207 1144 et
231 1115 356 1144 mane
383 1102 525 1144 oratio
550 1115 647 1144 mea
669 1103 912 1156 praeveniet
935 1109 990 1145 te.

214 1160 274 1202 Ut
302 1158 408 1212 quid
426 1159 613 1200 Domine
634 1159 809 1212 repollis
830 1160 988 1201 oratio-

162 1228 261 1258 nem
279 1229 436 1302 meam:
454 1216 478 1241 *
498 1216 658 1258 avertis
686 1216 842 1258 faciem
869 1221 990 1257 tuam

164 1286 188 1314 a
215 1285 302 1314 me.

212 1330 386 1382 Pauper
420 1342 516 1370 sum
544 1341 644 1380 ego,
680 1334 724 1371 et
755 1330 799 1370 in
830 1329 987 1371 labori-

161 1385 244 1427 bus
272 1399 297 1427 a
327 1386 551 1438 juventute
580 1399 692 1427 mea:
720 1386 743 1411 *
772 1386 989 1428 exaltatus

164 1447 324 1491 autem,
351 1441 604 1484 humiliatus
634 1455 730 1484 sum
752 1450 795 1484 et
817 1448 988 1485 contur-

162 1498 303 1540 batus.

214 1555 265 1596 In
291 1567 361 1597 me
388 1554 653 1597 transierunt
680 1555 756 1596 irae
781 1561 883 1597 tuae:
903 1556 926 1581 *
947 1560 990 1597 et

162 1614 353 1653 terrores
380 1612 444 1654 tui
471 1611 842 1654 conturbaverunt
867 1625 949 1653 me.

215 1667 605 1711 Circumdederunt
636 1681 706 1710 me
736 1669 848 1711 sicut
875 1682 989 1721 aqua

160 1729 256 1766 tota
297 1724 384 1767 die:
425 1726 448 1750 ¹⁸¹
489 1724 874 1768 circumdederunt
918 1739 988 1768 me

163 1781 302 1823 simul.

212 1838 441 1890 Elongasti
467 1851 493 1880 a
519 1850 589 1880 me
612 1840 799 1880 amicum
823 1844 867 1880 et
888 1841 987 1892 pro-

160 1894 340 1937 ximum:
359 1897 382 1922 *
402 1900 446 1937 et
463 1900 595 1937 notos
613 1907 737 1936 meos
757 1908 783 1936 a
801 1896 988 1937 miseria.

218 1954 316 1995 Ant.
344 1955 501 1994 Factus
525 1965 621 1993 sum
645 1951 757 1993 sicut
778 1951 912 1994 homo
935 1952 988 1993 si-

162 2019 216 2048 ne
242 2007 475 2060 adjutorio,
508 2009 620 2050 inter
643 2010 842 2050 mortuos
866 2008 988 2051 liber.

216 2066 315 2106 Ant.
351 2064 555 2118 Replevit
586 2077 656 2106 me
684 2065 986 2115 amaritudine,

161 2119 394 2162 inebriavit
412 2134 482 2162 me
502 2120 745 2174 absynthio.

419 2183 617 2223 Psalmus
639 2184 729 2223 108.

162 2232 332 2339 Deus
354 2234 529 2276 laudem
551 2247 694 2276 meam
712 2247 768 2276 ne
786 2236 988 2277 tacueris:

263 2291 288 2316 *
308 2291 409 2343 quia
429 2303 479 2333 os
497 2291 760 2344 peccatoris,
780 2296 824 2333 et
842 2304 893 2333 os
913 2291 987 2333 do-

161 2344 244 2386 losi
263 2359 396 2400 super
413 2360 483 2389 me
503 2349 703 2400 apertum
722 2352 799 2390 est.
884 2347 885 2350 ’

213 2402 370 2445 Locuti
390 2409 490 2446 sunt
508 2403 742 2446 adversum
757 2417 827 2446 me
842 2404 988 2455 lingua

163 2457 328 2510 dolosa,
348 2465 392 2502 et
411 2460 686 2502 sermonibus
704 2460 793 2502 odii
808 2461 986 2502 circum-

163 2513 377 2558 dederunt
400 2529 485 2559 me:
509 2519 531 2542 *
559 2521 603 2559 et
629 2518 988 2570 expugnaverunt

162 2573 397 2622 me'gratis.

217 2627 304 2670 Pro
330 2641 382 2670 eo
408 2635 456 2672 ut
481 2643 551 2672 me
571 2629 816 2681 diligerent,
846 2629 986 2671 detra-

163 2682 326 2726 hebant
342 2685 461 2727 mihi:
479 2686 503 2712 *
522 2698 605 2737 ego
624 2691 770 2728 autem
793 2685 987 2728 orabam.

1093 255 1151 296 Et
1172 255 1415 307 posuerunt
1438 254 1671 297 adversum
1694 267 1765 297 me
1783 268 1870 296 ma-

1041 311 1084 353 la
1103 323 1187 364 pro
1210 310 1352 353 bonis:
1371 312 1394 337 *
1415 317 1458 354 et
1484 311 1635 353 odium
1657 324 1740 365 pro
1767 310 1870 353 dile-

1043 368 1188 410 ctione
1205 379 1315 409 mea.

1097 429 1324 470 Constitue
1362 441 1493 481 super
1531 441 1631 470 eum
1667 431 1869 481 peccato-

1043 498 1150 527 rem:
1168 485 1191 511 *
1211 489 1255 526 et
1288 483 1491 527 diabolus
1525 489 1611 527 stet
1645 498 1669 526 a
1705 484 1871 527 dextris

1044 555 1146 594 ejus.

1096 603 1206 644 Cum
1220 602 1444 655 judicatur,
1465 602 1592 643 exeat
1612 602 1872 644 condemna-

1043 665 1129 702 tus:
1148 660 1172 687 *
1192 664 1235 701 et
1261 659 1403 701 oratio
1431 659 1522 710 ejus
1548 657 1627 700 fiat
1650 658 1692 699 in
1719 662 1872 711 pecca-

1042 721 1146 758 tum.

1094 777 1222 818 Fiant
1250 776 1343 818 dies
1373 777 1463 828 ejus
1492 776 1636 829 pauci:
1662 778 1685 802 *
1714 782 1757 818 et
1784 778 1870 830 epi·

1044 836 1275 886 scopatum
1294 834 1384 884 ejus
1404 833 1592 885 accipiat
1612 832 1734 874 alter.

1094 895 1222 935 Fiant
1240 894 1317 935 filii
1337 895 1428 946 ejus
1450 893 1650 946 orphani:
1665 894 1688 918 *
1704 899 1748 935 et
1762 907 1873 935 uxor

1044 952 1135 1003 ejus
1154 950 1296 993 vidua.

1093 1012 1310 1054 Nutantes
1335 1012 1650 1054 transferantur
1673 1012 1751 1053 filii
1770 1014 1871 1062 ejus,

1043 1074 1087 1111 et
1104 1068 1368 1110 mendicent:
1384 1070 1407 1095 *
1422 1073 1466 1110 et
1485 1068 1710 1120 ejiciantur
1729 1069 1784 1111 de
1799 1069 1870 1111 ha-

1042 1124 1328 1167 bitationibus
1348 1124 1448 1166 suis.

1093 1187 1318 1228 Scrutetur
1331 1185 1571 1227 foenerator
1587 1198 1760 1227 omnem
1772 1186 1870 1228 sub-

1042 1243 1250 1284 stantiam
1277 1243 1382 1294 ejus:
1400 1243 1424 1268 *
1444 1247 1488 1284 et
1511 1241 1719 1295 diripiant
1743 1242 1872 1283 alieni

1042 1299 1217 1340 labores
1237 1299 1339 1351 ejus.

1092 1359 1194 1401 Non
1213 1360 1270 1401 sit
1287 1359 1349 1400 illi
1368 1358 1555 1411 adjfitor:
1574 1360 1597 1385 *
1617 1372 1698 1401 nec
1722 1359 1777 1401 sit
1797 1360 1871 1411 qui

1041 1417 1300 1458 misereatur
1318 1416 1498 1469 pupillis
1518 1416 1619 1467 ejus.

1093 1478 1220 1519 Fiant
1243 1478 1333 1520 nati
1357 1478 1448 1530 ejus
1467 1477 1511 1518 in
1530 1477 1765 1519 interitum:
1785 1478 1807 1502 *
1827 1477 1870 1517 in

1041 1535 1323 1586 generatione
1359 1547 1445 1575 una
1479 1533 1677 1575 deleatur
1709 1546 1870 1575 nomen

1042 1604 1144 1643 ejus.

1092 1653 1143 1693 In
1181 1652 1437 1694 memoriam
1477 1651 1628 1693 redeat
1663 1651 1870 1703 iniquitas

1041 1714 1216 1762 patrum
1242 1709 1333 1761 ejus
1355 1709 1399 1749 in
1418 1709 1660 1760 conspectu
1679 1707 1870 1750 Domini:

1041 1767 1065 1791 *
1084 1770 1128 1807 et
1149 1768 1383 1818 peccatum
1404 1765 1557 1806 matris
1581 1765 1672 1816 ejus
1691 1777 1780 1806 non
1799 1764 1870 1806 de-

1042 1822 1193 1864 leatur.

1092 1879 1219 1921 Fiant
1247 1883 1399 1921 contra
1421 1878 1658 1919 Dominum
1686 1890 1870 1930 semper,

1043 1940 1087 1977 et
1109 1935 1332 1989 dispereat
1351 1934 1406 1976 de
1433 1939 1551 1976 terra
1569 1934 1780 1975 memoria
1799 1935 1869 1974 eo-

1042 2005 1153 2033 rum:
1171 1993 1194 2018 *
1213 2005 1296 2045 pro
1317 2004 1370 2033 eo
1392 1990 1513 2043 quod
1532 2003 1620 2032 non
1642 1995 1709 2032 est
1727 2002 1869 2031 recor-

1043 2049 1172 2091 datus
1191 2049 1334 2090 facere
1353 2046 1708 2090 misericordiam.

1092 2110 1149 2151 Et
1174 2112 1434 2162 persecutus
1461 2114 1528 2150 est
1555 2107 1777 2149 hominem
1809 2109 1867 2147 in-

1043 2178 1188 2219 opem,
1208 2170 1252 2208 et
1269 2165 1535 2215 mendicum,
1554 2167 1577 2191 *
1597 2170 1641 2206 et
1659 2167 1867 2216 compun-

1042 2226 1159 2263 ctum
1178 2222 1312 2264 corde
1330 2222 1605 2263 mortificare.

1093 2284 1150 2325 Et
1169 2283 1320 2325 dilexit
1338 2282 1708 2331 maledictionem,
1736 2286 1779 2323 et
1797 2282 1867 2322 ve-

1040 2339 1130 2381 niet
1157 2339 1212 2381 ei:
1231 2341 1254 2366 *
1274 2345 1319 2382 et
1343 2339 1482 2381 noluit
1507 2337 1867 2387 benedictionem,

1041 2401 1084 2438 et
1104 2396 1378 2448 elongabitur
1398 2395 1453 2436 ab
1473 2407 1540 2436 eo.

1089 2457 1148 2499 Et
1183 2456 1323 2499 induit
1364 2454 1718 2497 maledictionem
1755 2454 1867 2497 sicut

1040 2513 1362 2563 vestimentum,
1400 2513 1423 2538 *
1459 2516 1503 2553 et
1539 2511 1718 2554 intravit
1755 2512 1868 2554 sicut

1039 2582 1154 2621 aqua
1197 2570 1242 2613 in
1281 2569 1487 2610 interiora
1523 2568 1630 2620 ejuS‚
1675 2572 1720 2610 et
1754 2568 1866 2610 sicut

1040 2625 1185 2667 oleum
1202 2626 1246 2667 in
1265 2625 1436 2667 ossibus
1455 2625 1557 2677 ejus.

1091 2687 1190 2729 Fiat
1216 2686 1255 2728 ei
1279 2686 1391 2728 sicut
1415 2686 1740 2737 vestimentum,
1776 2698 1865 2739 quo
