2066 2904
467 150 677 185 Commune
702 149 816 184 unius
842 149 1022 193 Martyris
1048 154 1155 183 extr·1
1179 153 1330 191 tempus
1358 148 1454 182 11615
1445 149 1555 182 11116.

158 244 385 286 61111ό1111111
412 245 630 286 tormenta
656 245 884 285 sustineat:
913 242 987 295 qui

156 300 265 342 nihil
304 300 517 354 rapuerit,
563 299 731 340 nullum
766 299 986 341 violentus

158 357 440 410 oppresserit,
468 356 628 398 nullius
648 356 905 408 sanguinem
924 356 986 397 fu-

158 414 282 464 derit,
301 413 460 455 nullius
478 418 626 455 torum
645 413 869 466 putaverit
888 425 986 454 esse

157 470 428 512 violandum.
469 470 543 522 qui
573 469 680 510 nihil
711 469 881 521 legibus
914 469 985 511 de-

156 527 274 578 beat,
310 531 354 569 et
380 527 583 579 graviora
610 526 831 568 latronum
859 527 984 568 susti-

156 586 259 626 nere
278 585 464 636 cogatur
483 583 712 636 supplicia:
742 583 816 636 qui
834 582 985 636 loqua-

155 645 226 683 tur
245 642 368 694 juste,
398 645 442 682 et
466 653 556 682 non
579 639 796 682 audiatur:
826 640 900 692 qui
924 640 984 681 lo-

157 699 316 750 quatur
338 697 469 750 plena
492 697 660 748 salutis,
694 701 738 738 et
760 697 984 750 impugne-

155 759 242 796 tur:
268 759 318 796 ut
339 754 482 807 possit
507 753 670 804 dicere,
703 753 812 795 Cum
835 753 984 806 loque-

156 811 235 854 bar
260 811 360 861 illis,
396 810 713 864 impugnabant
740 823 811 852 me
836 811 984 862 gratis.

156 868 305 910 Gratis
332 868 463 919 igitur
490 868 846 920 persecutionem
873 867 983 920 pati-

154 929 235 975 tur,
264 925 339 977 qui
362 924 645 978 impugnatur
669 924 761 966 sine
786 925 984 966 crimine:

154 981 437 1034 impugnatur
459 986 508 1023 ut
532 981 704 1030 noxius,
734 994 834 1022 cum
859 981 916 1023 sit
940 981 984 1022 in

154 1038 233 1080 tali
261 1038 536 1080 confessione
564 1037 815 1079 laudabilis:
847 1038 983 1091 impu-

153 1097 311 1146 gnatur
336 1094 460 1148 quasi
483 1094 715 1144 veneficus,
744 1095 819 1147 qui
842 1095 886 1135 in
910 1096 983 1135 no-

154 1152 269 1194 mine
286 1151 466 1193 Domini
484 1151 707 1203 gloriatur,
728 1163 827 1192 cum
841 1153 984 1205 pietas

154 1207 365 1250 virtutum
411 1208 606 1249 omnium
652 1207 984 1250 fundamentum

156 1265 223 1307 sit.

208 1346 258 1398 R.
289 1343 538 1384 Honestum
561 1342 665 1384 fecit
692 1342 814 1384 illum
834 1343 983 1384 Domi-

153 1413 246 1450 11115,
270 1405 314 1442 61
333 1399 573 1442 custodivit
593 1412 692 1441 eum
712 1398 767 1441 ab
787 1399 983 1450 inimicis,

155 1461 199 1498 61
223 1469 248 1498 3
276 1455 585 1498 seductoribus
611 1456 771 1498 tutavit
798 1456 934 1497 illum:
962 1461 983 1485 *

153 1513 211 1555 Et
239 1512 361 1555 dedit
391 1512 454 1554 illi
486 1512 731 1554 claritatem
763 1515 983 1555 aeternam.

155 1565 207 1618 V.
239 1569 569 1622 Descenditque
602 1581 702 1610 cum
738 1569 814 1611 illo
846 1570 890 1611 in
921 1571 982 1612 fo-

153 1639 289 1676 veam,
313 1631 356 1668 et
374 1626 418 1667 in
437 1625 621 1667 vinculis
640 1637 729 1667 non
749 1625 983 1679 dereliquit

153 1696 263 1725 eum.
307 1683 365 1725 Et
393 1682 515 1725 dedit
538 1681 610 1723 illi.

466 1792 619 1835 Lectio
636 1807 673 1833 v.

155 1875 316 1982 Vere
352 1885 516 1928 frustra
557 1886 857 1939 impugnatur,
906 1886 981 1937 qui

269 1942 387 1994 apud
404 1943 563 1995 impios
585 1948 628 1984 et
647 1942 808 1984 infidos
832 1942 981 1995 impie-

153 1997 258 2039 tatis
283 1999 534 2049 arcessitur,
563 2012 662 2040 cum
686 1998 790 2040 fidei
814 1999 872 2040 sit
895 2011 982 2040 ma-

151 2055 298 2104 gister.
325 2055 492 2097 Verum
508 2056 583 2108 qui
601 2055 737 2107 gratis
755 2056 982 2108 impugna-

153 2115 239 2160 tur,
267 2110 394 2153 fortis
419 2110 552 2154 debet
576 2124 673 2154 esse
699 2116 743 2154 et
763 2117 983 2154 constans.

154 2167 388 2218 Quomodo
427 2181 531 2220 ergo
575 2168 819 2210 subtexuit:
864 2169 922 2211 Et
958 2182 983 2210 a

154 2223 300 2266 verbis
327 2224 415 2266 tuis
443 2224 684 2278 trepidavit
711 2238 788 2267 cor
812 2224 981 2267 meum?

154 2279 398 2333 Trepidare
416 2281 681 2323 infirmitatis
701 2287 783 2334 est,
811 2282 983 2324 timoris

155 2341 287 2390 atque
304 2337 560 2380 formidinis.
590 2338 677 2381 Sed
692 2343 759 2381 est
773 2339 908 2381 etiam
921 2339 982 2380 in-

154 2393 339 2435 firmitas
367 2393 424 2436 ad
452 2394 653 2446 salutem,
690 2400 758 2438 est
777 2396 910 2438 etiam
932 2395 983 2438 ti-

154 2462 251 2491 11101·
266 2452 530 2493 5311610111111.
550 2452 720 2494 Τ1111616
734 2453 983 2503 Ι)011111111111,

157 2518 308 2548 01111165
332 2508 472 2549 5311611
495 2509 601 2560 ejus:
631 2513 688 2559 et,
716 2509 882 2551 Beatus
907 2509 983 2559 vir,

158 2563 232 2615 qui
255 2563 380 2605 timet
402 2564 653 2606 Dominum.
691 2566 788 2616 Qua
815 2565 983 2607 ratione

156 2618 336 2660 beatus?
371 2621 482 2672 Quia
500 2621 544 2662 in
563 2621 783 2664 mandatis
803 2622 894 2674 ejus
913 2635 982 2664 cu-

157 2675 223 2727 pit
244 2675 383 2718 nimis.

1802 139 1872 185 [35]

1093 246 1143 298 R.
1181 241 1463 283 Desiderium
1492 240 1648 282 animae
1678 240 1769 292 ejus
1798 239 1871 281 tri-

1039 297 1173 340 buisti
1206 298 1246 339 ei
1277 298 1484 347 Domine,
1512 303 1533 327 *
1560 297 1617 338 Et
1643 296 1871 339 voluntate

1038 354 1256 396 labiorum
1285 354 1375 406 ejus
1402 366 1490 395 non
1517 353 1732 395 fraudasti
1760 366 1871 395 eum.

1038 412 1087 465 V,
1110 411 1329 462 Quoniam
1348 410 1604 464 praevenisti
1619 423 1718 452 eum
1736 410 1780 450 in
1798 409 1870 452 be-

1039 467 1365 510 nedictionibus
1390 466 1650 509 dulcedinis:
1682 466 1872 519 posuisti

1039 525 1084 566 in
1112 525 1256 578 capite
1285 525 1376 576 ejus
1401 526 1612 565 coronam
1641 523 1695 566 de
1724 522 1871 576 lapide

1039 582 1247 635 pretioso.
1275 582 1342 622 Et.

1343 664 1492 704 Lectio
1515 665 1565 703 vi.

1038 726 1210 833 Pone
1236 742 1340 782 ergo
1366 729 1606 782 Martyrem
1629 729 1742 770 inter
1761 730 1872 781 peri-

1143 787 1241 828 cula
1277 787 1582 836 constitutum,
1629 799 1729 827 cum
1768 785 1871 827 inde

1039 844 1287 885 immanitas
1311 843 1553 885 bestiarum
1578 842 1636 884 ad
1660 842 1872 883 incutien-

1039 900 1145 942 dum
1180 902 1397 942 terrorem
1432 900 1651 950 infremat,
1696 899 1871 941 aliunde

1039 957 1201 999 stridor
1221 957 1502 999 candentium
1523 956 1800 1006 laminarum,
1829 961 1873 998 61

1038 1014 1215 1055 flamma
1229 1014 1422 1056 fornacis
1438 1013 1632 1055 ardentis
1646 1015 1871 1063 exaestuet,

1039 1084 1093 1112 ex
1107 1075 1234 1124 parte
1250 1071 1333 1112 alia
1347 1072 1588 1124 personent
1601 1074 1770 1111 tractus
1785 1072 1873 1121 gra-

1037 1127 1156 1168 vium
1172 1130 1435 1177 catenarum,
1458 1126 1560 1168 hinc
1576 1126 1771 1168 carnifex
1786 1139 1873 1168 cru-

1038 1185 1165 1225 entus
1185 1186 1377 1226 assistat:
1407 1196 1541 1237 pone,
1569 1183 1763 1236 inquam,
1793 1183 1871 1225 cir-

1037 1243 1413 1294 cumspectantem
1441 1241 1588 1282 omnia
1614 1240 1746 1293 plena
1771 1253 1870 1293 sup-

1036 1298 1191 1351 pliciis,
1206 1297 1364 1340 deinde
1381 1298 1649 1350 cogitantem
1662 1296 1870 1338 mandata

1038 1354 1203 1404 divina,
1250 1354 1372 1396 illum
1409 1355 1555 1406 ignem
1595 1355 1870 1407 perpetuum,

1036 1411 1145 1453 illud
1175 1412 1268 1453 sine
1294 1411 1381 1453 fine
1405 1410 1656 1453 incendium
1679 1411 1870 1464 perfido-

1036 1481 1150 1518 rum,
1187 1468 1307 1509 illam
1338 1481 1485 1521 poenae
1518 1467 1870 1509 recrudescentis

1037 1528 1294 1566 aerumnam:
1339 1524 1566 1578 trepidare
1608 1524 1762 1575 corde,
1804 1537 1869 1574 ne,

1037 1581 1143 1623 dum
1161 1581 1455 1635 praesentibus
1476 1581 1615 1631 cedat,
1643 1582 1869 1650 perpetuis

1037 1651 1084 1680 se
1104 1638 1238 1680 dedat
1257 1639 1414 1680 exitiis:
1442 1638 1692 1691 perturbari
1711 1638 1869 1689 animo,

1037 1694 1142 1737 dum
1169 1695 1302 1737 futuri
1327 1695 1475 1748 judicii
1498 1695 1802 1748 rhomphaeam
1823 1695 1868 1736 il-

1035 1751 1123 1793 lam
1139 1745 1383 1794 terribilem
1399 1752 1590 1805 quadam
1605 1754 1869 1805 conspectus

1036 1809 1183 1861 specie
1212 1810 1454 1851 contuetur.
1489 1809 1648 1851 Nonne
1673 1808 1729 1850 ad
1755 1809 1868 1850 hanc

1034 1865 1374 1919 trepidationem
1387 1865 1562 1908 fiduciae
1579 1866 1660 1907 viri
1675 1867 1869 1907 constan-

1034 1922 1105 1973 tis,
1134 1922 1318 1975 aequalis
1344 1922 1389 1963 in
1418 1922 1623 1964 eumdem
1648 1923 1869 1964 concurrit

1035 1978 1239 2021 effectum
1267 1978 1533 2021 confidentia
1564 1979 1779 2032 cupientis
1813 1992 1866 2020 ae-

1035 2037 1169 2086 tema,
1199 2041 1243 2078 et
1261 2035 1410 2078 divina
1428 2034 1712 2089 trepidantis?

1091 2103 1142 2155 R.
1165 2101 1287 2144 Stola
1305 2101 1598 2154 jucunditatis.
1626 2101 1714 2153 [30]

1253 2187 1302 2226 In
1330 2187 1401 2225 III.
1430 2187 1652 2226 Nocturno.

1038 2259 1190 2301 Lectio
1216 2258 1356 2300 sancti
1374 2257 1601 2309 Evangelii
1626 2256 1867 2299 secundum

1315 2315 1586 2357 Matthaeum.

1142 2382 1293 2424 Lectio
1316 2383 1382 2423 vii.
1531 2382 1633 2433 Cap.
1651 2383 1707 2421 16.
1725 2381 1763 2422 d.

1034 2447 1112 2555 In
1136 2453 1212 2495 illo
1238 2455 1457 2519 tempore:
1484 2453 1622 2518 ’Dixit
1648 2454 1777 2496 Jesus
1806 2455 1866 2497 di-

1107 2510 1286 2563 scipuhs
1312 2523 1415 2551 suls:
1451 2510 1496 2551 S1
1523 2523 1619 2563 quis
1643 2510 1739 2553 vult
1763 2517 1867 2565 post

1035 2579 1106 2607 me
1120 2569 1280 2617 venire,
1297 2566 1486 2617 abneget
1506 2569 1801 2621 semetipsum,
1822 2574 1866 2611 et

1035 2622 1162 2665 tollat
1193 2636 1368 2665 crucem
1403 2636 1545 2674 suam,
1586 2629 1630 2666 et
1657 2627 1866 2679 sequatur

1035 2692 1118 2721 me.
1144 2680 1201 2722 Et
1218 2679 1397 2732 reliqua.
