<?xml version="1.0" encoding="UTF-8"?>
<!DOCTYPE html PUBLIC "-//W3C//DTD XHTML 1.0 Transitional//EN"
    "http://www.w3.org/TR/xhtml1/DTD/xhtml1-transitional.dtd">
<html xmlns="http://www.w3.org/1999/xhtml" xml:lang="en" lang="en">
 <head>
  <title>
</title>
<meta http-equiv="Content-Type" content="text/html;charset=utf-8" />
  <meta name='ocr-system' content='tesseract 3.04.00' />
  <meta name='ocr-capabilities' content='ocr_page ocr_carea ocr_par ocr_line ocrx_word'/>
</head>
<body>
  <div class='ocr_page' id='page_1' title='image "./p2breviariumroma00cathuoft_0195.png"; bbox 0 0 2028 2892; ppageno 0'>
   <div class='ocr_carea' id='block_1_1' title="bbox 559 168 1400 210">
    <p class='ocr_par' dir='ltr' id='par_1_1' title="bbox 559 168 1400 210">
     <span class='ocr_line' id='line_1_1' title="bbox 559 168 1400 210; baseline 0 -8"><span class='ocrx_word' id='word_1_1' title='bbox 559 168 660 202; x_wconf 75' lang='lat' dir='ltr'><strong>Infra</strong></span> <span class='ocrx_word' id='word_1_2' title='bbox 684 168 976 202; x_wconf 68' lang='lat' dir='ltr'><strong>Hebdomadnm</strong></span> <span class='ocrx_word' id='word_1_3' title='bbox 1002 169 1052 202; x_wconf 85' lang='lat' dir='ltr'><strong>iii.</strong></span> <span class='ocrx_word' id='word_1_4' title='bbox 1079 168 1400 210; x_wconf 58' lang='lat' dir='ltr'><strong>(madragesimoe.</strong></span> 
     </span>
    </p>
   </div>
   <div class='ocr_carea' id='block_1_2' title="bbox 131 261 961 2733">
    <p class='ocr_par' dir='ltr' id='par_1_2' title="bbox 135 261 954 421">
     <span class='ocr_line' id='line_1_2' title="bbox 135 261 954 317; baseline 0.001 -13"><span class='ocrx_word' id='word_1_5' title='bbox 135 261 325 304; x_wconf 88' lang='lat' dir='ltr'><strong>Homilia</strong></span> <span class='ocrx_word' id='word_1_6' title='bbox 342 261 483 304; x_wconf 90' lang='lat' dir='ltr'><strong>sancti</strong></span> <span class='ocrx_word' id='word_1_7' title='bbox 492 261 725 314; x_wconf 81' lang='lat' dir='ltr'>Augustini</span> <span class='ocrx_word' id='word_1_8' title='bbox 734 263 954 317; x_wconf 83' lang='lat' dir='ltr'><strong>Episcopi.</strong></span> 
     </span>
     <span class='ocr_line' id='line_1_3' title="bbox 153 329 924 367; baseline -0.001 -3"><span class='ocrx_word' id='word_1_9' title='bbox 153 331 286 365; x_wconf 81' lang='lat' dir='ltr'><strong>Sermo</strong></span> <span class='ocrx_word' id='word_1_10' title='bbox 305 330 353 365; x_wconf 80' lang='lat'><strong>16.</strong></span> <span class='ocrx_word' id='word_1_11' title='bbox 369 330 416 364; x_wconf 85' lang='lat' dir='ltr'><strong>dc</strong></span> <span class='ocrx_word' id='word_1_12' title='bbox 429 329 569 364; x_wconf 66' lang='lat' dir='ltr'><strong>Verbis</strong></span> <span class='ocrx_word' id='word_1_13' title='bbox 583 330 748 367; x_wconf 74' lang='lat' dir='ltr'><strong>Domini,</strong></span> <span class='ocrx_word' id='word_1_14' title='bbox 763 334 849 363; x_wconf 75' lang='lat' dir='ltr'><strong>tom.</strong></span> <span class='ocrx_word' id='word_1_15' title='bbox 870 330 924 363; x_wconf 76' lang='lat'><strong>10.</strong></span> 
     </span>
     <span class='ocr_line' id='line_1_4' title="bbox 406 379 679 421; baseline -0.004 -9"><span class='ocrx_word' id='word_1_16' title='bbox 406 383 494 421; x_wconf 79' lang='lat' dir='ltr'><strong>post</strong></span> <span class='ocrx_word' id='word_1_17' title='bbox 520 379 679 412; x_wconf 86' lang='lat' dir='ltr'><strong>initium.</strong></span> 
     </span>
    </p>

    <p class='ocr_par' dir='ltr' id='par_1_3' title="bbox 131 425 958 1270">
     <span class='ocr_line' id='line_1_5' title="bbox 143 425 953 479; baseline -0.014 3"><span class='ocrx_word' id='word_1_18' title='bbox 143 438 325 467; x_wconf 50' lang='lat' dir='ltr'><strong><em>s</em></strong></span> <span class='ocrx_word' id='word_1_19' title='bbox 356 425 479 467; x_wconf 84' lang='lat' dir='ltr'><strong>illum</strong></span> <span class='ocrx_word' id='word_1_20' title='bbox 511 425 724 479; x_wconf 84' lang='lat' dir='ltr'><strong>corripis?</strong></span> <span class='ocrx_word' id='word_1_21' title='bbox 766 429 877 478; x_wconf 84' lang='lat' dir='ltr'><strong>Quia</strong></span> <span class='ocrx_word' id='word_1_22' title='bbox 906 434 953 471; x_wconf 85' lang='lat' dir='ltr'><strong>tu</strong></span> 
     </span>
     <span class='ocr_line' id='line_1_6' title="bbox 211 481 954 536; baseline 0.001 -11.909"><span class='ocrx_word' id='word_1_23' title='bbox 211 485 213 489; x_wconf 88' lang='grc'><strong>’</strong></span> <span class='ocrx_word' id='word_1_24' title='bbox 238 481 380 533; x_wconf 89' lang='lat' dir='ltr'><strong>doles,</strong></span> <span class='ocrx_word' id='word_1_25' title='bbox 409 482 527 535; x_wconf 94' lang='lat' dir='ltr'><strong>quod</strong></span> <span class='ocrx_word' id='word_1_26' title='bbox 549 483 799 536; x_wconf 78' lang='lat' dir='ltr'><strong>peccaverit</strong></span> <span class='ocrx_word' id='word_1_27' title='bbox 821 484 865 525; x_wconf 90' lang='lat' dir='ltr'><strong>in</strong></span> <span class='ocrx_word' id='word_1_28' title='bbox 887 484 954 527; x_wconf 88' lang='lat' dir='ltr'><strong>te?</strong></span> 
     </span>
     <span class='ocr_line' id='line_1_7' title="bbox 131 538 955 590; baseline 0.002 -10"><span class='ocrx_word' id='word_1_29' title='bbox 131 538 273 581; x_wconf 84' lang='lat' dir='ltr'><strong>Absit.</strong></span> <span class='ocrx_word' id='word_1_30' title='bbox 308 540 354 581; x_wconf 92' lang='lat' dir='ltr'><strong>Si</strong></span> <span class='ocrx_word' id='word_1_31' title='bbox 376 541 524 581; x_wconf 81' lang='lat' dir='ltr'><strong>amore</strong></span> <span class='ocrx_word' id='word_1_32' title='bbox 547 539 612 581; x_wconf 93' lang='lat' dir='ltr'><strong>tui</strong></span> <span class='ocrx_word' id='word_1_33' title='bbox 635 539 682 581; x_wconf 92' lang='lat' dir='ltr'><strong>id</strong></span> <span class='ocrx_word' id='word_1_34' title='bbox 699 539 823 590; x_wconf 88' lang='lat' dir='ltr'><strong>facis,</strong></span> <span class='ocrx_word' id='word_1_35' title='bbox 850 541 955 582; x_wconf 88' lang='lat' dir='ltr'>nihil</span> 
     </span>
     <span class='ocr_line' id='line_1_8' title="bbox 132 595 955 650; baseline 0.002 -14"><span class='ocrx_word' id='word_1_36' title='bbox 132 595 253 637; x_wconf 88' lang='lat' dir='ltr'><strong>facis:</strong></span> <span class='ocrx_word' id='word_1_37' title='bbox 279 596 316 637; x_wconf 93' lang='lat' dir='ltr'><strong>si</strong></span> <span class='ocrx_word' id='word_1_38' title='bbox 341 598 490 638; x_wconf 79' lang='lat' dir='ltr'><strong>amere</strong></span> <span class='ocrx_word' id='word_1_39' title='bbox 508 596 624 638; x_wconf 90' lang='lat' dir='ltr'><strong>illius</strong></span> <span class='ocrx_word' id='word_1_40' title='bbox 642 596 766 646; x_wconf 81' lang='lat' dir='ltr'><strong>faciS‚</strong></span> <span class='ocrx_word' id='word_1_41' title='bbox 791 598 955 650; x_wconf 87' lang='lat' dir='ltr'><strong>optime</strong></span> 
     </span>
     <span class='ocr_line' id='line_1_9' title="bbox 131 650 953 706; baseline 0.004 -14"><span class='ocrx_word' id='word_1_42' title='bbox 131 650 249 693; x_wconf 88' lang='lat' dir='ltr'><strong>facis.</strong></span> <span class='ocrx_word' id='word_1_43' title='bbox 289 653 489 706; x_wconf 82' lang='lat' dir='ltr'><strong>Denique</strong></span> <span class='ocrx_word' id='word_1_44' title='bbox 516 653 560 694; x_wconf 92' lang='lat' dir='ltr'><strong>in</strong></span> <span class='ocrx_word' id='word_1_45' title='bbox 587 653 694 706; x_wconf 89' lang='lat' dir='ltr'><strong>ipsis</strong></span> <span class='ocrx_word' id='word_1_46' title='bbox 719 653 866 694; x_wconf 88' lang='lat' dir='ltr'><strong>verbis</strong></span> <span class='ocrx_word' id='word_1_47' title='bbox 893 659 953 695; x_wconf 90' lang='lat' dir='ltr'><strong>at-</strong></span> 
     </span>
     <span class='ocr_line' id='line_1_10' title="bbox 131 708 952 761; baseline 0.002 -12"><span class='ocrx_word' id='word_1_48' title='bbox 131 708 282 759; x_wconf 87' lang='lat' dir='ltr'><strong>tende,</strong></span> <span class='ocrx_word' id='word_1_49' title='bbox 314 710 433 761; x_wconf 92' lang='lat' dir='ltr'><strong>cujus</strong></span> <span class='ocrx_word' id='word_1_50' title='bbox 460 711 609 751; x_wconf 86' lang='lat' dir='ltr'><strong>amore</strong></span> <span class='ocrx_word' id='word_1_51' title='bbox 636 709 683 751; x_wconf 92' lang='lat' dir='ltr'><strong>id</strong></span> <span class='ocrx_word' id='word_1_52' title='bbox 709 709 854 751; x_wconf 79' lang='lat' dir='ltr'><strong>facere</strong></span> <span class='ocrx_word' id='word_1_53' title='bbox 882 710 952 751; x_wconf 87' lang='lat' dir='ltr'><strong>de-</strong></span> 
     </span>
     <span class='ocr_line' id='line_1_11' title="bbox 132 763 955 816; baseline 0.002 -10"><span class='ocrx_word' id='word_1_54' title='bbox 132 763 255 816; x_wconf 86' lang='lat' dir='ltr'><strong>beas,</strong></span> <span class='ocrx_word' id='word_1_55' title='bbox 274 770 419 808; x_wconf 89' lang='lat' dir='ltr'><strong>utrum</strong></span> <span class='ocrx_word' id='word_1_56' title='bbox 436 766 514 816; x_wconf 91' lang='lat' dir='ltr'><strong>tui,</strong></span> <span class='ocrx_word' id='word_1_57' title='bbox 533 779 589 807; x_wconf 92' lang='lat' dir='ltr'><strong>an</strong></span> <span class='ocrx_word' id='word_1_58' title='bbox 606 765 732 807; x_wconf 86' lang='lat' dir='ltr'><strong>illius.</strong></span> <span class='ocrx_word' id='word_1_59' title='bbox 759 766 805 807; x_wconf 88' lang='lat' dir='ltr'><strong>Si</strong></span> <span class='ocrx_word' id='word_1_60' title='bbox 822 771 865 808; x_wconf 91' lang='lat' dir='ltr'><strong>te</strong></span> <span class='ocrx_word' id='word_1_61' title='bbox 884 779 955 808; x_wconf 90' lang='lat' dir='ltr'><strong>au-</strong></span> 
     </span>
     <span class='ocr_line' id='line_1_12' title="bbox 133 821 958 875; baseline 0.001 -12"><span class='ocrx_word' id='word_1_62' title='bbox 133 821 278 872; x_wconf 77' lang='lat' dir='ltr'><strong>dierit,</strong></span> <span class='ocrx_word' id='word_1_63' title='bbox 305 823 462 875; x_wconf 85' lang='lat' dir='ltr'><strong>inquit,</strong></span> <span class='ocrx_word' id='word_1_64' title='bbox 487 822 682 864; x_wconf 79' lang='lat' dir='ltr'><strong>lucratus</strong></span> <span class='ocrx_word' id='word_1_65' title='bbox 709 835 755 864; x_wconf 90' lang='lat' dir='ltr'><strong>es</strong></span> <span class='ocrx_word' id='word_1_66' title='bbox 779 823 958 865; x_wconf 83' lang='lat' dir='ltr'><strong>fratrem</strong></span> 
     </span>
     <span class='ocr_line' id='line_1_13' title="bbox 131 878 957 932; baseline 0.002 -13"><span class='ocrx_word' id='word_1_67' title='bbox 131 883 264 920; x_wconf 90' lang='lat' dir='ltr'><strong>tuum.</strong></span> <span class='ocrx_word' id='word_1_68' title='bbox 301 879 418 930; x_wconf 88' lang='lat' dir='ltr'><strong>Ergo</strong></span> <span class='ocrx_word' id='word_1_69' title='bbox 443 884 626 932; x_wconf 91' lang='lat' dir='ltr'><strong>propter</strong></span> <span class='ocrx_word' id='word_1_70' title='bbox 651 878 774 920; x_wconf 90' lang='lat' dir='ltr'><strong>illum</strong></span> <span class='ocrx_word' id='word_1_71' title='bbox 798 879 881 930; x_wconf 85' lang='lat' dir='ltr'><strong>fac,</strong></span> <span class='ocrx_word' id='word_1_72' title='bbox 909 884 957 921; x_wconf 94' lang='lat' dir='ltr'><strong>ut</strong></span> 
     </span>
     <span class='ocr_line' id='line_1_14' title="bbox 131 934 956 977; baseline 0.002 -2"><span class='ocrx_word' id='word_1_73' title='bbox 131 934 312 976; x_wconf 87' lang='lat' dir='ltr'><strong>lucreris</strong></span> <span class='ocrx_word' id='word_1_74' title='bbox 336 935 468 977; x_wconf 81' lang='lat' dir='ltr'><strong>illum.</strong></span> <span class='ocrx_word' id='word_1_75' title='bbox 501 936 572 977; x_wconf 90' lang='lat' dir='ltr'><strong>Sic</strong></span> <span class='ocrx_word' id='word_1_76' title='bbox 595 935 795 977; x_wconf 84' lang='lat' dir='ltr'><strong>faciendo</strong></span> <span class='ocrx_word' id='word_1_77' title='bbox 820 936 956 977; x_wconf 82' lang='lat' dir='ltr'><strong>lucra-</strong></span> 
     </span>
     <span class='ocr_line' id='line_1_15' title="bbox 132 991 957 1046; baseline 0.002 -14"><span class='ocrx_word' id='word_1_78' title='bbox 132 991 207 1032; x_wconf 89' lang='lat' dir='ltr'><strong>ris:</strong></span> <span class='ocrx_word' id='word_1_79' title='bbox 225 992 308 1033; x_wconf 88' lang='lat' dir='ltr'><strong>nisi</strong></span> <span class='ocrx_word' id='word_1_80' title='bbox 325 992 516 1043; x_wconf 74' lang='lat' dir='ltr'><strong>fecisses7</strong></span> <span class='ocrx_word' id='word_1_81' title='bbox 533 995 734 1046; x_wconf 89' lang='lat' dir='ltr'><strong>perierat.</strong></span> <span class='ocrx_word' id='word_1_82' title='bbox 757 992 872 1042; x_wconf 91' lang='lat' dir='ltr'><strong>Quid</strong></span> <span class='ocrx_word' id='word_1_83' title='bbox 891 997 957 1034; x_wconf 90' lang='lat' dir='ltr'><strong>est</strong></span> 
     </span>
     <span class='ocr_line' id='line_1_16' title="bbox 134 1048 958 1102; baseline 0.001 -13"><span class='ocrx_word' id='word_1_84' title='bbox 134 1060 255 1100; x_wconf 86' lang='lat' dir='ltr'><strong>ergo,</strong></span> <span class='ocrx_word' id='word_1_85' title='bbox 284 1049 405 1101; x_wconf 92' lang='lat' dir='ltr'><strong>quod</strong></span> <span class='ocrx_word' id='word_1_86' title='bbox 427 1049 627 1102; x_wconf 85' lang='lat' dir='ltr'><strong>plerique</strong></span> <span class='ocrx_word' id='word_1_87' title='bbox 650 1048 850 1091; x_wconf 80' lang='lat' dir='ltr'><strong>hemines</strong></span> <span class='ocrx_word' id='word_1_88' title='bbox 874 1050 958 1091; x_wconf 90' lang='lat' dir='ltr'><strong>ista</strong></span> 
     </span>
     <span class='ocr_line' id='line_1_17' title="bbox 132 1105 957 1158; baseline 0 -12"><span class='ocrx_word' id='word_1_89' title='bbox 132 1106 317 1158; x_wconf 66' lang='lat' dir='ltr'><strong>pecceta</strong></span> <span class='ocrx_word' id='word_1_90' title='bbox 359 1107 660 1156; x_wconf 89' lang='lat' dir='ltr'><strong>contemnunt,</strong></span> <span class='ocrx_word' id='word_1_91' title='bbox 705 1109 748 1147; x_wconf 90' lang='lat' dir='ltr'><strong>et</strong></span> <span class='ocrx_word' id='word_1_92' title='bbox 793 1105 957 1148; x_wconf 91' lang='lat' dir='ltr'><strong>dicunt:</strong></span> 
     </span>
     <span class='ocr_line' id='line_1_18' title="bbox 134 1161 958 1214; baseline 0.001 -12"><span class='ocrx_word' id='word_1_93' title='bbox 134 1161 250 1212; x_wconf 89' lang='lat' dir='ltr'><strong>Quid</strong></span> <span class='ocrx_word' id='word_1_94' title='bbox 279 1174 486 1214; x_wconf 88' lang='lat' dir='ltr'><strong>magnum</strong></span> <span class='ocrx_word' id='word_1_95' title='bbox 516 1162 622 1204; x_wconf 91' lang='lat' dir='ltr'><strong>feci?</strong></span> <span class='ocrx_word' id='word_1_96' title='bbox 660 1162 704 1203; x_wconf 90' lang='lat' dir='ltr'><strong>in</strong></span> <span class='ocrx_word' id='word_1_97' title='bbox 737 1162 958 1204; x_wconf 72' lang='lat' dir='ltr'><strong>huminem</strong></span> 
     </span>
     <span class='ocr_line' id='line_1_19' title="bbox 132 1218 958 1270; baseline 0.002 -11"><span class='ocrx_word' id='word_1_98' title='bbox 132 1218 325 1270; x_wconf 78' lang='lat' dir='ltr'><strong>peccavi.</strong></span> <span class='ocrx_word' id='word_1_99' title='bbox 364 1218 470 1261; x_wconf 89' lang='lat' dir='ltr'><strong>Noli</strong></span> <span class='ocrx_word' id='word_1_100' title='bbox 493 1221 786 1261; x_wconf 87' lang='lat' dir='ltr'><strong>contemnere:</strong></span> <span class='ocrx_word' id='word_1_101' title='bbox 817 1219 861 1260; x_wconf 90' lang='lat' dir='ltr'><strong>in</strong></span> <span class='ocrx_word' id='word_1_102' title='bbox 883 1219 958 1261; x_wconf 87' lang='lat' dir='ltr'><strong>ho-</strong></span> 
     </span>
    </p>

    <p class='ocr_par' dir='ltr' id='par_1_4' title="bbox 132 1274 961 2733">
     <span class='ocr_line' id='line_1_20' title="bbox 132 1274 514 1328; baseline 0.005 -13"><span class='ocrx_word' id='word_1_103' title='bbox 132 1274 294 1317; x_wconf 86' lang='lat' dir='ltr'><strong>minem</strong></span> <span class='ocrx_word' id='word_1_104' title='bbox 309 1276 514 1328; x_wconf 79' lang='lat' dir='ltr'><strong>peccasti.</strong></span> 
     </span>
     <span class='ocr_line' id='line_1_21' title="bbox 186 1331 958 1386; baseline 0.001 -14"><span class='ocrx_word' id='word_1_105' title='bbox 186 1333 238 1386; x_wconf 70' lang='lat' dir='ltr'><strong>R.</strong></span> <span class='ocrx_word' id='word_1_106' title='bbox 253 1331 576 1374; x_wconf 87' lang='lat' dir='ltr'><strong>Nuntiaverunt</strong></span> <span class='ocrx_word' id='word_1_107' title='bbox 590 1332 727 1374; x_wconf 86' lang='lat' dir='ltr'><strong>Jacob</strong></span> <span class='ocrx_word' id='word_1_108' title='bbox 748 1332 958 1374; x_wconf 89' lang='lat' dir='ltr'><strong>dicentes:</strong></span> 
     </span>
     <span class='ocr_line' id='line_1_22' title="bbox 132 1387 958 1441; baseline 0.001 -12"><span class='ocrx_word' id='word_1_109' title='bbox 132 1387 158 1429; x_wconf 88' lang='lat' dir='ltr'><strong>J</strong></span> <span class='ocrx_word' id='word_1_110' title='bbox 159 1387 299 1441; x_wconf 88' lang='lat' dir='ltr'><strong>oseph</strong></span> <span class='ocrx_word' id='word_1_111' title='bbox 316 1388 432 1430; x_wconf 86' lang='lat' dir='ltr'><strong>fflius</strong></span> <span class='ocrx_word' id='word_1_112' title='bbox 449 1394 550 1431; x_wconf 89' lang='lat' dir='ltr'><strong>tuus</strong></span> <span class='ocrx_word' id='word_1_113' title='bbox 568 1389 687 1438; x_wconf 89' lang='lat' dir='ltr'><strong>vivit,</strong></span> <span class='ocrx_word' id='word_1_114' title='bbox 708 1393 751 1430; x_wconf 93' lang='lat' dir='ltr'><strong>et</strong></span> <span class='ocrx_word' id='word_1_115' title='bbox 770 1389 864 1441; x_wconf 90' lang='lat' dir='ltr'><strong>ipse</strong></span> <span class='ocrx_word' id='word_1_116' title='bbox 884 1389 958 1430; x_wconf 95' lang='lat' dir='ltr'><strong>do-</strong></span> 
     </span>
     <span class='ocr_line' id='line_1_23' title="bbox 132 1445 957 1498; baseline 0.002 -13"><span class='ocrx_word' id='word_1_117' title='bbox 132 1445 322 1486; x_wconf 78' lang='lat' dir='ltr'><strong>minatur</strong></span> <span class='ocrx_word' id='word_1_118' title='bbox 339 1445 383 1486; x_wconf 95' lang='lat' dir='ltr'><strong>in</strong></span> <span class='ocrx_word' id='word_1_119' title='bbox 401 1450 496 1487; x_wconf 88' lang='lat' dir='ltr'><strong>tota</strong></span> <span class='ocrx_word' id='word_1_120' title='bbox 513 1450 631 1487; x_wconf 88' lang='lat' dir='ltr'><strong>terra</strong></span> <span class='ocrx_word' id='word_1_121' title='bbox 647 1446 845 1498; x_wconf 71' lang='lat' dir='ltr'><strong>AEg5⁷pti=</strong></span> <span class='ocrx_word' id='word_1_122' title='bbox 871 1458 957 1498; x_wconf 92' lang='lat' dir='ltr'><strong>quo</strong></span> 
     </span>
     <span class='ocr_line' id='line_1_24' title="bbox 135 1500 958 1555; baseline 0.004 -14"><span class='ocrx_word' id='word_1_123' title='bbox 135 1500 284 1544; x_wconf 82' lang='lat' dir='ltr'><strong>audito</strong></span> <span class='ocrx_word' id='word_1_124' title='bbox 307 1502 466 1544; x_wconf 87' lang='lat' dir='ltr'><strong>revixit</strong></span> <span class='ocrx_word' id='word_1_125' title='bbox 489 1502 668 1555; x_wconf 86' lang='lat' dir='ltr'><strong>spiritus</strong></span> <span class='ocrx_word' id='word_1_126' title='bbox 693 1502 799 1554; x_wconf 83' lang='lat' dir='ltr'><strong>ejus,</strong></span> <span class='ocrx_word' id='word_1_127' title='bbox 827 1507 871 1544; x_wconf 92' lang='lat' dir='ltr'><strong>et</strong></span> <span class='ocrx_word' id='word_1_128' title='bbox 898 1502 958 1544; x_wconf 91' lang='lat' dir='ltr'><strong>di-</strong></span> 
     </span>
     <span class='ocr_line' id='line_1_25' title="bbox 134 1557 958 1605; baseline 0.002 -7"><span class='ocrx_word' id='word_1_129' title='bbox 134 1557 212 1599; x_wconf 86' lang='lat' dir='ltr'><strong>xit:</strong></span> <span class='ocrx_word' id='word_1_130' title='bbox 233 1557 257 1582; x_wconf 89' lang='lat'>*</span> <span class='ocrx_word' id='word_1_131' title='bbox 272 1557 442 1600; x_wconf 86' lang='lat' dir='ltr'><strong>Sufficit</strong></span> <span class='ocrx_word' id='word_1_132' title='bbox 460 1558 583 1605; x_wconf 80' lang='lat' dir='ltr'><strong>mihi,</strong></span> <span class='ocrx_word' id='word_1_133' title='bbox 602 1557 760 1600; x_wconf 90' lang='lat' dir='ltr'><strong>vadam</strong></span> <span class='ocrx_word' id='word_1_134' title='bbox 780 1563 823 1600; x_wconf 91' lang='lat' dir='ltr'><strong>et</strong></span> <span class='ocrx_word' id='word_1_135' title='bbox 841 1558 958 1600; x_wconf 83' lang='lat' dir='ltr'><strong>vide—</strong></span> 
     </span>
     <span class='ocr_line' id='line_1_26' title="bbox 134 1607 958 1667; baseline 0.001 -12"><span class='ocrx_word' id='word_1_136' title='bbox 134 1613 192 1655; x_wconf 92' lang='lat' dir='ltr'><strong>bo</strong></span> <span class='ocrx_word' id='word_1_137' title='bbox 212 1626 312 1656; x_wconf 90' lang='lat' dir='ltr'><strong>eum</strong></span> <span class='ocrx_word' id='word_1_138' title='bbox 328 1616 563 1667; x_wconf 79' lang='lat' dir='ltr'><strong>antequam</strong></span> <span class='ocrx_word' id='word_1_139' title='bbox 576 1615 748 1656; x_wconf 86' lang='lat' dir='ltr'><strong>moriar.</strong></span> <span class='ocrx_word' id='word_1_140' title='bbox 766 1607 818 1659; x_wconf 67' lang='lat' dir='ltr'><strong>V.</strong></span> <span class='ocrx_word' id='word_1_141' title='bbox 834 1615 958 1656; x_wconf 89' lang='lat' dir='ltr'><strong>Cum-</strong></span> 
     </span>
     <span class='ocr_line' id='line_1_27' title="bbox 135 1670 957 1724; baseline -0.001 -11"><span class='ocrx_word' id='word_1_142' title='bbox 135 1682 220 1722; x_wconf 89' lang='lat' dir='ltr'><strong>que</strong></span> <span class='ocrx_word' id='word_1_143' title='bbox 239 1670 433 1713; x_wconf 82' lang='lat' dir='ltr'><strong>audisset</strong></span> <span class='ocrx_word' id='word_1_144' title='bbox 446 1670 584 1713; x_wconf 87' lang='lat' dir='ltr'><strong>Jacob</strong></span> <span class='ocrx_word' id='word_1_145' title='bbox 603 1671 723 1724; x_wconf 94' lang='lat' dir='ltr'><strong>quod</strong></span> <span class='ocrx_word' id='word_1_146' title='bbox 737 1671 850 1713; x_wconf 85' lang='lat' dir='ltr'><strong>filius</strong></span> <span class='ocrx_word' id='word_1_147' title='bbox 866 1673 957 1723; x_wconf 88' lang='lat' dir='ltr'><strong>ejus</strong></span> 
     </span>
     <span class='ocr_line' id='line_1_28' title="bbox 133 1727 956 1780; baseline 0 -12"><span class='ocrx_word' id='word_1_148' title='bbox 133 1728 317 1778; x_wconf 86' lang='lat' dir='ltr'><strong>viveret,</strong></span> <span class='ocrx_word' id='word_1_149' title='bbox 337 1728 463 1780; x_wconf 85' lang='lat' dir='ltr'><strong>quasi</strong></span> <span class='ocrx_word' id='word_1_150' title='bbox 482 1727 538 1770; x_wconf 92' lang='lat' dir='ltr'><strong>de</strong></span> <span class='ocrx_word' id='word_1_151' title='bbox 556 1728 678 1780; x_wconf 88' lang='lat' dir='ltr'><strong>gravi</strong></span> <span class='ocrx_word' id='word_1_152' title='bbox 697 1741 852 1770; x_wconf 94' lang='lat' dir='ltr'><strong>somno</strong></span> <span class='ocrx_word' id='word_1_153' title='bbox 872 1730 956 1769; x_wconf 89' lang='lat' dir='ltr'><strong>evi-</strong></span> 
     </span>
     <span class='ocr_line' id='line_1_29' title="bbox 133 1784 700 1835; baseline 0 -9"><span class='ocrx_word' id='word_1_154' title='bbox 133 1784 284 1835; x_wconf 87' lang='lat' dir='ltr'><strong>gilans,</strong></span> <span class='ocrx_word' id='word_1_155' title='bbox 301 1784 371 1826; x_wconf 89' lang='lat' dir='ltr'><strong>ait.</strong></span> <span class='ocrx_word' id='word_1_156' title='bbox 397 1784 567 1827; x_wconf 88' lang='lat' dir='ltr'><strong>Sufficit</strong></span> <span class='ocrx_word' id='word_1_157' title='bbox 584 1784 700 1826; x_wconf 90' lang='lat' dir='ltr'><strong>mihi.</strong></span> 
     </span>
     <span class='ocr_line' id='line_1_30' title="bbox 445 1846 655 1889; baseline -0.01 -1"><span class='ocrx_word' id='word_1_158' title='bbox 445 1847 597 1889; x_wconf 82' lang='lat' dir='ltr'><strong>Lectio</strong></span> <span class='ocrx_word' id='word_1_159' title='bbox 615 1846 655 1887; x_wconf 91' lang='lat' dir='ltr'><strong>ii.</strong></span> 
     </span>
     <span class='ocr_line' id='line_1_31' title="bbox 137 1898 957 2006; baseline -0.002 -62"><span class='ocrx_word' id='word_1_160' title='bbox 137 1898 262 2006; x_wconf 75' lang='lat' dir='ltr'><strong>Vis</strong></span> <span class='ocrx_word' id='word_1_161' title='bbox 279 1915 421 1953; x_wconf 86' lang='lat' dir='ltr'><strong>nosse,</strong></span> <span class='ocrx_word' id='word_1_162' title='bbox 442 1902 542 1955; x_wconf 91' lang='lat' dir='ltr'><strong>quia</strong></span> <span class='ocrx_word' id='word_1_163' title='bbox 559 1902 604 1942; x_wconf 92' lang='lat' dir='ltr'><strong>in</strong></span> <span class='ocrx_word' id='word_1_164' title='bbox 621 1901 842 1943; x_wconf 84' lang='lat' dir='ltr'><strong>hominem</strong></span> <span class='ocrx_word' id='word_1_165' title='bbox 859 1914 957 1954; x_wconf 90' lang='lat' dir='ltr'><strong>pec-</strong></span> 
     </span>
     <span class='ocr_line' id='line_1_32' title="bbox 237 1958 958 2012; baseline -0.003 -11"><span class='ocrx_word' id='word_1_166' title='bbox 237 1958 397 2009; x_wconf 76' lang='lat' dir='ltr'><strong>cando,</strong></span> <span class='ocrx_word' id='word_1_167' title='bbox 428 1958 604 2012; x_wconf 86' lang='lat' dir='ltr'><strong>peristi?</strong></span> <span class='ocrx_word' id='word_1_168' title='bbox 642 1958 687 1999; x_wconf 90' lang='lat' dir='ltr'><strong>Si</strong></span> <span class='ocrx_word' id='word_1_169' title='bbox 717 1963 762 2000; x_wconf 93' lang='lat' dir='ltr'><strong>te</strong></span> <span class='ocrx_word' id='word_1_170' title='bbox 794 1958 882 2008; x_wconf 86' lang='lat' dir='ltr'><strong>isse,</strong></span> <span class='ocrx_word' id='word_1_171' title='bbox 915 1958 958 1998; x_wconf 93' lang='lat' dir='ltr'><strong>in</strong></span> 
     </span>
     <span class='ocr_line' id='line_1_33' title="bbox 137 2014 958 2068; baseline -0.002 -12"><span class='ocrx_word' id='word_1_172' title='bbox 137 2027 267 2067; x_wconf 87' lang='lat' dir='ltr'><strong>quem</strong></span> <span class='ocrx_word' id='word_1_173' title='bbox 296 2015 509 2068; x_wconf 75' lang='lat' dir='ltr'><strong>peccasti,</strong></span> <span class='ocrx_word' id='word_1_174' title='bbox 549 2014 811 2066; x_wconf 90' lang='lat' dir='ltr'><strong>corripuerit</strong></span> <span class='ocrx_word' id='word_1_175' title='bbox 847 2014 958 2055; x_wconf 89' lang='lat' dir='ltr'><strong>inter</strong></span> 
     </span>
     <span class='ocr_line' id='line_1_34' title="bbox 137 2069 958 2124; baseline -0.004 -11"><span class='ocrx_word' id='word_1_176' title='bbox 137 2075 182 2113; x_wconf 90' lang='lat' dir='ltr'><strong>te</strong></span> <span class='ocrx_word' id='word_1_177' title='bbox 207 2076 251 2113; x_wconf 91' lang='lat' dir='ltr'><strong>et</strong></span> <span class='ocrx_word' id='word_1_178' title='bbox 274 2072 419 2124; x_wconf 86' lang='lat' dir='ltr'><strong>ipsum</strong></span> <span class='ocrx_word' id='word_1_179' title='bbox 441 2072 596 2122; x_wconf 90' lang='lat' dir='ltr'><strong>solum,</strong></span> <span class='ocrx_word' id='word_1_180' title='bbox 626 2076 669 2113; x_wconf 87' lang='lat' dir='ltr'><strong>et</strong></span> <span class='ocrx_word' id='word_1_181' title='bbox 696 2070 886 2112; x_wconf 86' lang='lat' dir='ltr'><strong>audieris</strong></span> <span class='ocrx_word' id='word_1_182' title='bbox 913 2069 958 2110; x_wconf 93' lang='lat' dir='ltr'><strong>il-</strong></span> 
     </span>
     <span class='ocr_line' id='line_1_35' title="bbox 135 2126 958 2178; baseline -0.001 -10"><span class='ocrx_word' id='word_1_183' title='bbox 135 2127 242 2178; x_wconf 91' lang='lat' dir='ltr'><strong>lum,</strong></span> <span class='ocrx_word' id='word_1_184' title='bbox 262 2127 456 2170; x_wconf 81' lang='lat' dir='ltr'><strong>lucratus</strong></span> <span class='ocrx_word' id='word_1_185' title='bbox 475 2133 542 2170; x_wconf 90' lang='lat' dir='ltr'><strong>est</strong></span> <span class='ocrx_word' id='word_1_186' title='bbox 560 2133 615 2170; x_wconf 92' lang='lat' dir='ltr'><strong>te.</strong></span> <span class='ocrx_word' id='word_1_187' title='bbox 643 2126 758 2178; x_wconf 93' lang='lat' dir='ltr'><strong>Quid</strong></span> <span class='ocrx_word' id='word_1_188' title='bbox 777 2132 859 2176; x_wconf 86' lang='lat' dir='ltr'><strong>est,</strong></span> <span class='ocrx_word' id='word_1_189' title='bbox 876 2126 958 2167; x_wconf 94' lang='lat' dir='ltr'><strong>Lu-</strong></span> 
     </span>
     <span class='ocr_line' id='line_1_36' title="bbox 137 2182 959 2237; baseline -0.002 -12"><span class='ocrx_word' id='word_1_190' title='bbox 137 2186 284 2226; x_wconf 81' lang='lat' dir='ltr'><strong>cratus</strong></span> <span class='ocrx_word' id='word_1_191' title='bbox 304 2189 372 2226; x_wconf 88' lang='lat' dir='ltr'><strong>est</strong></span> <span class='ocrx_word' id='word_1_192' title='bbox 389 2189 451 2236; x_wconf 90' lang='lat' dir='ltr'><strong>te;</strong></span> <span class='ocrx_word' id='word_1_193' title='bbox 469 2185 554 2226; x_wconf 91' lang='lat' dir='ltr'><strong>nisi</strong></span> <span class='ocrx_word' id='word_1_194' title='bbox 573 2184 676 2237; x_wconf 87' lang='lat' dir='ltr'><strong>quia</strong></span> <span class='ocrx_word' id='word_1_195' title='bbox 693 2186 903 2236; x_wconf 82' lang='lat' dir='ltr'><strong>perieras,</strong></span> <span class='ocrx_word' id='word_1_196' title='bbox 923 2182 959 2223; x_wconf 88' lang='lat' dir='ltr'><strong>si</strong></span> 
     </span>
     <span class='ocr_line' id='line_1_37' title="bbox 136 2239 958 2291; baseline -0.004 -9"><span class='ocrx_word' id='word_1_197' title='bbox 136 2253 225 2282; x_wconf 92' lang='lat' dir='ltr'><strong>non</strong></span> <span class='ocrx_word' id='word_1_198' title='bbox 238 2241 481 2283; x_wconf 79' lang='lat' dir='ltr'><strong>lucraretur</strong></span> <span class='ocrx_word' id='word_1_199' title='bbox 494 2239 560 2283; x_wconf 84' lang='lat' dir='ltr'><strong>te?</strong></span> <span class='ocrx_word' id='word_1_200' title='bbox 580 2241 695 2282; x_wconf 88' lang='lat' dir='ltr'><strong>Nam</strong></span> <span class='ocrx_word' id='word_1_201' title='bbox 709 2241 746 2281; x_wconf 92' lang='lat' dir='ltr'><strong>si</strong></span> <span class='ocrx_word' id='word_1_202' title='bbox 761 2252 849 2281; x_wconf 94' lang='lat' dir='ltr'><strong>non</strong></span> <span class='ocrx_word' id='word_1_203' title='bbox 863 2252 958 2291; x_wconf 93' lang='lat' dir='ltr'><strong>per-</strong></span> 
     </span>
     <span class='ocr_line' id='line_1_38' title="bbox 135 2293 958 2350; baseline -0.004 -12"><span class='ocrx_word' id='word_1_204' title='bbox 135 2299 267 2348; x_wconf 85' lang='lat' dir='ltr'><strong>ieras,</strong></span> <span class='ocrx_word' id='word_1_205' title='bbox 304 2297 528 2350; x_wconf 75' lang='lat' dir='ltr'><strong>quomodo</strong></span> <span class='ocrx_word' id='word_1_206' title='bbox 565 2302 610 2339; x_wconf 92' lang='lat' dir='ltr'><strong>te</strong></span> <span class='ocrx_word' id='word_1_207' title='bbox 641 2297 836 2338; x_wconf 74' lang='lat' dir='ltr'><strong>lucratus</strong></span> <span class='ocrx_word' id='word_1_208' title='bbox 869 2293 958 2336; x_wconf 86' lang='lat' dir='ltr'><strong>est?</strong></span> 
     </span>
     <span class='ocr_line' id='line_1_39' title="bbox 136 2350 958 2405; baseline -0.004 -11"><span class='ocrx_word' id='word_1_209' title='bbox 136 2352 278 2395; x_wconf 92' lang='lat' dir='ltr'><strong>Nemo</strong></span> <span class='ocrx_word' id='word_1_210' title='bbox 326 2366 432 2405; x_wconf 84' lang='lat' dir='ltr'><strong>ergo</strong></span> <span class='ocrx_word' id='word_1_211' title='bbox 465 2355 739 2403; x_wconf 87' lang='lat' dir='ltr'><strong>contemnat,</strong></span> <span class='ocrx_word' id='word_1_212' title='bbox 785 2350 958 2404; x_wconf 89' lang='lat' dir='ltr'><strong>quando</strong></span> 
     </span>
     <span class='ocr_line' id='line_1_40' title="bbox 137 2408 959 2462; baseline -0.006 -10"><span class='ocrx_word' id='word_1_213' title='bbox 137 2414 293 2462; x_wconf 88' lang='lat' dir='ltr'><strong>peccat</strong></span> <span class='ocrx_word' id='word_1_214' title='bbox 315 2410 359 2451; x_wconf 93' lang='lat' dir='ltr'><strong>in</strong></span> <span class='ocrx_word' id='word_1_215' title='bbox 382 2410 572 2452; x_wconf 90' lang='lat' dir='ltr'><strong>fratrem.</strong></span> <span class='ocrx_word' id='word_1_216' title='bbox 612 2410 688 2450; x_wconf 92' lang='lat' dir='ltr'><strong>Ait</strong></span> <span class='ocrx_word' id='word_1_217' title='bbox 716 2408 829 2450; x_wconf 89' lang='lat' dir='ltr'><strong>enim</strong></span> <span class='ocrx_word' id='word_1_218' title='bbox 856 2419 959 2458; x_wconf 91' lang='lat' dir='ltr'><strong>quo-</strong></span> 
     </span>
     <span class='ocr_line' id='line_1_41' title="bbox 138 2465 960 2519; baseline -0.005 -12"><span class='ocrx_word' id='word_1_219' title='bbox 138 2465 240 2507; x_wconf 87' lang='lat' dir='ltr'><strong>dam</strong></span> <span class='ocrx_word' id='word_1_220' title='bbox 273 2466 373 2508; x_wconf 93' lang='lat' dir='ltr'><strong>loco</strong></span> <span class='ocrx_word' id='word_1_221' title='bbox 409 2466 668 2519; x_wconf 79' lang='lat' dir='ltr'><strong>Apestolus:</strong></span> <span class='ocrx_word' id='word_1_222' title='bbox 708 2465 780 2506; x_wconf 89' lang='lat' dir='ltr'><strong>Sic</strong></span> <span class='ocrx_word' id='word_1_223' title='bbox 815 2468 960 2504; x_wconf 90' lang='lat' dir='ltr'><strong>autem</strong></span> 
     </span>
     <span class='ocr_line' id='line_1_42' title="bbox 137 2519 959 2574; baseline -0.006 -10"><span class='ocrx_word' id='word_1_224' title='bbox 137 2523 400 2574; x_wconf 84' lang='lat' dir='ltr'><strong>peccantes</strong></span> <span class='ocrx_word' id='word_1_225' title='bbox 389 2537 433 2564; x_wconf 92' lang='lat' dir='ltr'><strong>1n</strong></span> <span class='ocrx_word' id='word_1_226' title='bbox 456 2523 627 2571; x_wconf 88' lang='lat' dir='ltr'><strong>fratres,</strong></span> <span class='ocrx_word' id='word_1_227' title='bbox 654 2526 697 2563; x_wconf 93' lang='lat' dir='ltr'><strong>et</strong></span> <span class='ocrx_word' id='word_1_228' title='bbox 720 2519 959 2574; x_wconf 88' lang='lat' dir='ltr'><strong>percutien-</strong></span> 
     </span>
     <span class='ocr_line' id='line_1_43' title="bbox 138 2576 959 2623; baseline -0.007 -3"><span class='ocrx_word' id='word_1_229' title='bbox 138 2582 205 2620; x_wconf 88' lang='lat' dir='ltr'><strong>tes</strong></span> <span class='ocrx_word' id='word_1_230' title='bbox 228 2579 538 2620; x_wconf 81' lang='lat' dir='ltr'><strong>conscientiam</strong></span> <span class='ocrx_word' id='word_1_231' title='bbox 562 2580 713 2620; x_wconf 84' lang='lat' dir='ltr'><strong>eorum</strong></span> <span class='ocrx_word' id='word_1_232' title='bbox 735 2576 959 2623; x_wconf 88' lang='lat' dir='ltr'><strong>infirmam,</strong></span> 
     </span>
     <span class='ocr_line' id='line_1_44' title="bbox 138 2630 961 2688; baseline -0.006 -14"><span class='ocrx_word' id='word_1_233' title='bbox 138 2634 184 2674; x_wconf 89' lang='lat' dir='ltr'><strong>in</strong></span> <span class='ocrx_word' id='word_1_234' title='bbox 216 2635 436 2677; x_wconf 88' lang='lat' dir='ltr'><strong>Christum</strong></span> <span class='ocrx_word' id='word_1_235' title='bbox 465 2634 675 2688; x_wconf 82' lang='lat' dir='ltr'><strong>peccatis.</strong></span> <span class='ocrx_word' id='word_1_236' title='bbox 720 2632 821 2673; x_wconf 91' lang='lat' dir='ltr'><strong>ideo</strong></span> <span class='ocrx_word' id='word_1_237' title='bbox 859 2630 961 2682; x_wconf 89' lang='lat' dir='ltr'><strong>quia</strong></span> 
     </span>
     <span class='ocr_line' id='line_1_45' title="bbox 139 2687 959 2733; baseline -0.006 -2"><span class='ocrx_word' id='word_1_238' title='bbox 139 2690 336 2732; x_wconf 85' lang='lat' dir='ltr'><strong>membra</strong></span> <span class='ocrx_word' id='word_1_239' title='bbox 371 2691 533 2733; x_wconf 87' lang='lat' dir='ltr'><strong>Christi</strong></span> <span class='ocrx_word' id='word_1_240' title='bbox 568 2702 718 2732; x_wconf 89' lang='lat' dir='ltr'><strong>omnes</strong></span> <span class='ocrx_word' id='word_1_241' title='bbox 754 2687 858 2728; x_wconf 88' lang='lat' dir='ltr'><strong>faeti</strong></span> <span class='ocrx_word' id='word_1_242' title='bbox 892 2698 959 2726; x_wconf 93' lang='lat' dir='ltr'><strong>su-</strong></span> 
     </span>
    </p>
   </div>
   <div class='ocr_carea' id='block_1_3' title="bbox 1003 265 1847 1220">
    <p class='ocr_par' dir='ltr' id='par_1_5' title="bbox 1003 265 1823 477">
     <span class='ocr_line' id='line_1_46' title="bbox 1003 265 1823 319; baseline 0.006 -15"><span class='ocrx_word' id='word_1_243' title='bbox 1003 276 1112 305; x_wconf 90' lang='lat' dir='ltr'><strong>mus.</strong></span> <span class='ocrx_word' id='word_1_244' title='bbox 1173 265 1403 315; x_wconf 87' lang='lat' dir='ltr'><strong>Quomodo</strong></span> <span class='ocrx_word' id='word_1_245' title='bbox 1447 279 1533 307; x_wconf 93' lang='lat' dir='ltr'><strong>non</strong></span> <span class='ocrx_word' id='word_1_246' title='bbox 1578 280 1736 319; x_wconf 86' lang='lat' dir='ltr'><strong>peccas</strong></span> <span class='ocrx_word' id='word_1_247' title='bbox 1780 269 1823 308; x_wconf 94' lang='lat' dir='ltr'><strong>in</strong></span> 
     </span>
     <span class='ocr_line' id='line_1_47' title="bbox 1005 320 1823 374; baseline 0.007 -14"><span class='ocrx_word' id='word_1_248' title='bbox 1005 320 1234 371; x_wconf 90' lang='lat' dir='ltr'><strong>Christum,</strong></span> <span class='ocrx_word' id='word_1_249' title='bbox 1255 321 1328 373; x_wconf 92' lang='lat' dir='ltr'><strong>qui</strong></span> <span class='ocrx_word' id='word_1_250' title='bbox 1345 334 1502 374; x_wconf 85' lang='lat' dir='ltr'><strong>peccas</strong></span> <span class='ocrx_word' id='word_1_251' title='bbox 1521 323 1564 364; x_wconf 91' lang='lat' dir='ltr'><strong>in</strong></span> <span class='ocrx_word' id='word_1_252' title='bbox 1582 324 1823 366; x_wconf 91' lang='lat' dir='ltr'><strong>membrum</strong></span> 
     </span>
     <span class='ocr_line' id='line_1_48' title="bbox 1006 375 1618 432; baseline 0.003 -14"><span class='ocrx_word' id='word_1_253' title='bbox 1006 375 1188 419; x_wconf 88' lang='lat' dir='ltr'><strong>Christi?</strong></span> <span class='ocrx_word' id='word_1_254' title='bbox 1253 380 1303 430; x_wconf 63' lang='lat' dir='ltr'><strong>Rg.</strong></span> <span class='ocrx_word' id='word_1_255' title='bbox 1337 378 1363 418; x_wconf 88' lang='lat' dir='ltr'><strong>J</strong></span> <span class='ocrx_word' id='word_1_256' title='bbox 1365 379 1514 432; x_wconf 89' lang='lat' dir='ltr'><strong>oseph.</strong></span> <span class='ocrx_word' id='word_1_257' title='bbox 1532 381 1618 420; x_wconf 86' lang='lat'><strong>162.</strong></span> 
     </span>
     <span class='ocr_line' id='line_1_49' title="bbox 1309 436 1531 477; baseline -0.005 -2"><span class='ocrx_word' id='word_1_258' title='bbox 1309 437 1457 477; x_wconf 83' lang='lat' dir='ltr'><strong>Lectio</strong></span> <span class='ocrx_word' id='word_1_259' title='bbox 1479 436 1531 475; x_wconf 88' lang='lat' dir='ltr'><strong>iii.</strong></span> 
     </span>
    </p>

    <p class='ocr_par' dir='ltr' id='par_1_6' title="bbox 1010 488 1822 593">
     <span class='ocr_line' id='line_1_50' title="bbox 1010 488 1822 593; baseline 0.007 -63"><span class='ocrx_word' id='word_1_260' title='bbox 1010 488 1198 593; x_wconf 88' lang='lat' dir='ltr'><strong>Nemo</strong></span> <span class='ocrx_word' id='word_1_261' title='bbox 1219 503 1322 542; x_wconf 87' lang='lat' dir='ltr'><strong>ergo</strong></span> <span class='ocrx_word' id='word_1_262' title='bbox 1347 491 1476 541; x_wconf 88' lang='lat' dir='ltr'><strong>dicat,</strong></span> <span class='ocrx_word' id='word_1_263' title='bbox 1504 492 1603 544; x_wconf 90' lang='lat' dir='ltr'><strong>quia</strong></span> <span class='ocrx_word' id='word_1_264' title='bbox 1620 506 1707 534; x_wconf 93' lang='lat' dir='ltr'><strong>non</strong></span> <span class='ocrx_word' id='word_1_265' title='bbox 1725 507 1822 546; x_wconf 92' lang='lat' dir='ltr'><strong>pec-</strong></span> 
     </span>
    </p>

    <p class='ocr_par' dir='ltr' id='par_1_7' title="bbox 1006 547 1847 1220">
     <span class='ocr_line' id='line_1_51' title="bbox 1119 547 1847 601; baseline 0.007 -14"><span class='ocrx_word' id='word_1_266' title='bbox 1119 547 1214 587; x_wconf 80' lang='lat' dir='ltr'><strong>cavi</strong></span> <span class='ocrx_word' id='word_1_267' title='bbox 1232 547 1275 588; x_wconf 94' lang='lat' dir='ltr'><strong>in</strong></span> <span class='ocrx_word' id='word_1_268' title='bbox 1291 548 1451 597; x_wconf 86' lang='lat' dir='ltr'><strong>Deum,</strong></span> <span class='ocrx_word' id='word_1_269' title='bbox 1479 548 1558 590; x_wconf 92' lang='lat' dir='ltr'><strong>sed</strong></span> <span class='ocrx_word' id='word_1_270' title='bbox 1580 551 1758 601; x_wconf 79' lang='lat' dir='ltr'><strong>peccavi</strong></span> <span class='ocrx_word' id='word_1_271' title='bbox 1780 551 1823 591; x_wconf 93' lang='lat' dir='ltr'><strong>in</strong></span> <span class='ocrx_word' id='word_1_272' title='bbox 1845 548 1847 553; x_wconf 74' lang='grc'>’</span> 
     </span>
     <span class='ocr_line' id='line_1_52' title="bbox 1007 602 1823 657; baseline 0.006 -15"><span class='ocrx_word' id='word_1_273' title='bbox 1007 602 1202 644; x_wconf 90' lang='lat' dir='ltr'><strong>fratrem:</strong></span> <span class='ocrx_word' id='word_1_274' title='bbox 1230 604 1274 644; x_wconf 95' lang='lat' dir='ltr'><strong>in</strong></span> <span class='ocrx_word' id='word_1_275' title='bbox 1298 603 1517 646; x_wconf 82' lang='lat' dir='ltr'><strong>hominem</strong></span> <span class='ocrx_word' id='word_1_276' title='bbox 1540 607 1737 657; x_wconf 83' lang='lat' dir='ltr'><strong>peccavi,</strong></span> <span class='ocrx_word' id='word_1_277' title='bbox 1766 606 1823 648; x_wconf 89' lang='lat' dir='ltr'><strong>le·</strong></span> 
     </span>
     <span class='ocr_line' id='line_1_53' title="bbox 1006 659 1823 713; baseline 0.005 -14"><span class='ocrx_word' id='word_1_278' title='bbox 1006 671 1078 708; x_wconf 85' lang='lat' dir='ltr'><strong>ve,</strong></span> <span class='ocrx_word' id='word_1_279' title='bbox 1096 659 1166 700; x_wconf 89' lang='lat' dir='ltr'><strong>vel</strong></span> <span class='ocrx_word' id='word_1_280' title='bbox 1184 659 1349 701; x_wconf 84' lang='lat' dir='ltr'><strong>nullum</strong></span> <span class='ocrx_word' id='word_1_281' title='bbox 1366 663 1596 713; x_wconf 79' lang='lat' dir='ltr'><strong>peccatum</strong></span> <span class='ocrx_word' id='word_1_282' title='bbox 1616 667 1693 703; x_wconf 91' lang='lat' dir='ltr'><strong>est.</strong></span> <span class='ocrx_word' id='word_1_283' title='bbox 1720 663 1823 703; x_wconf 88' lang='lat' dir='ltr'><strong>For-</strong></span> 
     </span>
     <span class='ocr_line' id='line_1_54' title="bbox 1008 715 1823 770; baseline 0.006 -15"><span class='ocrx_word' id='word_1_284' title='bbox 1008 719 1052 756; x_wconf 88' lang='lat' dir='ltr'><strong>te</strong></span> <span class='ocrx_word' id='word_1_285' title='bbox 1075 715 1175 757; x_wconf 92' lang='lat' dir='ltr'><strong>inde</strong></span> <span class='ocrx_word' id='word_1_286' title='bbox 1203 715 1328 757; x_wconf 90' lang='lat' dir='ltr'><strong>dicis:</strong></span> <span class='ocrx_word' id='word_1_287' title='bbox 1354 717 1472 758; x_wconf 92' lang='lat' dir='ltr'><strong>Leve</strong></span> <span class='ocrx_word' id='word_1_288' title='bbox 1500 722 1582 767; x_wconf 86' lang='lat' dir='ltr'><strong>est,</strong></span> <span class='ocrx_word' id='word_1_289' title='bbox 1612 718 1711 770; x_wconf 92' lang='lat' dir='ltr'><strong>quia</strong></span> <span class='ocrx_word' id='word_1_290' title='bbox 1738 719 1823 760; x_wconf 92' lang='lat' dir='ltr'><strong>cito</strong></span> 
     </span>
     <span class='ocr_line' id='line_1_55' title="bbox 1008 773 1824 816; baseline 0.006 -5"><span class='ocrx_word' id='word_1_291' title='bbox 1008 773 1194 812; x_wconf 83' lang='lat' dir='ltr'><strong>curatur.</strong></span> <span class='ocrx_word' id='word_1_292' title='bbox 1234 773 1433 815; x_wconf 80' lang='lat' dir='ltr'><strong>Peccasti</strong></span> <span class='ocrx_word' id='word_1_293' title='bbox 1463 774 1507 814; x_wconf 92' lang='lat' dir='ltr'><strong>in</strong></span> <span class='ocrx_word' id='word_1_294' title='bbox 1537 774 1727 816; x_wconf 85' lang='lat' dir='ltr'><strong>fratrem:</strong></span> <span class='ocrx_word' id='word_1_295' title='bbox 1757 775 1824 816; x_wconf 90' lang='lat' dir='ltr'><strong>fac</strong></span> 
     </span>
     <span class='ocr_line' id='line_1_56' title="bbox 1009 828 1825 878; baseline 0.004 -10"><span class='ocrx_word' id='word_1_296' title='bbox 1009 828 1131 878; x_wconf 88' lang='lat' dir='ltr'><strong>satis,</strong></span> <span class='ocrx_word' id='word_1_297' title='bbox 1163 834 1206 870; x_wconf 90' lang='lat' dir='ltr'><strong>et</strong></span> <span class='ocrx_word' id='word_1_298' title='bbox 1237 831 1414 871; x_wconf 79' lang='lat' dir='ltr'><strong>sanatus</strong></span> <span class='ocrx_word' id='word_1_299' title='bbox 1447 843 1504 871; x_wconf 90' lang='lat' dir='ltr'><strong>es.</strong></span> <span class='ocrx_word' id='word_1_300' title='bbox 1557 830 1654 872; x_wconf 92' lang='lat' dir='ltr'><strong>Cito</strong></span> <span class='ocrx_word' id='word_1_301' title='bbox 1686 831 1825 873; x_wconf 88' lang='lat' dir='ltr'><strong>fecisti</strong></span> 
     </span>
     <span class='ocr_line' id='line_1_57' title="bbox 1007 885 1825 936; baseline 0.005 -11"><span class='ocrx_word' id='word_1_302' title='bbox 1007 885 1275 927; x_wconf 86' lang='lat' dir='ltr'><strong>mortiferam</strong></span> <span class='ocrx_word' id='word_1_303' title='bbox 1312 899 1423 936; x_wconf 90' lang='lat' dir='ltr'><strong>rem,</strong></span> <span class='ocrx_word' id='word_1_304' title='bbox 1468 886 1547 928; x_wconf 89' lang='lat' dir='ltr'><strong>sed</strong></span> <span class='ocrx_word' id='word_1_305' title='bbox 1589 887 1825 929; x_wconf 87' lang='lat' dir='ltr'><strong>remedium</strong></span> 
     </span>
     <span class='ocr_line' id='line_1_58' title="bbox 1009 941 1824 997; baseline 0.006 -16"><span class='ocrx_word' id='word_1_306' title='bbox 1009 941 1096 982; x_wconf 91' lang='lat' dir='ltr'><strong>cito</strong></span> <span class='ocrx_word' id='word_1_307' title='bbox 1124 941 1334 984; x_wconf 88' lang='lat' dir='ltr'><strong>invenisti.</strong></span> <span class='ocrx_word' id='word_1_308' title='bbox 1376 943 1482 993; x_wconf 90' lang='lat' dir='ltr'><strong>Quis</strong></span> <span class='ocrx_word' id='word_1_309' title='bbox 1508 948 1704 985; x_wconf 91' lang='lat' dir='ltr'><strong>nostrum</strong></span> <span class='ocrx_word' id='word_1_310' title='bbox 1731 957 1824 997; x_wconf 91' lang='lat' dir='ltr'><strong>spe-</strong></span> 
     </span>
     <span class='ocr_line' id='line_1_59' title="bbox 1009 999 1826 1050; baseline 0.005 -12"><span class='ocrx_word' id='word_1_311' title='bbox 1009 1002 1076 1039; x_wconf 91' lang='lat' dir='ltr'><strong>ret</strong></span> <span class='ocrx_word' id='word_1_312' title='bbox 1098 1011 1278 1049; x_wconf 86' lang='lat' dir='ltr'><strong>regnum</strong></span> <span class='ocrx_word' id='word_1_313' title='bbox 1298 999 1525 1049; x_wconf 83' lang='lat' dir='ltr'><strong>coelorum,</strong></span> <span class='ocrx_word' id='word_1_314' title='bbox 1552 1000 1706 1042; x_wconf 87' lang='lat' dir='ltr'><strong>fratres</strong></span> <span class='ocrx_word' id='word_1_315' title='bbox 1729 1001 1826 1050; x_wconf 88' lang='lat' dir='ltr'><strong>mei,</strong></span> 
     </span>
     <span class='ocr_line' id='line_1_60' title="bbox 1011 1054 1825 1107; baseline 0.004 -12"><span class='ocrx_word' id='word_1_316' title='bbox 1011 1054 1185 1106; x_wconf 91' lang='lat' dir='ltr'><strong>quando</strong></span> <span class='ocrx_word' id='word_1_317' title='bbox 1211 1055 1317 1097; x_wconf 92' lang='lat' dir='ltr'><strong>dicit</strong></span> <span class='ocrx_word' id='word_1_318' title='bbox 1338 1055 1633 1107; x_wconf 85' lang='lat' dir='ltr'><strong>Evangelium:</strong></span> <span class='ocrx_word' id='word_1_319' title='bbox 1659 1057 1743 1107; x_wconf 92' lang='lat' dir='ltr'><strong>Qui</strong></span> <span class='ocrx_word' id='word_1_320' title='bbox 1766 1057 1825 1098; x_wconf 90' lang='lat' dir='ltr'><strong>di-</strong></span> 
     </span>
     <span class='ocr_line' id='line_1_61' title="bbox 1009 1111 1825 1165; baseline 0.005 -14"><span class='ocrx_word' id='word_1_321' title='bbox 1009 1111 1121 1152; x_wconf 83' lang='lat' dir='ltr'><strong>xerit</strong></span> <span class='ocrx_word' id='word_1_322' title='bbox 1140 1111 1263 1154; x_wconf 92' lang='lat' dir='ltr'><strong>fratri</strong></span> <span class='ocrx_word' id='word_1_323' title='bbox 1283 1125 1373 1162; x_wconf 90' lang='lat' dir='ltr'><strong>suo,</strong></span> <span class='ocrx_word' id='word_1_324' title='bbox 1393 1112 1523 1162; x_wconf 81' lang='lat' dir='ltr'><strong>fatue3</strong></span> <span class='ocrx_word' id='word_1_325' title='bbox 1543 1125 1643 1154; x_wconf 86' lang='lat' dir='ltr'><strong>reus</strong></span> <span class='ocrx_word' id='word_1_326' title='bbox 1660 1114 1740 1154; x_wconf 88' lang='lat' dir='ltr'><strong>erit</strong></span> <span class='ocrx_word' id='word_1_327' title='bbox 1757 1126 1825 1165; x_wconf 88' lang='lat' dir='ltr'><strong>ge-</strong></span> 
     </span>
     <span class='ocr_line' id='line_1_62' title="bbox 1009 1166 1827 1220; baseline 0.004 -12"><span class='ocrx_word' id='word_1_328' title='bbox 1009 1166 1164 1209; x_wconf 85' lang='lat' dir='ltr'><strong>hennae</strong></span> <span class='ocrx_word' id='word_1_329' title='bbox 1188 1168 1321 1219; x_wconf 86' lang='lat' dir='ltr'><strong>ignis?</strong></span> <span class='ocrx_word' id='word_1_330' title='bbox 1355 1169 1538 1220; x_wconf 85' lang='lat' dir='ltr'><strong>Magnus</strong></span> <span class='ocrx_word' id='word_1_331' title='bbox 1563 1174 1716 1211; x_wconf 91' lang='lat' dir='ltr'><strong>terror:</strong></span> <span class='ocrx_word' id='word_1_332' title='bbox 1749 1169 1827 1211; x_wconf 90' lang='lat' dir='ltr'><strong>sed</strong></span> 
     </span>
    </p>
   </div>
   <div class='ocr_carea' id='block_1_4' title="bbox 1010 1223 1878 1267">
    <p class='ocr_par' dir='ltr' id='par_1_8' title="bbox 1010 1223 1878 1267">
     <span class='ocr_line' id='line_1_63' title="bbox 1010 1223 1878 1267; baseline 0.003 -3"><span class='ocrx_word' id='word_1_333' title='bbox 1010 1223 1109 1265; x_wconf 87' lang='lat' dir='ltr'><strong>vide</strong></span> <span class='ocrx_word' id='word_1_334' title='bbox 1145 1224 1206 1266; x_wconf 91' lang='lat' dir='ltr'><strong>ibi</strong></span> <span class='ocrx_word' id='word_1_335' title='bbox 1240 1225 1489 1267; x_wconf 85' lang='lat' dir='ltr'><strong>remedium.</strong></span> <span class='ocrx_word' id='word_1_336' title='bbox 1542 1225 1587 1266; x_wconf 91' lang='lat' dir='ltr'><strong>Si</strong></span> <span class='ocrx_word' id='word_1_337' title='bbox 1617 1225 1827 1267; x_wconf 80' lang='lat' dir='ltr'><strong>obtuleris</strong></span> <span class='ocrx_word' id='word_1_338' title='bbox 1876 1249 1878 1253; x_wconf 38' lang='grc' dir='ltr'><em>ν</em></span> 
     </span>
    </p>
   </div>
   <div class='ocr_carea' id='block_1_5' title="bbox 1009 1281 1828 2406">
    <p class='ocr_par' dir='ltr' id='par_1_9' title="bbox 1009 1281 1827 1672">
     <span class='ocr_line' id='line_1_64' title="bbox 1009 1281 1826 1330; baseline 0.004 -10"><span class='ocrx_word' id='word_1_339' title='bbox 1009 1293 1165 1321; x_wconf 93' lang='lat' dir='ltr'><strong>munus</strong></span> <span class='ocrx_word' id='word_1_340' title='bbox 1192 1285 1315 1322; x_wconf 88' lang='lat' dir='ltr'><strong>tuum</strong></span> <span class='ocrx_word' id='word_1_341' title='bbox 1342 1281 1398 1323; x_wconf 89' lang='lat' dir='ltr'><strong>ad</strong></span> <span class='ocrx_word' id='word_1_342' title='bbox 1425 1281 1576 1330; x_wconf 80' lang='lat' dir='ltr'><strong>altare,</strong></span> <span class='ocrx_word' id='word_1_343' title='bbox 1610 1286 1653 1323; x_wconf 90' lang='lat' dir='ltr'><strong>et</strong></span> <span class='ocrx_word' id='word_1_344' title='bbox 1680 1282 1740 1323; x_wconf 89' lang='lat' dir='ltr'><strong>ibi</strong></span> <span class='ocrx_word' id='word_1_345' title='bbox 1764 1295 1826 1323; x_wconf 93' lang='lat' dir='ltr'><strong>re-</strong></span> 
     </span>
     <span class='ocr_line' id='line_1_65' title="bbox 1011 1336 1827 1390; baseline 0.002 -13"><span class='ocrx_word' id='word_1_346' title='bbox 1011 1336 1216 1378; x_wconf 81' lang='lat' dir='ltr'><strong>cordatus</strong></span> <span class='ocrx_word' id='word_1_347' title='bbox 1247 1338 1395 1388; x_wconf 87' lang='lat' dir='ltr'><strong>fueris,</strong></span> <span class='ocrx_word' id='word_1_348' title='bbox 1436 1338 1536 1390; x_wconf 89' lang='lat' dir='ltr'><strong>quia</strong></span> <span class='ocrx_word' id='word_1_349' title='bbox 1566 1338 1698 1379; x_wconf 89' lang='lat' dir='ltr'><strong>frater</strong></span> <span class='ocrx_word' id='word_1_350' title='bbox 1728 1343 1827 1380; x_wconf 91' lang='lat' dir='ltr'><strong>tuus</strong></span> 
     </span>
     <span class='ocr_line' id='line_1_66' title="bbox 1010 1392 1826 1446; baseline 0.002 -12"><span class='ocrx_word' id='word_1_351' title='bbox 1010 1392 1142 1434; x_wconf 91' lang='lat' dir='ltr'><strong>habet</strong></span> <span class='ocrx_word' id='word_1_352' title='bbox 1169 1393 1333 1446; x_wconf 76' lang='lat' dir='ltr'><strong>aliquid</strong></span> <span class='ocrx_word' id='word_1_353' title='bbox 1360 1394 1592 1435; x_wconf 90' lang='lat' dir='ltr'><strong>adversum</strong></span> <span class='ocrx_word' id='word_1_354' title='bbox 1619 1398 1676 1444; x_wconf 87' lang='lat' dir='ltr'><strong>te,</strong></span> <span class='ocrx_word' id='word_1_355' title='bbox 1703 1395 1826 1436; x_wconf 88' lang='lat' dir='ltr'><strong>relin-</strong></span> 
     </span>
     <span class='ocr_line' id='line_1_67' title="bbox 1012 1449 1826 1501; baseline 0.001 -11"><span class='ocrx_word' id='word_1_356' title='bbox 1012 1462 1096 1501; x_wconf 94' lang='lat' dir='ltr'><strong>que</strong></span> <span class='ocrx_word' id='word_1_357' title='bbox 1127 1449 1188 1491; x_wconf 89' lang='lat' dir='ltr'><strong>ibi</strong></span> <span class='ocrx_word' id='word_1_358' title='bbox 1218 1464 1375 1491; x_wconf 94' lang='lat' dir='ltr'><strong>munus</strong></span> <span class='ocrx_word' id='word_1_359' title='bbox 1407 1455 1529 1492; x_wconf 91' lang='lat' dir='ltr'><strong>tuum</strong></span> <span class='ocrx_word' id='word_1_360' title='bbox 1556 1455 1654 1492; x_wconf 89' lang='lat' dir='ltr'><strong>ante</strong></span> <span class='ocrx_word' id='word_1_361' title='bbox 1682 1451 1826 1492; x_wconf 77' lang='lat' dir='ltr'><strong>altare.</strong></span> 
     </span>
     <span class='ocr_line' id='line_1_68' title="bbox 1009 1505 1826 1559; baseline 0.004 -14"><span class='ocrx_word' id='word_1_362' title='bbox 1009 1505 1109 1546; x_wconf 93' lang='lat' dir='ltr'><strong>Non</strong></span> <span class='ocrx_word' id='word_1_363' title='bbox 1142 1506 1342 1548; x_wconf 80' lang='lat' dir='ltr'><strong>irascitur</strong></span> <span class='ocrx_word' id='word_1_364' title='bbox 1371 1507 1509 1556; x_wconf 90' lang='lat' dir='ltr'><strong>Deus,</strong></span> <span class='ocrx_word' id='word_1_365' title='bbox 1549 1507 1648 1559; x_wconf 90' lang='lat' dir='ltr'><strong>quia</strong></span> <span class='ocrx_word' id='word_1_366' title='bbox 1680 1507 1826 1548; x_wconf 88' lang='lat' dir='ltr'><strong>differs</strong></span> 
     </span>
     <span class='ocr_line' id='line_1_69' title="bbox 1010 1562 1827 1615; baseline 0.002 -13"><span class='ocrx_word' id='word_1_367' title='bbox 1010 1562 1234 1615; x_wconf 74' lang='lat' dir='ltr'><strong>impenere</strong></span> <span class='ocrx_word' id='word_1_368' title='bbox 1259 1576 1414 1604; x_wconf 91' lang='lat' dir='ltr'><strong>munus</strong></span> <span class='ocrx_word' id='word_1_369' title='bbox 1439 1567 1573 1604; x_wconf 88' lang='lat' dir='ltr'><strong>tuum:</strong></span> <span class='ocrx_word' id='word_1_370' title='bbox 1601 1567 1644 1604; x_wconf 88' lang='lat' dir='ltr'><strong>te</strong></span> <span class='ocrx_word' id='word_1_371' title='bbox 1673 1563 1827 1615; x_wconf 83' lang='lat' dir='ltr'><strong>quaerit</strong></span> 
     </span>
     <span class='ocr_line' id='line_1_70' title="bbox 1010 1619 1767 1672; baseline 0.001 -13"><span class='ocrx_word' id='word_1_372' title='bbox 1010 1619 1130 1660; x_wconf 91' lang='lat' dir='ltr'><strong>Deus</strong></span> <span class='ocrx_word' id='word_1_373' title='bbox 1148 1620 1295 1672; x_wconf 88' lang='lat' dir='ltr'><strong>magis,</strong></span> <span class='ocrx_word' id='word_1_374' title='bbox 1316 1632 1445 1672; x_wconf 91' lang='lat' dir='ltr'><strong>quam</strong></span> <span class='ocrx_word' id='word_1_375' title='bbox 1462 1632 1616 1661; x_wconf 91' lang='lat' dir='ltr'><strong>munus</strong></span> <span class='ocrx_word' id='word_1_376' title='bbox 1635 1624 1767 1661; x_wconf 92' lang='lat' dir='ltr'><strong>tuum.</strong></span> 
     </span>
    </p>

    <p class='ocr_par' dir='ltr' id='par_1_10' title="bbox 1064 1676 1584 1728">
     <span class='ocr_line' id='line_1_71' title="bbox 1064 1676 1584 1728; baseline 0.002 -13"><span class='ocrx_word' id='word_1_377' title='bbox 1064 1676 1115 1728; x_wconf 72' lang='lat' dir='ltr'><strong>R.</strong></span> <span class='ocrx_word' id='word_1_378' title='bbox 1138 1676 1357 1718; x_wconf 82' lang='lat' dir='ltr'><strong>Memento</strong></span> <span class='ocrx_word' id='word_1_379' title='bbox 1376 1676 1471 1718; x_wconf 93' lang='lat' dir='ltr'><strong>mei.</strong></span> <span class='ocrx_word' id='word_1_380' title='bbox 1499 1677 1584 1717; x_wconf 86' lang='lat'><strong>162.</strong></span> 
     </span>
    </p>

    <p class='ocr_par' dir='ltr' id='par_1_11' title="bbox 1009 1731 1828 1950">
     <span class='ocr_line' id='line_1_72' title="bbox 1065 1731 1828 1775; baseline -0.001 -1"><span class='ocrx_word' id='word_1_381' title='bbox 1065 1733 1135 1775; x_wconf 91' lang='lat' dir='ltr'><strong>Ad</strong></span> <span class='ocrx_word' id='word_1_382' title='bbox 1154 1733 1314 1775; x_wconf 90' lang='lat' dir='ltr'><strong>Bened.</strong></span> <span class='ocrx_word' id='word_1_383' title='bbox 1337 1734 1436 1773; x_wconf 86' lang='lat' dir='ltr'><strong>Ant.</strong></span> <span class='ocrx_word' id='word_1_384' title='bbox 1463 1733 1507 1773; x_wconf 89' lang='lat' dir='ltr'><strong>Si</strong></span> <span class='ocrx_word' id='word_1_385' title='bbox 1526 1731 1612 1773; x_wconf 93' lang='lat' dir='ltr'><strong>duo</strong></span> <span class='ocrx_word' id='word_1_386' title='bbox 1633 1745 1686 1774; x_wconf 82' lang='lat' dir='ltr'><strong>ex</strong></span> <span class='ocrx_word' id='word_1_387' title='bbox 1705 1732 1828 1774; x_wconf 88' lang='lat' dir='ltr'><strong>vobis</strong></span> 
     </span>
     <span class='ocr_line' id='line_1_73' title="bbox 1010 1788 1828 1841; baseline -0.001 -11"><span class='ocrx_word' id='word_1_388' title='bbox 1010 1790 1033 1816; x_wconf 88' lang='lat'>*</span> <span class='ocrx_word' id='word_1_389' title='bbox 1072 1789 1371 1830; x_wconf 84' lang='lat' dir='ltr'><strong>consenserint</strong></span> <span class='ocrx_word' id='word_1_390' title='bbox 1410 1801 1541 1841; x_wconf 91' lang='lat' dir='ltr'><strong>super</strong></span> <span class='ocrx_word' id='word_1_391' title='bbox 1578 1793 1739 1830; x_wconf 92' lang='lat' dir='ltr'><strong>terram</strong></span> <span class='ocrx_word' id='word_1_392' title='bbox 1774 1788 1828 1830; x_wconf 93' lang='lat' dir='ltr'><strong>de</strong></span> 
     </span>
     <span class='ocr_line' id='line_1_74' title="bbox 1011 1845 1827 1897; baseline -0.001 -11"><span class='ocrx_word' id='word_1_393' title='bbox 1011 1845 1128 1887; x_wconf 93' lang='lat' dir='ltr'><strong>omni</strong></span> <span class='ocrx_word' id='word_1_394' title='bbox 1168 1858 1217 1887; x_wconf 94' lang='lat' dir='ltr'><strong>re</strong></span> <span class='ocrx_word' id='word_1_395' title='bbox 1257 1848 1575 1897; x_wconf 76' lang='lat' dir='ltr'><strong>quamcumque</strong></span> <span class='ocrx_word' id='word_1_396' title='bbox 1610 1845 1827 1897; x_wconf 90' lang='lat' dir='ltr'><strong>petierint,</strong></span> 
     </span>
     <span class='ocr_line' id='line_1_75' title="bbox 1009 1900 1759 1950; baseline -0.003 -7"><span class='ocrx_word' id='word_1_397' title='bbox 1009 1902 1086 1943; x_wconf 92' lang='lat' dir='ltr'><strong>fiet</strong></span> <span class='ocrx_word' id='word_1_398' title='bbox 1103 1901 1187 1943; x_wconf 85' lang='lat' dir='ltr'><strong>illis</strong></span> <span class='ocrx_word' id='word_1_399' title='bbox 1208 1915 1233 1942; x_wconf 88' lang='lat' dir='ltr'><strong>a</strong></span> <span class='ocrx_word' id='word_1_400' title='bbox 1249 1902 1378 1943; x_wconf 89' lang='lat' dir='ltr'><strong>Patre</strong></span> <span class='ocrx_word' id='word_1_401' title='bbox 1396 1914 1511 1950; x_wconf 90' lang='lat' dir='ltr'><strong>meo,</strong></span> <span class='ocrx_word' id='word_1_402' title='bbox 1533 1900 1638 1942; x_wconf 89' lang='lat' dir='ltr'><strong>dicit</strong></span> <span class='ocrx_word' id='word_1_403' title='bbox 1656 1901 1759 1941; x_wconf 82' lang='lat' dir='ltr'><strong>Dfis.</strong></span> 
     </span>
    </p>

    <p class='ocr_par' dir='ltr' id='par_1_12' title="bbox 1013 1956 1826 2115">
     <span class='ocr_line' id='line_1_76' title="bbox 1344 1956 1507 1997; baseline -0.012 0"><span class='ocrx_word' id='word_1_404' title='bbox 1344 1956 1507 1997; x_wconf 84' lang='lat' dir='ltr'><strong>Oratio.</strong></span> 
     </span>
     <span class='ocr_line' id='line_1_77' title="bbox 1013 2010 1826 2115; baseline -0.002 -60"><span class='ocrx_word' id='word_1_405' title='bbox 1013 2010 1224 2115; x_wconf 79' lang='lat' dir='ltr'><strong>Exaudi</strong></span> <span class='ocrx_word' id='word_1_406' title='bbox 1242 2027 1333 2063; x_wconf 92' lang='lat' dir='ltr'><strong>nos,</strong></span> <span class='ocrx_word' id='word_1_407' title='bbox 1353 2016 1628 2066; x_wconf 88' lang='lat' dir='ltr'><strong>omnipotens</strong></span> <span class='ocrx_word' id='word_1_408' title='bbox 1647 2017 1690 2054; x_wconf 90' lang='lat' dir='ltr'><strong>et</strong></span> <span class='ocrx_word' id='word_1_409' title='bbox 1706 2012 1826 2053; x_wconf 88' lang='lat' dir='ltr'><strong>mise-</strong></span> 
     </span>
     <span class='ocr_line' id='line_1_78' title="bbox 1096 2069 1826 2112; baseline -0.004 -1"><span class='ocrx_word' id='word_1_410' title='bbox 1096 2071 1234 2112; x_wconf 92' lang='lat' dir='ltr'><strong>ricors</strong></span> <span class='ocrx_word' id='word_1_411' title='bbox 1253 2070 1388 2112; x_wconf 90' lang='lat' dir='ltr'><strong>Deus:</strong></span> <span class='ocrx_word' id='word_1_412' title='bbox 1408 2074 1451 2111; x_wconf 90' lang='lat' dir='ltr'><strong>et</strong></span> <span class='ocrx_word' id='word_1_413' title='bbox 1469 2069 1743 2111; x_wconf 79' lang='lat' dir='ltr'><strong>continentiae</strong></span> <span class='ocrx_word' id='word_1_414' title='bbox 1763 2081 1826 2109; x_wconf 87' lang='lat' dir='ltr'><strong>sa-</strong></span> 
     </span>
    </p>

    <p class='ocr_par' dir='ltr' id='par_1_13' title="bbox 1011 2124 1825 2225">
     <span class='ocr_line' id='line_1_79' title="bbox 1011 2124 1825 2179; baseline -0.005 -11"><span class='ocrx_word' id='word_1_415' title='bbox 1011 2127 1163 2169; x_wconf 78' lang='lat' dir='ltr'><strong>lutaris</strong></span> <span class='ocrx_word' id='word_1_416' title='bbox 1188 2126 1403 2179; x_wconf 90' lang='lat' dir='ltr'><strong>propitius</strong></span> <span class='ocrx_word' id='word_1_417' title='bbox 1434 2125 1559 2167; x_wconf 90' lang='lat' dir='ltr'><strong>nobis</strong></span> <span class='ocrx_word' id='word_1_418' title='bbox 1587 2124 1701 2166; x_wconf 89' lang='lat' dir='ltr'><strong>dona</strong></span> <span class='ocrx_word' id='word_1_419' title='bbox 1727 2136 1825 2165; x_wconf 87' lang='lat' dir='ltr'><strong>con·</strong></span> 
     </span>
     <span class='ocr_line' id='line_1_80' title="bbox 1011 2183 1504 2225; baseline -0.006 1"><span class='ocrx_word' id='word_1_420' title='bbox 1011 2183 1130 2225; x_wconf 84' lang='lat' dir='ltr'><strong>cede.</strong></span> <span class='ocrx_word' id='word_1_421' title='bbox 1157 2183 1240 2224; x_wconf 91' lang='lat' dir='ltr'><strong>Per</strong></span> <span class='ocrx_word' id='word_1_422' title='bbox 1258 2183 1504 2224; x_wconf 85' lang='lat' dir='ltr'><strong>Dominum.</strong></span> 
     </span>
    </p>

    <p class='ocr_par' dir='ltr' id='par_1_14' title="bbox 1010 2237 1827 2406">
     <span class='ocr_line' id='line_1_81' title="bbox 1064 2237 1826 2294; baseline -0.008 -8"><span class='ocrx_word' id='word_1_423' title='bbox 1064 2245 1135 2286; x_wconf 90' lang='lat' dir='ltr'><strong>Ad</strong></span> <span class='ocrx_word' id='word_1_424' title='bbox 1167 2243 1339 2294; x_wconf 81' lang='lat' dir='ltr'><strong>Magnis.</strong></span> <span class='ocrx_word' id='word_1_425' title='bbox 1380 2244 1478 2283; x_wconf 87' lang='lat' dir='ltr'><strong>Ant.</strong></span> <span class='ocrx_word' id='word_1_426' title='bbox 1523 2239 1606 2281; x_wconf 90' lang='lat' dir='ltr'><strong>Ubi</strong></span> <span class='ocrx_word' id='word_1_427' title='bbox 1639 2237 1726 2280; x_wconf 93' lang='lat' dir='ltr'><strong>duo</strong></span> <span class='ocrx_word' id='word_1_428' title='bbox 1756 2239 1826 2281; x_wconf 91' lang='lat' dir='ltr'><strong>vel</strong></span> 
     </span>
     <span class='ocr_line' id='line_1_82' title="bbox 1010 2295 1826 2350; baseline -0.01 -8"><span class='ocrx_word' id='word_1_429' title='bbox 1010 2306 1100 2342; x_wconf 91' lang='lat' dir='ltr'><strong>tres</strong></span> <span class='ocrx_word' id='word_1_430' title='bbox 1122 2301 1146 2326; x_wconf 87' lang='lat'>*</span> <span class='ocrx_word' id='word_1_431' title='bbox 1170 2300 1422 2350; x_wconf 79' lang='lat' dir='ltr'><strong>congregati</strong></span> <span class='ocrx_word' id='word_1_432' title='bbox 1444 2296 1601 2338; x_wconf 88' lang='lat' dir='ltr'><strong>fuerint</strong></span> <span class='ocrx_word' id='word_1_433' title='bbox 1625 2295 1669 2335; x_wconf 89' lang='lat' dir='ltr'><strong>in</strong></span> <span class='ocrx_word' id='word_1_434' title='bbox 1691 2296 1826 2336; x_wconf 77' lang='lat' dir='ltr'><strong>nemi-</strong></span> 
     </span>
     <span class='ocr_line' id='line_1_83' title="bbox 1010 2350 1827 2406; baseline -0.009 -8"><span class='ocrx_word' id='word_1_435' title='bbox 1010 2370 1066 2398; x_wconf 93' lang='lat' dir='ltr'><strong>ne</strong></span> <span class='ocrx_word' id='word_1_436' title='bbox 1083 2369 1193 2406; x_wconf 91' lang='lat' dir='ltr'><strong>meo,</strong></span> <span class='ocrx_word' id='word_1_437' title='bbox 1211 2356 1255 2396; x_wconf 92' lang='lat' dir='ltr'><strong>in</strong></span> <span class='ocrx_word' id='word_1_438' title='bbox 1273 2354 1415 2396; x_wconf 86' lang='lat' dir='ltr'><strong>medio</strong></span> <span class='ocrx_word' id='word_1_439' title='bbox 1432 2355 1581 2395; x_wconf 80' lang='lat' dir='ltr'><strong>eorum</strong></span> <span class='ocrx_word' id='word_1_440' title='bbox 1595 2363 1701 2400; x_wconf 89' lang='lat' dir='ltr'><strong>sum,</strong></span> <span class='ocrx_word' id='word_1_441' title='bbox 1722 2350 1827 2392; x_wconf 89' lang='lat' dir='ltr'><strong>dicit</strong></span> 
     </span>
    </p>
   </div>
   <div class='ocr_carea' id='block_1_6' title="bbox 1010 2413 1505 2491">
    <p class='ocr_par' dir='ltr' id='par_1_15' title="bbox 1010 2413 1505 2491">
     <span class='ocr_line' id='line_1_84' title="bbox 1010 2413 1463 2456; baseline -0.011 -1"><span class='ocrx_word' id='word_1_442' title='bbox 1010 2413 1234 2455; x_wconf 77' lang='lat' dir='ltr'><strong>Deminus.</strong></span> <span class='ocrx_word' id='word_1_443' title='bbox 1455 2449 1463 2456; x_wconf 81' lang='grc'><em>,</em></span> 
     </span>
     <span class='ocr_line' id='line_1_85' title="bbox 1345 2451 1505 2491; baseline -0.019 0"><span class='ocrx_word' id='word_1_444' title='bbox 1345 2451 1505 2491; x_wconf 87' lang='lat' dir='ltr'><strong>Orat1o.</strong></span> 
     </span>
    </p>
   </div>
   <div class='ocr_carea' id='block_1_7' title="bbox 1014 2508 1826 2622">
    <p class='ocr_par' dir='ltr' id='par_1_16' title="bbox 1014 2508 1825 2622">
     <span class='ocr_line' id='line_1_86' title="bbox 1014 2508 1825 2613; baseline -0.013 -49"><span class='ocrx_word' id='word_1_445' title='bbox 1014 2508 1146 2613; x_wconf 84' lang='lat' dir='ltr'><strong>Tua</strong></span> <span class='ocrx_word' id='word_1_446' title='bbox 1164 2533 1244 2562; x_wconf 89' lang='lat' dir='ltr'><strong>nos</strong></span> <span class='ocrx_word' id='word_1_447' title='bbox 1261 2517 1445 2560; x_wconf 82' lang='lat' dir='ltr'><strong>Domine</strong></span> <span class='ocrx_word' id='word_1_448' title='bbox 1464 2514 1736 2567; x_wconf 81' lang='lat' dir='ltr'><strong>protectione</strong></span> <span class='ocrx_word' id='word_1_449' title='bbox 1756 2513 1825 2555; x_wconf 91' lang='lat' dir='ltr'><strong>de-</strong></span> 
     </span>
     <span class='ocr_line' id='line_1_87' title="bbox 1101 2569 1826 2622; baseline -0.014 -3"><span class='ocrx_word' id='word_1_450' title='bbox 1101 2576 1241 2618; x_wconf 83' lang='lat' dir='ltr'><strong>fende:</strong></span> <span class='ocrx_word' id='word_1_451' title='bbox 1270 2578 1313 2615; x_wconf 88' lang='lat' dir='ltr'><strong>et</strong></span> <span class='ocrx_word' id='word_1_452' title='bbox 1336 2572 1391 2613; x_wconf 89' lang='lat' dir='ltr'><strong>ab</strong></span> <span class='ocrx_word' id='word_1_453' title='bbox 1416 2571 1534 2612; x_wconf 91' lang='lat' dir='ltr'><strong>omni</strong></span> <span class='ocrx_word' id='word_1_454' title='bbox 1557 2583 1728 2622; x_wconf 89' lang='lat' dir='ltr'><strong>semper</strong></span> <span class='ocrx_word' id='word_1_455' title='bbox 1752 2569 1826 2609; x_wconf 91' lang='lat' dir='ltr'><strong>ini-</strong></span> 
     </span>
    </p>
   </div>
   <div class='ocr_carea' id='block_1_8' title="bbox 1013 2627 1752 2686">
    <p class='ocr_par' dir='ltr' id='par_1_17' title="bbox 1013 2627 1752 2686">
     <span class='ocr_line' id='line_1_88' title="bbox 1013 2627 1752 2686; baseline -0.016 -9"><span class='ocrx_word' id='word_1_456' title='bbox 1013 2635 1178 2686; x_wconf 82' lang='lat' dir='ltr'><strong>quitate</strong></span> <span class='ocrx_word' id='word_1_457' title='bbox 1197 2628 1377 2674; x_wconf 80' lang='lat' dir='ltr'><strong>custodi.</strong></span> <span class='ocrx_word' id='word_1_458' title='bbox 1403 2628 1487 2669; x_wconf 89' lang='grc' dir='ltr'><strong>Ρο1·</strong></span> <span class='ocrx_word' id='word_1_459' title='bbox 1506 2627 1752 2668; x_wconf 85' lang='lat' dir='ltr'><strong>Dominum.</strong></span> 
     </span>
    </p>
   </div>
   <div class='ocr_carea' id='block_1_9' title="bbox 69 110 1891 2790">
    <p class='ocr_par' dir='ltr' id='par_1_18' title="bbox 69 110 1891 2790">
     <span class='ocr_line' id='line_1_89' title="bbox 69 110 1891 2790; baseline 0 0"><span class='ocrx_word' id='word_1_460' title='bbox 69 110 1891 2790; x_wconf 95' lang='lat' dir='ltr'><strong> </strong></span> 
     </span>
    </p>
   </div>
  </div>
 </body>
</html>
