2066 2956
220 198 284 233 16*

594 201 662 234 Die
687 203 716 234 2.
746 202 880 235 Martii.
928 204 962 235 S.
989 203 1176 245 Simplicii
1205 203 1322 245 l'upae
1348 209 1383 237 ct
1410 204 1517 237 Cous.

362 300 590 362 1³1⁴]S'1‘2x
632 301 902 389 MARTII.

556 383 649 392 ——070
661 385 668 392 ι
686 388 690 389 ⁷

474 421 558 463 Die
577 423 614 462 2.
634 422 789 464 Martii.

295 492 338 533 S.
358 492 603 543 Simplicii
627 495 756 546 l'apzc
779 502 822 535 ct
845 496 965 535 Conf.

547 563 708 607 Duplex

264 622 398 654 munia
417 621 462 654 dc
479 622 682 655 Communi
701 623 875 656 Consess,
894 622 1044 656 Pontis„

215 677 354 711 practer
377 676 587 711 sequeutia.

268 723 410 756 ‹on-auio.
444 723 501 757 Da
526 725 759 767 quaesumus

264 780 309 813 1:21
336 780 374 813 iit
401 790 595 813 commem.
624 780 755 813 Fcrizu.

264 837 304 870 In
344 837 368 870 1.
411 836 610 870 Nocturno
654 837 854 870 Lectiones·
904 838 1048 873 Fidelis

216 894 352 918 sermo.
375 885 421 918 (lc
448 884 584 918 codem
611 885 814 918 Communi
843 886 866 918 1.
892 886 987 919 loco.

446 953 495 992 In
516 953 566 992 ΙΙ.
590 954 813 993 Nocturno.

518 1018 668 1059 Lectio
692 1020 743 1058 iv.

219 1080 552 1133 Wimplicius,
598 1081 874 1132 Tiburtinus,
920 1088 1047 1135 patre

296 1123 310 1173 l
332 1137 554 1186 Castorio,
587 1139 788 1189 proxime
820 1144 925 1191 post
953 1153 1047 1180 san-

280 1186 310 1218 jz}
333 1198 452 1234 ctum
483 1193 684 1235 Hilarum
720 1195 936 1236 Romanae
967 1196 1047 1238 Ec-

216 1250 360 1291 clesiae
397 1250 695 1303 principatum
740 1252 950 1304 suscepit,
996 1266 1048 1294 ac

215 1304 481 1347 difficillimis
509 1307 783 1360 temporibus
817 1309 932 1359 (cum
959 1322 1047 1350 ma-

213 1375 298 1412 gna
331 1375 385 1404 ex
417 1368 543 1416 parte
576 1363 802 1411 christiani
829 1364 950 1407 orbis
979 1378 1047 1407 ca-

212 1417 376 1460 tholica
395 1419 517 1470 fides,
538 1420 595 1461 ob
617 1426 801 1462 cunctos
820 1421 911 1463 fere
931 1425 1046 1475 prin-

214 1475 334 1527 cipes
349 1475 506 1518 haeresi
521 1477 716 1529 infectos,
731 1480 921 1529 nutaret)
942 1492 1048 1520 sum-

213 1544 284 1572 ma
319 1532 545 1583 vigilantia
581 1533 853 1584 gubernavit.
906 1535 1046 1577 Leoni

213 1587 469 1640 imperatori
497 1590 680 1642 petenti,
712 1596 761 1632 ut
792 1596 889 1633 rata
915 1591 1046 1633 habe-

214 1645 365 1686 rentur
388 1648 601 1687 concessa
625 1646 681 1688 ab
707 1648 930 1701 episcopis
950 1651 1046 1701 syn-

214 1699 290 1742 odi
314 1700 685 1745 Chalcedonensis
711 1704 911 1746 ecclesiae
935 1706 1046 1747 Con-

213 1757 619 1811 stantinopolitanae
642 1760 887 1813 privilegia,
915 1762 1044 1804 vehe-

212 1814 401 1854 mentius
423 1815 599 1866 restitit,
632 1816 767 1858 misso
793 1818 925 1859 etiam
949 1831 1046 1860 eam

213 1867 271 1910 ob
300 1881 477 1911 causam
504 1871 935 1926 Constantinopolim
963 1887 1044 1916 suo

211 1923 369 1975 legato.
404 1926 574 1969 Eadem
599 1930 813 1981 pastorali
837 1930 1044 1973 sollicitu-

212 1980 314 2023 dine
333 1982 570 2034 phirimum
584 1984 815 2036 laboravit,
835 1992 883 2029 ut
898 1987 1044 2030 Timo-

210 2036 338 2079 theus
362 2039 545 2081 AElurus
570 2040 883 2084 Alexandrinae
908 2044 1044 2086 eccle·

211 2093 288 2134 siae
320 2094 515 2146 invasor,
552 2098 627 2149 qui
661 2099 1044 2153 Constantinopoli

210 2148 346 2192 libere
381 2151 562 2203 degens,
598 2154 879 2197 adnitebatur
912 2169 1045 2209 quam

210 2206 399 2249 maxime
430 2212 682 2262 propagare
713 2211 937 2262 haeresim,
969 2226 1043 2255 no-

210 2264 403 2315 vumque
423 2265 614 2307 Zenonis
638 2267 920 2320 imperatoris
940 2272 1043 2323 ope-

210 2329 259 2358 ra
278 2319 375 2369 cogi
392 2321 636 2373 concilium,
656 2324 894 2376 pelleretur
909 2326 954 2367 in
971 2339 1041 2368 ex-

211 2373 369 2424 silium,
394 2377 545 2430 sicque
565 2379 806 2431 integritati
830 2395 922 2423 suae
941 2383 1041 2425 Ale-

210 2429 423 2492 xandrina
444 2433 704 2477 redderetur
725 2438 922 2480 ecclesia.
958 2440 1042 2481 Re-

210 2484 427 2537 hquorum
472 2490 577 2531 item
620 2492 914 2544 perduellium
958 2509 1041 2548 pro

210 2553 325 2582 nova
355 2545 526 2596 synodo
549 2547 782 2591 indicenda
808 2551 1041 2594 conatibus

210 2596 381 2640 fortiter
397 2600 578 2653 obstitit,
593 2606 795 2647 asserens
810 2620 925 2649 nova
940 2621 1040 2650 con-

211 2653 310 2695 cilia
345 2668 431 2697 non
464 2658 589 2701 facile
623 2664 925 2716 convocanda,
958 2666 1041 2707 nisi

211 2722 309 2750 cum
330 2711 496 2764 aliquid
517 2715 559 2755 in
579 2719 726 2768 pravis
746 2721 947 2762 sensibus
966 2735 1040 2763 no-

1104 309 1222 346 vum,
1251 300 1327 338 aut
1349 296 1394 337 in
1418 296 1663 338 assertione
1682 295 1939 347 dogmatum

1105 354 1356 394 emersisset
1375 351 1639 403 ambiguum.

1157 419 1203 468 lx{·.
1232 417 1385 458 Inveni
1410 416 1558 459 David
1581 429 1758 459 servum
1780 429 1939 467 meum,

1104 473 1204 515 oleo
1231 478 1386 515 sancto
1410 486 1511 515 meo
1534 473 1641 515 unxi
1666 486 1781 515 eum:
1802 476 1824 499 *
1847 473 1937 515 Ma-

1105 542 1187 570 nus
1202 530 1318 571 enim
1332 543 1431 572 mea
1445 530 1726 572 auxiliabitur
1741 530 1792 572 ei.
1803 525 1854 576 V.
1871 529 1942 571 Ni-

1104 585 1165 627 hil
1180 586 1385 638 proficiet
1398 587 1600 628 inimicus
1615 586 1659 627 in
1675 599 1740 636 eo,
1755 591 1800 628 et
1819 586 1938 628 filius

1102 642 1346 694 iniquitatis
1370 655 1459 684 non
1481 642 1661 684 nocebit
1686 643 1736 684 ei.
1769 642 1939 684 Manus,

1415 723 1567 764 Lectio
1589 739 1625 764 v.

1100 791 1383 896 Damnavit
1415 797 1575 837 iterum
1604 794 1786 837 Petrum
1816 795 1939 848 Mog-

1198 864 1313 903 gum,
1334 851 1522 893 alterum
1540 851 1854 894 Alexandrinae
1873 864 1938 894 se-

1103 906 1171 948 dis
1199 907 1466 958 invasorem,
1498 910 1776 961 curavitque,
1806 913 1856 950 ut
1883 921 1939 950 ex

1104 963 1215 1005 urbe
1238 963 1495 1017 pelleretur,
1522 978 1577 1007 ne
1602 965 1776 1017 aliquos
1799 965 1937 1007 modi-

1104 1033 1168 1062 cae
1194 1020 1299 1062 fidei
1323 1020 1540 1071 inficeret,
1569 1026 1614 1063 et
1641 1021 1700 1063 ad
1722 1022 1938 1075 perversi-

1102 1077 1205 1118 tatis
1249 1090 1340 1118 suae
1378 1077 1615 1120 factionem
1649 1078 1938 1131 pertraheret.

1101 1133 1337 1175 Timotheo
1396 1134 1683 1184 Solofaciolo,
1739 1134 1937 1187 legitimo

1103 1189 1300 1241 ejusdem
1336 1190 1535 1232 ecclesiae
1573 1191 1779 1242 antistiti,
1818 1192 1939 1244 juxta

1101 1246 1335 1298 pristinum
1354 1247 1619 1298 institatum,
1645 1260 1728 1301 per
1750 1260 1855 1290 suos
1878 1247 1937 1289 le·
1995 1283 2003 1290 .

1101 1304 1230 1354 gatos
1267 1303 1428 1345 erroris
1465 1304 1533 1345 sui
1565 1305 1938 1347 condonationem

1101 1359 1344 1412 expetenti,
1397 1359 1563 1402 idcirco
1611 1361 1733 1414 quod
1776 1361 1937 1404 timore

1100 1416 1360 1468 perterritus
1395 1417 1663 1459 Dioscorum
1704 1417 1762 1460 ad
1797 1417 1936 1460 altare

1100 1473 1386 1522 nominasset,
1406 1474 1579 1515 veniam
1597 1474 1820 1527 impertiit.
1848 1475 1936 1516 An-

1099 1529 1293 1571 tiocheni
1334 1531 1534 1583 episcopi
1573 1531 1838 1574 electionem
1879 1531 1937 1574 ad

1100 1584 1341 1628 seditiones
1386 1587 1590 1629 vitandas
1627 1588 1935 1630 Constantino-

1099 1642 1191 1695 poli
1217 1642 1262 1683 in
1287 1643 1464 1685 concilii
1488 1643 1662 1686 Nicaeni
1691 1644 1936 1698 praejudici-

1099 1712 1173 1740 um
1202 1702 1446 1752 peractam,
1479 1713 1532 1750 ea
1564 1701 1664 1753 lege
1692 1707 1835 1744 ratam
1861 1701 1936 1744 ha—

1098 1754 1211 1805 buit,
1243 1760 1293 1798 ut
1325 1756 1550 1810 deincepS,
1586 1758 1831 1800 secandum
1860 1771 1935 1812 pa-

1097 1816 1215 1853 trum
1244 1811 1540 1864 definitiones,
1574 1814 1791 1857 Orientali
1817 1828 1934 1858 com·

1098 1868 1435 1921 provincialium
1478 1871 1793 1924 episcoporum
1837 1873 1935 1924 syn-

1100 1923 1204 1974 odo,
1233 1926 1399 1968 creatio
1424 1926 1690 1968 Antiocheni
1712 1927 1935 1980 pontificis

1098 1984 1409 2024 reservaretur.
1446 1983 1707 2026 Oblationes
1733 1983 1934 2027 ecclesiae

1098 2038 1159 2079 ita
1193 2038 1448 2090 partiendas
1481 2052 1579 2082 esse
1610 2041 1844 2094 praecepit,
1884 2046 1934 2084 ut

1099 2107 1185 2135 una
1231 2094 1463 2138 dumtaxat
1506 2097 1656 2149 portio
1703 2098 1945 2151 episcopm

1097 2164 1182 2192 una
1206 2150 1360 2194 itidem
1382 2152 1520 2203 clero,
1550 2153 1651 2196 duae
1668 2166 1777 2197 vero
1802 2154 1847 2196 in
1866 2167 1932 2197 ec-

1097 2207 1244 2250 clesiae
1277 2207 1488 2251 fabricam
1522 2215 1565 2252 et
1592 2212 1853 2263 peregrinos
1881 2223 1933 2253 ac

1095 2267 1318 2317 paliperes
1352 2268 1651 2318 erogarentur.
1706 2267 1933 2310 Zenonem

1097 2323 1357 2374 episcopum
1405 2322 1717 2376 Hispalensem
1769 2324 1933 2366 vicaria

1095 2376 1224 2419 Sedis
1262 2379 1523 2431 apostolicae
1556 2380 1820 2422 auctoritate
1853 2380 1931 2422 ful-

1096 2434 1218 2483 civit,
1253 2447 1309 2476 ne
1346 2435 1606 2487 apostolicae
1644 2437 1931 2479 institutionis

1095 2489 1275 2532 decreta
1293 2496 1338 2533 et
1357 2494 1612 2534 sanctorum
1628 2493 1841 2535 terminos
1855 2506 1930 2546 pa-

1094 2551 1211 2588 trum
1236 2547 1280 2588 in
1303 2547 1530 2601 Hispaniis
1554 2549 1808 2591 transcendi
1832 2562 1928 2603 per-

1093 2605 1300 2646 mitteret.

1150 2671 1199 2721 R.
1230 2669 1366 2710 Posui
1397 2668 1661 2723 adjutorium
1690 2683 1826 2724 super
1851 2684 1928 2725 po-

1093 2725 1276 2775 tentem,
1321 2730 1365 2767 et
1410 2726 1599 2768 exaltavi
1644 2727 1833 2769 electum
1871 2728 1927 2770 de
