2066 2956
658 191 701 224 In
727 190 873 224 Octava
900 189 1169 223 Dcdieationis
1196 189 1389 222 Ecclesiae.

164 284 220 326 ad
240 283 434 325 divinum
453 282 617 324 cultum
637 281 917 334 explendum,
935 281 992 322 le-

163 341 322 391 gimus:
348 344 392 381 et
410 352 498 380 non
518 338 661 379 solum
680 338 836 379 divinis
856 337 994 390 preci-

163 396 247 438 bus
272 408 324 437 ea
348 397 563 444 sacrasse,
592 394 671 435 sed
697 394 827 435 etiam
856 393 995 434 sancti

166 452 252 493 elei
266 451 480 500 unctic'me‚
493 451 682 491 Demino
697 449 883 501 jubente,
898 462 994 502 per-

164 508 312 549 linisse
347 507 559 548 nevimus.
615 506 812 556 Qualiter
849 510 995 547 autem

165 564 262 605 haec
289 563 405 604 facta
432 563 532 613 sint,
566 567 609 604 et
641 561 866 614 quemodo
898 561 995 613 ipsa

166 632 292 661 sacra
321 632 410 660 non
445 619 533 669 alii,
575 631 707 670 quam
740 617 995 659 sacerdetes

167 688 291 717 sacra
317 675 524 717 unctione
551 674 750 724 delibuti,
786 674 995 715 Domine-

168 744 252 784 que
282 744 381 773 cum
409 730 606 772 vestibus
634 730 796 771 sanctis
825 730 995 779 sacrati,

168 793 212 829 et
224 787 391 829 Levitae
407 787 667 836 tractabant,
687 786 898 835 ferebant,
918 786 996 826 eri-

166 843 329 894 gebant
348 848 392 884 et
415 842 710 895 deponebant:
732 843 777 882 in
802 842 910 894 ipsis
935 842 996 882 in-

168 899 481 949 stitutienibus,
502 912 600 951 quae
615 898 791 950 jubente
804 898 997 939 Demino

168 957 431 1007 conscriptae
465 960 566 996 sunt
596 967 677 1007 per
707 954 910 1006 Meysen,
954 954 998 994 in

167 1011 265 1062 lege
283 1011 461 1052 Demini
479 1013 706 1063 reperitur.

222 1068 273 1120 R.
298 1066 538 1108 Orantibus
561 1067 605 1107 in
627 1067 727 1108 loco
754 1067 852 1116 isto,
875 1068 897 1092 *
924 1066 998 1106 Di-

167 1126 293 1164 mitte
321 1125 506 1176 peccata
529 1123 684 1175 pepuli
711 1123 775 1164 tui
794 1123 926 1172 Deus,
956 1126 999 1163 et

170 1179 354 1221 ostende
369 1179 433 1220 eis
447 1179 564 1220 viam
578 1178 752 1228 bonam,
771 1191 850 1231 per
868 1191 999 1230 quam

169 1235 414 1284 ambulent,
447 1240 491 1276 et
523 1234 580 1276 da
611 1235 796 1286 gleriam
827 1235 870 1275 in
898 1234 997 1275 loco

169 1292 268 1333 isto.
312 1285 362 1337 V.
390 1292 475 1341 Qui
501 1291 616 1342 regis
644 1291 782 1332 Israel
809 1290 1000 1339 intende,

171 1348 247 1399 qui
284 1347 468 1389 deducis
502 1347 623 1388 velut
661 1360 790 1388 ovem
822 1346 1000 1399 Joseph‚

172 1404 248 1456 qui
259 1403 387 1445 sedes
398 1416 531 1456 super
542 1402 790 1445 Cherubim.
806 1403 1001 1443 Dimitte.

478 1460 630 1501 Lectio
652 1474 689 1499 v.

257 1516 415 1557 naliter
441 1528 546 1566 ergo
571 1514 732 1565 David,
762 1527 916 1565 regum
940 1515 1001 1567 pi-

275 1572 465 1622 issimus,
484 1571 817 1624 amplificaverit
837 1571 1002 1612 cultum

172 1628 267 1678 Dei,
287 1632 330 1670 et
347 1628 561 1680 templum
574 1627 766 1669 Demino
782 1626 1003 1668 aedificere

173 1684 378 1734 voluerit,
403 1683 483 1725 sed
501 1687 685 1736 propter
703 1682 889 1724 multum
908 1685 1003 1723 san-

172 1740 348 1791 guinem
367 1752 497 1792 quem
511 1739 736 1789 effuderat,
755 1738 1003 1791 prohibitus

175 1801 252 1846 est,
289 1801 333 1838 et
366 1796 461 1848 ipse
498 1795 736 1846 collegerat
774 1797 1003 1848 expensas:

173 1852 382 1894 Salomon
411 1864 604 1904 quoque,
634 1851 749 1892 filius
777 1852 867 1903 ejus
894 1851 1003 1903 idip-

175 1921 287 1957 sum,
323 1907 443 1960 quod
469 1908 565 1960 ipse
588 1907 734 1948 facere
761 1909 1004 1960 optaverat,

175 1963 351 2015 jubente
371 1967 415 2004 et
433 1962 668 2004 auxiliante
687 1964 785 2004 Deo
807 1963 1004 2015 perfecit,

177 2024 220 2060 et
238 2018 451 2071 templum
475 2032 575 2060 cum
598 2018 741 2069 altari,
770 2023 814 2060 et
837 2018 1005 2071 reliqua

177 2075 234 2116 ad
270 2074 465 2116 divinum
505 2074 671 2115 cultum
706 2074 1006 2126 peragendum

177 2130 465 2172 consecravit:
496 2130 540 2171 in
566 2129 680 2171 libro
705 2131 879 2180 Regum
904 2130 1006 2180 legi-

177 2191 259 2227 tur.
303 2186 428 2227 Fecit
458 2198 564 2236 ergo
592 2185 800 2227 Salomon
826 2186 872 2226 in
899 2187 1005 2227 tem-

176 2255 286 2295 pore
306 2242 381 2283 illo
402 2242 686 2283 festivitatem
706 2241 940 2291 celebrem,
963 2246 1007 2283 et

179 2299 320 2339 omnis
352 2297 490 2339 Israel
523 2310 622 2339 cum
654 2310 727 2347 eo,
771 2296 1006 2339 multitudo

1783 183 1877 227 [151]
1919 138 1935 186 ι’

1047 293 1205 331 magna
1237 280 1292 322 ab
1325 280 1509 322 intreitu
1530 280 1702 321 'Emath
1738 293 1879 332 usque

1049 336 1106 378 ad
1129 337 1272 377 rivum
1291 337 1491 388 AEgypti‚
1518 349 1668 377 coram
1686 337 1878 378 Domino

1048 394 1146 434 Deo
1173 398 1326 434 nostro
1356 398 1526 445 septem
1553 392 1722 443 diebus,
1752 398 1796 434 et
1817 405 1880 434 εθ-

1049 454 1171 502 ptem
1191 448 1357 498 diebus‚
1376 449 1422 490 id
1442 453 1519 499 est,
1547 448 1881 500 quatuerdecim

1051 505 1216 554 diebus,
1237 510 1280 547 et
1298 505 1342 545 in
1362 504 1432 546 die
1452 507 1610 546 octava
1629 504 1792 547 dimisit
1806 507 1882 557 ps)-

1049 561 1192 614 pulos.

1105 625 1156 676 R.
1179 622 1216 663 Ο
1239 634 1370 674 quam
1388 622 1651 663 metuendus
1673 626 1740 663 est
1758 622 1883 663 locus

1050 678 1147 719 iste:
1165 683 1188 706 *
1209 678 1327 719 Vere
1346 690 1433 719 non
1460 683 1527 720 est
1551 678 1624 719 hic
1648 677 1777 728 aliud,
1799 678 1885 718 nisi

1053 734 1209 775 domus
1228 734 1324 784 Dei,
1345 739 1388 775 et
1407 739 1538 786 porta
1557 734 1668 776 coeli.
1699 733 1749 785 V.
1773 735 1884 775 Haec

1053 795 1120 832 est
1148 790 1306 831 domus
1330 790 1509 831 Demini
1537 791 1721 831 firmiter
1749 789 1884 831 aedifi-

1054 849 1166 895 cata,
1197 846 1310 887 bene
1344 846 1525 888 fundata
1560 851 1627 888 est
1655 859 1788 899 supra
1816 846 1884 887 fir-

1052 916 1169 943 mam
1187 907 1368 955 petram.
1396 904 1525 944 Vere.

1357 993 1509 1033 Lectio
1531 994 1583 1033 vi.

1196 1066 1251 1100 De
1278 1066 1438 1100 Conscc.
1465 1066 1551 1101 dist.
1579 1067 1605 1101 1.
1633 1078 1661 1101 c,
1690 1067 1737 1101 17.

1057 1118 1405 1224 Solemnitates
1455 1117 1784 1159 dedicatienum
1821 1130 1887 1159 ec-

1147 1174 1378 1215 clesiarum
1407 1178 1451 1215 et
1479 1173 1778 1223 sacerd6tum,
1807 1186 1887 1226 per

1055 1230 1250 1282 singulos
1270 1243 1408 1271 annos
1430 1230 1684 1271 solemniter
1704 1234 1805 1271 sunt
1821 1242 1887 1271 ce-

1054 1286 1291 1335 1ebra'mdae,
1308 1286 1407 1339 ipso
1422 1286 1616 1327 Demino
1637 1285 1888 1338 exemplum

1055 1343 1205 1391 dante,
1235 1342 1309 1394 qui
1334 1342 1391 1383 ad
1414 1342 1575 1383 festum
1598 1341 1888 1383 dedicatienis

1054 1398 1225 1451 templi,
1258 1398 1462 1439 emnibus
1492 1398 1540 1439 id
1562 1397 1753 1438 faciendi
1779 1396 1888 1439 dans

1055 1455 1251 1504 formam,
1267 1467 1367 1495 cum
1382 1454 1562 1506 reliquis
1577 1453 1755 1506 populis
1774 1455 1888 1494 eam-

1056 1510 1157 1552 dem
1182 1510 1466 1551 festivitatem
1491 1509 1794 1551 celebraturus
1818 1522 1888 1550 ve-

1055 1567 1129 1616 nit,
1148 1566 1261 1607 sicut
1285 1566 1498 1618 seriptum
1524 1570 1607 1607 est:
1634 1565 1770 1606 Facta
1788 1570 1890 1606 sunt

1057 1622 1251 1664 encaenia
1277 1622 1322 1662 in
1346 1622 1648 1674 Jeroselymis,
1677 1626 1721 1663 et
1748 1621 1888 1663 hiems

1057 1683 1161 1730 erat,
1182 1683 1226 1720 et
1245 1677 1499 1720 ambulabat
1513 1679 1538 1719 J
1541 1690 1641 1719 esus
1661 1678 1705 1718 in
1720 1677 1888 1730 templo

1056 1735 1099 1776 in
1118 1734 1293 1787 perticu
1310 1734 1567 1776 Salomenis.
1593 1733 1725 1785 Quod
1742 1738 1889 1775 autem

1057 1795 1159 1832 octo
1181 1789 1336 1832 diebus
1354 1790 1549 1832 encaenia
1564 1790 1652 1831 sint
1666 1789 1887 1831 celebran-

1058 1847 1130 1896 da,
1156 1847 1199 1887 in
1218 1846 1331 1888 libro
1350 1847 1540 1897 Regum,
1567 1848 1750 1899 peracta
1769 1845 1887 1887 dedi-

1058 1903 1232 1944 catiene
1251 1902 1414 1954 templi,
1434 1903 1674 1955 reperietis.

1107 1966 1157 2016 R.
1186 1963 1314 2004 Mane
1334 1975 1516 2014 surgens
1535 1962 1673 2004 Jacob
1694 1962 1889 2013 erigebat

1057 2018 1251 2071 lapidem
1269 2019 1314 2060 in
1335 2019 1521 2068 titulum,
1535 2018 1723 2060 fundens
1742 2018 1888 2060 Oleum

1059 2074 1263 2127 desuper,
1295 2079 1447 2117 votum
1475 2075 1598 2116 vovit
1625 2074 1836 2115 D6min0:
1860 2076 1882 2099 *

1058 2131 1176 2172 Vere
1195 2130 1320 2172 locus
1339 2131 1423 2172 iste
1443 2135 1620 2172 sanctus
1642 2134 1719 2179 est,
1742 2134 1786 2171 et
1805 2141 1887 2180 ego

1058 2186 1321 2228 nesciebam.
1347 2183 1396 2234 V.
1418 2187 1616 2239 Cumque
1636 2185 1888 2237 evigilesset

1058 2242 1196 2284 Jacob
1217 2242 1271 2284 de
1291 2255 1460 2293 somno,
1480 2243 1550 2284 ait.
1574 2243 1703 2284 Vere.
1738 2241 1888 2282 Gleria

1058 2298 1190 2340 Patri.
1216 2299 1346 2340 Vere.
