2028 2892
223 309 386 347 l'raesta
404 305 534 346 beata
552 303 755 351 Trinitas,

274 360 474 403 Concede
494 359 679 412 simplex
698 358 870 407 Unitas3

272 419 330 460 Ut
348 418 572 459 fructuesa
591 417 677 457 sint
696 415 782 456 tuis

269 475 294 515 J
297 475 535 526 ejunierum
553 475 745 514 munera.
772 471 924 512 Amen.

253 529 297 577 δ”.
324 530 505 581 Angelis
533 530 622 571 suis
647 529 768 569 Deus
795 524 1019 567 mandavit

197 587 251 629 de
269 592 324 628 te.
356 588 401 637 lx'y.
418 587 476 628 Ut
495 583 744 627 custudiant
763 588 807 625 te
826 583 870 623 in
886 580 1018 623 emni-

196 644 277 685 bus
298 643 378 684 viis
398 643 494 684 tuis.

255 700 318 738 Ad
342 699 509 744 Magnis.
529 700 624 736 Ant.
653 697 873 738 X'isienem
891 706 1019 746 quam

197 756 385 808 vidistis,
410 757 434 782 *
459 755 617 796 nemini
641 753 852 802 dixeritis,
880 751 1021 793 donec

198 826 223 854 a
246 813 430 854 mortuis
451 815 648 862 resurgat
668 809 1021 866 Filius'heminis.

532 865 692 905 Oratio.

287 939 374 975 cus,
389 926 461 978 qui
477 923 696 976 conspicis
712 923 829 965 omni
845 934 925 962 nos
940 921 1021 963 vir-

302 986 394 1024 tute
410 981 597 1030 destitui,
617 980 796 1021 interius
815 978 1022 1020 exterius-

202 1052 285 1092 que
305 1038 492 1080 custodi:
510 1043 557 1078 ut
577 1036 631 1078 ab
652 1035 851 1077 emnibus
871 1034 1022 1076 adver-

202 1095 404 1138 sitatibus
427 1094 671 1136 muniamur
689 1093 733 1133 in
755 1094 956 1145 cerpore,
980 1095 1024 1132 et

201 1166 226 1194 a
245 1152 391 1205 pravis
412 1148 748 1201 cogitationibus
767 1147 1024 1190 mundemur

202 1209 243 1250 in
263 1214 418 1250 mente.
445 1209 529 1249 Per
548 1206 795 1248 Deminum.

559 1291 783 1320 «aff—³
813 1304 816 1305 ν

432 1370 705 1419 Dominiea
727 1368 791 1418 Π.

325 1431 377 1470 in
416 1428 907 1479 Quadragcsima.

365 1504 450 1545 Ad
476 1502 861 1544 matutinum.

261 1562 425 1602 Invitat.
446 1560 539 1603 Non
559 1562 615 1602 sit
633 1560 769 1602 vobis.
794 1560 831 1600 2.

262 1619 323 1657 1³2.
348 1619 509 1668 Venite,
529 1616 808 1659 exsultemus.
831 1617 868 1656 2.

263 1675 465 1724 Hymnus.
491 1676 557 1715 Ex
576 1686 698 1714 more
718 1672 846 1714 docti.
870 1672 906 1712 2.

449 1753 497 1791 In
520 1753 548 1790 1.
572 1752 792 1790 Nocturno.

404 1819 465 1859 I)e
492 1817 605 1859 libro
634 1816 829 1858 Genesis.

317 1879 462 1919 Lectio
490 1878 511 1917 ἰ.
745 1877 846 1927 (lap.
866 1876 927 1915 27.

219 1944 270 1964 2
309 1940 425 1981 enuit
442 1944 587 1980 autem
601 1939 735 1986 Isaac,
758 1942 800 1979 et
820 1938 1028 1988 caligave-

213 2036 214 2049 ,
326 2001 424 2037 runt
448 1995 562 2036 oculi
583 1995 688 2046 ejus,
714 1999 756 2035 et
775 1993 923 2036 videre
942 2007 1028 2035 non

213 2064 216 2071 ·
260 2053 278 2065 ”
326 2054 517 2105 poterat:
549 2052 811 2103 vocavitque
839 2051 954 2091 Esau
983 2050 1029 2091 fi-

208 2110 313 2151 lium
329 2122 453 2150 suum
467 2108 686 2159 majerem,
702 2112 744 2148 et
759 2106 867 2148 dixit
883 2107 935 2148 ei:
949 2107 1030 2147 Fili

210 2165 293 2206 mi?
341 2165 423 2215 Qui
452 2163 696 2216 respendit:
727 2162 905 2204 Adsum.
951 2164 1030 2204 Cui

211 2228 351 2274 pater:
376 2220 531 2269 Vides,
558 2220 713 2271 inquit,
738 2219 857 2271 quod
882 2223 1031 2261 senue-

212 2278 292 2318 rim
315 2284 358 2319 et
383 2278 578 2328 ignerem
603 2275 717 2317 diem
740 2276 892 2317 mortis
912 2288 1032 2317 meae.

213 2334 341 2375 Sume
362 2346 480 2374 arma
501 2338 592 2381 tua,
617 2331 882 2384 pharetram,
907 2337 950 2373 et
970 2345 1031 2372 ar-

214 2403 330 2438 cum,
364 2395 407 2431 et
439 2389 646 2440 egredere
678 2389 811 2429 foras:
847 2401 1033 2440 cumque

216 2447 373 2486 venatu
398 2445 560 2497 aliquid
585 2444 942 2497 apprehenderis,
968 2445 1034 2486 fac

215 2502 317 2542 mihi
351 2502 450 2543 inde
481 2502 751 2554 pulmentum
784 2501 896 2542 sicut
923 2501 1035 2543 velle

215 2571 284 2598 me
306 2558 436 2606 nosti,
461 2564 503 2599 et
526 2558 631 2599 affer
653 2563 700 2599 ut
721 2557 966 2599 cemedam:
993 2563 1036 2599 et

214 2613 444 2655 benedicat
482 2614 561 2655 tibi
603 2615 744 2655 anima
781 2626 878 2654 mea
921 2615 1036 2654 ante-

217 2682 346 2721 quam
368 2669 537 2710 meriar.
574 2670 702 2720 Quod
724 2683 823 2711 cum
845 2669 1037 2710 audisset

216 2725 433 2774 Rebecca,
459 2731 501 2767 et
524 2725 595 2766 ille
620 2726 799 2767 abiisset
823 2726 866 2767 in
886 2738 1038 2777 agrum

740 207 934 240 Umminiczt
966 206 1005 238 11.
1033 202 1356 243 quadragesimum.

1068 302 1116 338 ut
1135 296 1372 349 jussionem
1391 294 1529 348 patris
1546 292 1763 345 impleret,
1786 291 1898 334 dixit

1070 354 1160 394 filio
1185 365 1264 394 suo
1282 353 1306 393 J
1308 351 1437 393 acob}
1461 349 1625 392 Audivi
1642 352 1814 402 patrem
1831 352 1896 391 tu-

1070 424 1143 452 um
1180 410 1435 462 loquentem
1473 419 1573 448 cum
1607 405 1726 446 Esau
1762 404 1897 446 fratre

1070 472 1163 517 tuo,
1188 471 1233 508 et
1257 465 1474 507 dicentem
1494 463 1549 504 ei:
1573 461 1695 503 Affer
1716 461 1823 502 mihi
1842 460 1898 502 de

1071 523 1303 565 venatiene
1319 527 1405 571 tua,
1425 525 1469 562 et
1486 520 1555 561 fac
1574 518 1698 560 cibos
1717 523 1766 560 ut
1783 519 1898 559 cem-

1071 579 1219 629 edam,
1258 584 1302 620 et
1339 576 1598 620 benedicam
1633 574 1714 616 tibi
1749 586 1900 616 coram

1071 636 1262 678 Demino
1292 637 1527 686 antequam
1554 631 1726 673 moriar.
1771 630 1900 672 Nunc

1073 706 1177 744 ergo
1214 692 1275 734 fili
1310 692 1389 742 mi,
1434 690 1666 742 acquiesce
1705 687 1901 730 consiliis

1072 751 1196 791 meis:
1221 755 1264 791 et
1287 761 1476 802 pergens
1500 746 1557 788 ad
1576 758 1769 798 gregem,
1793 743 1902 786 affer

1073 806 1178 848 mihi
1207 806 1317 848 duos
1344 804 1503 847 hoedos
1533 803 1743 856 eptimos,
1770 806 1819 843 ut
1842 800 1902 842 fa-

1074 864 1187 904 ciam
1207 875 1260 904 ex
1278 863 1340 904 eis
1359 874 1482 903 escas
1501 859 1617 913 patri
1633 864 1723 909 tuo,
1743 857 1902 910 quibus

1074 919 1261 961 libenter
1289 919 1498 960 vescitur:
1530 929 1640 969 quas
1667 929 1767 957 cum
1792 915 1902 956 intu-

1074 976 1193 1026 leris,
1220 981 1264 1017 et
1288 974 1545 1024 comederit,
1567 970 1802 1015 benedicat
1823 969 1904 1012 tibi

1075 1033 1332 1085 priusquam
1351 1031 1576 1073 moriatur.

1134 1091 1183 1142 Ιζι.
1196 1088 1323 1130 Tolle
1343 1100 1465 1129 arma
1483 1092 1570 1137 tua,
1588 1085 1843 1139 pharetram
1861 1088 1906 1126 et

1076 1159 1235 1195 arcum,
1256 1150 1299 1186 et
1315 1144 1422 1186 affer
1437 1144 1492 1186 de
1506 1143 1740 1185 venatiOne
1754 1146 1840 1191 tua,
1855 1145 1906 1183 ut

1078 1202 1324 1261 cemedamq:
1353 1203 1375 1227 *
1391 1202 1448 1242 Et
1466 1199 1700 1243 benedicat
1718 1198 1799 1240 tibi
1818 1197 1906 1239 ani-

1076 1272 1147 1300 ma
1160 1272 1269 1301 mea.
1295 1258 1343 1304 Y.
1353 1258 1551 1310 Cumque
1565 1258 1726 1299 venatu
1740 1253 1906 1307 aliquid

1077 1315 1288 1365 attuleris,
1303 1316 1371 1357 fac
1385 1314 1491 1356 mihi
1504 1312 1607 1355 inde
1621 1312 1906 1366 pulmentum,

1076 1377 1125 1413 ut
1144 1372 1385 1414 cemedam.
1411 1372 1469 1413 Et
1485 1369 1729 1413 benedicat.

1393 1427 1543 1468 Lectio
1564 1426 1604 1465 ii.

1158 1485 1201 1526 ui
1236 1485 1309 1526 ille
1338 1484 1586 1537 respendit:
1621 1482 1754 1525 Nosti
1785 1480 1908 1534 quod

1172 1542 1290 1583 Esau
1322 1542 1456 1583 frater
1483 1553 1608 1582 meus
1637 1539 1772 1582 homo
1798 1538 1907 1592 pile-

1078 1612 1152 1640 sus
1167 1599 1235 1648 sit,
1255 1603 1299 1640 et
1313 1611 1396 1649 ego
1411 1597 1535 1639 lenis:
1555 1597 1592 1638 si
1607 1595 1909 1638 attrectaverit

1077 1668 1148 1697 me
1167 1660 1294 1708 pater
1315 1667 1456 1703 meus,
1481 1658 1525 1695 et
1545 1653 1747 1702 senserit,
1770 1653 1904 1693 timeo

1078 1725 1133 1753 ne
1156 1716 1283 1765 putet
1302 1723 1373 1752 me
1395 1710 1479 1752 sibi
1502 1709 1695 1752 voluisse
1711 1707 1908 1758 illudere,

1079 1774 1123 1811 et
1149 1768 1354 1810 inducam
1382 1780 1515 1820 super
1541 1779 1613 1808 me
1639 1765 1909 1808 maledictio-

1078 1838 1179 1867 nem
1204 1837 1286 1878 pro
1314 1823 1634 1866 benedictiene.
1679 1821 1753 1864 Ad
1778 1833 1909 1874 quem

1078 1887 1233 1924 mater:
1259 1881 1311 1922 In
1333 1894 1404 1922 me
1428 1881 1499 1930 sit,
1525 1880 1601 1930 ait,
1625 1880 1710 1920 ista
1731 1877 1909 1920 maledi-

1080 1940 1188 1988 ctio,
1221 1938 1283 1979 fili
1310 1938 1389 1979 mi:
1425 1941 1596 1979 tantum
1623 1935 1726 1977 audi
1753 1946 1910 1976 vocem

1079 2008 1238 2045 meam,
1268 2000 1311 2036 et
1335 2006 1525 2047 pergens
1550 1992 1658 2034 affer
1682 2003 1782 2044 quae
1808 1989 1910 2032 dixi.

1082 2051 1222 2102 Abiit,
1255 2056 1299 2093 et
1331 2050 1496 2100 attulit,
1530 2049 1740 2102 deditque
1769 2047 1911 2089 matri.

1081 2108 1259 2150 Paravit
1277 2107 1352 2148 illa
1372 2107 1507 2157 cibos,
1525 2107 1638 2148 sicut
1652 2105 1765 2147 velle
1778 2105 1910 2146 neve·

1083 2170 1150 2206 rat
1169 2170 1339 2217 patrem
1354 2164 1481 2205 illius.
1509 2163 1566 2204 Et
1581 2161 1778 2204 vestibus
1791 2161 1911 2202 Esau

1084 2220 1211 2263 valde
1225 2221 1365 2270 boniS,
1386 2233 1494 2273 quas
1513 2218 1632 2273 apud
1653 2231 1701 2260 se
1719 2216 1912 2259 habebat

1084 2277 1223 2326 domi,
1259 2276 1398 2318 induit
1436 2290 1554 2318 eum:
1594 2274 1911 2328 pelliculasque

1084 2333 1317 2375 hoedorum
1334 2331 1623 2374 circumdedit
1636 2330 1849 2380 manibus,
1869 2334 1913 2372 et

1085 2390 1186 2431 colli
1205 2389 1322 2431 nuda
1340 2390 1545 2442 protexit.
1579 2387 1801 2440 Deditque
1818 2385 1912 2439 pul·

1085 2449 1298 2495 mentum,
1327 2451 1371 2487 et
1398 2459 1553 2498 paneS‚
1582 2457 1694 2498 quos
1722 2445 1913 2492 coxerat,

1086 2501 1276 2543 tradidit.
1301 2501 1470 2552 Quibus
1484 2502 1628 2551 illatis,
1643 2500 1768 2542 dixit:
1783 2500 1914 2540 Pater

1086 2557 1169 2599 mi?
1194 2559 1255 2600 At
1268 2558 1341 2599 ille
1356 2557 1601 2610 respendit:
1620 2555 1779 2598 Audio.
1806 2555 1914 2606 Quis

1088 2627 1135 2656 es
1154 2620 1201 2656 tu
1221 2614 1282 2655 fili
1300 2613 1382 2654 mi?
1411 2614 1622 2666 Dixitque
1640 2611 1795 2654 Jacob:
1818 2612 1914 2663 Ego

1089 2684 1184 2711 sum
1208 2671 1525 2724 primogenitus
1550 2676 1651 2712 tuus
1674 2670 1807 2710 Esau:
1833 2668 1915 2709 feci

1089 2727 1202 2768 sicut
1221 2727 1475 2779 praecepisti
1492 2726 1612 2767 mihi:
1635 2738 1780 2777 surge,
1799 2723 1915 2774 sede,
