2066 2956
507 230 578 263 Die
608 231 653 263 14.
682 230 788 263 Febr.
837 232 871 263 S.
899 231 1116 272 Agathonis
1143 230 1165 262 Ι.
1192 230 1309 271 Papae
1334 235 1368 262 et
1395 229 1501 262 Conf.
1819 220 1861 254 7*

450 325 601 364 Lectio
622 325 673 363 vi.

149 378 370 482 Leonem
388 376 606 424 Isaurum‚
630 377 854 415 sacrarum
878 375 979 415 ima-

239 432 388 482 ginum
404 431 737 480 destructorem,
752 431 885 471 variis
901 432 982 482 epi-

148 488 272 531 stolis
317 487 372 530 ab
419 486 495 527 illa
540 486 699 528 haeresi
735 487 979 535 removere,

148 546 355 595 omnique
388 542 511 584 illum
542 542 789 585 officiorum
821 543 979 592 genere

148 599 231 642 sibi
258 598 474 641 demereri
499 597 680 648 studuit3
710 611 810 639 cum
833 602 980 639 tamen

147 655 218 697 hic
236 655 293 697 ad
313 655 491 696 sceleris
510 653 747 703 cumulum,
768 653 981 705 eptimum

147 711 408 753 Pontificem
440 710 537 751 neci
566 708 744 751 tradere
771 709 887 750 ferro
916 710 980 749 se-

151 767 257 817 xies,
277 766 413 808 semel
432 778 539 807 auro
560 770 603 807 et
619 764 875 806 muneribus
889 777 980 805 cor-

149 827 371 876 rumpere,
401 821 600 874 quamvis
619 821 794 870 frustra,
820 823 980 862 tentas-

150 884 228 921 set.
268 877 556 931 Luitprando,
583 891 682 918 cum
709 876 900 918 exarcho
925 876 982 917 ad

150 934 368 976 excidium
402 933 534 977 Urbis
569 933 844 986 properanti,
886 945 980 973 san-

150 991 370 1032 ctissimus
422 990 642 1037 Pentifex,
705 989 790 1030 Dei
843 988 982 1029 fretus

148 1046 372 1100 praesidio,
401 1046 458 1088 ad
476 1050 604 1098 prata
622 1044 811 1086 Nerenis
831 1047 981 1086 occur-

149 1103 221 1154 rit,
253 1108 297 1145 et
328 1103 413 1155 piis
442 1101 619 1143 monitis
646 1101 763 1152 regis
791 1101 982 1142 animum

149 1159 210 1201 ita
228 1159 426 1208 mollivit,
446 1163 494 1201 ut
513 1171 602 1199 non
621 1159 706 1209 iam
726 1157 877 1206 hostis
902 1157 982 1198 sed

149 1216 248 1268 pius
281 1214 491 1257 adorator
524 1226 674 1256 ensem
702 1218 745 1255 et
773 1215 982 1254 corenam

149 1272 343 1324 Principi
388 1270 711 1324 Apostolorum
763 1268 982 1310 obtulerit.

151 1327 262 1369 Cum
288 1332 435 1369 autem
458 1327 699 1380 imperator
723 1324 981 1367 destructio-

151 1396 251 1425 nem
277 1384 616 1432 machinaretur,
652 1380 857 1423 eumdem
884 1379 982 1422 diro

151 1439 428 1481 anathemate
447 1438 652 1492 perculit,
681 1442 724 1479 et
750 1437 858 1478 inito
884 1449 982 1477 cum

151 1495 331 1537 Francis
350 1495 535 1544 foedere,
561 1494 616 1536 ab
640 1493 777 1546 impio
801 1492 982 1533 molimi-

151 1564 206 1592 ne
230 1551 455 1595 deterruit.
496 1549 648 1592 Rebus
673 1548 849 1590 demum
873 1560 982 1600 prae-

152 1607 270 1649 clare
295 1608 449 1658 gestis,
479 1605 637 1658 quibus
664 1604 866 1646 maximis
892 1603 982 1655 qui-

150 1663 323 1716 basque
373 1662 754 1716 praedeeessorum
804 1662 983 1701 suorum

151 1720 463 1772 aequiparatur,
491 1719 563 1771 pie
589 1717 698 1759 Obiit
717 1717 761 1757 in
779 1716 983 1765 Domino,

152 1780 278 1817 sexto
294 1775 582 1817 Pontificatus
602 1785 726 1823 anno,
746 1777 790 1814 et
809 1772 853 1812 in
872 1772 983 1813 basi-

152 1832 236 1873 lica
254 1832 472 1874 Vaticana
491 1830 694 1874 conditus
714 1834 792 1871 est.

205 1895 256 1945 R.
280 1893 372 1934 Iste
394 1897 461 1934 est
481 1891 566 1944 qui.

204 1960 248 1994 In
269 1960 333 1994 111.
352 1961 553 1995 Nocturno
578 1959 749 1993 Homilia
775 1960 812 1991 in
838 1959 982 1999 Evang.

154 2007 278 2043 Homo
295 2009 466 2052 peregre.
494 2007 541 2041 de
560 2007 696 2041 eodem
719 2007 824 2040 Com.
846 2006 871 2039 l.
885 2006 982 2039 loco.

206 2059 338 2094 Lectio
370 2060 418 2093 ix.
449 2060 495 2093 de
520 2058 693 2093 Homilia
722 2063 758 2092 et
787 2068 982 2093 commem.

154 2107 278 2142 Feriae
303 2107 341 2141 in
365 2107 485 2142 Laud.

206 2158 248 2192 In
272 2158 316 2192 II.
341 2158 457 2202 Vesp.
484 2158 626 2193 Oratio.
652 2155 815 2190 Exaudi.

361 2253 444 2295 Die
463 2254 523 2293 14.
543 2251 780 2293 Februarii.

195 2322 238 2362 S.
257 2320 539 2371 Agathonis
556 2320 592 2360 1.
610 2317 743 2367 Papa:
765 2320 807 2356 et
829 2315 949 2355 Conf.

484 2381 648 2424 Duplex.

208 2439 344 2473 Omnia
365 2438 411 2472 de
430 2437 633 2473 Communi
651 2437 825 2471 Confess.
844 2435 983 2469 Pontis.

156 2492 296 2530 praeter
321 2496 426 2528 sequ.
453 2484 512 2527 (m.
537 2488 561 2518 t.
584 2483 633 2526 v.)

207 2538 349 2572 Oratio.
378 2537 435 2570 Da
460 2537 692 2580 quaesumus.

207 2589 255 2623 Et
283 2589 322 2623 fit
357 2598 490 2622 comm.
520 2587 658 2627 Feriae,
689 2589 825 2627 postea
851 2584 884 2618 S.
911 2584 984 2617 Va-

156 2636 290 2671 lentini
315 2636 422 2670 Mart.
447 2640 487 2669 ut
512 2635 549 2668 in
574 2634 683 2667 Brev.

208 2690 250 2724 In
290 2690 316 2724 I.
355 2690 554 2724 Nocturno
597 2686 800 2721 Lectiones
840 2685 986 2721 Fidelis

159 2748 296 2773 sermo.
321 2738 367 2771 de
393 2737 529 2771 eodem
554 2734 755 2770 Communi
782 2733 808 2766 l.
835 2733 931 2766 loco.

1260 324 1308 363 In
1336 325 1385 362 ΙΙ.
1415 325 1636 363 Noeturno.

1339 392 1489 432 IAectl()
1511 394 1560 431 lV.

1044 445 1336 500 s‘gatho,
1375 445 1550 485 nati6ne
1580 444 1766 492 Siculus,
1809 456 1862 485 ex

1043 529 1045 537 ι
1072 499 1172 552 ,233ss-
1204 501 1459 541 doctissimo
1497 512 1548 540 ac
1586 500 1862 540 sanctissimo

1042 580 1172 585 -—⁷⁷2vvv
1204 556 1420 598 monacho
1459 556 1684 596 Romanus
1717 555 1862 597 Panti-

1033 614 1105 654 fex
1131 615 1304 654 creatus
1328 618 1408 661 est,
1442 623 1555 652 anno
1581 610 1741 652 Christi
1767 624 1861 652 sex-

1034 669 1274 710 centesimo
1322 667 1646 719 septuagesimo
1692 669 1862 708 octavo.

1033 725 1114 765 Vir
1160 737 1327 765 summa
1371 723 1656 771 humanitate,
1702 723 1862 763 eximio

1034 781 1165 821 animi
1201 780 1408 828 candere,
1447 778 1654 829 singulari
1691 791 1863 819 morum

1035 837 1250 878 suavitate
1294 841 1338 877 et
1385 835 1590 876 comitate
1632 834 1861 886 praeditus,

1035 895 1291 934 cunctorum
1315 904 1483 939 amans,
1512 890 1679 931 cunctis
1703 890 1861 931 amabi-

1035 949 1234 989 lissimus.
1275 949 1343 989 Ita
1375 946 1551 988 demum
1584 959 1608 987 a
1636 949 1792 987 natura
1820 951 1863 986 et

1034 1005 1174 1055 gratia
1208 1005 1506 1056 comparatus,
1544 1008 1592 1044 ut
1627 1001 1683 1043 ad
1715 1004 1861 1053 supre—

1034 1074 1150 1101 mam
1184 1060 1303 1101 illam
1337 1058 1594 1109 dignitatem
1627 1057 1863 1108 gerendam

1035 1122 1162 1158 natus
1182 1129 1259 1157 seu
1278 1115 1417 1156 factus
1438 1127 1534 1155 esse
1554 1114 1788 1155 videretur.

1089 1178 1139 1228 lx'g.
1166 1172 1317 1213 Inveni
1335 1170 1489 1212 David.
1512 1172 1563 1211 6*

1345 1248 1496 1287 Lectio
1517 1262 1553 1286 v.

1036 1301 1280 1406 Azceptis
1305 1318 1330 1345 a
1357 1305 1644 1346 Constantino
1666 1303 1865 1353 Pogona-

1138 1366 1185 1402 to
1218 1361 1373 1402 litteris
1408 1359 1464 1401 ad
1492 1359 1668 1399 Donum
1697 1358 1864 1410 praede-

1036 1419 1257 1459 cessorem
1273 1416 1458 1468 scriptis,
1478 1427 1559 1467 pro
1576 1413 1864 1455 convocando

1036 1473 1220 1515 concilio
1236 1471 1519 1519 oecumenico‚
1539 1469 1595 1511 ad
1611 1469 1865 1511 diuturnum

1036 1529 1225 1571 schisma
1244 1527 1502 1576 tollendum,
1528 1539 1615 1578 quo
1635 1525 1865 1566 laborabat

1035 1585 1249 1634 Ecclesia,
1277 1590 1320 1626 et
1346 1581 1615 1625 definiendas
1640 1581 1745 1622 fidei
1765 1594 1864 1623 con-

1036 1641 1290 1689 troversias,
1326 1652 1424 1692 quae
1449 1643 1545 1680 toto
1570 1638 1661 1679 fere
1687 1638 1865 1679 Oriente

1036 1698 1249 1738 maximas
1268 1697 1556 1748 tempestates
1573 1699 1704 1745 atque
1719 1695 1865 1734 ruinas

1038 1754 1296 1801 excitarant,
1342 1750 1634 1804 provinciales
1671 1748 1865 1801 synodos

1037 1810 1080 1850 in
1096 1807 1337 1850 Occidente
1351 1806 1503 1848 haberi
1519 1805 1697 1854 curavit,
1716 1805 1759 1844 in
1776 1805 1865 1856 qui-

1037 1866 1120 1907 bus
1147 1863 1537 1906 Monothelitarum
1566 1874 1697 1902 causa
1725 1860 1864 1902 discu-

1037 1923 1214 1970 teretur,
1235 1925 1278 1961 et
1298 1920 1606 1962 damnarentur
1627 1919 1808 1958 errares.

1091 1981 1141 2030 R.
1171 1977 1303 2018 Pesui
1336 1974 1612 2027 adjuterium.
1640 1974 1692 2013 6*

1340 2053 1488 2092 Lectio
1512 2053 1561 2090 vi.

1039 2109 1169 2214 His
1188 2108 1443 2163 praemissis,
1467 2108 1659 2157 Legatos
1680 2118 1799 2154 SUOS,
1823 2110 1867 2146 et

1143 2165 1316 2207 concilii
1352 2163 1558 2211 Romani,
1602 2161 1720 2202 misit
1758 2161 1866 2201 Con-

1039 2220 1370 2273 stantinOpolim
1381 2217 1488 2267 'cum
1506 2217 1620 2259 binis
1636 2216 1790 2257 litteris
1809 2215 1866 2257 ad

1037 2279 1367 2330 imperatorem,
1400 2275 1443 2315 in
1471 2273 1630 2325 quibus
1653 2271 1867 2324 praedicta

1038 2333 1197 2375 haeresi
1222 2332 1368 2380 docte,
1396 2330 1492 2370 fuse
1517 2341 1568 2369 ae
1595 2327 1736 2369 selide
1755 2327 1866 2368 refu-

1038 2392 1149 2438 tata,
1178 2388 1483 2437 damnatisque
1508 2383 1727 2436 primariis
1751 2382 1867 2423 illius

1040 2443 1342 2491 sectatoribus,
1365 2440 1516 2491 Sergio
1537 2439 1714 2487 scilicet,
1739 2439 1866 2490 Cyro,

1039 2500 1187 2549 Paulo,
1206 2497 1388 2549 Pyrrho,
1405 2497 1539 2538 Petro
1560 2499 1603 2536 et
1622 2494 1730 2543 aliis,
1749 2499 1866 2535 ante·

1040 2558 1240 2598 cessores
1260 2565 1364 2594 suos
1382 2552 1438 2593 ab
1458 2551 1576 2592 omni
1591 2550 1752 2592 erroris
1766 2550 1865 2591 labe

1040 2613 1253 2652 immunes
1277 2609 1505 2659 hucusque
1530 2607 1664 2647 fuisse
1691 2606 1865 2658 expres-

1041 2669 1101 2708 sis
1137 2665 1282 2707 verbis
1317 2663 1569 2705 declaravit.
1623 2661 1867 2713 Agathenis

1040 2723 1169 2774 igitur
1210 2720 1470 2762 auctoritate
1511 2723 1636 2760 sexta
1672 2716 1866 2769 synodus
