2066 2904
512 143 582 175 Die
605 144 635 175 2.
662 142 761 181 Maii.
808 143 843 175 S.
871 142 1073 174 Athanasii
1103 141 1226 183 Episc.
1253 142 1360 174 (lons.
1387 149 1420 175 ct
1448 142 1554 175 Dect.

177 239 359 292 alleluja.
406 237 455 289 V.
489 237 609 280 Nihil
637 237 840 291 proficiet
869 237 1003 277 inimi-

177 310 254 338 cus
279 296 323 337 in
354 309 418 348 eo,
446 300 490 338 et
514 294 629 336 filius
651 293 892 346 iniquitatis
916 306 1005 334 non

176 353 352 395 nocebit
371 353 420 395 ei.
459 352 614 394 Manus
639 350 764 393 enim.

484 422 633 462 Lectio
657 436 690 461 v.

251 490 443 531 rsenium
462 501 637 541 quoque
664 489 921 540 episcopum
947 486 1001 527 ab

278 546 520 588 Athanasio
548 544 825 587 interfectum
849 542 1004 583 Ariani

175 603 501 656 pervulgarunt:
534 615 663 656 quem
696 600 800 643 dum
832 599 1003 642 occulte

178 660 388 711 detinent,
415 672 591 700 manum
614 657 775 700 mertui
802 656 1002 698 deferunt

175 717 219 758 in
238 716 452 768 judicium,
471 715 527 758 ab
542 715 783 758 Athanasio
804 714 861 756 ad
875 727 1002 755 usum

175 774 359 826 magicae
385 774 490 815 artis
515 773 701 814 Arsenio
729 773 1001 824 amputatam

177 830 464 872 criminantes.
524 829 584 871 At
620 829 832 870 Arsenius
867 833 1002 869 noctu

176 887 414 939 aufugiens,
435 899 533 928 cum
553 899 600 928 se
619 886 662 927 in
682 887 921 938 conspectu
938 890 1003 927 to-

175 946 261 985 tius
294 943 467 985 concilii
499 945 738 992 statuisset,
774 941 1003 985 Athanasii

175 1000 450 1042 inimicerum
469 999 895 1053 impudentissimum
913 1012 1002 1041 sce-

174 1057 243 1098 lus
267 1057 449 1110 aperuit.
486 1056 615 1108 Quod
641 1057 703 1098 illi
724 1057 1003 1099 nihileminus

175 1114 355 1166 magicis
375 1114 541 1155 artibus
560 1113 791 1156 Athanasii
813 1113 1002 1155 tribuen-

176 1175 254 1221 tes,
271 1171 373 1212 vitae
393 1171 483 1223 ejus
501 1170 697 1212 insidiari
716 1184 805 1213 non
823 1170 1002 1212 desiste-

175 1226 291 1269 bant.
358 1227 655 1278 Quamebrem
706 1227 750 1268 in
802 1227 1002 1269 exsilium

176 1289 313 1334 actus,
338 1284 381 1325 in
402 1283 544 1326 Gallia
563 1284 682 1338 apud
701 1284 909 1326 Treviros
929 1297 1000 1326 ex-

175 1340 345 1382 sulavit.
372 1341 591 1383 Gravibus
611 1340 819 1394 deinceps
839 1354 890 1383 ac
910 1341 1001 1382 diu-

174 1397 312 1438 turnis
337 1397 417 1439 sub
444 1397 700 1439 Constantio
724 1397 1001 1450 imperatere,

175 1453 437 1495 Arianerum
457 1453 641 1504 fautere,
665 1453 1001 1506 tempestatibus

175 1510 376 1561 iactatus,
405 1514 449 1552 et
474 1509 753 1552 incredibiles
781 1510 999 1552 calamita-

174 1570 243 1607 tes
262 1568 516 1619 perpessuS,
543 1579 746 1618 magnam
772 1566 892 1609 orbis
916 1572 1000 1609 ter-

174 1634 236 1664 rae
262 1628 433 1676 partem
459 1623 725 1676 peragravit3
753 1636 804 1665 ac
831 1636 951 1677 saepe
977 1637 1000 1665 e

174 1691 253 1720 sua
286 1679 471 1721 ecclesia
504 1680 683 1732 ejectuS‚
719 1693 839 1733 saepe
869 1681 1000 1722 etiam

173 1735 217 1776 in
237 1735 436 1778 eamdem
460 1741 504 1779 et
521 1737 547 1778 J
548 1736 625 1778 ulii
646 1737 835 1779 Romani
852 1738 998 1780 Ponti-

172 1792 268 1835 ficis
287 1794 561 1845 auctoritate,
588 1799 631 1837 et
654 1795 905 1837 Constantis
924 1796 999 1836 im-

172 1850 401 1902 perateris,
423 1850 666 1893 Constantii
680 1851 835 1902 fratris,
854 1857 999 1905 patro-

174 1905 297 1957 cinio,
317 1906 504 1950 decretis
525 1921 700 1961 quoque
717 1909 888 1950 concilii
902 1909 997 1950 Sar-

174 1961 378 2014 dicensis‚
407 1976 458 2006 ac
481 1964 850 2018 Jerosolymitani,
875 1966 997 2008 resti-

172 2022 292 2061 tutus
311 2024 391 2071 est3
418 2021 592 2063 Arianis
616 2022 784 2064 interea
808 2022 869 2063 illi
888 2035 996 2065 sem-

172 2088 252 2128 per
286 2075 472 2119 infestis:
508 2090 694 2131 quorum
728 2079 999 2132 pertinacem

171 2132 298 2183 iram,
326 2137 371 2174 et
398 2146 614 2176 summum
638 2134 741 2177 vitae
767 2135 999 2178 discrimen

172 2188 357 2240 fugiens,
384 2190 428 2230 in
454 2190 569 2232 sicca
594 2191 782 2233 cisterna
807 2193 998 2246 quinque

173 2245 294 2286 annis
322 2259 369 2288 se
397 2246 583 2297 abdidit,
616 2248 706 2300 ejus
739 2249 802 2290 rei
828 2254 999 2291 tantum

173 2302 347 2344 censcio
375 2302 566 2355 quodam
592 2303 820 2347 Athanasii
845 2308 1002 2357 amico,

173 2357 247 2410 qui
266 2371 364 2400 eum
383 2359 496 2401 clam
513 2361 797 2404 sustentabat.

225 2426 273 2475 F:-
307 2423 441 2466 Pesui
469 2424 731 2478 adjuterium
759 2440 892 2481 super
919 2441 996 2481 po-

171 2480 344 2530 tentem,
365 2486 407 2523 et
427 2481 614 2524 exaltavi
634 2483 821 2525 electum
837 2483 892 2526 de
907 2485 996 2538 ple-

172 2533 228 2576 be
252 2549 362 2578 mea:
393 2538 412 2559 *
437 2537 591 2580 Manus
620 2540 734 2581 enim
757 2553 855 2582 mea
880 2542 995 2582 auxi-

1821 138 1888 172 481

1057 234 1234 276 liabitur
1253 233 1308 283 ei,
1335 232 1518 285 alleh'ija.
1547 233 1594 284 Υ.
1629 234 1781 274 Inveni
1802 233 1887 275 Da-

1056 291 1131 334 vid
1172 304 1347 333 servum
1387 303 1547 340 meum,
1597 290 1696 331 eleo
1735 296 1887 333 sancto

1056 362 1155 391 meo
1176 348 1281 390 unxi
1300 360 1410 389 eum.
1437 347 1592 388 Manus
1614 347 1739 388 enim.

1358 413 1507 453 Lectio
1532 414 1581 452 vi.

1131 465 1353 508 onstantio
1372 466 1559 513 mertuo,
1578 478 1677 506 cum
1691 465 1888 506 Julianus

1141 524 1369 576 Apestata,
1391 523 1464 575 qui
1483 523 1522 564 ei
1536 522 1580 562 in
1594 522 1779 574 imperio
1795 535 1887 564 suc-

1057 582 1204 631 cessit,
1240 579 1413 622 exsules
1442 581 1678 632 episcopos
1707 578 1763 620 ad
1787 593 1887 621 suas

1057 638 1265 681 ecclesias
1284 636 1427 678 redire
1446 636 1733 688 permisisset,
1753 636 1887 678 Atha-

1055 696 1204 738 nasius
1216 693 1529 736 Alexandriam
1545 694 1759 742 reversus,
1775 707 1887 734 sum-

1056 765 1128 794 mo
1154 752 1322 793 honere
1347 753 1556 803 exceptus
1582 754 1658 791 est.
1695 749 1782 791 Sed
1801 763 1888 792 non

1057 810 1194 851 multo
1213 813 1335 862 post,
1360 807 1517 850 iisdem
1536 807 1712 848 Arianis
1736 807 1886 860 impel-

1056 866 1261 912 lentibus,
1281 879 1306 907 a
1325 866 1349 907 J
1350 866 1497 907 uliano
1517 864 1778 915 exagitatus,
1797 878 1886 905 rur—

1059 938 1132 965 sus
1152 923 1379 966 discedere
1399 923 1579 974 cegitur.
1615 922 1812 974 Cumque
1832 922 1886 964 ab

1057 982 1148 1033 ejus
1176 980 1437 1022 satellitibus
1464 980 1520 1022 ad
1539 992 1692 1021 necem
1710 980 1886 1032 conqui-

1055 1040 1235 1088 reretur,
1255 1050 1341 1090 qua
1360 1036 1554 1088 fugiebat
1570 1037 1770 1078 navicula
1787 1049 1886 1078 con-

1055 1097 1182 1136 versa
1205 1095 1250 1136 in
1276 1093 1541 1136 contrariam
1572 1093 1761 1134 fluminis
1789 1107 1885 1146 par-

1054 1156 1160 1202 tem,
1190 1152 1242 1192 iis
1270 1151 1344 1203 qui
1371 1164 1417 1192 se
1442 1149 1803 1202 insequebantur,
1833 1164 1886 1192 ex

1054 1207 1268 1258 industria
1289 1207 1494 1249 occurrit:
1514 1212 1558 1248 et
1576 1206 1886 1259 quaerentibuS,

1025 1257 1028 1325 l
1056 1271 1264 1317 quantum
1287 1264 1388 1306 inde
1413 1264 1587 1306 abesset
1607 1263 1885 1314 Athanasius,

1055 1322 1284 1375 respendit
1317 1335 1417 1363 eum
1444 1333 1532 1362 non
1559 1320 1689 1371 longe
1715 1320 1886 1362 abesse:

1055 1381 1204 1431 itaque
1243 1379 1343 1420 illos
1385 1377 1651 1419 contrarium
1687 1379 1886 1419 tenentes

1056 1448 1230 1476 cursum
1246 1434 1407 1486 effugit,
1424 1440 1556 1487 atque
1572 1433 1887 1476 Alexandriam

1055 1492 1244 1542 rediens,
1282 1491 1446 1534 ibidem
1471 1505 1611 1544 usque
1640 1490 1696 1533 ad
1725 1491 1885 1532 Juliani

1055 1548 1223 1590 ebitum
1262 1549 1459 1591 occultus
1495 1548 1747 1601 permansit.
1802 1549 1885 1600 Qui

1053 1605 1185 1658 paulo
1205 1611 1309 1659 post
1328 1605 1609 1647 Alexandriae
1629 1605 1713 1646 alia
1732 1608 1886 1647 exerta

1053 1665 1329 1715 tempestate,
1350 1665 1539 1715 quatuor
1559 1675 1732 1704 menses
1751 1662 1794 1703 in
1811 1676 1884 1715 pa-

1052 1721 1179 1761 terno
1200 1719 1434 1772 sepulchro
1461 1719 1643 1761 delituit.
1675 1719 1743 1761 Ac
1768 1719 1883 1761 deni-

1055 1789 1138 1829 que
1159 1789 1213 1818 ex
1231 1781 1299 1818 tot
1316 1778 1536 1828 tantisque
1554 1776 1762 1829 perieulis
1779 1776 1884 1818 divi-

1052 1833 1168 1875 nitus
1185 1835 1372 1886 ereptus,
1389 1833 1671 1875 Alexandriae
1685 1835 1883 1875 mertuus

1053 1895 1120 1932 est
1154 1890 1198 1931 in
1237 1903 1317 1932 suo
1353 1890 1530 1940 lectulo,
1569 1889 1650 1932 sub
1681 1890 1884 1932 Valente:

1053 1948 1173 2000 cujus
1201 1947 1292 1989 vita
1319 1952 1364 1989 et
1390 1960 1509 1988 mors
1536 1947 1705 1998 magnis
1730 1947 1883 1988 nobili-

1051 2005 1144 2045 tata
1162 2009 1230 2046 est
1247 2003 1479 2046 miraculis.
1515 2004 1653 2046 Multa
1673 2005 1744 2057 pie
1765 2009 1808 2045 et
1827 2004 1883 2046 ad

1050 2059 1354 2102 illustrandam
1365 2060 1626 2103 cathelicam
1637 2060 1769 2102 fidem
1779 2074 1884 2113 prae-

1052 2116 1170 2159 clare
1202 2118 1394 2171 scripsit,
1430 2131 1596 2170 sexque
1630 2123 1674 2159 et
1699 2116 1881 2169 quadra-

1051 2176 1172 2225 ginta
1199 2187 1336 2216 annos
1363 2175 1407 2216 in
1435 2187 1605 2216 summa
1632 2176 1883 2227 temporum

1050 2231 1263 2273 varietate
1282 2231 1627 2274 Alexandrinam
1652 2231 1882 2273 ecclesiam

1051 2289 1324 2330 sanctissime
1343 2288 1613 2340 gubernavit.

1110 2348 1154 2399 R„
1177 2345 1267 2387 Iste
1287 2350 1355 2387 est
1374 2345 1458 2397 qui.
1477 2344 1551 2397 [71]

1107 2408 1146 2441 In
1172 2408 1234 2442 111.
1258 2408 1455 2441 Nocturno
1484 2407 1651 2441 Homilia
1676 2409 1710 2441 in
1737 2409 1878 2451 limum.

1054 2456 1151 2489 Cum
1181 2455 1462 2498 persequentur
1492 2464 1577 2490 vos.
1619 2462 1658 2490 ut
1692 2468 1807 2499 supra
1842 2459 1877 2491 in

1054 2504 1150 2537 festo
1177 2506 1210 2537 S.
1237 2504 1373 2547 Cyrilli
1399 2504 1657 2548 Hierosolym.
1678 2503 1760 2539 404.

1104 2551 1218 2594 Vesp.
1246 2552 1291 2585 de
1319 2564 1423 2595 sequ.
1451 2562 1647 2586 commem.
1675 2564 1786 2597 praec.
