2028 2892
178 195 252 231 260

239 291 267 327 A
279 290 302 327 d
330 288 498 334 Magnis.
528 288 624 325 Ant.
657 288 710 329 lit
726 288 1013 340 respicientes

182 344 385 387 viderunt
410 344 661 387 revolutum
686 344 895 397 lapidem:
920 347 1013 385 erat

183 402 346 454 quippe
363 414 547 453 magnus
566 400 707 450 valde,
726 400 909 449 alleluja.

341 481 420 522 Ad
447 480 855 531 completorium.

239 548 348 581 Dicto
378 544 418 587 ΙΧ“·.
441 546 542 625 Jube
567 546 719 581 domne.
753 545 921 580 Fratres:
946 543 1013 579 So-

180 594 257 629 brii
290 595 422 629 estote.
548 593 797 638 Adiutorium
826 596 1012 628 nostrum.

187 640 295 677 Pater
325 646 467 677 noster.
498 645 533 673 ct
564 639 662 672 s221ct1
689 639 853 671 (onies.
837 639 944 671 ἰ-υιιυ
975 643 1007 669 ct

184 688 458 722 -szolutionc
500 694 589 730 post
632 681 671 726 Χ
715 689 907 724 Converte
940 696 1013 721 nos

182 737 299 772 Deus.
337 731 377 775 ,V
404 737 512 772 Deus
535 737 576 771 in
600 737 663 780 adj
666 737 843 771 utorium.
878 735 909 765 (
915 734 1014 769 16ria

182 784 299 819 Patri.
345 782 1009 829 xlleluja.dic11ntr11·1s·1umis-on

182 832 294 864 sueti:
322 832 463 873 quibus
490 831 606 864 finitis
632 831 691 863 di
688 832 772 863 itur

182 948 197 989 l
237 891 439 944 AlleIuJa,
472 891 662 943 alleluja,
694 890 883 942 alleluia,
912 888 1012 930 alle-

199 950 279 1001 uja.

235 1011 402 1051 Deinde
421 1014 540 1051 (lant.
557 1011 783 1050 Simeonis.
807 1011 932 1051 Nunc
952 1010 1012 1051 di-

181 1068 330 1109 mittis.
348 1068 443 1109 255.

235 1129 372 1161 l'ostcu

235 1181 333 1219 Ant.
371 1181 479 1221 llaec
503 1180 613 1230 dies,
643 1192 774 1232 quam
798 1180 901 1221 fecit
924 1180 1012 1220 Do-

181 1239 339 1280 minus:
390 1236 675 1287 exsultemus,
727 1241 771 1278 et
814 1236 1014 1277 laetemur

181 1296 226 1336 in
247 1308 309 1337 ea.

231 1348 395 1387 Oratio.
443 1329 596 1399 Visita,
637 1361 889 1400 quaesumus
923 1348 1012 1389 Do-

180 1407 307 1448 mine.
326 1407 421 1448 255.

233 1463 445 1496 Praedictus
485 1464 622 1496 modu.
657 1463 848 1495 Horarum
882 1472 966 1495 scri
974 1472 1009 1495 ιι-

179 1518 238 1543 tur
278 1523 400 1553 usquc
447 1511 493 1544 :id
538 1511 729 1552 vesperas
770 1510 930 1543 Sabbuti
972 1510 1009 1542 in

181 1560 301 1591 Albis.

336 1656 521 1693 Feria
558 1654 858 1692 Secunda.

388 1719 812 1761 AdMatutinum.

234 1778 622 1812 Inxitato1ium.xnt
645 1776 1008 1810 et1¹s.1ln1i.1clNo-

180 1832 353 1859 cturnum
379 1830 414 1858 ct
442 1826 469 1858 Ι
473 1826 592 1858 audes
618 1825 797 1858 dicuntur
827 1831 865 1858 ut
891 1835 984 1866 supr
988 1836 1007 1857 ιι

181 1874 217 1907 in
245 1873 306 1906 die
334 1873 361 1905 Ι)
366 1874 505 1907 aschas.
531 1884 599 1915 pei
624 1878 743 1906 totam
769 1873 964 1906 Octaxam.

232 1928 281 1978 Χ-
318 1936 517 1978 Surrexit
541 1935 757 1976 Dominus
789 1934 844 1976 de
869 1933 1012 1987 sepul-

154 2029 161 2035 .
183 1993 301 2042 chro,
320 1992 503 2043 alleluja.
528 1989 574 2039 R·-
597 1991 682 2041 Qui
695 2003 778 2043 pro
793 1990 922 2032 nobis
938 2002 1011 2043 pe-

149 2055 151 2058 '
181 2048 335 2102 pendit
353 2048 395 2089 in
415 2047 546 2099 ligno,
565 2047 748 2099 alleluJa.

241 2102 367 2146 Pater
386 2110 546 2145 noster.

234 2162 383 2201 Absol.
416 2162 586 2205 Exaudi
604 2163 804 2204 Domine.

237 2222 393 2262 ssened.
429 2223 690 2275 Evangelio-21
708 2222 851 2263 lectio.

180 2300 336 2343 Lectio
357 2301 498 2343 sancti
516 2300 745 2351 Evangelii
769 2299 1012 2341 secundum

508 2357 685 2398 Lucam.

284 2414 478 2453 Iectioi.
657 2414 704 2452 (1.
694 2426 759 2463 ιι.ρ
780 2414 844 2451 24.
868 2413 903 2451 b.

231 2486 259 2513 n
282 2473 356 2514 illo
381 2475 501 2526 temp
505 2485 598 2514 ore.
623 2472 724 2513 Duo
748 2485 802 2514 ex
825 2472 1011 2525 discipu-

248 2528 301 2568 lis
319 2529 343 2569 J
347 2541 424 2569 esu
442 2529 600 2570 ibant
590 2542 687 2593 ipsa
704 2528 805 2570 die
794 2542 838 2569 m
859 2529 1011 2570 castel-

183 2583 288 2633 lum,
322 2584 442 2635 quod
472 2591 566 2626 erat
597 2585 642 2625 in
675 2584 818 2637 spatio
852 2585 1012 2626 stadio-

183 2651 279 2679 rum
307 2642 533 2690 sexaginta
561 2640 616 2682 ab
646 2640 906 2690 Jerusalem,
938 2643 1012 2682 no-

183 2694 300 2736 mine
315 2695 534 2737 Emmaus,
561 2697 618 2739 Et
635 2697 814 2749 reliqua.

777 191 874 223 Infra
903 194 1085 223 (stravam
1115 191 1285 223 Paschae.

1114 284 1301 326 llomjlia
1320 285 1462 326 sancti
1481 285 1685 337 Gregorii
1703 285 1851 338 Papae.

1216 349 1382 382 Homilia
1399 350 1451 382 225.
1471 350 1506 382 in
1527 349 1747 389 Evangelia.

1067 404 1108 447 ‘fg
1134 410 1198 446 ζ
1215 396 1388 446 udistis,
1446 397 1604 440 fratres
1662 397 1893 446 carissimi,

1073 450 1078 486 ι’
1105 454 1147 505 ,τῖ
1179 465 1196 479 ²
1234 453 1335 505 quia
1360 453 1533 495 duobus
1556 453 1782 506 discipulis
1806 466 1893 494 am-

1121 504 1130 515 *
1231 509 1485 551 bulantibus
1509 510 1555 551 in
1577 510 1665 559 via,
1690 523 1779 551 non
1802 510 1894 561 qui-

1063 564 1165 607 dem
1201 565 1502 616 credentibus,
1538 566 1619 608 sed
1653 570 1801 607 tamen
1838 564 1895 607 de

1062 634 1110 662 se
1129 621 1421 673 loquentibus,
1440 622 1655 663 Dominus
1675 621 1895 674 apparuit:

1063 677 1144 719 sed
1158 678 1221 719 eis
1237 678 1440 730 speciem,
1461 691 1593 730 quam
1607 679 1894 728 recognosce-

1062 739 1176 784 rent,
1200 747 1289 775 non
1309 733 1514 776 ostendit.
1550 734 1651 775 Hoc
1676 745 1783 785 ergo
1807 733 1897 784 egit

1063 790 1171 831 foris
1195 791 1413 831 Dominus
1439 791 1484 831 in
1517 790 1657 832 oculis
1683 789 1895 842 corporis,

1065 845 1186 898 quod
1206 847 1326 899 apud
1344 847 1468 900 ipsos
1487 846 1702 898 agebatur
1719 846 1838 887 intus
1851 845 1896 886 in

1064 902 1202 943 oculis
1229 902 1389 944 cordis.
1434 903 1527 955 Ipsi
1559 915 1748 955 namque
1776 900 1896 954 apud

1064 961 1329 1011 semetipsos
1358 959 1476 1000 intus
1513 963 1557 1000 et
1589 958 1813 1007 amabant,
1851 961 1895 999 et

1064 1014 1342 1057 dubitabant:
1361 1015 1425 1056 eis
1441 1020 1588 1057 autem
1601 1015 1819 1056 D6minus
1835 1013 1895 1054 fo-

1063 1071 1122 1111 ris
1144 1076 1187 1112 et
1205 1084 1403 1124 praesens
1423 1071 1586 1121 aderat,
1606 1076 1650 1112 et
1665 1070 1763 1123 quis
1777 1074 1897 1112 esset

1063 1139 1152 1168 non
1185 1127 1460 1169 ostendebat.
1512 1128 1580 1169 De
1617 1139 1665 1168 se
1697 1138 1803 1177 ergo
1834 1125 1896 1173 lo—,

1065 1183 1300 1234 quentibus
1346 1183 1630 1236 praesentiam
1684 1181 1896 1224 exhibuit:

1064 1239 1144 1280 sed
1164 1239 1219 1281 de
1241 1253 1290 1281 se
1309 1239 1613 1281 dubitantibus
1633 1237 1896 1290 cognitionis

1064 1308 1156 1336 suae
1176 1296 1370 1348 speciem
1389 1295 1633 1338 abscondit.

1121 1352 1168 1403 K.
1203 1352 1343 1393 Maria
1373 1352 1650 1403 Magdalene,
1683 1356 1728 1393 et
1759 1350 1897 1393 altera

1064 1407 1204 1448 Maria
1221 1408 1344 1450 ibant
1362 1408 1557 1450 diluculo
1573 1407 1631 1450 ad
1644 1408 1896 1449 monumen-

1065 1469 1172 1505 tum:
1194 1466 1214 1486 *
1234 1465 1259 1505 J
1262 1478 1384 1506 esum
1410 1477 1540 1518 quem
1567 1464 1780 1517 quaeritis,
1806 1476 1897 1506 non

1066 1525 1133 1561 est
1150 1520 1237 1570 hic,
1267 1521 1457 1562 surrexit
1482 1521 1597 1562 sicut
1620 1520 1795 1562 locutus
1819 1524 1896 1571 est,

1065 1552 1291 1628 praecedet
1330 1590 1412 1618 vos
1454 1577 1499 1618 in
1542 1576 1791 1626 Galilaeam,
1835 1576 1897 1618 ibi

1066 1645 1166 1673 eum
1210 1633 1432 1683 videbitis,
1477 1633 1667 1685 alleluja,
1712 1632 1896 1684 alleluja.

1069 1683 1115 1733 ,Χ’.
1134 1689 1191 1730 Et
1209 1688 1339 1730 valde
1358 1702 1486 1731 mane
1504 1701 1590 1730 una
1609 1688 1895 1730 sabbatarum

1065 1744 1244 1786 veniunt
1262 1745 1320 1786 ad
1334 1747 1676 1795 monumentum,
1696 1749 1796 1786 orto
1811 1745 1897 1797 jam

1065 1800 1174 1842 sole:
1198 1806 1243 1842 et
1265 1801 1537 1843 introeuntes
1557 1800 1792 1843 viderunt
1779 1804 1895 1854 Juve-

1064 1869 1165 1897 nem
1184 1857 1411 1899 sedentem
1430 1858 1474 1898 in
1493 1857 1671 1908 dextris,
1692 1857 1767 1910 qui
1786 1857 1898 1899 dixit

1064 1912 1160 1954 illis.
1187 1913 1212 1953 J
1215 1926 1338 1955 esum
1358 1926 1499 1965 quem.

1120 1966 1279 2007 Bened.
1307 1967 1516 2011 Divinum
1535 1969 1756 2011 auxilium.

1376 2022 1526 2062 Lectio
1547 2023 1586 2061 ii.

1065 2075 1262 2180 Verba
1281 2081 1459 2133 quidem
1474 2081 1670 2130 contulit,
1690 2081 1895 2123 duritiam

1159 2137 1408 2179 intellectus
1452 2138 1711 2189 increpavit,
1757 2149 1895 2179 sacrae

1065 2194 1305 2247 Scripturae
1320 2194 1539 2246 mysteria,
1559 2207 1659 2246 quae
1675 2193 1730 2235 de
1745 2196 1893 2247 seipso

1065 2255 1204 2300 erant,
1229 2250 1415 2302 aperuit:
1447 2254 1491 2291 et
1518 2255 1666 2292 tamen
1693 2250 1795 2302 quia
1821 2249 1893 2291 ad-

1064 2306 1150 2348 huc
1169 2308 1212 2346 in
1233 2308 1385 2347 eorum
1410 2306 1619 2348 cardibus
1637 2308 1894 2359 peregrinus

1065 2367 1160 2404 erat
1187 2375 1213 2403 a
1240 2362 1344 2412 fide,
1384 2375 1432 2404 se
1460 2363 1524 2404 ire
1555 2362 1729 2413 longius
1756 2362 1894 2404 finxit.

1064 2419 1251 2469 Fingere
1270 2431 1475 2471 namque,
1501 2420 1768 2471 componere
1792 2418 1893 2459 dici—

1064 2487 1176 2515 mus:
1196 2474 1313 2515 unde
1332 2479 1376 2515 et
1395 2474 1718 2526 compositores
1737 2473 1827 2523 luti,
1846 2474 1893 2514 fi-

1063 2530 1191 2580 gulos
1207 2533 1428 2571 voeamus.
1443 2530 1564 2571 Nihil
1583 2542 1688 2580 ergo
1705 2529 1893 2582 simplex

1034 2620 1038 2628 .
1065 2586 1226 2627 veritas
1246 2598 1325 2638 per
1350 2586 1653 2639 duplicitatem
1670 2585 1788 2627 fecit:
1813 2584 1892 2627 sed

1064 2642 1197 2683 talem
1226 2654 1274 2683 se
1301 2642 1364 2683 eis
1394 2642 1590 2684 exhibuit
1619 2642 1664 2682 in
1692 2643 1892 2694 corpore,

1066 2698 1207 2750 qualis
1242 2697 1361 2750 apud
1397 2698 1498 2740 illos
1534 2702 1628 2739 erat
1658 2698 1703 2738 in
1734 2702 1892 2739 mente.
