2066 2956
779 182 954 217 Officium
978 182 1261 216 Defunctorum.

210 280 406 323 Deduxit
426 292 496 320 me
521 290 654 331 super
673 277 850 318 semitas
867 277 981 328 iusti-

158 338 243 386 tiae,
263 338 286 362 *
303 341 487 389 propter
503 346 663 376 nomen
683 346 818 374 suum.

210 394 334 443 Nam,
356 397 400 434 et
418 392 455 433 si
473 390 754 432 ambulavero
774 390 817 430 in
835 389 980 431 medio

160 449 328 492 umbrae
346 448 510 498 mortis,
528 460 617 488 non
635 446 798 488 timebo
818 446 946 487 mala:
957 447 980 472 *

161 506 366 559 queniam
383 510 432 547 tu
450 517 622 546 mecum
640 516 698 545 es.

211 562 347 614 Virga
361 566 446 611 tua,
466 566 509 602 et
522 559 706 602 baculus
721 564 835 601 tuus:
849 559 872 584 *
887 558 983 611 ipsa

159 631 230 661 me
249 618 475 661 consolata
493 621 603 659 sunt.

212 675 382 716 Parasti
407 675 451 715 in
478 674 717 726 conspectu
739 685 839 714 meo
866 684 982 712 men-

161 745 270 782 sam,
288 732 312 757 *
331 730 540 773 adversus
561 742 653 779 eos,
679 729 752 782 qui
774 727 984 770 tribulant

160 801 240 830 me.

213 843 501 897 Impinguasti
515 843 558 883 in
574 842 671 884 eleo
684 847 815 895 caput
824 854 983 883 meum:

161 902 185 928 *
217 906 261 943 et
294 900 406 942 calix
441 912 564 941 meus
597 898 817 940 inebrians
854 911 984 951 quam

161 956 401 1011 praeclarus
420 956 501 998 est!

212 1014 268 1055 Et
286 1011 587 1055 misericordia
604 1016 679 1053 tua
694 1010 984 1063 subsequetur

161 1083 231 1112 me
250 1072 274 1098 *
293 1068 493 1111 omnibus
514 1067 667 1110 diebus
686 1067 788 1109 vitae
807 1080 932 1108 meae:

212 1127 269 1168 Et
283 1131 331 1168 ut
344 1125 582 1167 inhabitem
595 1125 639 1165 in
654 1123 786 1166 domo
798 1123 983 1173 Demini‚

161 1184 184 1210 *
202 1183 247 1224 in
265 1182 580 1234 longitudinem
599 1181 778 1223 dierum.

212 1244 429 1297 Requiem
447 1245 666 1285 aeternam.

214 1310 311 1351 Ant.
341 1310 390 1350 In
414 1309 514 1350 loco
532 1310 710 1361 pascuae
729 1307 790 1350 ibi
806 1320 876 1348 me
897 1306 982 1348 col-

161 1366 331 1408 locavit.

217 1430 314 1471 Ant.
351 1430 519 1472 Delicta
546 1430 569 1455 *
597 1428 831 1482 juventutis
858 1441 984 1477 meae,

162 1486 496 1585 groignorantias
519 1498 640 1527 meas
663 1497 717 1526 ne
736 1484 984 1526 memineris

235 1556 361 1585 mme.

435 1620 631 1661 Psalmus
651 1621 715 1659 24.

241 1691 271 1734 d
309 1696 353 1733 te
388 1691 577 1733 Demine
617 1690 760 1732 levavi
797 1690 984 1731 animam

265 1761 422 1790 meam:
435 1748 459 1774 *
473 1748 595 1789 Deus
614 1760 738 1789 meus
757 1747 801 1788 in
819 1750 863 1788 te
883 1759 982 1788 con-

163 1804 265 1854 fido,
283 1817 372 1846 non
391 1804 656 1846 erubescam.

214 1861 370 1914 Neque
388 1860 597 1902 irrideant
617 1873 688 1902 me
706 1860 868 1902 inimici
885 1860 985 1901 mei:

163 1917 187 1943 *
207 1918 366 1959 etenim
384 1917 584 1967 universi,
605 1917 679 1969 qui
698 1917 913 1958 sustinent
931 1921 985 1966 te,

163 1986 252 2015 non
272 1973 601 2016 confundentur.

217 2029 546 2071 Confundantur
581 2041 732 2070 omnes
764 2029 912 2081 iniqua
943 2042 984 2070 a·

165 2088 317 2138 gentes
336 2086 359 2112 *
379 2087 659 2138 supervacue.

216 2142 322 2184 Vias
362 2147 460 2183 tuas
502 2141 688 2183 Domine
735 2141 987 2183 demonstra

165 2199 284 2239 mihi:
303 2201 327 2226 *
346 2203 389 2240 et
407 2198 582 2239 semitas
601 2203 699 2239 tuas
718 2198 855 2239 edoce
873 2211 954 2240 me.

217 2256 367 2307 Dirige
386 2268 456 2297 me
474 2255 518 2295 in
536 2255 718 2296 veritate
736 2259 825 2305 tua,
851 2260 894 2296 et
913 2254 986 2296 do-

167 2324 217 2353 ce
239 2325 324 2353 me:
343 2314 367 2339 *
388 2312 489 2364 quia
512 2316 560 2353 tu
585 2324 632 2353 es
650 2311 770 2352 Deus
795 2311 988 2353 salvator

166 2381 299 2418 meus,
319 2373 363 2410 et
380 2373 424 2410 te
444 2369 629 2409 sustinui
647 2373 742 2409 tota
761 2368 842 2409 die.

219 2425 515 2466 Reminiscere
545 2425 872 2466 miserationum
896 2425 987 2465 tua-

168 2494 264 2522 rum
281 2481 479 2531 Demine,
494 2482 518 2508 *
533 2486 575 2523 et
594 2480 988 2522 misericordiarum

168 2539 350 2587 tuarum,
370 2550 468 2589 quae
488 2550 512 2578 a
533 2537 695 2579 saeculo
714 2541 823 2578 sunt.

219 2593 390 2635 Delicta
433 2594 668 2646 juventutis
710 2605 836 2643 meae,
879 2593 903 2618 *
946 2597 988 2634 et

168 2649 434 2700 ignorantias
452 2663 572 2692 meas
590 2663 644 2691 ne
662 2649 921 2691 memineris.

219 2705 467 2748 Secundum
496 2704 840 2748 misericerdiam
868 2709 989 2746 tuam

1763 177 1856 222 [183]

1032 276 1251 317 memento
1278 275 1364 316 mei
1391 279 1453 316 tu:
1476 274 1500 300 *
1525 278 1710 326 propter
1736 273 1856 315 boni-

1033 334 1170 373 tatem
1188 336 1308 373 tuam
1326 331 1525 372 Domine.

1084 388 1237 430 Dulcis
1257 392 1301 429 et
1320 391 1463 429 rectus
1477 387 1707 428 Deminus:
1721 388 1745 414 *
1758 399 1856 439 pro-

1033 449 1133 497 pter
1155 444 1241 486 hoc
1264 444 1406 496 legem
1430 443 1552 485 dabit
1573 443 1857 495 delinquenti-

1033 501 1115 543 bus
1133 501 1178 542 in
1195 501 1276 542 via.

1086 558 1257 609 Diriget
1283 558 1535 598 mansuetos
1562 557 1606 597 in
1633 556 1809 609 judicio:
1834 556 1858 583 *

1036 614 1213 656 docebit
1230 614 1358 655 mites
1375 613 1468 655 vias
1487 626 1599 654 suas.

1082 671 1309 713 Universae
1324 670 1602 720 viaeDemini,
1616 670 1858 712 misericor-

1036 728 1108 769 dia
1123 732 1167 769 et
1181 727 1380 776 veritas‚*
1395 726 1714 778 requirentibus
1729 731 1859 768 testa-

1035 786 1229 826 mentum
1248 784 1338 836 ejus
1358 788 1402 825 et
1419 783 1669 824 testimonia
1689 784 1791 835 ejus.

1086 842 1274 893 Propter
1313 852 1472 881 nomen
1510 844 1635 881 tuum
1672 840 1859 881 Demine

1036 897 1347 951 propitiaberis
1371 898 1555 949 peccato
1578 909 1693 938 meo:
1711 897 1735 922 *
1754 896 1859 937 mul-

1037 960 1130 996 tum
1149 959 1216 996 est
1237 954 1362 995 enim.

1089 1011 1195 1062 Quis
1220 1016 1287 1052 est
1310 1010 1442 1051 homo
1468 1009 1542 1061 qui
1565 1009 1689 1051 timet
1711 1009 1859 1050 Domi-

1037 1067 1160 1109 num?
1196 1067 1220 1094 *
1256 1067 1397 1118 legem
1434 1066 1585 1108 statuit
1622 1066 1662 1107 ei
1695 1066 1740 1106 in
1775 1067 1859 1115 via,

1038 1137 1169 1177 quam
1188 1123 1327 1174 elegit.

1087 1181 1246 1222 Anima
1274 1181 1364 1232 eius
1391 1180 1436 1220 in
1462 1179 1589 1221 bonis
1616 1177 1858 1220 demorabi-

1035 1242 1122 1279 tur:
1149 1239 1173 1264 *
1201 1241 1244 1278 et
1277 1249 1425 1278 semen
1459 1237 1549 1288 ejus
1581 1233 1859 1276 haereditabit

1035 1299 1207 1336 terram.

1087 1351 1428 1391 Firmamentum
1460 1353 1527 1390 est
1557 1348 1772 1389 Dominus
1809 1348 1858 1389 ti-

1036 1406 1253 1448 mentibus
1286 1419 1399 1447 cum:
1425 1407 1449 1432 *
1476 1410 1520 1446 et
1551 1406 1860 1446 testamentum

1037 1464 1174 1516 ipsius
1192 1467 1240 1504 ut
1257 1461 1557 1503 manifestetur
1573 1461 1669 1502 illis.

1090 1519 1217 1560 Oculi
1234 1519 1320 1560 mei
1340 1531 1514 1571 semper
1533 1518 1589 1559 ad
1608 1517 1860 1558 Deminum:

1037 1577 1060 1602 *
1086 1576 1292 1627 queniam
1316 1575 1411 1627 ipse
1437 1574 1595 1616 evellet
1618 1574 1673 1616 de
1698 1573 1858 1626 laqueo

1037 1631 1174 1685 pedes
1193 1644 1328 1674 meos.

1089 1689 1279 1741 Respice
1299 1688 1342 1729 in
1359 1700 1445 1738 me,
1471 1692 1514 1729 et
1533 1687 1740 1728 miserere
1759 1686 1860 1728 mei:

1038 1746 1061 1772 *
1086 1746 1187 1797 quia
1210 1745 1364 1786 unicus
1389 1750 1432 1787 et
1454 1757 1623 1797 pauper
1647 1756 1743 1784 sum
1767 1755 1861 1794 ego.

1089 1802 1413 1844 Tribulatienes
1442 1801 1588 1843 cordis
1611 1800 1699 1842 mei
1721 1799 1860 1841 multi-

1038 1860 1212 1913 plicatae
1244 1863 1356 1900 sunt:
1383 1858 1406 1884 *
1439 1857 1494 1900 de
1528 1856 1861 1900 necessitatibus

1039 1929 1148 1958 me1s
1169 1918 1271 1957 erue
1290 1927 1372 1956 me.
1696 1942 1700 1947 .

1089 1972 1204 2015 Vide
1231 1971 1520 2013 humilitatem
1546 1982 1706 2019 meam,
1734 1973 1777 2011 et
1803 1968 1860 2009 la-

1038 2029 1191 2071 berem
1204 2041 1363 2070 meum:
1376 2028 1400 2055 *
1415 2032 1459 2069 et
1475 2027 1645 2069 dimitte
1658 2026 1862 2067 universa

1040 2085 1200 2127 delicta
1218 2097 1326 2126 mea.

1090 2141 1279 2194 Respice
1298 2141 1496 2182 inimicos
1513 2151 1637 2181 meos
1658 2137 1861 2190 queniam

1039 2198 1317 2251 multiplicati
1340 2202 1454 2247 sunt,
1474 2198 1497 2223 *
1517 2200 1560 2238 et
1585 2194 1687 2236 edio
1711 2194 1860 2246 iniquo

1040 2254 1227 2296 oderunt
1245 2267 1325 2296 me.

1093 2310 1274 2353 Custedi
1300 2310 1488 2351 animam
1510 2320 1668 2358 meam,
1697 2310 1740 2348 et
1759 2308 1861 2348 erue

1040 2379 1124 2409 me:
1160 2369 1184 2395 *
1219 2380 1308 2408 non
1345 2365 1614 2414 erubescam,
1657 2363 1861 2415 quoniam

1042 2424 1215 2476 speravi
1231 2424 1275 2464 in
1293 2427 1349 2464 te.

1090 2480 1352 2521 Innocentes
1381 2482 1424 2519 et
1450 2477 1558 2519 recti
1583 2475 1862 2518 adhaeserunt

1039 2536 1160 2577 mihi:
1178 2537 1202 2562 *
1222 2536 1322 2588 quia
1342 2534 1526 2576 sustinui
1543 2538 1598 2575 te.

1090 2592 1249 2634 Libera
1274 2591 1395 2632 Deus
1422 2589 1573 2639 Israel,
1597 2590 1621 2617 *
1645 2602 1699 2631 cx
1727 2589 1859 2630 emni-

1039 2648 1123 2689 bus
1141 2645 1492 2690 tribulationibus
1512 2646 1611 2686 suis.

1090 2704 1306 2756 Requiem
1324 2704 1539 2744 aeternam.
