<?xml version="1.0" encoding="UTF-8"?>
<!DOCTYPE html PUBLIC "-//W3C//DTD XHTML 1.0 Transitional//EN"
    "http://www.w3.org/TR/xhtml1/DTD/xhtml1-transitional.dtd">
<html xmlns="http://www.w3.org/1999/xhtml" xml:lang="en" lang="en">
 <head>
  <title>
</title>
<meta http-equiv="Content-Type" content="text/html;charset=utf-8" />
  <meta name='ocr-system' content='tesseract 3.04.00' />
  <meta name='ocr-capabilities' content='ocr_page ocr_carea ocr_par ocr_line ocrx_word'/>
</head>
<body>
  <div class='ocr_page' id='page_1' title='image "./p2breviariumroma00cathuoft_0865.png"; bbox 0 0 2066 2956; ppageno 0'>
   <div class='ocr_carea' id='block_1_1' title="bbox 476 205 751 239">
    <p class='ocr_par' dir='ltr' id='par_1_1' title="bbox 476 205 751 239">
     <span class='ocr_line' id='line_1_1' title="bbox 476 205 751 239; baseline -0.004 0"><span class='ocrx_word' id='word_1_1' title='bbox 476 205 546 239; x_wconf 88' lang='lat' dir='ltr'>Die</span> <span class='ocrx_word' id='word_1_2' title='bbox 573 205 621 239; x_wconf 91' lang='lat'>17.</span> <span class='ocrx_word' id='word_1_3' title='bbox 645 205 751 238; x_wconf 85' lang='lat' dir='ltr'>Febr.</span> 
     </span>
    </p>
   </div>
   <div class='ocr_carea' id='block_1_2' title="bbox 129 296 955 1583">
    <p class='ocr_par' dir='ltr' id='par_1_2' title="bbox 129 296 955 1195">
     <span class='ocr_line' id='line_1_2' title="bbox 129 296 953 350; baseline 0.001 -12"><span class='ocrx_word' id='word_1_4' title='bbox 129 297 327 350; x_wconf 71' lang='lat' dir='ltr'>AEgyptii</span> <span class='ocrx_word' id='word_1_5' title='bbox 353 297 589 339; x_wconf 82' lang='lat' dir='ltr'>D6minum</span> <span class='ocrx_word' id='word_1_6' title='bbox 616 297 659 337; x_wconf 93' lang='lat' dir='ltr'>in</span> <span class='ocrx_word' id='word_1_7' title='bbox 687 296 770 338; x_wconf 60' lang='lat' dir='ltr'>die*</span> <span class='ocrx_word' id='word_1_8' title='bbox 784 297 876 347; x_wconf 90' lang='lat' dir='ltr'>illa,</span> <span class='ocrx_word' id='word_1_9' title='bbox 910 302 953 339; x_wconf 87' lang='lat' dir='ltr'>et</span> 
     </span>
     <span class='ocr_line' id='line_1_3' title="bbox 131 352 951 395; baseline -0.001 0"><span class='ocrx_word' id='word_1_10' title='bbox 131 353 276 395; x_wconf 90' lang='lat' dir='ltr'>colent</span> <span class='ocrx_word' id='word_1_11' title='bbox 295 366 393 395; x_wconf 87' lang='lat' dir='ltr'>eum</span> <span class='ocrx_word' id='word_1_12' title='bbox 411 354 455 394; x_wconf 90' lang='lat' dir='ltr'>in</span> <span class='ocrx_word' id='word_1_13' title='bbox 472 352 625 394; x_wconf 84' lang='lat' dir='ltr'>hostiis</span> <span class='ocrx_word' id='word_1_14' title='bbox 645 357 688 394; x_wconf 90' lang='lat' dir='ltr'>et</span> <span class='ocrx_word' id='word_1_15' title='bbox 707 353 751 393; x_wconf 92' lang='lat' dir='ltr'>in</span> <span class='ocrx_word' id='word_1_16' title='bbox 769 353 951 395; x_wconf 71' lang='lat' dir='ltr'>munari-</span> 
     </span>
     <span class='ocr_line' id='line_1_4' title="bbox 129 409 952 452; baseline 0 -1"><span class='ocrx_word' id='word_1_17' title='bbox 129 409 226 451; x_wconf 89' lang='lat' dir='ltr'>bus:</span> <span class='ocrx_word' id='word_1_18' title='bbox 254 414 298 452; x_wconf 85' lang='lat' dir='ltr'>et</span> <span class='ocrx_word' id='word_1_19' title='bbox 322 415 426 452; x_wconf 87' lang='lat' dir='ltr'>vota</span> <span class='ocrx_word' id='word_1_20' title='bbox 452 409 674 451; x_wconf 77' lang='lat' dir='ltr'>vovebunt</span> <span class='ocrx_word' id='word_1_21' title='bbox 692 410 882 451; x_wconf 85' lang='lat' dir='ltr'>Domino</span> <span class='ocrx_word' id='word_1_22' title='bbox 909 415 952 451; x_wconf 88' lang='lat' dir='ltr'>et</span> 
     </span>
     <span class='ocr_line' id='line_1_5' title="bbox 132 466 952 519; baseline 0 -12"><span class='ocrx_word' id='word_1_23' title='bbox 132 466 314 508; x_wconf 88' lang='lat' dir='ltr'>solvent.</span> <span class='ocrx_word' id='word_1_24' title='bbox 375 467 432 507; x_wconf 92' lang='lat' dir='ltr'>Et</span> <span class='ocrx_word' id='word_1_25' title='bbox 476 466 694 519; x_wconf 79' lang='lat' dir='ltr'>percutiet</span> <span class='ocrx_word' id='word_1_26' title='bbox 737 466 952 507; x_wconf 84' lang='lat' dir='ltr'>Dominus</span> 
     </span>
     <span class='ocr_line' id='line_1_6' title="bbox 130 522 952 575; baseline 0.001 -12"><span class='ocrx_word' id='word_1_27' title='bbox 130 523 373 575; x_wconf 71' lang='lat' dir='ltr'>AEgyptum</span> <span class='ocrx_word' id='word_1_28' title='bbox 397 522 542 575; x_wconf 86' lang='lat' dir='ltr'>plaga,</span> <span class='ocrx_word' id='word_1_29' title='bbox 573 527 617 564; x_wconf 92' lang='lat' dir='ltr'>et</span> <span class='ocrx_word' id='word_1_30' title='bbox 649 522 822 564; x_wconf 90' lang='lat' dir='ltr'>sanabit</span> <span class='ocrx_word' id='word_1_31' title='bbox 847 535 952 573; x_wconf 90' lang='lat' dir='ltr'>eam,</span> 
     </span>
     <span class='ocr_line' id='line_1_7' title="bbox 132 578 954 629; baseline 0 -9"><span class='ocrx_word' id='word_1_32' title='bbox 132 584 175 620; x_wconf 90' lang='lat' dir='ltr'>et</span> <span class='ocrx_word' id='word_1_33' title='bbox 210 581 482 621; x_wconf 80' lang='lat' dir='ltr'>revertentur</span> <span class='ocrx_word' id='word_1_34' title='bbox 519 578 576 621; x_wconf 91' lang='lat' dir='ltr'>ad</span> <span class='ocrx_word' id='word_1_35' title='bbox 611 579 864 629; x_wconf 69' lang='lat' dir='ltr'>Daminum,</span> <span class='ocrx_word' id='word_1_36' title='bbox 911 584 954 620; x_wconf 89' lang='lat' dir='ltr'>et</span> 
     </span>
     <span class='ocr_line' id='line_1_8' title="bbox 130 634 954 687; baseline -0.001 -11"><span class='ocrx_word' id='word_1_37' title='bbox 130 634 376 687; x_wconf 88' lang='lat' dir='ltr'>placabitur</span> <span class='ocrx_word' id='word_1_38' title='bbox 404 636 484 685; x_wconf 90' lang='lat' dir='ltr'>eis,</span> <span class='ocrx_word' id='word_1_39' title='bbox 513 640 556 677; x_wconf 90' lang='lat' dir='ltr'>et</span> <span class='ocrx_word' id='word_1_40' title='bbox 582 635 752 677; x_wconf 87' lang='lat' dir='ltr'>sanabit</span> <span class='ocrx_word' id='word_1_41' title='bbox 779 648 866 676; x_wconf 90' lang='lat' dir='ltr'>eos.</span> <span class='ocrx_word' id='word_1_42' title='bbox 903 635 954 676; x_wconf 91' lang='lat' dir='ltr'>In</span> 
     </span>
     <span class='ocr_line' id='line_1_9' title="bbox 131 689 951 744; baseline 0 -13"><span class='ocrx_word' id='word_1_43' title='bbox 131 689 201 732; x_wconf 90' lang='lat' dir='ltr'>die</span> <span class='ocrx_word' id='word_1_44' title='bbox 224 690 299 733; x_wconf 89' lang='lat' dir='ltr'>illa</span> <span class='ocrx_word' id='word_1_45' title='bbox 323 692 404 733; x_wconf 89' lang='lat' dir='ltr'>erit</span> <span class='ocrx_word' id='word_1_46' title='bbox 422 692 491 733; x_wconf 90' lang='lat' dir='ltr'>via</span> <span class='ocrx_word' id='word_1_47' title='bbox 516 690 571 733; x_wconf 88' lang='lat' dir='ltr'>de</span> <span class='ocrx_word' id='word_1_48' title='bbox 588 692 783 744; x_wconf 72' lang='lat' dir='ltr'>AEgypto</span> <span class='ocrx_word' id='word_1_49' title='bbox 808 692 852 731; x_wconf 91' lang='lat' dir='ltr'>in</span> <span class='ocrx_word' id='word_1_50' title='bbox 871 691 951 732; x_wconf 92' lang='lat' dir='ltr'>As-</span> 
     </span>
     <span class='ocr_line' id='line_1_10' title="bbox 131 747 951 800; baseline -0.001 -11"><span class='ocrx_word' id='word_1_51' title='bbox 131 747 288 799; x_wconf 74' lang='lat' dir='ltr'>syrios,</span> <span class='ocrx_word' id='word_1_52' title='bbox 318 752 362 789; x_wconf 88' lang='lat' dir='ltr'>et</span> <span class='ocrx_word' id='word_1_53' title='bbox 385 747 564 789; x_wconf 87' lang='lat' dir='ltr'>intrabit</span> <span class='ocrx_word' id='word_1_54' title='bbox 586 748 795 800; x_wconf 81' lang='lat' dir='ltr'>Assy‘rius</span> <span class='ocrx_word' id='word_1_55' title='bbox 819 748 951 800; x_wconf 73' lang='lat' dir='ltr'><strong>AEgy-</strong></span> 
     </span>
     <span class='ocr_line' id='line_1_11' title="bbox 131 804 955 857; baseline 0 -12"><span class='ocrx_word' id='word_1_56' title='bbox 131 808 270 855; x_wconf 88' lang='lat' dir='ltr'>ptum,</span> <span class='ocrx_word' id='word_1_57' title='bbox 290 809 333 846; x_wconf 90' lang='lat' dir='ltr'>et</span> <span class='ocrx_word' id='word_1_58' title='bbox 350 804 584 857; x_wconf 60' lang='lat' dir='ltr'>AEgj&#39;thius</span> <span class='ocrx_word' id='word_1_59' title='bbox 602 805 646 845; x_wconf 93' lang='lat' dir='ltr'>in</span> <span class='ocrx_word' id='word_1_60' title='bbox 665 804 886 856; x_wconf 71' lang='lat' dir='ltr'>Assyrios,</span> <span class='ocrx_word' id='word_1_61' title='bbox 911 808 955 845; x_wconf 90' lang='lat' dir='ltr'>et</span> 
     </span>
     <span class='ocr_line' id='line_1_12' title="bbox 131 859 954 914; baseline 0.001 -14"><span class='ocrx_word' id='word_1_62' title='bbox 131 860 320 902; x_wconf 76' lang='lat' dir='ltr'>servient</span> <span class='ocrx_word' id='word_1_63' title='bbox 337 861 535 914; x_wconf 71' lang='lat' dir='ltr'>AEgyptii</span> <span class='ocrx_word' id='word_1_64' title='bbox 550 861 700 902; x_wconf 87' lang='lat' dir='ltr'>Assur.</span> <span class='ocrx_word' id='word_1_65' title='bbox 722 861 773 901; x_wconf 89' lang='lat' dir='ltr'>In</span> <span class='ocrx_word' id='word_1_66' title='bbox 793 859 863 902; x_wconf 88' lang='lat' dir='ltr'>die</span> <span class='ocrx_word' id='word_1_67' title='bbox 881 860 954 902; x_wconf 91' lang='lat' dir='ltr'>illa</span> 
     </span>
     <span class='ocr_line' id='line_1_13' title="bbox 132 915 952 970; baseline 0.001 -13"><span class='ocrx_word' id='word_1_68' title='bbox 132 915 214 957; x_wconf 90' lang='lat' dir='ltr'>erit</span> <span class='ocrx_word' id='word_1_69' title='bbox 235 916 372 958; x_wconf 68' lang='lat' dir='ltr'>Israel</span> <span class='ocrx_word' id='word_1_70' title='bbox 394 917 547 959; x_wconf 80' lang='lat' dir='ltr'>tertius</span> <span class='ocrx_word' id='word_1_71' title='bbox 566 917 778 970; x_wconf 66' lang='lat' dir='ltr'>AEg5⁷ptio</span> <span class='ocrx_word' id='word_1_72' title='bbox 804 922 850 958; x_wconf 88' lang='lat' dir='ltr'>et</span> <span class='ocrx_word' id='word_1_73' title='bbox 873 917 952 958; x_wconf 92' lang='lat' dir='ltr'>As-</span> 
     </span>
     <span class='ocr_line' id='line_1_14' title="bbox 131 972 954 1024; baseline 0.004 -12"><span class='ocrx_word' id='word_1_74' title='bbox 131 972 265 1024; x_wconf 70' lang='lat' dir='ltr'>syrio:</span> <span class='ocrx_word' id='word_1_75' title='bbox 292 972 541 1015; x_wconf 85' lang='lat' dir='ltr'>benedictio</span> <span class='ocrx_word' id='word_1_76' title='bbox 567 973 612 1014; x_wconf 91' lang='lat' dir='ltr'>in</span> <span class='ocrx_word' id='word_1_77' title='bbox 638 973 784 1015; x_wconf 78' lang='lat' dir='ltr'>medio</span> <span class='ocrx_word' id='word_1_78' title='bbox 811 978 954 1021; x_wconf 80' lang='lat' dir='ltr'>terrae,</span> 
     </span>
     <span class='ocr_line' id='line_1_15' title="bbox 131 1029 953 1080; baseline 0.001 -10"><span class='ocrx_word' id='word_1_79' title='bbox 131 1029 200 1070; x_wconf 86' lang='lat' dir='ltr'>cui</span> <span class='ocrx_word' id='word_1_80' title='bbox 214 1029 436 1071; x_wconf 85' lang='lat' dir='ltr'>benedixit</span> <span class='ocrx_word' id='word_1_81' title='bbox 445 1030 660 1071; x_wconf 82' lang='lat' dir='ltr'>D6minus</span> <span class='ocrx_word' id='word_1_82' title='bbox 675 1032 953 1080; x_wconf 79' lang='lat' dir='ltr'><strong>exercituum,</strong></span> 
     </span>
     <span class='ocr_line' id='line_1_16' title="bbox 132 1084 953 1140; baseline 0.001 -14"><span class='ocrx_word' id='word_1_83' title='bbox 132 1084 298 1127; x_wconf 79' lang='lat' dir='ltr'>dicens:</span> <span class='ocrx_word' id='word_1_84' title='bbox 324 1085 591 1128; x_wconf 82' lang='lat' dir='ltr'>Benedictus</span> <span class='ocrx_word' id='word_1_85' title='bbox 615 1086 806 1140; x_wconf 85' lang='lat' dir='ltr'>populus</span> <span class='ocrx_word' id='word_1_86' title='bbox 830 1099 953 1127; x_wconf 91' lang='lat' dir='ltr'>meus</span> 
     </span>
     <span class='ocr_line' id='line_1_17' title="bbox 131 1142 325 1195; baseline -0.005 -12"><span class='ocrx_word' id='word_1_87' title='bbox 131 1142 325 1195; x_wconf 70' lang='lat' dir='ltr'>AEgypti.</span> 
     </span>
    </p>

    <p class='ocr_par' dir='ltr' id='par_1_3' title="bbox 131 1203 955 1583">
     <span class='ocr_line' id='line_1_18' title="bbox 185 1203 953 1255; baseline 0.003 -12"><span class='ocrx_word' id='word_1_88' title='bbox 185 1203 235 1255; x_wconf 69' lang='lat' dir='ltr'>R.</span> <span class='ocrx_word' id='word_1_89' title='bbox 272 1203 387 1244; x_wconf 89' lang='lat' dir='ltr'>Ecce</span> <span class='ocrx_word' id='word_1_90' title='bbox 424 1203 479 1245; x_wconf 87' lang='lat' dir='ltr'>ab</span> <span class='ocrx_word' id='word_1_91' title='bbox 511 1203 674 1245; x_wconf 87' lang='lat' dir='ltr'><strong>Austro</strong></span> <span class='ocrx_word' id='word_1_92' title='bbox 711 1204 839 1245; x_wconf 72' lang='lat' dir='ltr'>vcnio</span> <span class='ocrx_word' id='word_1_93' title='bbox 871 1216 953 1254; x_wconf 88' lang='lat' dir='ltr'>ego</span> 
     </span>
     <span class='ocr_line' id='line_1_19' title="bbox 131 1258 953 1310; baseline 0.002 -11"><span class='ocrx_word' id='word_1_94' title='bbox 131 1258 344 1300; x_wconf 85' lang='lat' dir='ltr'>Dominus</span> <span class='ocrx_word' id='word_1_95' title='bbox 371 1259 492 1300; x_wconf 89' lang='lat' dir='ltr'>Deus</span> <span class='ocrx_word' id='word_1_96' title='bbox 519 1264 682 1310; x_wconf 87' lang='lat' dir='ltr'>vester,</span> <span class='ocrx_word' id='word_1_97' title='bbox 713 1258 736 1283; x_wconf 88' lang='lat'>*</span> <span class='ocrx_word' id='word_1_98' title='bbox 762 1260 953 1302; x_wconf 89' lang='lat' dir='ltr'>Visitare</span> 
     </span>
     <span class='ocr_line' id='line_1_20' title="bbox 131 1309 955 1368; baseline 0.004 -14"><span class='ocrx_word' id='word_1_99' title='bbox 131 1326 211 1355; x_wconf 89' lang='lat' dir='ltr'>vos</span> <span class='ocrx_word' id='word_1_100' title='bbox 238 1315 283 1355; x_wconf 90' lang='lat' dir='ltr'>in</span> <span class='ocrx_word' id='word_1_101' title='bbox 309 1328 430 1367; x_wconf 88' lang='lat' dir='ltr'>pace.</span> <span class='ocrx_word' id='word_1_102' title='bbox 475 1309 526 1362; x_wconf 65' lang='lat' dir='ltr'>V.</span> <span class='ocrx_word' id='word_1_103' title='bbox 553 1316 776 1368; x_wconf 83' lang='lat' dir='ltr'>Aspiciam</span> <span class='ocrx_word' id='word_1_104' title='bbox 803 1329 883 1357; x_wconf 90' lang='lat' dir='ltr'>vos</span> <span class='ocrx_word' id='word_1_105' title='bbox 912 1321 955 1358; x_wconf 89' lang='lat' dir='ltr'>et</span> 
     </span>
     <span class='ocr_line' id='line_1_21' title="bbox 132 1371 955 1425; baseline 0.001 -14"><span class='ocrx_word' id='word_1_106' title='bbox 132 1372 327 1412; x_wconf 78' lang='lat' dir='ltr'>crescere</span> <span class='ocrx_word' id='word_1_107' title='bbox 355 1371 527 1421; x_wconf 79' lang='lat' dir='ltr'>faciam3</span> <span class='ocrx_word' id='word_1_108' title='bbox 562 1371 955 1425; x_wconf 82' lang='lat' dir='ltr'>multiplicabimini</span> 
     </span>
     <span class='ocr_line' id='line_1_22' title="bbox 133 1427 954 1480; baseline 0.004 -13"><span class='ocrx_word' id='word_1_109' title='bbox 133 1430 175 1468; x_wconf 86' lang='lat' dir='ltr'>et</span> <span class='ocrx_word' id='word_1_110' title='bbox 208 1427 394 1469; x_wconf 88' lang='lat' dir='ltr'>firmabo</span> <span class='ocrx_word' id='word_1_111' title='bbox 425 1432 604 1480; x_wconf 84' lang='lat' dir='ltr'>pactum</span> <span class='ocrx_word' id='word_1_112' title='bbox 634 1441 779 1470; x_wconf 87' lang='lat' dir='ltr'>meum</span> <span class='ocrx_word' id='word_1_113' title='bbox 812 1428 954 1471; x_wconf 89' lang='lat' dir='ltr'>vobis-</span> 
     </span>
     <span class='ocr_line' id='line_1_23' title="bbox 132 1484 954 1532; baseline 0.002 -9"><span class='ocrx_word' id='word_1_114' title='bbox 132 1495 242 1524; x_wconf 92' lang='lat' dir='ltr'>cum.</span> <span class='ocrx_word' id='word_1_115' title='bbox 285 1484 478 1532; x_wconf 85' lang='lat' dir='ltr'>Visitare</span> <span class='ocrx_word' id='word_1_116' title='bbox 508 1497 599 1526; x_wconf 90' lang='lat' dir='ltr'>vos.</span> <span class='ocrx_word' id='word_1_117' title='bbox 643 1485 795 1527; x_wconf 84' lang='lat' dir='ltr'>Gloria</span> <span class='ocrx_word' id='word_1_118' title='bbox 823 1485 954 1526; x_wconf 90' lang='lat' dir='ltr'>Patri.</span> 
     </span>
     <span class='ocr_line' id='line_1_24' title="bbox 131 1539 439 1583; baseline 0.003 -3"><span class='ocrx_word' id='word_1_119' title='bbox 131 1539 321 1581; x_wconf 88' lang='lat' dir='ltr'>Visitare</span> <span class='ocrx_word' id='word_1_120' title='bbox 348 1553 439 1583; x_wconf 88' lang='lat' dir='ltr'>vos.</span> 
     </span>
    </p>
   </div>
   <div class='ocr_carea' id='block_1_3' title="bbox 356 1621 731 1663">
    <p class='ocr_par' dir='ltr' id='par_1_4' title="bbox 356 1621 731 1663">
     <span class='ocr_line' id='line_1_25' title="bbox 356 1621 731 1663; baseline 0.008 -3"><span class='ocrx_word' id='word_1_121' title='bbox 356 1621 404 1660; x_wconf 92' lang='lat' dir='ltr'>In</span> <span class='ocrx_word' id='word_1_122' title='bbox 432 1622 481 1661; x_wconf 93' lang='grc' dir='ltr'>ΙΙ.</span> <span class='ocrx_word' id='word_1_123' title='bbox 510 1623 731 1663; x_wconf 76' lang='lat' dir='ltr'>Nocturno.</span> 
     </span>
    </p>
   </div>
   <div class='ocr_carea' id='block_1_4' title="bbox 130 1683 955 2297">
    <p class='ocr_par' dir='ltr' id='par_1_5' title="bbox 131 1683 954 1838">
     <span class='ocr_line' id='line_1_26' title="bbox 187 1683 954 1738; baseline 0.005 -15"><span class='ocrx_word' id='word_1_124' title='bbox 187 1683 284 1724; x_wconf 86' lang='lat' dir='ltr'>Ant.</span> <span class='ocrx_word' id='word_1_125' title='bbox 322 1684 537 1734; x_wconf 72' lang='lat' dir='ltr'>HerOdes,</span> <span class='ocrx_word' id='word_1_126' title='bbox 567 1685 720 1727; x_wconf 90' lang='lat' dir='ltr'>videns</span> <span class='ocrx_word' id='word_1_127' title='bbox 749 1685 954 1738; x_wconf 83' lang='lat' dir='ltr'>quoniam</span> 
     </span>
     <span class='ocr_line' id='line_1_27' title="bbox 131 1739 954 1838; baseline 0.005 -58"><span class='ocrx_word' id='word_1_128' title='bbox 131 1739 283 1838; x_wconf 56' lang='lat' dir='ltr'>illiiigus</span> <span class='ocrx_word' id='word_1_129' title='bbox 316 1746 432 1782; x_wconf 88' lang='lat' dir='ltr'>esset</span> <span class='ocrx_word' id='word_1_130' title='bbox 464 1754 489 1782; x_wconf 91' lang='lat' dir='ltr'>a</span> <span class='ocrx_word' id='word_1_131' title='bbox 519 1741 676 1792; x_wconf 87' lang='lat' dir='ltr'>Magis,</span> <span class='ocrx_word' id='word_1_132' title='bbox 716 1742 854 1784; x_wconf 91' lang='lat' dir='ltr'>iratus</span> <span class='ocrx_word' id='word_1_133' title='bbox 888 1747 954 1784; x_wconf 85' lang='lat' dir='ltr'>est</span> 
     </span>
     <span class='ocr_line' id='line_1_28' title="bbox 131 1809 269 1838; baseline 0 -1"><span class='ocrx_word' id='word_1_134' title='bbox 131 1809 185 1837; x_wconf 90' lang='lat' dir='ltr'>va</span> <span class='ocrx_word' id='word_1_135' title='bbox 235 1809 269 1838; x_wconf 89' lang='lat' dir='ltr'>e.</span> 
     </span>
    </p>

    <p class='ocr_par' dir='ltr' id='par_1_6' title="bbox 130 1852 955 2019">
     <span class='ocr_line' id='line_1_29' title="bbox 185 1852 955 1905; baseline 0.004 -12"><span class='ocrx_word' id='word_1_136' title='bbox 185 1852 283 1894; x_wconf 88' lang='lat' dir='ltr'><strong>Ant.</strong></span> <span class='ocrx_word' id='word_1_137' title='bbox 323 1852 498 1895; x_wconf 85' lang='lat' dir='ltr'>Mittens</span> <span class='ocrx_word' id='word_1_138' title='bbox 535 1855 753 1905; x_wconf 81' lang='lat' dir='ltr'>Her6des,</span> <span class='ocrx_word' id='word_1_139' title='bbox 792 1853 955 1896; x_wconf 89' lang='lat' dir='ltr'>occidit</span> 
     </span>
     <span class='ocr_line' id='line_1_30' title="bbox 132 1910 953 1964; baseline 0.002 -14"><span class='ocrx_word' id='word_1_140' title='bbox 132 1921 283 1950; x_wconf 87' lang='lat' dir='ltr'>omnes</span> <span class='ocrx_word' id='word_1_141' title='bbox 306 1912 484 1961; x_wconf 80' lang='lat' dir='ltr'>pueros,</span> <span class='ocrx_word' id='word_1_142' title='bbox 512 1911 587 1964; x_wconf 93' lang='lat' dir='ltr'>qui</span> <span class='ocrx_word' id='word_1_143' title='bbox 614 1916 737 1953; x_wconf 89' lang='lat' dir='ltr'>erant</span> <span class='ocrx_word' id='word_1_144' title='bbox 758 1912 802 1952; x_wconf 91' lang='lat' dir='ltr'>in</span> <span class='ocrx_word' id='word_1_145' title='bbox 824 1910 953 1953; x_wconf 76' lang='lat' dir='ltr'>Beth-</span> 
     </span>
     <span class='ocr_line' id='line_1_31' title="bbox 130 1964 913 2019; baseline 0.003 -14"><span class='ocrx_word' id='word_1_146' title='bbox 130 1964 274 2007; x_wconf 90' lang='lat' dir='ltr'>lehem</span> <span class='ocrx_word' id='word_1_147' title='bbox 292 1970 335 2006; x_wconf 92' lang='lat' dir='ltr'>et</span> <span class='ocrx_word' id='word_1_148' title='bbox 352 1965 396 2005; x_wconf 93' lang='lat' dir='ltr'>in</span> <span class='ocrx_word' id='word_1_149' title='bbox 416 1967 615 2009; x_wconf 71' lang='lat' dir='ltr'>Omnibus</span> <span class='ocrx_word' id='word_1_150' title='bbox 632 1967 792 2009; x_wconf 87' lang='lat' dir='ltr'>finibus</span> <span class='ocrx_word' id='word_1_151' title='bbox 812 1968 913 2019; x_wconf 86' lang='lat' dir='ltr'>ejus.</span> 
     </span>
    </p>

    <p class='ocr_par' dir='ltr' id='par_1_7' title="bbox 131 2022 955 2176">
     <span class='ocr_line' id='line_1_32' title="bbox 190 2022 955 2065; baseline 0.003 -2"><span class='ocrx_word' id='word_1_152' title='bbox 190 2023 286 2064; x_wconf 90' lang='lat' dir='ltr'>Ant.</span> <span class='ocrx_word' id='word_1_153' title='bbox 323 2024 363 2064; x_wconf 94' lang='lat' dir='ltr'><strong>A</strong></span> <span class='ocrx_word' id='word_1_154' title='bbox 393 2022 559 2065; x_wconf 90' lang='lat' dir='ltr'>bimatu</span> <span class='ocrx_word' id='word_1_155' title='bbox 586 2029 630 2065; x_wconf 85' lang='lat' dir='ltr'>et</span> <span class='ocrx_word' id='word_1_156' title='bbox 657 2024 768 2065; x_wconf 91' lang='lat' dir='ltr'>infra</span> <span class='ocrx_word' id='word_1_157' title='bbox 794 2023 955 2065; x_wconf 92' lang='lat' dir='ltr'>occidit</span> 
     </span>
     <span class='ocr_line' id='line_1_33' title="bbox 131 2079 955 2133; baseline 0.001 -14"><span class='ocrx_word' id='word_1_158' title='bbox 131 2079 291 2120; x_wconf 77' lang='lat' dir='ltr'>multos</span> <span class='ocrx_word' id='word_1_159' title='bbox 331 2082 494 2132; x_wconf 81' lang='lat' dir='ltr'>pueros</span> <span class='ocrx_word' id='word_1_160' title='bbox 530 2079 732 2128; x_wconf 79' lang='lat' dir='ltr'>Herodes</span> <span class='ocrx_word' id='word_1_161' title='bbox 772 2085 955 2133; x_wconf 86' lang='lat' dir='ltr'>propter</span> 
     </span>
     <span class='ocr_line' id='line_1_34' title="bbox 132 2135 378 2176; baseline 0.004 -1"><span class='ocrx_word' id='word_1_162' title='bbox 132 2135 378 2176; x_wconf 86' lang='lat' dir='ltr'>Dominum.</span> 
     </span>
    </p>

    <p class='ocr_par' dir='ltr' id='par_1_8' title="bbox 137 2184 955 2297">
     <span class='ocr_line' id='line_1_35' title="bbox 187 2184 955 2235; baseline -0.004 0"><span class='ocrx_word' id='word_1_163' title='bbox 187 2184 236 2235; x_wconf 64' lang='lat' dir='ltr'>V.</span> <span class='ocrx_word' id='word_1_164' title='bbox 286 2191 390 2233; x_wconf 84' lang='lat' dir='ltr'>Vox</span> <span class='ocrx_word' id='word_1_165' title='bbox 433 2191 477 2232; x_wconf 91' lang='lat' dir='ltr'>in</span> <span class='ocrx_word' id='word_1_166' title='bbox 513 2193 652 2234; x_wconf 89' lang='lat' dir='ltr'>Rama</span> <span class='ocrx_word' id='word_1_167' title='bbox 693 2192 842 2234; x_wconf 89' lang='lat' dir='ltr'>audita</span> <span class='ocrx_word' id='word_1_168' title='bbox 878 2197 955 2234; x_wconf 89' lang='lat' dir='ltr'>est.</span> 
     </span>
     <span class='ocr_line' id='line_1_36' title="bbox 137 2246 896 2297; baseline 0.004 -11"><span class='ocrx_word' id='word_1_169' title='bbox 137 2246 185 2297; x_wconf 68' lang='lat' dir='ltr'>Rz.</span> <span class='ocrx_word' id='word_1_170' title='bbox 210 2247 412 2289; x_wconf 88' lang='lat' dir='ltr'>Ploratus</span> <span class='ocrx_word' id='word_1_171' title='bbox 442 2253 487 2290; x_wconf 90' lang='lat' dir='ltr'>et</span> <span class='ocrx_word' id='word_1_172' title='bbox 512 2249 701 2291; x_wconf 90' lang='lat' dir='ltr'>ululatus</span> <span class='ocrx_word' id='word_1_173' title='bbox 723 2249 896 2290; x_wconf 85' lang='lat' dir='ltr'>multus.</span> 
     </span>
    </p>
   </div>
   <div class='ocr_carea' id='block_1_5' title="bbox 137 2325 955 2675">
    <p class='ocr_par' dir='ltr' id='par_1_9' title="bbox 137 2325 955 2675">
     <span class='ocr_line' id='line_1_37' title="bbox 195 2325 883 2379; baseline 0.003 -14"><span class='ocrx_word' id='word_1_174' title='bbox 195 2325 347 2367; x_wconf 89' lang='lat' dir='ltr'>Sermo</span> <span class='ocrx_word' id='word_1_175' title='bbox 377 2326 515 2368; x_wconf 89' lang='lat' dir='ltr'>sancti</span> <span class='ocrx_word' id='word_1_176' title='bbox 542 2327 721 2368; x_wconf 88' lang='lat' dir='ltr'>Joannis</span> <span class='ocrx_word' id='word_1_177' title='bbox 750 2327 883 2379; x_wconf 90' lang='lat' dir='ltr'>Chry-</span> 
     </span>
     <span class='ocr_line' id='line_1_38' title="bbox 446 2384 639 2425; baseline 0.005 -2"><span class='ocrx_word' id='word_1_178' title='bbox 446 2384 639 2425; x_wconf 82' lang='lat' dir='ltr'>sostomi.</span> 
     </span>
     <span class='ocr_line' id='line_1_39' title="bbox 280 2440 808 2475; baseline 0.002 -1"><span class='ocrx_word' id='word_1_179' title='bbox 280 2440 449 2475; x_wconf 84' lang='lat' dir='ltr'>Homilia</span> <span class='ocrx_word' id='word_1_180' title='bbox 470 2441 501 2475; x_wconf 75' lang='lat'>8.</span> <span class='ocrx_word' id='word_1_181' title='bbox 521 2441 558 2475; x_wconf 85' lang='lat' dir='ltr'>in</span> <span class='ocrx_word' id='word_1_182' title='bbox 571 2441 808 2475; x_wconf 46' lang='lat' dir='ltr'>filatthaeum.</span> 
     </span>
     <span class='ocr_line' id='line_1_40' title="bbox 434 2494 656 2535; baseline 0 -1"><span class='ocrx_word' id='word_1_183' title='bbox 434 2494 584 2535; x_wconf 84' lang='lat' dir='ltr'>Lectio</span> <span class='ocrx_word' id='word_1_184' title='bbox 604 2495 656 2535; x_wconf 85' lang='lat' dir='ltr'>iv.</span> 
     </span>
     <span class='ocr_line' id='line_1_41' title="bbox 137 2550 953 2604; baseline -0.005 -10"><span class='ocrx_word' id='word_1_185' title='bbox 137 2554 179 2595; x_wconf 61' lang='lat' dir='ltr'><em>f</em></span> <span class='ocrx_word' id='word_1_186' title='bbox 184 2554 242 2604; x_wconf 57' lang='lat' dir='ltr'>gss-T‘Jl</span> <span class='ocrx_word' id='word_1_187' title='bbox 248 2564 299 2591; x_wconf 92' lang='lat' dir='ltr'>ur</span> <span class='ocrx_word' id='word_1_188' title='bbox 313 2551 356 2591; x_wconf 93' lang='lat' dir='ltr'>in</span> <span class='ocrx_word' id='word_1_189' title='bbox 370 2552 612 2604; x_wconf 70' lang='lat' dir='ltr'>AEgyptum</span> <span class='ocrx_word' id='word_1_190' title='bbox 625 2565 734 2604; x_wconf 85' lang='lat' dir='ltr'>puer</span> <span class='ocrx_word' id='word_1_191' title='bbox 749 2550 953 2592; x_wconf 84' lang='lat' dir='ltr'>mittitur?</span> 
     </span>
     <span class='ocr_line' id='line_1_42' title="bbox 137 2591 955 2675; baseline -0.001 -27"><span class='ocrx_word' id='word_1_192' title='bbox 137 2591 244 2675; x_wconf 33' lang='lat' dir='ltr'>{ssa}</span> <span class='ocrx_word' id='word_1_193' title='bbox 267 2607 453 2648; x_wconf 83' lang='lat' dir='ltr'>Causam</span> <span class='ocrx_word' id='word_1_194' title='bbox 496 2609 540 2647; x_wconf 94' lang='lat' dir='ltr'>in</span> <span class='ocrx_word' id='word_1_195' title='bbox 581 2607 731 2660; x_wconf 90' lang='lat' dir='ltr'>primis</span> <span class='ocrx_word' id='word_1_196' title='bbox 771 2606 955 2659; x_wconf 85' lang='lat' dir='ltr'>protulit</span> 
     </span>
    </p>
   </div>
   <div class='ocr_carea' id='block_1_6' title="bbox 134 2662 955 2771">
    <p class='ocr_par' dir='ltr' id='par_1_10' title="bbox 134 2662 955 2771">
     <span class='ocr_line' id='line_1_43' title="bbox 266 2662 953 2714; baseline 0 -12"><span class='ocrx_word' id='word_1_197' title='bbox 266 2663 544 2714; x_wconf 88' lang='lat' dir='ltr'>Evangelista</span> <span class='ocrx_word' id='word_1_198' title='bbox 581 2663 744 2704; x_wconf 89' lang='lat' dir='ltr'>dicens:</span> <span class='ocrx_word' id='word_1_199' title='bbox 789 2662 847 2704; x_wconf 90' lang='lat' dir='ltr'>Ut</span> <span class='ocrx_word' id='word_1_200' title='bbox 878 2662 953 2702; x_wconf 94' lang='lat' dir='ltr'>im-</span> 
     </span>
     <span class='ocr_line' id='line_1_44' title="bbox 134 2716 955 2771; baseline 0.002 -14"><span class='ocrx_word' id='word_1_201' title='bbox 134 2716 327 2769; x_wconf 82' lang='lat' dir='ltr'>pleretur</span> <span class='ocrx_word' id='word_1_202' title='bbox 348 2718 469 2760; x_wconf 90' lang='lat' dir='ltr'>illud:</span> <span class='ocrx_word' id='word_1_203' title='bbox 496 2719 563 2759; x_wconf 86' lang='lat' dir='ltr'>Ex</span> <span class='ocrx_word' id='word_1_204' title='bbox 582 2719 776 2771; x_wconf 75' lang='lat' dir='ltr'>AEgypto</span> <span class='ocrx_word' id='word_1_205' title='bbox 800 2717 955 2759; x_wconf 83' lang='lat' dir='ltr'>vocavi</span> 
     </span>
    </p>
   </div>
   <div class='ocr_carea' id='block_1_7' title="bbox 799 205 1487 249">
    <p class='ocr_par' dir='ltr' id='par_1_11' title="bbox 799 205 1487 249">
     <span class='ocr_line' id='line_1_45' title="bbox 799 205 1487 249; baseline 0.003 -11"><span class='ocrx_word' id='word_1_206' title='bbox 799 205 917 247; x_wconf 75' lang='lat' dir='ltr'>Fugae</span> <span class='ocrx_word' id='word_1_207' title='bbox 944 205 987 238; x_wconf 89' lang='lat' dir='ltr'>D.</span> <span class='ocrx_word' id='word_1_208' title='bbox 1012 205 1055 238; x_wconf 87' lang='lat' dir='ltr'>N.</span> <span class='ocrx_word' id='word_1_209' title='bbox 1082 205 1114 238; x_wconf 82' lang='lat' dir='ltr'>J.</span> <span class='ocrx_word' id='word_1_210' title='bbox 1141 206 1179 239; x_wconf 90' lang='lat' dir='ltr'>C.</span> <span class='ocrx_word' id='word_1_211' title='bbox 1206 207 1241 239; x_wconf 86' lang='lat' dir='ltr'>in</span> <span class='ocrx_word' id='word_1_212' title='bbox 1268 207 1487 249; x_wconf 34' lang='lat' dir='ltr'>*Egyptunr</span> 
     </span>
    </p>
   </div>
   <div class='ocr_carea' id='block_1_8' title="bbox 1005 297 1833 2770">
    <p class='ocr_par' dir='ltr' id='par_1_12' title="bbox 1005 297 1833 1535">
     <span class='ocr_line' id='line_1_46' title="bbox 1005 297 1830 350; baseline 0.001 -12"><span class='ocrx_word' id='word_1_213' title='bbox 1005 297 1162 338; x_wconf 90' lang='lat' dir='ltr'>Filium</span> <span class='ocrx_word' id='word_1_214' title='bbox 1175 310 1334 348; x_wconf 87' lang='lat' dir='ltr'>meum;</span> <span class='ocrx_word' id='word_1_215' title='bbox 1354 298 1569 350; x_wconf 84' lang='lat' dir='ltr'>simulque</span> <span class='ocrx_word' id='word_1_216' title='bbox 1588 298 1716 340; x_wconf 87' lang='lat' dir='ltr'>bonae</span> <span class='ocrx_word' id='word_1_217' title='bbox 1736 298 1830 350; x_wconf 88' lang='lat' dir='ltr'>spei</span> 
     </span>
     <span class='ocr_line' id='line_1_47' title="bbox 1006 354 1828 407; baseline 0 -13"><span class='ocrx_word' id='word_1_218' title='bbox 1006 354 1223 406; x_wconf 78' lang='lat' dir='ltr'>prooemia</span> <span class='ocrx_word' id='word_1_219' title='bbox 1248 354 1331 395; x_wconf 90' lang='lat' dir='ltr'>toti</span> <span class='ocrx_word' id='word_1_220' title='bbox 1359 354 1455 395; x_wconf 94' lang='lat' dir='ltr'>orbi</span> <span class='ocrx_word' id='word_1_221' title='bbox 1479 354 1828 407; x_wconf 82' lang='lat' dir='ltr'>praenuntiaban-</span> 
     </span>
     <span class='ocr_line' id='line_1_48' title="bbox 1005 409 1830 462; baseline 0 -11"><span class='ocrx_word' id='word_1_222' title='bbox 1005 415 1086 451; x_wconf 91' lang='lat' dir='ltr'>tur.</span> <span class='ocrx_word' id='word_1_223' title='bbox 1124 410 1234 459; x_wconf 88' lang='lat' dir='ltr'>Quia</span> <span class='ocrx_word' id='word_1_224' title='bbox 1263 410 1375 451; x_wconf 90' lang='lat' dir='ltr'>enim</span> <span class='ocrx_word' id='word_1_225' title='bbox 1400 409 1602 462; x_wconf 83' lang='lat' dir='ltr'>Babylon</span> <span class='ocrx_word' id='word_1_226' title='bbox 1630 416 1674 452; x_wconf 91' lang='lat' dir='ltr'>et</span> <span class='ocrx_word' id='word_1_227' title='bbox 1698 411 1830 462; x_wconf 68' lang='lat' dir='ltr'>AEgy—</span> 
     </span>
     <span class='ocr_line' id='line_1_49' title="bbox 1005 465 1829 519; baseline 0 -12"><span class='ocrx_word' id='word_1_228' title='bbox 1005 471 1108 518; x_wconf 92' lang='lat' dir='ltr'>ptus</span> <span class='ocrx_word' id='word_1_229' title='bbox 1134 465 1368 519; x_wconf 92' lang='lat' dir='ltr'>plusquam</span> <span class='ocrx_word' id='word_1_230' title='bbox 1394 466 1586 517; x_wconf 64' lang='lat' dir='ltr'>reliquus</span> <span class='ocrx_word' id='word_1_231' title='bbox 1612 466 1730 508; x_wconf 91' lang='lat' dir='ltr'>orbis</span> <span class='ocrx_word' id='word_1_232' title='bbox 1755 467 1829 507; x_wconf 92' lang='lat' dir='ltr'>im-</span> 
     </span>
     <span class='ocr_line' id='line_1_50' title="bbox 1006 522 1829 575; baseline -0.001 -11"><span class='ocrx_word' id='word_1_233' title='bbox 1006 523 1182 575; x_wconf 89' lang='lat' dir='ltr'>pietatis</span> <span class='ocrx_word' id='word_1_234' title='bbox 1211 522 1422 564; x_wconf 80' lang='lat' dir='ltr'>ardebant</span> <span class='ocrx_word' id='word_1_235' title='bbox 1450 522 1638 572; x_wconf 87' lang='lat' dir='ltr'>flamma,</span> <span class='ocrx_word' id='word_1_236' title='bbox 1676 522 1730 564; x_wconf 91' lang='lat' dir='ltr'>ab</span> <span class='ocrx_word' id='word_1_237' title='bbox 1760 536 1829 565; x_wconf 88' lang='lat' dir='ltr'>ex-</span> 
     </span>
     <span class='ocr_line' id='line_1_51' title="bbox 1008 574 1830 628; baseline 0.001 -9"><span class='ocrx_word' id='word_1_238' title='bbox 1008 577 1134 620; x_wconf 86' lang='lat' dir='ltr'>ordio</span> <span class='ocrx_word' id='word_1_239' title='bbox 1177 578 1420 628; x_wconf 82' lang='lat' dir='ltr'>declaranS,</span> <span class='ocrx_word' id='word_1_240' title='bbox 1462 591 1509 620; x_wconf 88' lang='lat' dir='ltr'>se</span> <span class='ocrx_word' id='word_1_241' title='bbox 1544 574 1697 620; x_wconf 75' lang='lat' dir='ltr'>ambas</span> <span class='ocrx_word' id='word_1_242' title='bbox 1735 579 1830 620; x_wconf 92' lang='lat' dir='ltr'>illas</span> 
     </span>
     <span class='ocr_line' id='line_1_52' title="bbox 1007 635 1829 686; baseline 0.002 -11"><span class='ocrx_word' id='word_1_243' title='bbox 1007 635 1207 686; x_wconf 84' lang='lat' dir='ltr'>regiones</span> <span class='ocrx_word' id='word_1_244' title='bbox 1231 635 1574 684; x_wconf 82' lang='lat' dir='ltr'>emendaturum,</span> <span class='ocrx_word' id='word_1_245' title='bbox 1602 640 1644 677; x_wconf 91' lang='lat' dir='ltr'>et</span> <span class='ocrx_word' id='word_1_246' title='bbox 1668 635 1724 676; x_wconf 91' lang='lat' dir='ltr'>ad</span> <span class='ocrx_word' id='word_1_247' title='bbox 1744 648 1829 677; x_wconf 93' lang='lat' dir='ltr'>me-</span> 
     </span>
     <span class='ocr_line' id='line_1_53' title="bbox 1006 691 1830 744; baseline 0.002 -13"><span class='ocrx_word' id='word_1_248' title='bbox 1006 691 1115 732; x_wconf 85' lang='lat' dir='ltr'>liora</span> <span class='ocrx_word' id='word_1_249' title='bbox 1152 691 1456 742; x_wconf 80' lang='lat' dir='ltr'>deducturum,</span> <span class='ocrx_word' id='word_1_250' title='bbox 1501 691 1715 744; x_wconf 81' lang='lat' dir='ltr'>simulque</span> <span class='ocrx_word' id='word_1_251' title='bbox 1751 705 1830 744; x_wconf 90' lang='lat' dir='ltr'>per</span> 
     </span>
     <span class='ocr_line' id='line_1_54' title="bbox 1007 747 1831 790; baseline 0 -2"><span class='ocrx_word' id='word_1_252' title='bbox 1007 747 1102 789; x_wconf 88' lang='lat' dir='ltr'>haec</span> <span class='ocrx_word' id='word_1_253' title='bbox 1129 748 1324 790; x_wconf 89' lang='lat' dir='ltr'>indicans</span> <span class='ocrx_word' id='word_1_254' title='bbox 1353 748 1482 790; x_wconf 75' lang='lat' dir='ltr'>etiam</span> <span class='ocrx_word' id='word_1_255' title='bbox 1511 748 1592 789; x_wconf 90' lang='lat' dir='ltr'>toti</span> <span class='ocrx_word' id='word_1_256' title='bbox 1619 750 1831 789; x_wconf 90' lang='lat' dir='ltr'>terrarum</span> 
     </span>
     <span class='ocr_line' id='line_1_55' title="bbox 1007 803 1830 857; baseline 0 -12"><span class='ocrx_word' id='word_1_257' title='bbox 1007 804 1102 846; x_wconf 92' lang='lat' dir='ltr'>orbi</span> <span class='ocrx_word' id='word_1_258' title='bbox 1115 804 1231 846; x_wconf 89' lang='lat' dir='ltr'>bona</span> <span class='ocrx_word' id='word_1_259' title='bbox 1247 803 1543 857; x_wconf 83' lang='lat' dir='ltr'>exspectanda</span> <span class='ocrx_word' id='word_1_260' title='bbox 1559 816 1665 854; x_wconf 85' lang='lat' dir='ltr'>esse,</span> <span class='ocrx_word' id='word_1_261' title='bbox 1685 808 1728 845; x_wconf 91' lang='lat' dir='ltr'>et</span> <span class='ocrx_word' id='word_1_262' title='bbox 1743 804 1830 845; x_wconf 90' lang='lat' dir='ltr'>Ma-</span> 
     </span>
     <span class='ocr_line' id='line_1_56' title="bbox 1006 860 1833 914; baseline 0.001 -13"><span class='ocrx_word' id='word_1_263' title='bbox 1006 873 1086 911; x_wconf 87' lang='lat' dir='ltr'>gos</span> <span class='ocrx_word' id='word_1_264' title='bbox 1112 861 1243 911; x_wconf 89' lang='lat' dir='ltr'>misit,</span> <span class='ocrx_word' id='word_1_265' title='bbox 1279 866 1321 903; x_wconf 92' lang='lat' dir='ltr'>et</span> <span class='ocrx_word' id='word_1_266' title='bbox 1346 861 1441 914; x_wconf 87' lang='lat' dir='ltr'>ipse</span> <span class='ocrx_word' id='word_1_267' title='bbox 1468 874 1566 902; x_wconf 93' lang='lat' dir='ltr'>cum</span> <span class='ocrx_word' id='word_1_268' title='bbox 1588 860 1729 902; x_wconf 86' lang='lat' dir='ltr'>Matre</span> <span class='ocrx_word' id='word_1_269' title='bbox 1755 874 1833 902; x_wconf 90' lang='lat' dir='ltr'>sua</span> 
     </span>
     <span class='ocr_line' id='line_1_57' title="bbox 1007 917 1832 971; baseline -0.001 -12"><span class='ocrx_word' id='word_1_270' title='bbox 1007 918 1230 971; x_wconf 80' lang='lat' dir='ltr'>profectus</span> <span class='ocrx_word' id='word_1_271' title='bbox 1259 922 1335 958; x_wconf 88' lang='lat' dir='ltr'>est.</span> <span class='ocrx_word' id='word_1_272' title='bbox 1369 917 1442 959; x_wconf 94' lang='lat' dir='ltr'>Ad</span> <span class='ocrx_word' id='word_1_273' title='bbox 1466 917 1562 958; x_wconf 86' lang='lat' dir='ltr'>haec</span> <span class='ocrx_word' id='word_1_274' title='bbox 1585 929 1689 958; x_wconf 85' lang='lat' dir='ltr'>vero</span> <span class='ocrx_word' id='word_1_275' title='bbox 1714 917 1832 958; x_wconf 90' lang='lat' dir='ltr'>aliud</span> 
     </span>
     <span class='ocr_line' id='line_1_58' title="bbox 1008 972 1830 1026; baseline -0.002 -11"><span class='ocrx_word' id='word_1_276' title='bbox 1008 975 1138 1016; x_wconf 80' lang='lat' dir='ltr'>etiam</span> <span class='ocrx_word' id='word_1_277' title='bbox 1155 973 1256 1015; x_wconf 86' lang='lat' dir='ltr'>inde</span> <span class='ocrx_word' id='word_1_278' title='bbox 1275 973 1494 1023; x_wconf 79' lang='lat' dir='ltr'>docemur,</span> <span class='ocrx_word' id='word_1_279' title='bbox 1515 972 1634 1025; x_wconf 93' lang='lat' dir='ltr'>quod</span> <span class='ocrx_word' id='word_1_280' title='bbox 1653 986 1739 1014; x_wconf 95' lang='lat' dir='ltr'>non</span> <span class='ocrx_word' id='word_1_281' title='bbox 1758 987 1830 1026; x_wconf 92' lang='lat' dir='ltr'>pa-</span> 
     </span>
     <span class='ocr_line' id='line_1_59' title="bbox 1008 1030 1832 1083; baseline 0 -12"><span class='ocrx_word' id='word_1_282' title='bbox 1008 1044 1103 1072; x_wconf 90' lang='lat' dir='ltr'>rum</span> <span class='ocrx_word' id='word_1_283' title='bbox 1130 1043 1210 1072; x_wconf 91' lang='lat' dir='ltr'>nos</span> <span class='ocrx_word' id='word_1_284' title='bbox 1238 1030 1295 1072; x_wconf 88' lang='lat' dir='ltr'>ad</span> <span class='ocrx_word' id='word_1_285' title='bbox 1321 1030 1646 1083; x_wconf 85' lang='lat' dir='ltr'>philosophiam</span> <span class='ocrx_word' id='word_1_286' title='bbox 1674 1030 1832 1071; x_wconf 90' lang='lat' dir='ltr'>incitet.</span> 
     </span>
     <span class='ocr_line' id='line_1_60' title="bbox 1008 1085 1832 1138; baseline -0.004 -9"><span class='ocrx_word' id='word_1_287' title='bbox 1008 1088 1238 1138; x_wconf 89' lang='lat' dir='ltr'>Quodnam</span> <span class='ocrx_word' id='word_1_288' title='bbox 1257 1085 1388 1128; x_wconf 86' lang='lat' dir='ltr'>illud?</span> <span class='ocrx_word' id='word_1_289' title='bbox 1417 1085 1546 1136; x_wconf 91' lang='lat' dir='ltr'>Quod</span> <span class='ocrx_word' id='word_1_290' title='bbox 1566 1086 1620 1127; x_wconf 90' lang='lat' dir='ltr'>ab</span> <span class='ocrx_word' id='word_1_291' title='bbox 1640 1085 1737 1138; x_wconf 90' lang='lat' dir='ltr'>ipso</span> <span class='ocrx_word' id='word_1_292' title='bbox 1757 1086 1832 1127; x_wconf 87' lang='lat' dir='ltr'>ini-</span> 
     </span>
     <span class='ocr_line' id='line_1_61' title="bbox 1006 1142 1832 1195; baseline -0.002 -9"><span class='ocrx_word' id='word_1_293' title='bbox 1006 1144 1068 1186; x_wconf 90' lang='lat' dir='ltr'>tio</span> <span class='ocrx_word' id='word_1_294' title='bbox 1092 1144 1355 1186; x_wconf 85' lang='lat' dir='ltr'>tentationes</span> <span class='ocrx_word' id='word_1_295' title='bbox 1380 1148 1423 1185; x_wconf 88' lang='lat' dir='ltr'>et</span> <span class='ocrx_word' id='word_1_296' title='bbox 1444 1142 1639 1195; x_wconf 89' lang='lat' dir='ltr'>pericula</span> <span class='ocrx_word' id='word_1_297' title='bbox 1659 1142 1742 1184; x_wconf 90' lang='lat' dir='ltr'>sint</span> <span class='ocrx_word' id='word_1_298' title='bbox 1762 1155 1832 1184; x_wconf 85' lang='lat' dir='ltr'>ex-</span> 
     </span>
     <span class='ocr_line' id='line_1_62' title="bbox 1008 1197 1833 1253; baseline -0.002 -12"><span class='ocrx_word' id='word_1_299' title='bbox 1008 1200 1257 1253; x_wconf 89' lang='lat' dir='ltr'>spectanda.</span> <span class='ocrx_word' id='word_1_300' title='bbox 1303 1198 1418 1241; x_wconf 88' lang='lat' dir='ltr'>Vide</span> <span class='ocrx_word' id='word_1_301' title='bbox 1445 1211 1650 1250; x_wconf 90' lang='lat' dir='ltr'>namque,</span> <span class='ocrx_word' id='word_1_302' title='bbox 1677 1197 1722 1240; x_wconf 93' lang='lat' dir='ltr'>id</span> <span class='ocrx_word' id='word_1_303' title='bbox 1750 1199 1833 1251; x_wconf 89' lang='lat' dir='ltr'>ipsi</span> 
     </span>
     <span class='ocr_line' id='line_1_63' title="bbox 1008 1255 1832 1298; baseline -0.001 0"><span class='ocrx_word' id='word_1_304' title='bbox 1008 1257 1062 1298; x_wconf 91' lang='lat' dir='ltr'>ab</span> <span class='ocrx_word' id='word_1_305' title='bbox 1081 1256 1352 1298; x_wconf 88' lang='lat' dir='ltr'>incunabulis</span> <span class='ocrx_word' id='word_1_306' title='bbox 1372 1255 1593 1297; x_wconf 83' lang='lat' dir='ltr'>accidisse.</span> <span class='ocrx_word' id='word_1_307' title='bbox 1625 1255 1739 1295; x_wconf 89' lang='lat' dir='ltr'>Nam</span> <span class='ocrx_word' id='word_1_308' title='bbox 1757 1255 1832 1297; x_wconf 93' lang='lat' dir='ltr'>illo</span> 
     </span>
     <span class='ocr_line' id='line_1_64' title="bbox 1007 1311 1833 1364; baseline 0 -11"><span class='ocrx_word' id='word_1_309' title='bbox 1007 1319 1110 1355; x_wconf 89' lang='lat' dir='ltr'>nato</span> <span class='ocrx_word' id='word_1_310' title='bbox 1139 1313 1240 1354; x_wconf 91' lang='lat' dir='ltr'>furit</span> <span class='ocrx_word' id='word_1_311' title='bbox 1266 1315 1491 1364; x_wconf 87' lang='lat' dir='ltr'>tyrannus,</span> <span class='ocrx_word' id='word_1_312' title='bbox 1524 1311 1624 1352; x_wconf 91' lang='lat' dir='ltr'>hinc</span> <span class='ocrx_word' id='word_1_313' title='bbox 1656 1311 1757 1362; x_wconf 86' lang='lat' dir='ltr'>fuga</span> <span class='ocrx_word' id='word_1_314' title='bbox 1790 1317 1833 1353; x_wconf 90' lang='lat' dir='ltr'>et</span> 
     </span>
     <span class='ocr_line' id='line_1_65' title="bbox 1006 1367 1832 1420; baseline -0.001 -10"><span class='ocrx_word' id='word_1_315' title='bbox 1006 1369 1329 1420; x_wconf 81' lang='lat' dir='ltr'>transmigratio</span> <span class='ocrx_word' id='word_1_316' title='bbox 1358 1369 1401 1409; x_wconf 91' lang='lat' dir='ltr'>in</span> <span class='ocrx_word' id='word_1_317' title='bbox 1430 1368 1568 1410; x_wconf 82' lang='lat' dir='ltr'>exsilii</span> <span class='ocrx_word' id='word_1_318' title='bbox 1595 1367 1759 1417; x_wconf 92' lang='lat' dir='ltr'>locum,</span> <span class='ocrx_word' id='word_1_319' title='bbox 1789 1374 1832 1409; x_wconf 94' lang='lat' dir='ltr'>et</span> 
     </span>
     <span class='ocr_line' id='line_1_66' title="bbox 1006 1424 1830 1475; baseline -0.001 -9"><span class='ocrx_word' id='word_1_320' title='bbox 1006 1426 1154 1468; x_wconf 93' lang='lat' dir='ltr'>insons</span> <span class='ocrx_word' id='word_1_321' title='bbox 1170 1426 1309 1467; x_wconf 88' lang='lat' dir='ltr'>Mater</span> <span class='ocrx_word' id='word_1_322' title='bbox 1328 1426 1371 1466; x_wconf 94' lang='lat' dir='ltr'>in</span> <span class='ocrx_word' id='word_1_323' title='bbox 1389 1424 1675 1466; x_wconf 84' lang='lat' dir='ltr'>barbarorum</span> <span class='ocrx_word' id='word_1_324' title='bbox 1694 1425 1830 1475; x_wconf 83' lang='lat' dir='ltr'>regio-</span> 
     </span>
     <span class='ocr_line' id='line_1_67' title="bbox 1007 1482 1389 1535; baseline -0.003 -12"><span class='ocrx_word' id='word_1_325' title='bbox 1007 1495 1106 1524; x_wconf 93' lang='lat' dir='ltr'>nem</span> <span class='ocrx_word' id='word_1_326' title='bbox 1126 1495 1172 1524; x_wconf 91' lang='lat' dir='ltr'>se</span> <span class='ocrx_word' id='word_1_327' title='bbox 1191 1482 1389 1535; x_wconf 83' lang='lat' dir='ltr'>proripit.</span> 
     </span>
    </p>

    <p class='ocr_par' dir='ltr' id='par_1_13' title="bbox 1006 1538 1831 1929">
     <span class='ocr_line' id='line_1_68' title="bbox 1063 1538 1830 1593; baseline -0.001 -13"><span class='ocrx_word' id='word_1_328' title='bbox 1063 1542 1113 1593; x_wconf 66' lang='lat' dir='ltr'>R.</span> <span class='ocrx_word' id='word_1_329' title='bbox 1135 1540 1345 1591; x_wconf 66' lang='lat' dir='ltr'>AEgypte‚</span> <span class='ocrx_word' id='word_1_330' title='bbox 1369 1538 1458 1580; x_wconf 93' lang='lat' dir='ltr'>noli</span> <span class='ocrx_word' id='word_1_331' title='bbox 1478 1539 1599 1588; x_wconf 89' lang='lat' dir='ltr'>flere,</span> <span class='ocrx_word' id='word_1_332' title='bbox 1624 1538 1725 1591; x_wconf 81' lang='lat' dir='ltr'>quia</span> <span class='ocrx_word' id='word_1_333' title='bbox 1742 1538 1830 1579; x_wconf 95' lang='lat' dir='ltr'>Do-</span> 
     </span>
     <span class='ocr_line' id='line_1_69' title="bbox 1006 1595 1831 1647; baseline -0.002 -10"><span class='ocrx_word' id='word_1_334' title='bbox 1006 1596 1193 1637; x_wconf 90' lang='lat' dir='ltr'>minator</span> <span class='ocrx_word' id='word_1_335' title='bbox 1211 1601 1312 1637; x_wconf 92' lang='lat' dir='ltr'>tuus</span> <span class='ocrx_word' id='word_1_336' title='bbox 1327 1595 1472 1636; x_wconf 78' lang='lat' dir='ltr'>veniet</span> <span class='ocrx_word' id='word_1_337' title='bbox 1488 1595 1576 1645; x_wconf 90' lang='lat' dir='ltr'>tibi,</span> <span class='ocrx_word' id='word_1_338' title='bbox 1596 1600 1695 1636; x_wconf 88' lang='lat' dir='ltr'>ante</span> <span class='ocrx_word' id='word_1_339' title='bbox 1712 1595 1831 1647; x_wconf 85' lang='lat' dir='ltr'>cujus</span> 
     </span>
     <span class='ocr_line' id='line_1_70' title="bbox 1007 1650 1831 1704; baseline -0.001 -11"><span class='ocrx_word' id='word_1_340' title='bbox 1007 1654 1292 1704; x_wconf 80' lang='lat' dir='ltr'>conspectum</span> <span class='ocrx_word' id='word_1_341' title='bbox 1316 1650 1608 1693; x_wconf 77' lang='lat' dir='ltr'>movebuntur</span> <span class='ocrx_word' id='word_1_342' title='bbox 1628 1651 1787 1704; x_wconf 69' lang='lat' dir='ltr'>abyssi,</span> <span class='ocrx_word' id='word_1_343' title='bbox 1810 1655 1831 1678; x_wconf 90' lang='lat'>*</span> 
     </span>
     <span class='ocr_line' id='line_1_71' title="bbox 1006 1707 1831 1761; baseline 0 -13"><span class='ocrx_word' id='word_1_344' title='bbox 1006 1707 1213 1750; x_wconf 87' lang='lat' dir='ltr'>Liberare</span> <span class='ocrx_word' id='word_1_345' title='bbox 1237 1707 1450 1761; x_wconf 77' lang='lat' dir='ltr'>populum</span> <span class='ocrx_word' id='word_1_346' title='bbox 1475 1721 1601 1749; x_wconf 93' lang='lat' dir='ltr'>suum</span> <span class='ocrx_word' id='word_1_347' title='bbox 1624 1708 1678 1749; x_wconf 91' lang='lat' dir='ltr'>de</span> <span class='ocrx_word' id='word_1_348' title='bbox 1702 1721 1831 1748; x_wconf 92' lang='lat' dir='ltr'>manu</span> 
     </span>
     <span class='ocr_line' id='line_1_72' title="bbox 1006 1760 1831 1816; baseline -0.001 -11"><span class='ocrx_word' id='word_1_349' title='bbox 1006 1764 1227 1816; x_wconf 78' lang='lat' dir='ltr'>potentiae.</span> <span class='ocrx_word' id='word_1_350' title='bbox 1252 1760 1301 1812; x_wconf 60' lang='lat' dir='ltr'>V.</span> <span class='ocrx_word' id='word_1_351' title='bbox 1323 1764 1438 1805; x_wconf 89' lang='lat' dir='ltr'>Ecce</span> <span class='ocrx_word' id='word_1_352' title='bbox 1457 1765 1602 1805; x_wconf 78' lang='lat' dir='ltr'>veniet</span> <span class='ocrx_word' id='word_1_353' title='bbox 1616 1764 1831 1805; x_wconf 85' lang='lat' dir='ltr'>Dominus</span> 
     </span>
     <span class='ocr_line' id='line_1_73' title="bbox 1007 1822 1830 1873; baseline -0.001 -11"><span class='ocrx_word' id='word_1_354' title='bbox 1007 1823 1291 1870; x_wconf 83' lang='lat' dir='ltr'>exercituum,</span> <span class='ocrx_word' id='word_1_355' title='bbox 1319 1822 1439 1862; x_wconf 92' lang='lat' dir='ltr'>Deus</span> <span class='ocrx_word' id='word_1_356' title='bbox 1462 1825 1563 1862; x_wconf 92' lang='lat' dir='ltr'>tuus</span> <span class='ocrx_word' id='word_1_357' title='bbox 1588 1834 1685 1862; x_wconf 89' lang='lat' dir='ltr'>cum</span> <span class='ocrx_word' id='word_1_358' title='bbox 1709 1825 1830 1873; x_wconf 90' lang='lat' dir='ltr'>pote-</span> 
     </span>
     <span class='ocr_line' id='line_1_74' title="bbox 1007 1878 1553 1929; baseline 0 -11"><span class='ocrx_word' id='word_1_359' title='bbox 1007 1879 1121 1923; x_wconf 91' lang='lat' dir='ltr'>state</span> <span class='ocrx_word' id='word_1_360' title='bbox 1139 1891 1305 1929; x_wconf 86' lang='lat' dir='ltr'>magna.</span> <span class='ocrx_word' id='word_1_361' title='bbox 1335 1878 1553 1919; x_wconf 89' lang='lat' dir='ltr'>Liberare.</span> 
     </span>
    </p>

    <p class='ocr_par' dir='ltr' id='par_1_14' title="bbox 1319 1934 1528 1975">
     <span class='ocr_line' id='line_1_75' title="bbox 1319 1934 1528 1975; baseline -0.005 0"><span class='ocrx_word' id='word_1_362' title='bbox 1319 1934 1470 1975; x_wconf 86' lang='lat' dir='ltr'>Lectio</span> <span class='ocrx_word' id='word_1_363' title='bbox 1492 1948 1528 1974; x_wconf 88' lang='lat' dir='ltr'>v.</span> 
     </span>
    </p>

    <p class='ocr_par' dir='ltr' id='par_1_15' title="bbox 1011 1985 1829 2091">
     <span class='ocr_line' id='line_1_76' title="bbox 1011 1985 1829 2091; baseline -0.004 -59"><span class='ocrx_word' id='word_1_364' title='bbox 1011 1985 1152 2091; x_wconf 90' lang='lat' dir='ltr'>Hoc</span> <span class='ocrx_word' id='word_1_365' title='bbox 1182 1990 1383 2043; x_wconf 74' lang='lat' dir='ltr'>exemplo</span> <span class='ocrx_word' id='word_1_366' title='bbox 1408 1989 1542 2031; x_wconf 82' lang='lat' dir='ltr'>fultus</span> <span class='ocrx_word' id='word_1_367' title='bbox 1573 1990 1741 2031; x_wconf 84' lang='lat' dir='ltr'>fortiter</span> <span class='ocrx_word' id='word_1_368' title='bbox 1773 1989 1829 2030; x_wconf 86' lang='lat' dir='ltr'>fe-</span> 
     </span>
    </p>

    <p class='ocr_par' dir='ltr' id='par_1_16' title="bbox 1006 2045 1831 2770">
     <span class='ocr_line' id='line_1_77' title="bbox 1125 2045 1830 2098; baseline -0.003 -11"><span class='ocrx_word' id='word_1_369' title='bbox 1125 2059 1212 2097; x_wconf 90' lang='lat' dir='ltr'>ras,</span> <span class='ocrx_word' id='word_1_370' title='bbox 1234 2059 1410 2097; x_wconf 87' lang='lat' dir='ltr'>gnarus,</span> <span class='ocrx_word' id='word_1_371' title='bbox 1429 2045 1541 2087; x_wconf 89' lang='lat' dir='ltr'>hanc</span> <span class='ocrx_word' id='word_1_372' title='bbox 1564 2059 1662 2087; x_wconf 90' lang='lat' dir='ltr'>cum</span> <span class='ocrx_word' id='word_1_373' title='bbox 1680 2045 1830 2098; x_wconf 91' lang='lat' dir='ltr'>primis</span> 
     </span>
     <span class='ocr_line' id='line_1_78' title="bbox 1009 2102 1829 2156; baseline -0.002 -12"><span class='ocrx_word' id='word_1_374' title='bbox 1009 2116 1105 2144; x_wconf 90' lang='lat' dir='ltr'>esse</span> <span class='ocrx_word' id='word_1_375' title='bbox 1129 2102 1420 2156; x_wconf 77' lang='lat' dir='ltr'>spiritualium</span> <span class='ocrx_word' id='word_1_376' title='bbox 1441 2102 1633 2143; x_wconf 86' lang='lat' dir='ltr'>virorum</span> <span class='ocrx_word' id='word_1_377' title='bbox 1656 2106 1829 2151; x_wconf 90' lang='lat' dir='ltr'>sortem,</span> 
     </span>
     <span class='ocr_line' id='line_1_79' title="bbox 1006 2158 1829 2211; baseline -0.004 -11"><span class='ocrx_word' id='word_1_378' title='bbox 1006 2164 1054 2201; x_wconf 92' lang='lat' dir='ltr'>ut</span> <span class='ocrx_word' id='word_1_379' title='bbox 1087 2159 1250 2211; x_wconf 87' lang='lat' dir='ltr'>ubique</span> <span class='ocrx_word' id='word_1_380' title='bbox 1280 2158 1592 2201; x_wconf 86' lang='lat' dir='ltr'>tentationibus</span> <span class='ocrx_word' id='word_1_381' title='bbox 1619 2158 1829 2210; x_wconf 92' lang='lat' dir='ltr'>impetan-</span> 
     </span>
     <span class='ocr_line' id='line_1_80' title="bbox 1006 2212 1830 2265; baseline -0.002 -9"><span class='ocrx_word' id='word_1_382' title='bbox 1006 2221 1087 2257; x_wconf 92' lang='lat' dir='ltr'>tur.</span> <span class='ocrx_word' id='word_1_383' title='bbox 1140 2214 1452 2257; x_wconf 79' lang='lat' dir='ltr'>Animadverte</span> <span class='ocrx_word' id='word_1_384' title='bbox 1483 2214 1630 2265; x_wconf 87' lang='lat' dir='ltr'>igitur,</span> <span class='ocrx_word' id='word_1_385' title='bbox 1666 2212 1711 2254; x_wconf 94' lang='lat' dir='ltr'>id</span> <span class='ocrx_word' id='word_1_386' title='bbox 1742 2226 1830 2255; x_wconf 92' lang='lat' dir='ltr'>non</span> 
     </span>
     <span class='ocr_line' id='line_1_81' title="bbox 1007 2268 1831 2319; baseline -0.004 -6"><span class='ocrx_word' id='word_1_387' title='bbox 1007 2272 1149 2313; x_wconf 90' lang='lat' dir='ltr'>solum</span> <span class='ocrx_word' id='word_1_388' title='bbox 1180 2271 1310 2313; x_wconf 82' lang='lat' dir='ltr'>Pueri</span> <span class='ocrx_word' id='word_1_389' title='bbox 1341 2270 1469 2312; x_wconf 89' lang='lat' dir='ltr'>Matri</span> <span class='ocrx_word' id='word_1_390' title='bbox 1501 2268 1716 2319; x_wconf 89' lang='lat' dir='ltr'>accidere,</span> <span class='ocrx_word' id='word_1_391' title='bbox 1751 2269 1831 2311; x_wconf 89' lang='lat' dir='ltr'>sed</span> 
     </span>
     <span class='ocr_line' id='line_1_82' title="bbox 1007 2325 1830 2375; baseline -0.005 -5"><span class='ocrx_word' id='word_1_392' title='bbox 1007 2328 1138 2369; x_wconf 72' lang='lat' dir='ltr'>etiam</span> <span class='ocrx_word' id='word_1_393' title='bbox 1173 2327 1371 2369; x_wconf 90' lang='lat' dir='ltr'>barbaris</span> <span class='ocrx_word' id='word_1_394' title='bbox 1405 2326 1506 2375; x_wconf 84' lang='lat' dir='ltr'>illis;</span> <span class='ocrx_word' id='word_1_395' title='bbox 1546 2339 1647 2367; x_wconf 91' lang='lat' dir='ltr'>nam</span> <span class='ocrx_word' id='word_1_396' title='bbox 1689 2330 1732 2367; x_wconf 92' lang='lat' dir='ltr'>et</span> <span class='ocrx_word' id='word_1_397' title='bbox 1768 2325 1830 2366; x_wconf 90' lang='lat' dir='ltr'>illi</span> 
     </span>
     <span class='ocr_line' id='line_1_83' title="bbox 1007 2381 1830 2434; baseline -0.002 -9"><span class='ocrx_word' id='word_1_398' title='bbox 1007 2384 1119 2425; x_wconf 91' lang='lat' dir='ltr'>clam</span> <span class='ocrx_word' id='word_1_399' title='bbox 1151 2382 1380 2425; x_wconf 80' lang='lat' dir='ltr'>discedunt</span> <span class='ocrx_word' id='word_1_400' title='bbox 1415 2381 1539 2434; x_wconf 87' lang='lat' dir='ltr'>quasi</span> <span class='ocrx_word' id='word_1_401' title='bbox 1565 2381 1749 2432; x_wconf 88' lang='lat' dir='ltr'>fugitivi,</span> <span class='ocrx_word' id='word_1_402' title='bbox 1786 2387 1830 2423; x_wconf 87' lang='lat' dir='ltr'>et</span> 
     </span>
     <span class='ocr_line' id='line_1_84' title="bbox 1006 2437 1828 2492; baseline -0.002 -12"><span class='ocrx_word' id='word_1_403' title='bbox 1006 2439 1112 2489; x_wconf 86' lang='lat' dir='ltr'>haec,</span> <span class='ocrx_word' id='word_1_404' title='bbox 1132 2452 1230 2492; x_wconf 88' lang='lat' dir='ltr'>quae</span> <span class='ocrx_word' id='word_1_405' title='bbox 1248 2450 1483 2490; x_wconf 91' lang='lat' dir='ltr'>numquam</span> <span class='ocrx_word' id='word_1_406' title='bbox 1499 2451 1522 2479; x_wconf 91' lang='lat' dir='ltr'>e</span> <span class='ocrx_word' id='word_1_407' title='bbox 1538 2437 1670 2479; x_wconf 93' lang='lat' dir='ltr'>domo</span> <span class='ocrx_word' id='word_1_408' title='bbox 1687 2439 1828 2488; x_wconf 75' lang='lat' dir='ltr'>egres-</span> 
     </span>
     <span class='ocr_line' id='line_1_85' title="bbox 1007 2494 1828 2545; baseline -0.002 -8"><span class='ocrx_word' id='word_1_409' title='bbox 1007 2509 1055 2537; x_wconf 91' lang='lat' dir='ltr'>sa</span> <span class='ocrx_word' id='word_1_410' title='bbox 1073 2496 1230 2545; x_wconf 81' lang='lat' dir='ltr'>fuerat,</span> <span class='ocrx_word' id='word_1_411' title='bbox 1249 2500 1339 2536; x_wconf 90' lang='lat' dir='ltr'>tam</span> <span class='ocrx_word' id='word_1_412' title='bbox 1357 2494 1534 2544; x_wconf 89' lang='lat' dir='ltr'>longum</span> <span class='ocrx_word' id='word_1_413' title='bbox 1553 2498 1598 2535; x_wconf 87' lang='lat' dir='ltr'>et</span> <span class='ocrx_word' id='word_1_414' title='bbox 1616 2496 1828 2535; x_wconf 82' lang='lat' dir='ltr'>aerumno-</span> 
     </span>
     <span class='ocr_line' id='line_1_86' title="bbox 1007 2549 1827 2602; baseline -0.001 -10"><span class='ocrx_word' id='word_1_415' title='bbox 1007 2564 1104 2592; x_wconf 91' lang='lat' dir='ltr'>sum</span> <span class='ocrx_word' id='word_1_416' title='bbox 1128 2552 1209 2592; x_wconf 90' lang='lat' dir='ltr'>iter</span> <span class='ocrx_word' id='word_1_417' title='bbox 1233 2552 1456 2602; x_wconf 89' lang='lat' dir='ltr'>suscipere</span> <span class='ocrx_word' id='word_1_418' title='bbox 1481 2549 1651 2600; x_wconf 81' lang='lat' dir='ltr'>jubetur</span> <span class='ocrx_word' id='word_1_419' title='bbox 1676 2549 1733 2591; x_wconf 94' lang='lat' dir='ltr'>ob</span> <span class='ocrx_word' id='word_1_420' title='bbox 1751 2550 1827 2591; x_wconf 92' lang='lat' dir='ltr'>mi-</span> 
     </span>
     <span class='ocr_line' id='line_1_87' title="bbox 1006 2604 1829 2648; baseline 0.001 -2"><span class='ocrx_word' id='word_1_421' title='bbox 1006 2606 1188 2648; x_wconf 88' lang='lat' dir='ltr'>rabilem</span> <span class='ocrx_word' id='word_1_422' title='bbox 1219 2607 1333 2646; x_wconf 92' lang='lat' dir='ltr'>hunc</span> <span class='ocrx_word' id='word_1_423' title='bbox 1367 2604 1531 2646; x_wconf 80' lang='lat' dir='ltr'>editum</span> <span class='ocrx_word' id='word_1_424' title='bbox 1562 2606 1753 2646; x_wconf 84' lang='lat' dir='ltr'>Puerum</span> <span class='ocrx_word' id='word_1_425' title='bbox 1785 2611 1829 2647; x_wconf 89' lang='lat' dir='ltr'>et</span> 
     </span>
     <span class='ocr_line' id='line_1_88' title="bbox 1006 2661 1828 2715; baseline 0 -13"><span class='ocrx_word' id='word_1_426' title='bbox 1006 2662 1275 2715; x_wconf 88' lang='lat' dir='ltr'>spiritualem</span> <span class='ocrx_word' id='word_1_427' title='bbox 1303 2665 1488 2713; x_wconf 90' lang='lat' dir='ltr'>partum.</span> <span class='ocrx_word' id='word_1_428' title='bbox 1532 2661 1643 2702; x_wconf 86' lang='lat' dir='ltr'>Rem</span> <span class='ocrx_word' id='word_1_429' title='bbox 1672 2664 1828 2703; x_wconf 90' lang='lat' dir='ltr'>iterum</span> 
     </span>
     <span class='ocr_line' id='line_1_89' title="bbox 1006 2715 1828 2770; baseline -0.001 -12"><span class='ocrx_word' id='word_1_430' title='bbox 1006 2716 1265 2770; x_wconf 78' lang='lat' dir='ltr'>stupendam</span> <span class='ocrx_word' id='word_1_431' title='bbox 1303 2715 1542 2758; x_wconf 87' lang='lat' dir='ltr'>considera.</span> <span class='ocrx_word' id='word_1_432' title='bbox 1595 2717 1828 2758; x_wconf 83' lang='lat' dir='ltr'>Palaestina</span> 
     </span>
    </p>
   </div>
   <div class='ocr_carea' id='block_1_9' title="bbox 77 148 1891 2883">
    <p class='ocr_par' dir='ltr' id='par_1_17' title="bbox 77 148 1891 2883">
     <span class='ocr_line' id='line_1_90' title="bbox 77 148 1891 2883; baseline 0 0"><span class='ocrx_word' id='word_1_433' title='bbox 77 148 1891 2883; x_wconf 95' lang='lat' dir='ltr'> </span> 
     </span>
    </p>
   </div>
  </div>
 </body>
</html>
