2028 2892
500 162 568 195 Dic
594 162 645 194 22.
674 161 829 203 Aprilis.
877 162 933 193 Ss.
960 161 1106 194 soteris
1131 167 1166 195 et
1193 162 1274 202 (Jaji
1303 162 1408 196 Pom.
1434 169 1469 196 ct
1496 163 1600 196 Mart.

192 262 372 311 abbate,
403 266 446 303 et
470 261 513 302 in
537 261 628 312 ejus
651 259 797 301 locum
821 259 939 310 (licet
962 260 1021 300 in-

192 321 320 369 vitus)
342 317 571 367 suffectus,
598 322 720 358 tanta
746 315 959 358 doctrinae
979 321 1023 357 et

192 375 437 416 sanctitatis
458 374 573 415 fama
591 373 756 426 ubique
775 373 956 422 refulsit,
974 378 1023 414 ut

191 445 279 474 non
298 431 432 473 modo
452 430 628 482 regibus
648 435 691 472 et
710 429 933 483 episcopis
951 441 1021 470 ve-

191 488 408 530 nerationi
428 493 562 538 esset,
582 486 662 529 sed
681 492 834 528 sancto
856 486 1021 536 Grego-

191 546 256 587 rio
289 545 478 598 septimo
520 544 651 586 etiam
683 544 909 596 acceptus,
948 541 1022 594 qui

190 600 294 644 tunc
320 602 489 653 magnis
522 598 903 654 persecutionibus
937 598 1022 649 agi-

190 662 329 709 tatus,
374 659 542 700 litteras
579 656 741 699 amoris
777 655 930 709 plenas
966 654 1023 696 ad

191 730 292 758 eum
311 715 448 765 dedit,
470 714 630 767 quibus
649 726 696 755 se
717 718 761 755 et
778 712 1023 754 Ecclesiam

192 773 454 815 catholicam
487 772 578 823 ejus
608 769 880 812 orationibus
908 781 1022 810 com-

191 828 439 871 mendabat.

247 888 295 938 R.
328 885 463 927 Posui
492 883 755 936 adjutorium
787 894 919 935 super
946 894 1023 935 po-

190 945 372 993 tentem,
414 947 458 983 et
503 940 694 982 exaltavi
738 939 927 981 electum
968 938 1023 980 de

190 999 321 1053 plebe
357 1012 471 1040 mea:
514 998 534 1019 *
578 997 734 1038 Manus
771 996 886 1037 enim
926 1007 1024 1036 mea

191 1056 470 1098 auxiliabitur
489 1054 547 1103 ei,
575 1053 757 1105 alleluja.
801 1046 849 1098 Y.
872 1051 1024 1093 Inveni

191 1112 336 1155 David
363 1125 539 1154 servum
555 1123 721 1159 meum,
745 1109 845 1151 oleo
870 1113 1022 1150 sancto

191 1183 290 1212 meo
310 1169 414 1211 unxi
434 1182 544 1211 eum.
597 1167 752 1209 Manus
773 1166 899 1207 enim.

496 1224 648 1264 Lectio
671 1223 722 1263 vi.

193 1277 460 1382 Defuncto
478 1281 722 1323 Lanfranco
743 1279 1025 1332 archiepisco-

285 1353 345 1394 po
360 1338 673 1388 Cantuariensi,
691 1338 783 1389 ejus
797 1336 902 1378 olim
914 1348 1024 1388 prae·

191 1399 387 1450 ceptore,
419 1395 672 1444 Anselmus,
704 1395 888 1444 urgente
916 1392 1023 1434 Wil-

189 1454 323 1496 lolmo
344 1452 516 1505 Angliae
541 1464 663 1503 rege,
692 1455 736 1492 et
760 1449 1024 1491 instantibus

192 1510 310 1553 clero
331 1522 383 1551 ac
401 1509 587 1563 populo,
612 1508 712 1561 ipso
732 1512 879 1548 tamen
898 1518 1023 1559 repu-

190 1569 368 1619 gnante,
393 1566 451 1608 ad
475 1564 671 1619 ejusdem
696 1563 896 1606 ecclesiae
916 1562 1023 1613 regi-

191 1637 291 1666 men
310 1625 510 1673 vocatus,
535 1622 685 1664 statim
704 1622 767 1672 (ut
788 1622 1024 1672 corruptos

191 1680 345 1734 populi
364 1693 510 1721 mores
530 1679 804 1726 reformaret)
824 1676 961 1719 verbo
981 1680 1024 1717 et

192 1737 394 1790 exe'mplo
431 1737 571 1790 prius,
610 1734 711 1777 dein
748 1734 944 1787 scriptis,
982 1738 1025 1774 et

193 1794 389 1836 conciliis
410 1793 657 1842 celebratis,
686 1791 917 1844 pristinam
936 1790 1024 1842 pie-

192 1853 347 1900 tatem,
383 1855 426 1892 et
459 1849 803 1892 ecclesiasticam
835 1847 1024 1900 discipli-

193 1921 293 1949 nam
317 1906 503 1949 reduxit.
539 1906 627 1948 Sed
652 1919 753 1947 cum
777 1917 883 1946 mox
907 1903 1025 1946 idem

194 1964 442 2006 Willelmus
470 1976 548 2005 rex
575 1963 619 2004 vi
650 1968 694 2004 et
721 1962 850 2003 minis
875 1961 1024 2003 Eccle-

195 2022 271 2063 siae
302 2022 395 2074 jura
425 2022 639 2073 usurpare
667 2020 897 2068 tentasset,
929 2018 1025 2071 ipse

195 2077 460 2120 sacerdotali
480 2076 729 2118 constantia
751 2075 926 2125 restitit;
949 2074 1025 2118 bo-

194 2139 439 2187 norumque
476 2133 788 2187 direptionem,
834 2137 878 2173 et
914 2133 1024 2174 exsi-

194 2192 299 2234 lium
319 2204 492 2246 passus,
516 2191 705 2232 Romam
724 2188 781 2230 ad
800 2188 1027 2231 Urbanum

194 2249 437 2291 secundum
456 2261 503 2290 se
523 2246 721 2289 contulit:
739 2259 765 2287 a
786 2259 873 2299 quo
891 2245 1024 2288 hono-

195 2306 315 2348 rifice
350 2308 576 2359 exceptus,
609 2308 653 2346 et
681 2303 861 2345 summis
889 2302 1026 2344 laudi-

195 2363 276 2405 bus
310 2365 490 2405 ornatus
523 2366 606 2411 est,
638 2373 735 2403 cum
768 2360 812 2401 in
842 2359 1027 2402 Barensi

196 2420 381 2462 concilio
401 2420 613 2474 Spiritum
631 2422 832 2460 sanctum
852 2417 983 2459 etiam
1002 2430 1028 2458 a

195 2477 306 2519 Filio
331 2476 647 2530 procedentem
671 2479 826 2516 contra
849 2474 1026 2516 Graeco-

196 2547 292 2574 rum
312 2536 508 2575 errorem
525 2531 764 2574 innumeris
783 2531 1026 2584 Scriptura-

197 2603 309 2639 rum,
344 2595 388 2631 et
419 2592 671 2632 sanctorum
698 2588 877 2629 Patrum
908 2588 1027 2629 testi-
1096 2609 1099 2613 -

196 2647 354 2688 moniis
373 2648 709 2699 propugnasset.
737 2644 775 2685 E
794 2645 905 2686 vivis
920 2644 1027 2684 Wil-

197 2703 329 2745 lelmo
366 2703 557 2753 sublat0‚
602 2702 658 2745 ab
694 2703 888 2744 Henrico
924 2713 1028 2752 rege

1076 260 1167 310 eius
1195 259 1327 303 fratre
1355 262 1399 303 in
1426 260 1631 312 Angliam
1658 262 1905 308 revocatus,

1076 315 1343 360 obdormivit
1359 318 1403 359 in
1418 317 1620 366 Domino,
1639 315 1800 357 famam
1818 329 1906 358 non

1076 372 1218 414 solum
1236 374 1563 423 miraculorum,
1593 378 1637 414 et
1660 373 1905 415 sanctitAtis

1076 430 1316 483 (praecipue
1360 430 1418 472 ob
1458 430 1673 481 insignem
1710 428 1905 471 devotio-

1077 498 1177 527 nem
1212 499 1317 538 erga
1351 487 1531 529 Domini
1566 486 1705 528 nostri
1740 486 1906 540 passio-

1077 555 1188 593 nem,
1208 548 1252 585 et
1270 543 1447 586 beatam
1460 543 1688 595 Virginem
1707 544 1799 595 ejus
1818 542 1906 584 Ma-

1076 601 1202 650 trem)
1226 603 1471 650 assecutuS,
1497 599 1577 642 sed
1596 600 1727 641 etiam
1746 599 1906 642 doctri-

1076 669 1155 706 nae,
1176 670 1307 709 quam
1322 656 1379 699 ad
1395 656 1695 699 defensionem
1709 656 1905 698 christia-

1076 725 1145 754 nae
1190 714 1431 764 religionis,
1480 713 1723 755 animarum
1763 713 1905 766 profe-

1077 774 1206 820 ctum,
1227 776 1270 812 et
1286 770 1480 812 omnium
1493 770 1814 822 theologorum,
1833 769 1908 822 qui

1077 839 1224 868 sacras
1239 827 1408 869 litteras
1423 826 1685 869 scholastica
1696 825 1907 868 methodo

1076 883 1370 934 tradiderunt,
1393 897 1593 926 normam
1611 883 1786 926 coelitus
1804 882 1908 924 hau-

1078 942 1188 982 sisse
1226 954 1281 982 ex
1314 941 1405 994 ejus
1440 941 1563 983 libris
1599 939 1801 982 omnibus
1833 953 1906 993 ap-

1077 999 1215 1049 paret.
1260 997 1309 1049 R*-
1346 999 1436 1040 Iste
1457 1003 1526 1040 est
1545 998 1630 1050 qui.
1657 997 1732 1050 [71]

1131 1067 1172 1100 ln
1195 1066 1256 1099 III.
1278 1065 1387 1099 Noct.
1411 1063 1581 1099 Homilia
1603 1065 1641 1099 in
1659 1065 1803 1109 Evang.
1831 1065 1907 1101 Vos

1078 1115 1172 1150 estis
1188 1114 1257 1150 sal.
1274 1114 1320 1147 de
1339 1114 1483 1146 Comm.
1500 1113 1609 1147 Doet.
1626 1114 1657 1147 2.
1675 1115 1772 1148 loeo.
1789 1113 1863 1160 [82]

1131 1168 1170 1201 In
1190 1167 1231 1201 ll.
1252 1166 1366 1208 X'esp.
1388 1175 1583 1200 commem.
1602 1177 1708 1210 sequ.

1313 1265 1398 1306 Die
1414 1265 1479 1306 22.
1497 1264 1674 1318 Aprilis.

1077 1340 1146 1382 Ss.
1167 1338 1356 1381 Soteris
1379 1341 1423 1376 et
1444 1337 1549 1389 caji
1576 1336 1700 1376 Pont.
1721 1341 1763 1376 et
1784 1335 1908 1376 Mart.

1360 1405 1621 1448 Semiduplex.

1131 1467 1267 1500 Omnia
1286 1466 1333 1500 de
1351 1466 1496 1501 Comm.
1515 1466 1621 1500 Mart.
1640 1470 1753 1509 temp.
1773 1464 1908 1499 Pasch.
1930 1483 1933 1486 ·

1078 1516 1150 1560 [38]
1169 1519 1309 1558 practer
1326 1525 1431 1558 sequ.

1133 1574 1230 1612 Ant.
1260 1572 1357 1613 Lux
1384 1571 1599 1624 perpetua
1620 1567 1786 1610 lucebit
1811 1579 1906 1609 san-

1078 1629 1161 1671 ctis
1177 1629 1265 1670 tuis
1279 1627 1478 1676 Domine,
1497 1631 1542 1668 et
1561 1624 1784 1668 aeternitas
1801 1626 1906 1666 tem-

1077 1698 1247 1739 porum,
1266 1684 1448 1736 alleluja.

1131 1742 1180 1794 V.
1197 1746 1345 1788 Sancti
1364 1749 1409 1787 et
1427 1744 1528 1797 justi
1541 1743 1586 1784 in
1600 1742 1790 1784 Domino
1804 1755 1906 1794 gau-

1079 1803 1197 1853 dete,
1225 1803 1406 1854 alleluja.
1445 1802 1493 1853 R.
1511 1801 1608 1843 Vos
1633 1799 1765 1850 elegit
1785 1799 1907 1842 Deus

1078 1861 1122 1901 in
1141 1859 1448 1902 haereditatem
1467 1857 1561 1908 sibi,
1579 1856 1762 1907 alleluja.

1417 1924 1582 1965 Oratio.

1163 1987 1362 2029 eatorum
1374 1985 1632 2038 Martyrum,
1656 1982 1909 2036 pariterque

1172 2043 1438 2086 Pontificum
1453 2041 1619 2084 Soteris
1639 2046 1683 2082 et
1703 2039 1795 2092 Caii
1815 2051 1909 2089 nOS,

1080 2104 1331 2156 quaesumus
1367 2099 1571 2149 Domine,
1615 2098 1727 2140 festa
1761 2098 1908 2139 tuean-

1077 2166 1163 2202 tur:
1198 2163 1242 2200 et
1275 2159 1429 2200 eorum
1461 2153 1739 2198 commendet
1767 2152 1908 2195 oratio

1078 2213 1340 2258 veneranda.
1367 2214 1453 2256 Per
1470 2212 1719 2254 Dominum.

1133 2274 1176 2308 In
1207 2274 1233 2308 1.
1264 2274 1463 2308 Nocturno
1497 2272 1699 2307 Lectiones
1733 2270 1780 2304 de
1813 2270 1910 2304 Scri-

1083 2326 1193 2366 ptura
1219 2326 1452 2356 occurrente.

1314 2391 1363 2431 In
1381 2391 1432 2431 ΙΙ.
1451 2391 1676 2431 Nocturno.

1385 2461 1537 2502 Lectio
1558 2460 1610 2500 iv.

1093 2536 1136 2585 ’,ᾖ
1148 2537 1178 2592 31
1188 2533 1302 2578 oter,
1327 2526 1492 2569 Fundis
1515 2526 1559 2566 in
1579 2524 1819 2577 Campania
1837 2536 1908 2565 na-

1126 2587 1178 2641 ζ
1204 2590 1293 2633 tus,
1319 2583 1521 2633 sancivit,
1545 2595 1600 2623 ne
1624 2594 1763 2623 sacrae
1783 2579 1909 2631 virgi-

1147 2672 1154 2673 κ
1205 2654 1284 2683 nes
1303 2654 1407 2683 vasa
1427 2652 1552 2682 sacra
1572 2644 1615 2681 et
1627 2638 1768 2691 pallas
1783 2639 1908 2678 attin-

1080 2704 1248 2751 gerent,
1281 2711 1390 2740 neve
1422 2696 1561 2739 thuris
1592 2694 1833 2737 ministerio
1866 2693 1908 2734 in
