2028 2892
722 162 831 196 Feria
858 164 987 206 quintu
1015 164 1062 197 ad
1088 164 1323 199 Matutinum.

214 247 277 291 Et
304 252 602 301 tentaverunt,
634 256 677 293 et
705 253 991 295 exacerbave-

167 311 270 348 runt
300 307 445 348 Deum
477 307 712 349 excelsum:
745 311 769 336 ¹⁶¹
798 315 841 351 et
873 311 991 352 testi-

167 363 314 404 monia
342 364 433 415 ejus
460 376 549 405 non
577 365 889 409 custodierunt.

220 419 277 461 Et
304 421 556 462 averterunt
583 434 641 471 se,
670 427 713 463 et
731 435 819 463 non
849 437 991 465 serva-

167 477 325 517 verunt
351 482 530 529 pactum
573 478 596 503 *
623 479 990 530 quemadmodum

166 537 317 585 patres
338 534 502 583 eorum,
523 535 725 576 conversi
745 541 845 577 sunt
864 537 907 577 in
927 551 991 578 ar-

168 602 267 630 cum
294 602 489 642 pravum.

218 646 270 686 In
304 645 414 687 iram
450 647 781 689 concitaverunt
813 661 911 690 eum
947 650 991 690 in

167 701 354 743 collibus
383 703 490 744 suis:
517 705 541 731 *
570 709 613 745 et
643 704 686 744 in
715 705 991 758 sculptilibus

168 758 259 799 suis
282 758 339 800 ad
364 759 687 802 aemulatiOnem
710 775 809 803 eum
832 775 990 815 provo-

167 817 387 857 caverunt.
426 827 433 834 ³

218 871 402 914 Audivit
433 873 572 923 Deus,
609 879 652 915 et
687 876 867 926 sprevit:
895 877 919 903 *
948 881 991 917 et

167 927 225 969 ad
252 928 435 970 nihilum
462 929 632 982 redegit
659 931 788 972 valde
815 932 961 973 Israel.

218 985 276 1026 Et
303 985 463 1038 repulit
490 986 821 1028 tabernaculum
848 988 949 1034 Silo,
967 991 989 1015 *

125 1043 130 1049 '
166 1041 499 1083 tabernaculum
518 1056 655 1093 suum,
678 1043 753 1085 ubi
777 1044 991 1086 habitavit

165 1098 210 1138 in
238 1098 500 1140 hominibus.

216 1155 273 1196 Et
303 1155 486 1197 tradidit
513 1156 556 1197 in
582 1157 882 1210 captivitatem
909 1158 990 1199 vir-

164 1214 305 1253 tutem
333 1213 592 1255 e6rum:*et
619 1213 990 1266 pulchritudinem

166 1270 318 1309 eorum
344 1268 389 1309 in
415 1281 570 1310 manus
597 1269 771 1311 inimici.

217 1324 274 1366 Et
293 1325 511 1367 conclusit
539 1326 582 1367 in
605 1326 752 1377 gladio
776 1327 990 1379 papulum

166 1394 315 1422 suum:
360 1381 384 1407 *
430 1386 474 1423 et
518 1382 822 1425 haereditatem
868 1396 991 1424 suam

167 1437 345 1489 sprevit.

217 1493 406 1535 Juvenes
434 1495 586 1535 eerum
610 1495 802 1537 comedit
829 1496 990 1547 ignisz*

166 1554 210 1591 et
245 1549 435 1600 virgines
478 1552 629 1592 eerum
665 1565 753 1594 non
792 1557 893 1594 sunt
931 1553 989 1594 la-

165 1608 383 1647 mentatae.

216 1662 479 1705 SacerdOtes
504 1665 655 1705 eerum
683 1665 727 1705 in
754 1664 901 1716 gladio
923 1677 988 1706 ce—

166 1718 380 1761 ciderunt:
407 1721 431 1748 *
459 1725 503 1762 et
535 1720 679 1762 viduae
715 1723 868 1763 eorum
902 1734 988 1763 non

163 1775 464 1828 plorabantur.

216 1832 274 1873 Et
302 1833 518 1875 excitatus
546 1838 614 1875 est
640 1838 864 1886 tamquam
891 1834 988 1876 dor-

164 1888 302 1931 miens
339 1889 569 1940 Deminus,
603 1890 626 1916 *
659 1895 883 1943 tamquam
914 1903 988 1943 po-

164 1949 262 1987 tens
291 1946 544 1999 crapulatus
572 1959 597 1987 a
627 1947 740 1988 vino.

216 2003 274 2044 Et
308 2003 526 2055 percussit
562 2003 762 2045 inimicos
801 2016 905 2045 suos
945 2004 989 2045 in

165 2059 429 2111 posteri6ra:
457 2061 481 2087 *
513 2059 800 2112 opprObrium
834 2060 988 2112 sempi-

165 2117 338 2156 ternum
367 2115 491 2157 dedit
518 2115 615 2156 illis.

216 2171 273 2213 Et
287 2171 449 2224 repulit
463 2172 794 2214 tabernaculum
808 2172 832 2213 J
834 2172 988 2225 oseph:

165 2228 189 2255 *
209 2232 252 2269 et
270 2228 434 2269 tribum
453 2228 664 2281 Ephraim
682 2241 769 2270 non
789 2228 937 2280 elegit:

215 2284 303 2326 Sed
331 2284 463 2336 elegit
489 2284 653 2326 tribum
684 2284 807 2334 Juda,
826 2286 849 2312 *
869 2297 988 2326 mon-

164 2344 255 2381 tem
281 2341 387 2382 Sion
417 2354 547 2392 quem
576 2341 740 2383 dilexit.

216 2397 273 2438 Et
300 2397 538 2439 aedificavit
571 2398 684 2439 sieut
713 2397 987 2439 unicOrnium

166 2453 455 2495 sanctificium
475 2467 602 2495 suum
623 2454 666 2494 in
685 2456 846 2504 terra‚*
859 2466 988 2505 quam

164 2508 364 2551 fundavit
391 2510 435 2550 in
466 2510 637 2551 sa‘ecula.

215 2565 273 2607 Et
288 2566 419 2617 elegit
435 2565 580 2607 David
599 2579 773 2607 servum
793 2578 928 2614 suum,
945 2570 988 2606 et

165 2621 342 2663 sustulit
362 2635 461 2663 eum
481 2621 536 2663 de
555 2622 759 2673 gregibus
779 2621 942 2662 ovium:
963 2620 995 2648 *'

166 2676 221 2719 de
239 2683 343 2731 post
362 2678 567 2721 foetantes
586 2678 757 2731 accepit
777 2689 885 2727 eum,

1821 163 1865 197 81

1095 255 1282 298 Pascere
1308 257 1445 298 Jacob
1474 271 1647 300 servum
1676 273 1811 310 suum,
1840 262 1863 287 *

1044 316 1088 352 et
1115 312 1252 353 Israel
1280 313 1583 356 haereditatem
1611 329 1750 356 suam:

1095 369 1151 410 Et
1178 370 1300 421 pavit
1324 382 1398 411 eos
1427 371 1469 410 in
1497 371 1745 412 innocentia
1769 385 1862 413 cor-

1044 425 1112 466 dis
1141 425 1224 466 sui:
1252 428 1275 452 *
1308 431 1350 467 et
1377 427 1420 466 in
1454 427 1744 469 intellectibus
1777 431 1863 469 ma-

1043 495 1176 522 nuum
1205 484 1380 523 suarum
1409 483 1590 525 dednxit
1622 497 1708 525 eos.

1100 541 1198 580 Ant.
1227 540 1293 579 Tu
1320 551 1365 580 es
1393 540 1523 590 Deus,
1553 542 1626 592 qui
1654 541 1758 581 facis
1786 540 1861 580 mi-

1043 593 1207 634 rabilia.

1101 654 1198 693 Ant.
1229 652 1446 704 Propitius
1476 658 1581 694 esto.

1313 712 1511 753 Psalmus
1541 709 1602 753 7⁴2³.

1139 777 1214 805 eus
1235 766 1446 806 venerunt
1469 766 1634 806 Gentes
1663 765 1705 805 in
1728 764 1860 805 haere-

1155 820 1337 862 ditatem
1354 826 1484 871 tuam,
1498 822 1746 874 polluerunt
1757 826 1859 861 tem-

1042 877 1164 929 plum
1192 883 1390 918 sanctum
1417 883 1555 919 tuum:
1579 880 1602 904 *
1622 879 1860 930 posuerunt

1042 934 1284 974 Jerusalem
1299 934 1343 974 in
1358 936 1589 986 pomerum
1606 933 1859 975 custOdiam.

1095 990 1341 1032 Posuerunt
1374 991 1606 1031 morticina
1634 992 1858 1031 servorum

1042 1048 1232 1096 tuerum,
1262 1059 1384 1087 escas
1411 1047 1661 1088 volatilibus
1689 1046 1807 1087 coeli:
1837 1047 1860 1072 *

1044 1115 1197 1144 carnes
1226 1106 1476 1144 sanctOrum
1505 1105 1679 1144 tuerum
1708 1102 1860 1143 bestiis

1042 1164 1183 1200 terrae.
1583 1172 1585 1175 ’

1095 1215 1354 1257 Effuderunt
1407 1216 1659 1267 sanguinem
1712 1216 1862 1256 eorum

1042 1277 1266 1324 tamquam
1290 1285 1446 1323 aquam
1471 1272 1514 1312 in
1541 1271 1724 1313 circuitu
1743 1270 1766 1310 J
1770 1273 1860 1311 eru-

1044 1328 1197 1370 salem:
1217 1331 1239 1356 *
1260 1333 1303 1370 et
1322 1341 1410 1369 non
1430 1334 1523 1369 erat
1549 1328 1622 1379 qui
1647 1326 1861 1379 sepeliret.

1094 1386 1217 1426 Facti
1255 1398 1403 1425 sumus
1441 1384 1726 1437 opprObrium
1761 1383 1859 1423 vici-

1043 1442 1111 1482 nis
1139 1441 1315 1482 nostris:
1343 1443 1365 1467 *
1386 1440 1666 1482 subsannatio
1695 1444 1738 1480 et
1765 1438 1856 1478 illu-

1043 1498 1108 1539 sio
1126 1497 1204 1547 his,
1226 1498 1299 1549 qui
1319 1498 1362 1537 in
1381 1497 1564 1538 circuitu
1579 1501 1730 1536 nostro
1749 1499 1859 1535 sunt.

1094 1554 1333 1605 Usquequo
1365 1553 1552 1594 Domine
1586 1551 1785 1592 irasceris
1817 1550 1859 1590 in

1042 1611 1191 1651 finem:
1228 1612 1251 1636 *
1289 1609 1550 1651 accendetur
1591 1608 1709 1649 velut
1749 1606 1858 1658 ignis

1042 1667 1162 1708 zelus
1189 1665 1316 1708 tuus?

1093 1722 1280 1764 Effunde
1314 1723 1423 1763 iram
1455 1726 1575 1763 tuam
1606 1721 1650 1761 in
1684 1720 1856 1768 Gentes,

1044 1792 1142 1831 quae
1183 1785 1227 1820 te
1268 1791 1356 1820 non
1398 1779 1633 1819 noverunt:
1675 1778 1698 1803 *
1735 1780 1777 1817 et
1814 1774 1858 1814 in

1041 1848 1186 1886 regna,
1206 1847 1304 1886 quae
1323 1847 1481 1876 nomen
1499 1839 1622 1874 tuum
1636 1844 1723 1873 non
1740 1831 1856 1872 invo-

1042 1894 1268 1934 caverunt:

1094 1948 1206 1998 Quia
1225 1946 1510 1988 comederunt
1528 1945 1678 1986 Jacob:
1698 1946 1721 1972 *
1735 1948 1778 1985 et
1795 1942 1855 1983 lo-

1042 2018 1141 2046 cum
1169 2005 1258 2056 ejus
1288 2003 1605 2044 desolaverunt.

1092 2060 1160 2102 Ne
1192 2059 1440 2101 memineris
1477 2057 1751 2109 iniquitatum
1781 2067 1854 2095 no-

1041 2119 1231 2158 strarum
1263 2115 1554 2166 antiquarum,
1588 2113 1674 2154 cito
1708 2111 1854 2152 antici-

1040 2177 1146 2225 pent
1165 2185 1245 2213 nos
1265 2169 1577 2212 misericordiae
1596 2174 1700 2209 tuae:
1715 2169 1738 2195 *
1754 2167 1855 2218 quia

1040 2232 1257 2281 pauperes
1285 2227 1388 2268 facti
1417 2238 1562 2267 sumus
1590 2223 1727 2264 nimis.

1092 2284 1264 2337 Adjuva
1297 2295 1378 2324 nos
1406 2283 1524 2323 Deus
1553 2279 1755 2320 salutaris
1781 2291 1854 2319 no-

1041 2346 1146 2382 ster:
1171 2345 1214 2382 et
1239 2344 1420 2392 propter
1452 2336 1636 2387 gloriam
1667 2335 1853 2376 nominis

1039 2398 1105 2438 tui
1130 2397 1317 2437 Domine
1345 2394 1480 2435 libera
1506 2405 1604 2433 nos:
1631 2394 1655 2419 *
1687 2396 1730 2432 et
1756 2403 1852 2443 pro-

1039 2453 1173 2505 pitius
1206 2457 1299 2493 esto
1331 2449 1522 2502 peccatis
1553 2448 1732 2496 nostris,
1763 2459 1854 2499 pro-

1039 2515 1138 2561 pter
1165 2520 1323 2549 nomen
1349 2511 1486 2546 tuum:

1090 2565 1157 2605 Ne
1176 2564 1286 2604 forte
1306 2562 1450 2602 dicant
1469 2561 1512 2600 in
1525 2559 1753 2600 Gentibus:
1767 2558 1851 2600 Ubi

1040 2626 1107 2662 est
1131 2621 1251 2660 Deus
1286 2614 1460 2658 eorum?
1490 2618 1513 2643 *
1541 2621 1584 2657 et
1611 2616 1851 2656 innoteseat

1038 2677 1082 2716 in
1097 2673 1344 2716 nationibus
1360 2684 1508 2714 coram
1525 2671 1661 2712 oculis
1680 2670 1849 2712 nostris.
