2066 2904
439 147 508 181 Dic
532 146 584 180 27.
609 145 708 186 Maii.
755 144 789 179 S.
815 145 946 178 Mariae
968 144 1208 187 Magdalenae
1233 144 1279 178 dc
1305 144 1439 177 I'azzis
1464 144 1567 186 Virga.

160 240 395 294 splendore
429 239 713 282 circumfasas
746 238 790 278 in
823 238 983 279 coelum

160 296 454 339 conscendere
480 296 599 338 vidit.
641 295 842 347 Denique
870 307 982 335 anno

160 354 311 396 salutis
356 352 586 394 millesimo
635 351 981 404 quingentesimo

160 410 443 461 nonagesimo
464 410 629 462 quinto,
649 410 807 450 octavo
823 407 982 448 Kalen-

160 466 239 508 das
262 466 425 516 Junias,
453 467 497 507 in
525 478 655 518 quem
683 464 799 506 diem
824 463 982 505 incide-

159 527 227 564 rat
244 521 402 564 festum
423 522 633 575 Cerporis
654 521 829 571 Christi,
848 521 981 562 Sacro

159 579 347 620 maxima
371 580 550 632 spiritus
572 578 864 621 exsultatione
886 590 982 630 per-

160 637 277 686 acto,
313 638 556 688 ceterisque
588 634 880 676 functienibus
913 646 982 675 ex-

159 692 302 744 pletis,
334 697 437 745 post
461 692 650 734 mediam
672 695 864 740 noctem,
899 703 984 743 qua

159 747 427 801 praedixerat
444 748 563 799 hora,
583 747 888 799 octogenarius
909 747 983 789 ob-

162 804 367 847 dormivit
397 806 442 846 in
468 806 670 861 Demino.
712 805 852 855 Quem
878 804 982 846 Gre-

161 861 309 912 gorius
335 861 529 903 decimus
561 862 737 914 quintus
763 861 983 902 miraculis

161 917 326 959 clarum
342 918 387 959 in
405 921 655 961 sanctorum
673 921 901 960 numerum
919 920 982 959 re-

161 973 269 1016 tulit.

212 1042 262 1094 R.
289 1040 380 1082 Iste
398 1040 543 1082 homo.
563 1040 646 1093 [89]

211 1118 254 1153 In
278 1118 341 1153 ΙΙΙ.
363 1119 561 1154 Nocturno
586 1117 756 1152 Homilia
780 1117 818 1150 in
836 1116 981 1159 Evang.

165 1166 247 1201 Sint
261 1166 392 1202 lumbi.
414 1167 460 1201 de
476 1166 611 1201 eodem
628 1165 732 1200 Com.
752 1165 778 1198 1.
794 1165 890 1199 loco.
913 1167 983 1211 [91]

197 1236 271 1270 Pro
289 1236 324 1270 S.
341 1236 562 1271 Eleutherio
579 1236 686 1279 Papa
706 1239 741 1269 et
761 1235 938 1278 Martyrc.

461 1298 611 1339 Lectio
632 1298 686 1338 ix.

166 1361 500 1468 Eleutherius,
525 1361 732 1414 Nicepoli
748 1362 793 1402 in
813 1361 986 1403 Graecia

266 1423 409 1468 natus,
445 1418 619 1460 Aniceti
644 1418 869 1460 Pontificis
898 1418 985 1460 dia—

164 1487 312 1524 conus,
332 1474 574 1516 Commodo
592 1474 856 1527 imperatore
875 1477 986 1527 prae-

164 1531 244 1573 fuit
265 1530 486 1572 Ecclesiae.
523 1531 639 1573 Huic
663 1531 787 1573 initio
814 1531 987 1584 pontifi-

164 1590 288 1630 catus
311 1587 531 1640 sapplices
554 1587 712 1629 litterae
732 1590 943 1629 venerunt
963 1601 988 1628 a

163 1644 301 1686 Lucio
320 1644 630 1685 Britannerum
648 1657 767 1695 rege,
793 1649 841 1686 ut
865 1657 911 1686 se
937 1657 988 1686 ac

167 1713 270 1742 suos
306 1701 350 1741 in
384 1700 726 1742 Christianorum
760 1704 988 1742 numerum

164 1759 390 1810 reciperet.
431 1757 726 1808 Quam6brem
757 1757 988 1809 Fugatium

166 1818 209 1856 et
222 1812 493 1864 Damianum,
513 1813 670 1857 doctos
686 1819 729 1856 et
744 1814 844 1866 pios
858 1814 988 1865 viros,

165 1870 284 1912 misit
302 1870 346 1911 in
364 1870 648 1921 Britanniam,
675 1883 755 1923 per
780 1882 891 1922 quos
911 1884 989 1912 rex

167 1931 211 1967 et
233 1926 388 1979 reliqui
413 1926 546 1968 fidem
571 1929 853 1979 susciperent.
889 1928 989 1968 Hoc

165 1983 378 2024 Pontifice
397 1983 591 2026 Irenaeus
610 1983 847 2036 Polycarpi
865 1983 989 2025 disci-

166 2038 295 2091 pulus
322 2039 509 2081 Romam
531 2039 726 2090 veniens,
754 2039 809 2080 ab
838 2052 891 2081 eo
917 2040 988 2082 be-

167 2097 296 2146 nigne
321 2097 530 2148 acceptus
556 2100 632 2137 est.
669 2097 765 2146 Quo
790 2098 989 2149 tempore

168 2164 336 2193 summa
367 2165 477 2204 pace
509 2157 554 2194 et
588 2152 734 2204 quiete
766 2152 990 2194 fruebatur

167 2207 365 2249 Ecclesia
382 2209 479 2250 Dei:
503 2221 555 2249 ac
575 2221 655 2261 per
674 2213 815 2250 totum
839 2209 990 2251 orbem

167 2267 398 2315 terrarum,
438 2265 627 2306 maxime
663 2265 835 2315 Romae,
878 2265 989 2307 fides

167 2320 505 2373 propagabatur.
558 2321 681 2363 Vixit
715 2321 990 2364 Eleutherius

169 2377 213 2418 in
253 2377 513 2429 pontificatu
553 2390 689 2419 annos
726 2377 990 2430 quindecim,

169 2432 261 2474 dies
287 2433 438 2485 viginti
464 2439 564 2475 tres.
605 2435 728 2476 Fecit
756 2434 990 2476 ordinatia-

168 2502 246 2530 nes
268 2494 358 2531 tres
380 2503 530 2531 mense
553 2490 804 2541 Decembri,
833 2490 990 2542 quibus

170 2546 332 2587 creavit
345 2546 628 2599 presbyteros
644 2546 886 2596 duodecim,
903 2546 990 2588 dia-

170 2614 304 2643 conos
323 2607 441 2653 octo,
466 2605 701 2656 episcopos
720 2616 799 2655 per
819 2603 992 2644 diversa

170 2657 269 2700 loca
304 2659 564 2710 quindecim:
604 2659 888 2711 sepultusque
925 2663 991 2700 est

321 2799 385 2824 Pars
400 2799 493 2825 Venia.

1034 237 1321 335 &Xaticano
1353 250 1493 290 prope
1526 250 1686 289 corpus
1719 236 1859 277 sancti

1071 306 1094 335 e
1117 306 1164 334 r1.

1091 360 1151 400 Te
1170 359 1313 401 Deum
1330 358 1570 400 laudamus.
1590 359 1648 400 15.

1091 430 1131 463 In
1151 429 1268 463 Laud.
1287 440 1356 471 pro
1375 439 1569 462 commem.
1588 428 1621 461 S.
1644 426 1860 460 Eleutherii.

1090 490 1188 531 Ant.
1218 490 1336 531 Fssiae
1355 489 1379 531 J
1382 489 1610 540 erasalem,
1634 491 1792 540 venite,
1818 493 1861 531 et

1036 547 1180 589 videte
1198 547 1415 600 Martyres
1436 560 1534 589 cum
1555 546 1745 596 coronis,
1771 546 1860 598 qui-

1035 604 1117 646 bus
1142 604 1368 646 coronavit
1392 616 1469 645 eos
1488 604 1702 644 Deminus
1722 603 1764 643 in
1790 601 1860 643 die

1037 661 1323 703 solemnitatis
1343 665 1387 702 et
1405 660 1581 710 laetitiae,
1602 659 1783 710 allehija,
1803 658 1859 699 al-

1036 718 1176 770 lehija.

1091 778 1142 830 V.
1151 783 1350 825 Pretiosa
1364 783 1407 823 in
1424 783 1664 834 conspectu
1673 780 1861 829 Domini,

1037 839 1219 892 allelaja.
1260 840 1309 891 ΒΞ.
1332 839 1451 880 Mors
1479 840 1730 881 sanctorum
1759 838 1861 889 ejus,

1037 896 1218 949 alleluja.

1091 964 1134 997 In
1163 964 1208 997 II.
1237 964 1353 1006 Vesp.
1388 964 1427 997 fit
1457 972 1589 997 comm.
1621 971 1725 1003 sequ.
1755 970 1798 993 ac
1828 959 1863 993 S.

1039 1012 1202 1046 joannis
1227 1012 1345 1055 Papae
1371 1016 1406 1046 ct
1430 1012 1536 1045 Mart.

1304 1117 1387 1159 Die
1405 1117 1469 1158 27.
1488 1117 1600 1169 Maji.

1039 1192 1081 1233 S.
1096 1190 1272 1233 Mariae
1286 1190 1600 1241 Magdalenae
1615 1189 1675 1229 de
1690 1187 1863 1229 Pazzis

1351 1244 1555 1295 Virginis.

1324 1309 1583 1351 Semiduplex.

1094 1368 1229 1402 Omnia
1248 1368 1294 1401 de
1313 1367 1515 1403 Communi
1531 1366 1732 1408 Virginum
1756 1367 1863 1411 [100]

1042 1421 1182 1459 praeter
1206 1426 1309 1460 sequ.

1094 1473 1192 1513 Ant.
1212 1472 1322 1515 Veni
1340 1485 1502 1526 sponsa
1522 1472 1693 1522 Christi,
1714 1472 1864 1524 accipe

1041 1532 1258 1580 coronam,
1279 1542 1410 1582 quam
1428 1529 1507 1571 tibi
1521 1529 1735 1570 Dominus
1754 1541 1863 1581 prae-

1040 1587 1210 1640 paravit
1229 1587 1273 1627 in
1293 1589 1514 1636 aeternum,
1534 1585 1714 1637 allelaja.

1094 1644 1144 1696 W.
1178 1642 1333 1701 Specie
1365 1652 1441 1689 tua
1469 1653 1512 1689 et
1539 1644 1864 1700 pulchritadine

1041 1709 1129 1755 tua,
1149 1704 1330 1756 allelaja.
1363 1705 1410 1756 Rv.
1426 1704 1625 1754 Intende,
1649 1705 1864 1756 prespere

1040 1761 1244 1815 procede,
1264 1766 1307 1803 et
1325 1773 1469 1813 regna,
1492 1761 1673 1812 alleluja.

1375 1842 1538 1882 Oratio.

1042 1907 1204 2013 Deus
1221 1914 1481 1965 virginitatis
1501 1915 1679 1963 amator,
1701 1913 1774 1965 qui
1792 1912 1863 1954 be·
1915 1949 1917 1969 ζ

1137 1973 1255 2012 atam
1268 1971 1450 2012 Mariam
1465 1970 1767 2021 Magdalenam
1777 1969 1868 2010 Vir-

1042 2027 1185 2078 ginem
1209 2032 1284 2069 tuo
1311 2029 1459 2068 amore
1484 2028 1755 2075 succensam,
1781 2037 1866 2065 coe-

1041 2083 1225 2125 lestibus
1268 2084 1394 2125 donis
1433 2083 1668 2125 decorasti:
1708 2081 1778 2131 da,
1819 2085 1867 2122 ut

1044 2153 1175 2192 quam
1208 2140 1366 2182 festiva
1403 2139 1655 2181 celebritate
1688 2139 1864 2179 venera-

1041 2209 1149 2246 mur,
1167 2197 1359 2249 puritate
1380 2201 1422 2238 et
1441 2197 1621 2238 caritate
1638 2195 1866 2235 imitemur.

1042 2252 1127 2294 Per
1144 2253 1390 2294 Deminum.

1140 2320 1215 2354 Pro
1241 2321 1276 2354 S.
1298 2319 1447 2352 Joanne
1473 2317 1578 2358 Papa
1605 2318 1640 2348 et
1665 2314 1770 2347 Mart.

1099 2376 1196 2416 Ant.
1229 2376 1324 2416 Lux
1347 2375 1564 2426 perpetua
1585 2372 1747 2414 lucebit
1770 2385 1863 2413 san-

1043 2431 1125 2472 ctis
1143 2431 1229 2473 tuis
1243 2431 1440 2480 Domine,
1461 2434 1504 2471 et
1524 2429 1744 2470 aeternitas
1759 2431 1864 2471 tem-

1042 2499 1211 2539 porum,
1230 2487 1412 2539 alleluia.

1098 2541 1147 2592 «V-
1162 2548 1310 2590 Sancti
1329 2552 1372 2588 et
1388 2546 1488 2598 justi
1502 2546 1546 2586 in
1559 2545 1748 2586 Demino
1763 2558 1864 2596 gau-

1044 2602 1161 2654 dete,
1185 2604 1366 2655 alleluja.
1407 2601 1456 2651 R·-
1474 2603 1569 2644 Vos
1595 2602 1724 2652 elegit
1742 2602 1864 2644 Deus

1042 2660 1086 2700 in
1104 2659 1404 2702 haereditatem
1423 2658 1515 2709 sibi,
1534 2658 1715 2710 allelaja.

1618 2791 1660 2823 34
