2066 2904
555 146 622 178 Die
652 147 677 179 1.
703 145 801 184 Maii.
849 145 903 179 Ss.
932 146 1100 188 Philippi
1128 151 1162 179 ct
1185 147 1321 179 Jacobi
1352 147 1484 188 Apost.

157 254 242 282 nua
261 241 535 283 solemnitate
553 239 763 288 laetemur,
785 243 829 280 et
847 243 982 280 tantae

157 297 329 339 virtutis
347 296 626 350 proficiamus
649 294 863 348 exemplo.
897 295 982 336 Per

156 353 399 395 Dominum
409 357 618 394 nostrum.

319 434 405 476 Ad
431 433 818 476 matutinum.

168 547 171 551 ⁴
217 504 351 538 Omnia
390 504 436 537 de
473 503 674 538 Communi
708 505 985 547 Apostolorum

164 558 333 596 tempore
359 551 537 586 paschali
564 558 703 595 practer
727 563 831 596 sequ.

167 616 169 621 ·
217 600 257 634 In
277 600 302 634 I.
320 601 528 635 Nocturno.
553 601 690 634 si‘tunc
708 601 892 643 temporis
910 612 983 634 non

164 649 302 688 legitur
320 650 364 682 dc
382 649 501 691 Epist.
520 649 559 682 B.
577 649 725 685 Jaeobi.
745 650 901 692 ponitur
919 650 985 683 ini-

163 697 255 729 tium
275 698 354 736 cius
373 698 566 740 Epistolae.
585 703 624 731 ut
642 698 679 730 in
698 697 805 731 Dom.
822 698 881 739 IX.
898 704 983 740 post

165 744 423 781 l’ascha.300.
468 746 505 779 Si
526 753 648 779 autem
671 756 714 779 eu
732 752 820 780 tunc
837 747 985 787 legitur.

165 799 328 834 ponatur
347 793 392 826 dc
414 805 456 827 ea
482 794 585 837 quod
607 794 673 827 illo
693 794 754 827 die
771 795 983 836 contigerit.

394 859 442 898 In
463 860 513 898 ΙΙ.
534 860 755 899 Nocturno.

462 920 612 961 Lectio
633 922 685 961 iv,

159 986 169 1034 ᾗ,
248 979 715 1037 hilippusBethsaidae
724 986 860 1031 natus,
868 994 980 1022 unus

198 1036 263 1106 5335}
285 1050 339 1079 ex
369 1036 601 1079 duodecim
628 1037 873 1090 Apostolis,
907 1038 980 1089 qui

207 1102 263 1117 ÷
285 1094 473 1147 primum
515 1107 541 1135 a
578 1093 752 1136 Christo
788 1094 979 1136 Domino

155 1151 302 1192 vocati
322 1156 435 1192 sunt:
461 1164 487 1192 a
512 1163 599 1202 quo
620 1163 719 1192 cum
737 1153 981 1203 accepisset

155 1206 416 1257 Nathana’e'l‚
440 1209 611 1249 venisse
629 1207 835 1249 Messiam
857 1208 900 1248 in
923 1207 979 1249 le-

154 1276 209 1315 ge
226 1266 500 1317 promissum,
519 1262 575 1305 ad
591 1263 827 1305 Dominum
846 1263 979 1305 dedu-

155 1325 252 1362 ctus
272 1326 349 1362 est.
378 1322 518 1371 Quam
537 1333 643 1362 vero
665 1320 862 1362 Christus
882 1333 978 1362 eum

155 1377 422 1419 familiariter
450 1376 695 1427 adhiberet,
722 1375 830 1418 illud
855 1376 980 1418 facile

156 1432 363 1483 declarat,
406 1433 526 1486 quod
559 1433 754 1475 Gentiles
786 1433 979 1475 Salvato-

155 1502 247 1531 rem
278 1489 427 1532 videre
462 1490 704 1543 cupientes,
736 1489 793 1531 ad
818 1489 978 1542 Philip-

154 1559 259 1598 pum
273 1548 564 1589 accesserunt:
584 1552 628 1588 et
637 1546 861 1597 Dominus,
882 1559 979 1588 cum

153 1602 197 1643 in
227 1602 460 1645 solitudine
492 1603 716 1645 hominum
742 1602 976 1645 multitudi-

153 1671 253 1700 nem
270 1662 454 1713 pascere
473 1659 620 1710 vellet,
647 1660 710 1701 sic
728 1659 980 1712 Philippum

153 1715 311 1758 affatus
344 1721 427 1758 est:
458 1716 584 1759 Unde
618 1718 810 1758 ememus
841 1729 978 1769 panes

152 1777 201 1814 ut
219 1771 482 1815 manducent
505 1772 571 1814 hi?
599 1773 658 1823 Is,
683 1774 867 1825 accepto
885 1772 978 1826 Spi-

154 1829 240 1874 ritu
255 1834 419 1880 sancto,
437 1842 537 1871 cum
553 1830 591 1871 ei
605 1828 782 1882 Scythia
797 1828 854 1870 ad
867 1842 978 1882 prae-

155 1883 390 1927 dicandum
421 1886 706 1937 Evangelium
737 1885 978 1937 obtigisset,

156 1953 330 1983 omnem
350 1942 440 1984 fere
464 1942 582 1984 illam
601 1947 775 1994 gentem
794 1941 850 1984 ad
869 1941 977 1983 chri-

155 1997 339 2039 stianam
371 1998 504 2041 fidem
537 1999 762 2041 convertit.
805 1999 978 2040 Postre-

154 2067 227 2096 mo
259 2067 358 2096 cum
382 2055 654 2108 Hierapolim
679 2054 880 2107 Phrygiae
907 2068 977 2096 ve-

154 2113 304 2162 nisset,
346 2125 427 2165 pro
461 2112 620 2154 Christi
654 2112 827 2154 nomine
862 2112 979 2153 cruci

155 2167 324 2219 affixus,
358 2167 664 2222 lapidibusque
693 2168 875 2211 obrutus
903 2173 980 2218 est,

155 2224 366 2267 Kalendis
380 2225 491 2277 Maji.
517 2225 622 2277 Eius
641 2238 801 2278 corpus
817 2224 980 2266 ibidem

156 2294 182 2322 a
200 2281 454 2324 Christianis
475 2282 703 2335 sepultum,
722 2284 879 2334 postea
893 2282 978 2323 Ro-

155 2351 270 2379 mam
297 2337 505 2388 delatum,
538 2339 581 2379 in
608 2338 788 2380 basilica
816 2337 978 2380 duode-

156 2395 240 2436 cim
250 2395 566 2447 Apostolorum
580 2409 665 2437 una
679 2409 778 2437 cum
793 2397 979 2448 corpore

155 2449 272 2493 beati
282 2452 306 2492 J
308 2451 435 2494 acobi
446 2452 650 2505 Apostoli
666 2451 889 2494 conditum
904 2457 979 2493 est.

214 2507 262 2559 R.
283 2508 379 2549 Lux
402 2510 615 2562 perpetua
637 2508 799 2550 lucebit
819 2508 980 2549 sanctis

157 2563 242 2605 tuis
274 2565 476 2616 Domine,
496 2568 517 2590 *
543 2565 600 2607 Et
627 2564 847 2607 aeternitas
874 2566 979 2606 tem-

158 2631 328 2672 porum,
351 2621 535 2674 alleluja,
560 2621 741 2673 alleluja.
784 2619 829 2670 V.
851 2621 978 2662 Laeti-

158 2675 219 2717 tia
253 2677 515 2730 sempiterna
551 2678 633 2719 erit
667 2690 799 2730 super
834 2678 980 2730 capita

310 2817 373 2842 Pars
389 2817 481 2843 Vema.

1034 242 1200 282 eorum:
1226 240 1433 292 gaudium
1457 246 1501 283 et
1526 241 1861 283 exsultationem

1034 297 1302 339 obtinebunt.
1330 298 1387 340 Et
1405 298 1636 340 aeternitas.

1352 358 1502 398 Lectio
1526 373 1559 397 v.

1111 415 1277 457 acobus
1308 414 1443 456 frater
1474 414 1667 464 Domini,
1700 426 1860 465 cogno-

1122 473 1270 513 mento
1286 471 1311 512 J
1312 475 1447 521 ustus,
1467 471 1523 512 ab
1538 471 1714 512 ineunte
1731 472 1861 512 aetate

1033 528 1180 570 vinum
1204 533 1247 570 et
1271 530 1453 569 siceram
1473 540 1562 569 non
1581 526 1705 577 bibit,
1732 539 1861 568 carne

1033 585 1251 635 abstinuit,
1270 597 1507 637 numquam
1521 589 1675 626 tonsus
1690 589 1766 634 est,
1781 596 1862 625 nec

1033 643 1254 692 unguento
1285 654 1366 683 nec
1398 641 1556 682 balneo
1585 653 1701 682 usus.
1747 640 1862 682 Huic

1034 698 1107 739 uni
1134 697 1293 740 licebat
1319 696 1489 749 ingredi
1515 697 1559 738 in
1581 697 1739 738 Sancta
1768 710 1861 738 san-

1035 757 1215 796 ctorum.
1250 754 1376 796 Idem
1400 754 1525 795 lineis
1551 753 1746 795 vestibus
1771 758 1861 795 ute-

1034 811 1178 854 batur:
1204 812 1272 853 cui
1297 811 1426 853 etiam
1450 809 1683 852 assiduitas
1708 810 1862 852 orandi

1033 868 1093 910 ita
1120 868 1278 910 callum
1306 867 1488 919 genibus
1518 866 1782 917 obduxerat,
1814 873 1862 909 ut

1035 924 1192 967 duritie
1229 925 1382 966 cameli
1417 924 1577 977 pellem
1609 924 1862 966 imitaretur.

1033 982 1146 1023 Eum
1197 986 1301 1034 post
1350 981 1509 1023 Christi
1561 981 1862 1022 ascensionem

1033 1038 1241 1091 Apostoli
1276 1038 1652 1090 Jerosolymorum
1694 1040 1861 1091 episco-

1033 1109 1138 1148 pum
1171 1097 1441 1137 creaverunt:
1480 1094 1537 1136 ad
1570 1107 1700 1146 quem
1732 1095 1863 1136 etiam

1033 1152 1238 1205 princeps
1268 1151 1590 1204 Apostolorum
1621 1151 1755 1200 misit,
1789 1151 1863 1203 qui

1033 1208 1250 1250 nuntiaret
1280 1221 1326 1249 se
1357 1221 1380 1250 e
1407 1210 1583 1250 carcere
1609 1207 1663 1250 ab
1691 1208 1862 1259 Angelo

1034 1264 1241 1307 eductum
1256 1265 1398 1306 fuisse.
1422 1265 1532 1306 Cum
1547 1270 1693 1306 autem
1707 1264 1750 1305 in
1763 1277 1861 1306 con-

1034 1322 1133 1363 cilio
1157 1323 1182 1363 J
1185 1322 1443 1374 erosolymis
1472 1321 1772 1363 controversia
1799 1334 1861 1363 es-

1034 1384 1100 1420 set
1127 1384 1223 1420 orta
1252 1376 1306 1420 de
1330 1379 1427 1430 lege
1454 1383 1497 1420 et
1521 1378 1863 1420 circumcisione:

1035 1435 1060 1475 J
1062 1435 1226 1477 acobus
1249 1435 1368 1477 Petri
1393 1435 1651 1476 sententiam
1675 1438 1862 1485 secutus,

1036 1491 1093 1533 ad
1122 1492 1278 1534 fratres
1311 1491 1465 1534 habuit
1501 1492 1773 1542 concionem,
1818 1492 1863 1532 in

1036 1561 1122 1600 qua
1152 1549 1430 1590 vocationem
1462 1548 1668 1590 Gentium
1705 1547 1862 1601 proba-

1037 1605 1115 1647 vit:
1147 1605 1441 1658 fratribusque
1474 1604 1727 1647 absentibus
1761 1605 1861 1646 scri-

1036 1662 1228 1704 bendum
1260 1675 1357 1704 esse
1394 1662 1519 1712 dixit,
1560 1675 1614 1703 ne
1648 1661 1862 1704 Gentibus

1033 1720 1179 1771 jugum
1202 1719 1411 1761 Mosaicae
1441 1718 1550 1770 legis
1577 1719 1862 1771 imponerent.

1034 1776 1102 1817 De
1129 1789 1216 1828 quo
1249 1781 1292 1818 et
1319 1775 1513 1828 loquitur
1535 1775 1779 1828 Apostolus
1806 1774 1862 1817 ad

1034 1833 1230 1874 Galatas:
1266 1833 1414 1874 Alium
1446 1837 1592 1874 autem
1623 1832 1861 1885 Apostolo-

1032 1902 1128 1930 rum
1155 1889 1245 1931 vidi
1272 1889 1504 1939 neminem,
1539 1888 1622 1930 nisi
1648 1888 1862 1930 Jacobum

1032 1945 1211 1988 fratrem
1230 1946 1416 1988 Domini.

1090 2003 1319 2056 RuVirtute
1329 2015 1487 2055 magna
1497 2001 1741 2043 reddebant
1752 2002 1862 2054 Apo·

1034 2058 1136 2100 stoli
1157 2062 1178 2084 *
1193 2059 1512 2101 Testimonium
1530 2058 1860 2100 resurrectionis

1033 2115 1137 2157 Jesu
1169 2116 1329 2157 Christi
1360 2115 1538 2158 Domini
1569 2114 1723 2163 nostri,
1760 2115 1860 2156 alle-

1033 2172 1135 2224 luja,
1169 2173 1351 2225 alleluja.
1396 2169 1443 2219 ‚VI
1473 2171 1648 2225 Repleti
1683 2170 1860 2224 quidem

1033 2229 1198 2282 Spiritu
1228 2235 1398 2279 sancto,
1438 2228 1730 2281 loquebantur
1761 2241 1859 2269 cum

1033 2285 1195 2328 fiducia
1248 2286 1431 2328 verbum
1479 2286 1574 2327 Dei.
1644 2285 1858 2326 Testimo-

1032 2342 1162 2384 nium.

1333 2388 1482 2428 Lectio
1505 2388 1555 2426 vi.
1604 2419 1613 2433 ,

1034 2438 1216 2544 Tanta
1252 2457 1397 2494 autem
1438 2455 1530 2492 erat
1566 2450 1720 2492 Jacobi
1756 2451 1858 2492 vitae

1133 2509 1358 2558 sanctitas,
1394 2513 1442 2549 ut
1479 2507 1696 2549 fimbriam
1730 2508 1858 2550 vesti-

1031 2566 1166 2607 menti
1186 2566 1275 2617 ejus
1295 2564 1494 2606 certatim
1512 2563 1710 2606 homines
1729 2567 1857 2617 cupe-

1032 2627 1128 2663 rent
1155 2624 1382 2672 attingere.
1418 2620 1532 2661 Nam
1558 2620 1596 2662 is
1624 2622 1858 2671 nonaginta

1032 2690 1110 2719 sex
1134 2690 1272 2719 annos
1296 2682 1439 2726 natuS,
1468 2689 1566 2718 cum
1589 2677 1767 2728 triginta
1786 2689 1856 2718 an-

1585 2807 1650 2840 31*
