2066 2956
200 196 298 241 [202]

252 294 310 333 Et
325 292 437 333 sicut
451 292 723 344 opertorium
736 291 927 334 mutabis
938 305 1025 343 eos,

200 355 243 391 et
273 348 570 390 mutabuntur:
598 349 622 374 *
648 354 696 390 tu
731 354 877 390 autem
909 348 1026 390 idem

199 406 294 458 ipse
314 418 371 454 es,
392 410 435 447 et
454 405 553 446 anni
571 405 635 446 tui
654 418 742 446 non
761 404 976 447 deficient.

251 461 348 502 Filii
383 463 610 503 servorum
649 464 824 503 tuorum
859 461 1024 503 habita-

198 518 320 560 bunt:
344 520 367 544 *
392 523 436 560 et
465 531 613 560 semen
641 520 793 560 eorum
820 518 863 559 in
891 520 1024 560 saecu-

198 575 286 615 lum
306 574 528 625 dirigetur.

251 631 403 673 Gloria
423 631 552 673 Patri.

462 688 656 728 Psalmus
678 689 761 728 129.

284 757 308 786 e
331 744 561 797 profundis
586 745 769 786 clamavi
793 746 849 788 ad
872 751 916 788 te
935 747 1022 788 Do-

298 802 430 843 mine:
466 803 490 827 *
526 802 716 843 Domine
753 802 913 845 exaudi
950 817 1022 845 vo-

197 871 292 899 cem
311 870 463 899 meam.

248 915 375 956 Fiant
407 928 533 957 aures
563 920 652 957 tuae
679 916 969 968 intendentes,
997 918 1021 944 *

195 972 239 1012 in
258 984 413 1013 vocem
433 971 754 1024 deprecationis
773 986 893 1015 meae.

194 1085 324 1127 mine:
342 1087 366 1112 *
384 1085 572 1127 Domine
594 1099 690 1138 quis
711 1087 962 1129 sustinebit?

248 1142 359 1192 Quia
386 1142 504 1194 apud
531 1147 575 1184 te
603 1143 859 1196 propitiatio
889 1149 971 1186 est:
998 1147 1022 1172 *

195 1204 238 1240 et
265 1204 447 1251 propter
475 1199 618 1250 legem
636 1206 755 1241 tuam
775 1202 960 1242 sustinui
979 1207 1022 1243 te

194 1255 392 1297 Domine.

245 1312 455 1354 Sustinuit
492 1313 634 1354 anima
670 1326 769 1354 mea
805 1314 849 1354 in
885 1314 1021 1356 verbo

195 1369 300 1420 ejus:
320 1371 343 1395 *
363 1370 558 1421 speravit
582 1370 726 1411 anima
750 1383 847 1420 mea
870 1371 913 1411 in
935 1371 1022 1412 Do-

194 1438 322 1466 mmo.

245 1482 285 1522 A
318 1482 519 1524 custodia
550 1486 762 1525 matutina
794 1497 934 1536 usque
967 1484 1023 1527 ad

194 1544 383 1580 noctem:
398 1541 421 1566 *
437 1546 584 1592 speret
603 1540 739 1582 Israel
759 1541 802 1581 in
819 1541 1021 1583 Domino.

245 1596 356 1646 Quia
379 1596 498 1649 apud
517 1597 753 1638 Dominum
776 1598 1016 1640 misericor-

194 1652 280 1693 dia:
308 1653 331 1678 *
361 1658 404 1694 et
437 1654 620 1706 copiosa
654 1654 772 1707 apud
801 1668 900 1697 eum
927 1655 1020 1703 red·

195 1709 370 1761 emptio.

248 1765 305 1807 Et
350 1766 446 1818 ipse
489 1765 675 1809 redimet
717 1768 871 1818 Israel,
908 1770 932 1796 *
968 1781 1022 1811 ex

197 1822 399 1864 omnibus
419 1822 723 1875 iniquitatibus
744 1826 846 1876 ejus.

249 1879 400 1920 Gloria
418 1879 548 1921 Patri.
893 1886 900 1892 ·

459 1940 655 1981 Psalmus
676 1942 760 1981 142.

194 1992 429 2098 Domine
442 1993 602 2035 exaudi
613 1994 855 2036 orationem
865 2008 1021 2037 meam:

303 2049 481 2095 auribus
529 2051 707 2103 percipe
757 2050 1021 2094 obsecratio-

195 2118 296 2147 nem
326 2119 470 2148 meam
502 2107 546 2148 in
573 2108 757 2149 veritate
785 2113 874 2150 tua:
900 2110 923 2134 *
951 2122 1022 2151 ex-

196 2162 299 2204 audi
317 2175 387 2205 me
406 2163 450 2204 in
468 2168 543 2205 tua
561 2164 733 2215 justitia.

247 2219 304 2261 Et
335 2232 423 2260 non
455 2220 591 2262 intres
619 2221 663 2261 in
691 2220 895 2273 judicium
923 2234 1022 2263 cum

196 2287 324 2317 servo
344 2281 436 2318 tuo:
451 2277 475 2302 *
492 2277 594 2329 quia
612 2290 700 2319 non
719 2278 1022 2330 justificabitur

196 2331 238 2371 in
258 2334 500 2385 conspectu
518 2338 596 2375 tuo
616 2334 758 2375 omnis
777 2335 940 2376 vivens.

248 2388 359 2438 Quia
403 2393 662 2442 persecutus
710 2395 777 2433 est
820 2391 1021 2433 inimicus

198 2443 385 2486 animam
429 2459 587 2487 meam:
623 2447 647 2473 *
688 2446 930 2489 humiliavit
977 2448 1021 2489 in

196 2503 312 2541 terra
330 2501 465 2543 vitam
482 2516 634 2545 meam.

252 2556 493 2601 Collocavit
520 2573 590 2602 me
617 2561 660 2601 in
687 2560 885 2602 obscuris
909 2561 1021 2603 sicut
1076 2564 1084 2594 Ξῖ
1114 2564 1140 2632 J.
1139 2609 1147 2617 .
1182 2610 1185 2622 ‚

196 2614 393 2655 mortuos
422 2617 584 2658 saeculi:
607 2619 630 2645 *
656 2622 699 2659 et
728 2618 929 2659 anxiatus
956 2623 1021 2659 est
1081 2616 1084 2621 ’
1119 2611 1153 2634 ”“
1180 2622 1182 2626 ’

199 2682 331 2721 super
349 2684 419 2713 me
439 2674 618 2724 spiritus
637 2687 770 2725 meus,
789 2675 833 2715 in
849 2687 920 2716 me
934 2679 1020 2716 tur-

197 2725 349 2767 batum
368 2733 434 2769 est
454 2741 529 2770 cor
548 2743 704 2772 meum.

835 198 997 232 Litaniae
1021 199 1256 233 Sanctorum.

1127 290 1298 333 Memor
1322 291 1384 333 fui
1410 291 1580 333 dierum
1607 292 1902 345 antiquorum,

1076 347 1312 390 meditatus
1339 361 1435 390 sum
1465 349 1508 390 in
1535 348 1737 391 omnibus
1763 351 1902 403 operi—

1076 404 1158 446 bus
1186 405 1287 447 tuis:
1306 406 1330 433 *
1355 406 1399 446 in
1427 405 1553 448 factis
1579 408 1786 448 manuum
1810 409 1901 449 tua-

1076 475 1173 503 rum
1190 461 1447 504 meditabar.

1128 518 1332 571 Expandi
1363 531 1517 560 manus
1549 532 1670 561 meas
1703 520 1760 562 ad
1791 525 1851 562 te:
1878 522 1903 548 ¹⁸¹

1078 575 1220 617 anima
1247 588 1344 618 mea
1379 575 1494 617 sicut
1521 581 1639 618 terra
1667 577 1760 619 sine
1789 589 1903 629 aqua

1076 631 1166 674 tibi.

1127 688 1353 730 Velociter
1376 688 1535 730 exaudi
1559 702 1629 731 me
1651 689 1855 732 Domine:
1879 692 1902 717 *

1077 744 1236 787 defecit
1255 745 1432 797 spiritus
1451 758 1587 787 meus.

1126 801 1227 843 Non
1252 803 1425 842 avertas
1449 801 1605 843 faciem
1627 806 1747 843 tuam
1771 815 1797 844 a
1818 815 1903 845 me:

1076 859 1099 884 *
1119 863 1163 900 et
1187 857 1338 899 similis
1364 871 1440 900 ero
1467 857 1834 901 descendentibus
1857 859 1901 901 in

1075 914 1229 956 lacum.

1127 970 1337 1012 Auditam
1361 970 1429 1012 fac
1453 970 1559 1013 mihi
1585 984 1712 1014 mane
1736 971 1902 1014 miseri-

989 1033 998 1043 *
1008 1055 1021 1061 -
1078 1027 1274 1070 cordiam
1289 1032 1424 1069 tuam:
1439 1028 1462 1054 *
1478 1028 1581 1080 quia
1598 1028 1643 1069 in
1659 1033 1703 1070 te
1717 1029 1902 1081 speravi.

1125 1085 1288 1126 Notam
1307 1084 1376 1126 fac
1393 1084 1498 1125 mihi
1512 1085 1637 1135 viam,
1655 1085 1699 1126 in
1715 1097 1802 1137 qua
1815 1087 1901 1127 am-

1074 1142 1237 1183 bulem:
1251 1143 1275 1168 *
1293 1141 1394 1194 quia
1414 1140 1470 1183 ad
1488 1146 1533 1184 te
1551 1141 1694 1183 levavi
1714 1142 1902 1184 animam

1075 1211 1230 1240 meam.

1127 1255 1261 1308 Eripe
1289 1267 1359 1296 me
1388 1253 1443 1297 de
1471 1255 1655 1296 inimicis
1679 1256 1789 1297 meis
1814 1255 1902 1297 Do-

1076 1312 1208 1362 mine,
1233 1311 1291 1354 ad
1308 1316 1353 1353 te
1373 1311 1562 1363 confugi:
1580 1312 1604 1338 *
1623 1311 1735 1354 doce
1754 1325 1825 1354 me
1843 1312 1902 1353 fa-

1076 1381 1175 1410 cere
1198 1367 1471 1410 voluntatem
1494 1372 1629 1418 tuam,
1657 1368 1759 1421 quia
1782 1368 1903 1410 Deus

1075 1437 1199 1466 meus
1219 1437 1266 1466 es
1285 1429 1344 1466 tu.

1127 1482 1315 1534 Spiritus
1338 1486 1439 1523 tuus
1460 1481 1604 1523 bonus
1623 1480 1814 1523 deducet
1832 1493 1903 1522 me

1076 1539 1120 1580 in
1154 1543 1316 1580 terram
1350 1542 1532 1580 rectam:
1559 1538 1583 1564 *
1610 1542 1796 1591 propter
1828 1550 1902 1579 no-

1076 1608 1177 1637 men
1200 1599 1323 1636 tuum
1341 1595 1530 1637 Domine
1554 1594 1797 1637 vivificabis
1822 1607 1903 1644 me,

1076 1653 1120 1693 in
1139 1652 1348 1704 aequitate
1367 1656 1453 1693 tua.

1127 1707 1303 1750 Educes
1329 1707 1384 1750 de
1409 1708 1689 1750 tribulatione
1714 1708 1903 1750 animam

1074 1777 1235 1807 meam:
1270 1765 1294 1790 *
1332 1769 1375 1806 et
1412 1765 1456 1805 in
1491 1765 1792 1807 misericordia
1826 1770 1903 1807 tua

1076 1820 1306 1874 disperdes
1326 1821 1524 1863 inimicos
1543 1834 1678 1864 meos.

1127 1878 1184 1920 Et
1208 1877 1370 1931 perdes
1397 1890 1566 1928 omneS,
1595 1879 1670 1931 qui
1693 1878 1902 1920 tribulant

1077 1935 1266 1976 animam
1279 1947 1435 1976 meam:
1450 1934 1474 1960 *
1490 1935 1697 1987 quoniam
1716 1947 1798 1986 ego
1815 1947 1901 1977 ser—

1076 2005 1156 2033 vus
1174 1996 1275 2032 tuus
1295 2003 1402 2032 sum.

1128 2056 1281 2099 Gloria
1298 2056 1429 2098 Patri.

1125 2122 1221 2162 Ant.
1269 2122 1337 2163 Ne
1380 2121 1674 2163 reminiscaris
1714 2122 1902 2164 Domine

1076 2178 1235 2221 delicta
1266 2183 1435 2228 nostra,
1467 2178 1537 2220 vel
1570 2181 1799 2232 parentum
1826 2191 1901 2221 no-

1075 2237 1281 2277 strorum:
1316 2248 1459 2288 neque
1486 2235 1723 2277 vindictam
1755 2248 1901 2277 sumas

1076 2292 1132 2334 de
1149 2292 1346 2345 peccatis
1364 2292 1539 2334 nostris.

1296 2433 1334 2473 L
1362 2433 1380 2474 i
1406 2433 1429 2474 t
1456 2443 1487 2474 a
1512 2444 1548 2474 n
1574 2433 1592 2474 i
1618 2444 1674 2475 ae.

1076 2516 1077 2520 ’
1173 2507 1292 2560 ‚syrie
1311 2507 1487 2549 eleison.

1164 2562 1191 2596 ’ἐι
1219 2564 1389 2605 Christe
1408 2563 1582 2605 eleison.

1216 2621 1354 2673 Kyrie
1373 2620 1548 2662 eleison.

1075 2648 1246 2719 Christe
1267 2676 1369 2719 audi
1387 2690 1480 2718 nos.

1073 2733 1245 2776 Christe
1266 2733 1425 2776 exaudi
1445 2746 1538 2775 nos.
