2028 2892
191 192 257 227 252

191 287 414 385 tetaldie:
459 289 483 314 *
524 288 904 331 circumdederunt
944 301 1013 330 me

191 357 328 385 simu.

242 413 467 465 Elongasti
493 428 517 456 a
541 428 611 457 me
637 417 822 457 amicum
851 419 893 456 et
915 417 1013 468 pro-

191 470 370 512 ximum:
390 473 414 497 *
436 477 478 514 et
495 478 625 514 notos
643 485 766 514 meos
786 485 811 513 a
830 472 1013 514 miseria.

247 547 342 587 Ant.
365 546 520 587 Factus
535 559 631 587 sum
647 546 760 588 sieut
774 546 905 587 homo
921 545 1013 586 sine

193 602 419 653 adjutorio,
438 603 549 644 inter
568 604 764 644 mortuos
783 602 903 644 liber.

243 676 293 723 Y.
319 676 369 715 In
389 687 499 728 pace
520 675 659 716 factus
679 680 746 717 est
769 676 892 717 locus
913 677 1013 728 ejus.

191 735 240 785 R.
267 731 323 773 Et
342 731 386 772 in
404 732 506 773 Sion
526 731 738 774 habitatio
759 733 858 784 ejus.

248 801 372 843 Pater
392 807 552 843 noster.
574 811 754 844 secreto.

193 890 258 930 De
286 888 484 940 Epistola
510 888 628 929 beati
654 888 778 929 Pauli
806 889 1013 941 Apostoli

453 944 509 986 ad
527 945 754 987 Hebraeos.

294 1023 443 1063 Lectio
467 1024 531 1063 vii.
704 1026 805 1077 Cap.
821 1028 857 1065 9.
874 1040 908 1066 c.

195 1088 469 1151 v²77}4233ss2hr1stus
496 1092 703 1130 assistens
726 1090 930 1132 Pentifex
953 1090 1013 1131 fu-

195 1179 198 1186 ,
224 1128 301 1203 vl
324 1148 522 1187 turorum
552 1145 788 1196 bonorum,
820 1160 900 1199 per
928 1149 1013 1188 am-

198 1193 298 1226 Q—*ss‘
324 1202 437 1254 plius
471 1207 514 1243 et
548 1203 784 1255 perfectius
815 1203 1013 1245 taberna-

192 1258 335 1300 culum
350 1271 436 1300 non
452 1260 755 1309 manufactum,
773 1259 818 1301 id
834 1265 911 1310 est,
928 1273 1014 1301 non

190 1315 315 1366 hujus
331 1315 578 1357 creationis:
597 1329 737 1368 neque
752 1329 831 1369 per
846 1317 1014 1368 sangui-

190 1384 289 1413 nem
309 1372 544 1422 hircorum,
568 1378 643 1414 aut
663 1373 913 1423 vitulorum,
936 1373 1016 1415 sed

190 1441 270 1480 per
294 1429 521 1481 preprium
544 1430 798 1480 sanguinem
821 1430 1015 1472 introivit

191 1485 326 1526 semel
362 1485 405 1525 in
434 1485 611 1535 Sancta,
648 1487 812 1527 aeterna
848 1485 1014 1528 redem-

191 1541 341 1594 ptione
376 1542 561 1583 inventa.
614 1542 658 1583 Si
690 1543 806 1584 enim
840 1544 1016 1594 sanguis

191 1597 421 1647 hircorum,
446 1603 488 1639 et
508 1601 743 1649 taurorum,
768 1604 811 1641 et
831 1600 938 1641 cinis
958 1603 1015 1641 vi-

190 1654 294 1696 tulae
331 1657 534 1707 aspersus
575 1656 824 1708 inquinatos
861 1659 1015 1698 sancti-

192 1711 295 1752 ficat
346 1711 402 1752 ad
453 1712 805 1754 emundatiOnem
855 1714 1016 1754 carnis:

194 1772 356 1819 quanto
381 1768 520 1818 magis
543 1769 718 1819 sanguis
742 1769 918 1819 Christi,
943 1771 1015 1822 qui

191 1836 270 1875 per
287 1824 495 1876 Spiritum
516 1831 714 1866 sanctum
733 1828 1015 1879 semetipsum

193 1879 353 1921 ebtulit
381 1880 703 1923 immaculatum
728 1882 842 1932 Deo,
871 1895 1016 1924 emun-

193 1935 315 1977 dabit
365 1938 674 1979 conscientiam
719 1944 915 1981 nostram
961 1940 1015 1981 ab

193 1993 400 2045 operibus
427 1994 626 2044 mortuis,
655 1995 711 2037 ad
739 1996 1015 2038 serviendum

191 2050 288 2091 Deo
309 2049 494 2092 viventi?

243 2120 292 2172 R.
335 2120 580 2161 Astiterunt
616 2133 742 2171 reges
782 2127 931 2172 terrae,
973 2128 1016 2164 et

191 2176 413 2228 principes
437 2178 734 2218 convenerunt
756 2178 799 2218 in
822 2192 970 2229 unum,
989 2183 1011 2206 *

192 2232 418 2274 Adversus
445 2233 701 2283 Deminum,
735 2239 778 2275 et
806 2234 1016 2277 adversus

193 2289 412 2330 Christum
441 2290 542 2341 ejus.
576 2285 625 2337 V.
660 2291 805 2340 Quare
834 2292 1015 2334 fremue-

192 2351 291 2387 runt
324 2346 509 2395 Gentes,
552 2352 594 2388 et
629 2347 781 2399 pepuli
818 2348 1015 2390 meditati

194 2407 293 2443 sunt
319 2401 486 2444 inania?
523 2402 749 2445 Adversus
769 2404 1016 2446 Deminum.

480 2479 629 2521 Lectio
652 2481 731 2520 viii.

273 2553 291 2590 t
305 2549 405 2591 ideo
420 2552 522 2592 novi
537 2552 786 2593 testamenti
800 2552 1016 2594 mediator

292 2610 372 2646 est:
401 2612 447 2649 ut
469 2614 610 2650 morte
635 2608 947 2658 intercedente,
973 2609 1015 2649 in

192 2660 537 2714 redemptionem
576 2667 723 2706 earum
759 2666 1015 2718 praevarica-

192 2717 369 2768 tionum,
391 2733 488 2771 quae
504 2727 625 2763 erant
642 2722 721 2764 sub
737 2723 873 2775 prieri
887 2727 1015 2764 testa-

869 198 1037 231 sabbato
1064 200 1207 231 sancto.

1065 290 1228 338 mento,
1256 288 1639 341 repromissiOnem
1663 289 1888 342 accipiant,

1068 344 1141 396 qui
1166 345 1310 386 vocati
1335 350 1436 387 sunt
1461 347 1636 387 aeternae
1659 344 1887 387 haeredita-

1065 402 1132 443 tis.
1186 401 1272 444 Ubi
1309 402 1424 444 enim
1459 404 1769 444 testamentum
1805 406 1888 444 est:

1066 471 1184 500 mors
1208 461 1387 501 necesse
1408 463 1474 500 est
1496 459 1739 501 intercedat
1758 463 1888 501 testa-

1065 515 1184 556 toris.
1220 515 1550 557 Testamentum
1573 516 1687 557 enim
1709 516 1753 556 in
1775 517 1888 556 mor·

1064 572 1150 613 tuis
1167 572 1471 614 confirmatum
1487 577 1566 614 est:
1585 572 1777 625 alioquin
1792 584 1890 613 non-

1066 628 1169 670 dum
1193 629 1324 679 valet,
1348 629 1452 670 dum
1475 629 1583 670 vivit
1606 629 1681 682 qui
1702 630 1889 670 testatus

1066 690 1142 726 est.
1162 685 1290 727 Unde
1304 698 1385 727 nec
1399 685 1590 738 primum
1605 685 1782 738 quidem
1797 685 1888 726 sine

1066 743 1272 794 sanguine
1292 741 1542 784 dedicatum
1561 746 1637 783 est.

1119 806 1168 858 R.
1194 803 1455 845 AEstimatus
1479 816 1575 844 sum
1594 815 1692 844 cum
1711 801 1889 844 descen-

1066 859 1269 902 dentibus
1297 860 1339 901 in
1367 859 1525 901 lacum:
1553 864 1575 889 *
1604 860 1766 900 Factus
1794 871 1889 900 sum

1066 917 1178 958 sicut
1209 917 1341 958 homo
1379 917 1472 958 sine
1505 915 1741 968 adjutorio,
1777 915 1890 957 inter

1065 975 1264 1015 mortuos
1296 973 1419 1015 liber.
1463 970 1511 1021 V.
1539 973 1788 1014 Posuerunt
1819 985 1889 1013 me

1064 1030 1109 1070 in
1131 1030 1230 1071 lacu
1252 1030 1461 1080 inferiori,
1489 1030 1533 1070 in
1557 1028 1818 1079 tenebrosis,
1847 1033 1890 1070 et

1066 1087 1109 1127 in
1127 1087 1282 1128 umbra
1299 1087 1465 1128 mortis.
1491 1086 1663 1128 Factus

1366 1162 1517 1203 Lectio
1537 1163 1589 1202 ix.

1126 1223 1223 1260 ecto
1245 1218 1358 1260 enim
1376 1218 1494 1260 omni
1512 1217 1722 1260 mandato
1739 1217 1850 1270 legis
1869 1229 1892 1258 a

1161 1275 1315 1328 Moyse
1342 1275 1546 1316 universo
1571 1274 1756 1327 populo:
1784 1275 1892 1316 acci—

1067 1332 1192 1384 piens
1211 1331 1464 1382 sanguinem
1482 1331 1730 1381 vitulorum,
1750 1336 1792 1373 et
1808 1331 1892 1371 hir-

1068 1390 1220 1429 corum
1244 1401 1343 1429 cum
1362 1401 1475 1441 aqua
1496 1392 1540 1429 et
1558 1387 1657 1428 lana
1678 1389 1893 1436 coccinea,

1069 1449 1112 1486 et
1129 1444 1341 1498 hyss6po:
1366 1444 1511 1497 ipsum
1531 1456 1706 1497 quoque
1724 1443 1893 1492 librum,

1069 1506 1112 1543 et
1143 1514 1317 1543 omnem
1348 1501 1560 1555 pepulum
1592 1500 1799 1553 aspersit,
1833 1499 1893 1542 di-

1068 1571 1186 1599 cens:
1205 1558 1289 1599 Hic
1305 1558 1481 1610 sanguis
1496 1557 1757 1607 testamenti,
1774 1556 1892 1610 quod

1067 1615 1291 1656 mandavit
1314 1614 1370 1656 ad
1395 1627 1475 1656 vos
1496 1614 1628 1655 Deus.
1664 1614 1808 1655 Etiam
1831 1618 1893 1655 ta-

1068 1671 1369 1721 bernaculum,
1398 1676 1441 1712 et
1469 1671 1614 1712 omnia
1641 1683 1747 1712 vasa
1773 1669 1893 1710 mini-

1068 1728 1189 1769 sterii
1220 1728 1430 1779 sanguine
1461 1726 1659 1768 similiter
1690 1726 1893 1779 aspersit:
1917 1728 1921 1733 ”

1069 1790 1112 1826 et
1136 1784 1281 1825 omnia
1303 1797 1415 1836 pene
1440 1784 1483 1824 in
1509 1783 1718 1834 sanguine
1743 1786 1893 1824 secun-

1068 1841 1171 1883 dum
1186 1841 1328 1891 legem
1343 1839 1620 1881 mundantur:
1638 1845 1683 1881 et
1697 1840 1789 1881 sine
1807 1841 1894 1880 sen·

1067 1897 1210 1949 guinis
1229 1897 1439 1939 effusiOne
1458 1909 1546 1938 non
1566 1896 1616 1938 fit
1636 1895 1847 1938 remissio.

1119 1959 1169 2011 R.
1187 1956 1368 2011 Septilto
1378 1958 1581 2007 Demino,
1596 1957 1813 2008 signatum
1828 1961 1894 1998 est

1067 2017 1415 2065 monumentum,
1447 2014 1674 2056 volventes
1700 2012 1892 2066 lapidem

1069 2072 1125 2114 ad
1145 2072 1304 2113 ostium
1323 2071 1607 2112 monumenti:
1627 2074 1649 2099 *
1674 2071 1892 2112 Ponentes

1070 2128 1255 2178 milites,
1310 2128 1383 2180 qui
1437 2127 1709 2169 custodirent
1762 2126 1893 2168 illum.

1070 2180 1118 2230 V.
1145 2184 1419 2227 Accedentes
1443 2184 1665 2237 principes
1694 2182 1892 2225 sacerdo-

1069 2248 1160 2284 tum
1193 2241 1250 2283 ad
1277 2241 1482 2290 Pilatum,
1514 2242 1734 2293 petierunt
1760 2239 1892 2280 illum.

1068 2299 1298 2340 Ponentes.
1324 2297 1506 2350 Sepulto
1526 2297 1726 2339 Domino.

1326 2374 1405 2415 Ad
1427 2374 1634 2416 Laudes.

1121 2432 1219 2472 Ant.
1254 2433 1283 2471 1.
1321 2434 1358 2474 Ο
1385 2445 1525 2483 mors,
1557 2444 1633 2474 ero
1660 2443 1780 2473 mors
1806 2435 1892 2479 tua,

1068 2502 1241 2530 morsus
1259 2494 1360 2530 tuus
1381 2502 1457 2531 ero
1478 2489 1654 2530 inferne.

1121 2549 1188 2588 Ps.
1208 2549 1280 2589 50.
1309 2550 1516 2592 Miserere
1535 2548 1631 2590 mei.
1656 2549 1749 2589 224.

1122 2610 1220 2650 Ant.
1243 2611 1279 2650 2.
1307 2611 1518 2661 Plangent
1541 2622 1640 2651 eum
1659 2608 1783 2660 quasi
1803 2608 1892 2648 uni-

1068 2667 1279 2717 genitum,
1313 2668 1413 2719 quia
1442 2670 1649 2709 innocens
1677 2665 1893 2707 Dominus

1069 2726 1239 2765 occisus
1259 2729 1335 2765 est.
