2066 2956
750 240 986 283 I’raeparatio
1012 242 1061 275 ad
1086 242 1253 275 Missam.

146 333 186 368 in
202 344 262 369 me
283 334 444 379 aliquod
458 335 554 370 boni
570 336 699 380 operis
712 338 974 373 testim6nium

145 394 224 419 non
249 387 456 429 agnescas,
480 386 648 421 officium
665 387 801 422 saltem
819 388 973 432 dispen-

147 434 310 470 sationis
335 435 490 470 creditae
514 446 593 470 non
615 438 787 479 recuses,
810 447 882 472 nec
904 447 974 481 per

145 490 224 519 me'
249 484 449 528 indignum
493 487 625 521 e6rum
663 487 816 522 salutis>
842 489 974 531 pereat

146 534 324 578 pretium,
352 545 424 579 pro
449 536 590 580 quibus
611 536 768 572 victima
792 538 973 572 salutaris

147 582 328 626 dignatus
353 593 394 618 es
420 594 522 628 esse,
552 589 589 620 et
611 585 837 630 redemptio.
882 586 973 621 Pre-

145 633 228 668 fero
245 634 370 678 etiam,
393 634 557 670 Domine
582 635 630 678 (si
653 636 823 680 digneris
845 638 973 682 propi-

146 683 224 718 tius
262 684 430 728 intueri),
475 686 746 721 tribulatienes
785 687 972 731 plebium,

145 734 318 778 pericula
349 735 600 779 populerum,
640 736 882 780 captivorum
913 739 973 781 ge-

145 784 278 828 mitus,
301 785 478 820 miserias
504 786 780 830 orphanerum,
807 788 974 822 necessi-

146 836 244 869 tates
260 835 566 879 peregrinorum,
590 836 763 881 inopiam
780 838 973 882 debilium,

147 884 439 929 desperatienes
477 887 756 931 languentium,
802 888 973 923 defectus

148 945 298 979 senum,
326 935 494 980 suspiria
517 937 713 980 juvenum,
742 942 834 972 vota
859 938 974 982 virgi-

146 995 248 1029 num,
271 985 438 1022 lamenta
461 987 675 1022 viduarum.

359 1060 517 1095 Feria
549 1059 760 1106 Quinta.

201 1136 227 1160 u
251 1125 353 1160 enim
375 1126 570 1161 misereris
592 1127 775 1171 omnium,
800 1129 974 1172 Domine,

226 1178 263 1210 et
290 1175 388 1210 nihil
415 1176 533 1211 odisti
560 1177 693 1212 eorum
722 1187 810 1222 quae
837 1179 971 1214 fecisti.

147 1224 371 1270 Memorare,
396 1236 484 1271 quae
508 1227 559 1262 sit
582 1231 715 1262 nostra
739 1229 972 1264 substantia:

148 1276 240 1320 quia
263 1280 304 1312 tu
326 1277 442 1312 Pater
464 1282 597 1313 noster
620 1288 672 1322 es,
698 1279 789 1323 quia
812 1284 854 1315 tu
868 1280 974 1315 Deus

148 1330 282 1362 noster
311 1337 370 1371 es,
405 1338 454 1363 ne
484 1328 665 1363 irascaris
698 1330 811 1373 satis,
850 1341 974 1374 neque

146 1377 433 1412 multitudinem
460 1379 653 1414 viscerum
679 1381 832 1414 tuarum
859 1391 975 1425 super

147 1438 220 1463 nos
245 1429 453 1464 contineas.
491 1429 582 1465 Non
605 1430 707 1465 enim
731 1430 771 1464 in
794 1431 975 1474 iustifica-

147 1478 319 1514 tidnibus
350 1479 495 1515 nostris
528 1481 808 1525 prosternimus
839 1492 974 1526 preces

120 1575 123 1577 Β
148 1533 235 1564 ante
259 1529 399 1565 faciem
419 1534 542 1575 tuam,
567 1531 637 1566 sed
657 1531 697 1566 in
720 1531 975 1567 miserationi-

146 1579 222 1614 bus
237 1579 315 1615 tuis
331 1580 473 1615 multis.
504 1580 628 1616 Aufer
651 1592 674 1616 a
697 1582 811 1617 nobis
835 1582 975 1626 iniqui-

147 1631 246 1664 tates
268 1634 434 1674 nostras,
459 1634 497 1665 et
518 1630 647 1675 ignem
669 1632 793 1667 sancti
809 1632 974 1676 Spiritus

147 1678 188 1713 in
225 1679 340 1728 nobis
379 1679 583 1715 clementer
620 1681 796 1716 accende.
854 1682 975 1717 Aufer

148 1738 216 1764 cor
242 1729 440 1774 lapideum
467 1730 515 1765 de
544 1741 658 1766 carne
681 1736 831 1775 nostra,
863 1736 900 1767 et
926 1733 975 1767 da

147 1779 263 1815 nobis
288 1790 355 1815 cor
377 1782 572 1824 carneum,
604 1783 710 1826 quod
732 1787 768 1818 te
794 1787 908 1827 amet,
938 1788 974 1819 te

149 1829 301 1874 diligat,
329 1833 366 1865 te
391 1830 616 1875 delectetur,
645 1836 682 1867 te
707 1835 907 1877 sequatur,
938 1837 974 1868 te

147 1880 376 1924 perfruatur.
418 1880 592 1926 Oramus,
615 1882 791 1926 Domine,
815 1884 974 1918 clemen-

147 1929 242 1964 tiam
269 1933 389 1973 tuam,
421 1934 464 1966 ut
493 1933 629 1967 sereno
654 1933 764 1968 vultu
791 1933 975 1968 familiam

147 1982 269 2023 tuam,
293 1980 395 2015 sacri
410 1980 467 2015 tui
486 1981 654 2017 nominis
673 1983 799 2018 officia
814 1987 975 2027 praesto-

147 2029 306 2073 lantem,
336 2031 509 2074 aspicere
538 2031 724 2076 digneris:
760 2037 797 2068 et
823 2037 865 2068 ut
893 2034 974 2068 nul-

147 2078 222 2113 lius
252 2080 303 2114 sit
332 2079 481 2115 irritum
503 2085 654 2125 votum,
685 2083 827 2118 nullius
851 2085 974 2118 vacua

147 2129 378 2173 postulatio,
413 2134 455 2165 tu
487 2131 602 2166 nobis
635 2142 770 2176 preces
800 2135 973 2177 suggere,

149 2188 246 2223 quas
275 2178 360 2223 ipse
390 2180 582 2224 propitius
613 2182 761 2226 audire,
795 2186 832 2218 et
860 2193 973 2218 exau-

149 2227 229 2263 dire
254 2228 467 2264 delecteris.

381 2295 541 2331 Feria
574 2295 745 2331 Sexta.

202 2361 363 2403 ogamus
380 2360 496 2396 etiam
511 2364 559 2405 te,
575 2361 739 2396 Demine
756 2365 886 2396 sancte
902 2361 973 2396 Pa—

222 2413 290 2453 ter,
304 2414 342 2445 et
353 2420 424 2454 pro
440 2411 641 2454 spiritibus
654 2411 824 2446 fidelium
840 2411 971 2446 defun-

148 2459 310 2494 ctorum:
333 2463 375 2495 ut
393 2460 443 2495 sit
459 2460 538 2495 illis
555 2461 676 2505 salus,
698 2461 859 2503 sanitas,
881 2462 971 2504 gau-

148 2507 255 2542 dium
271 2513 308 2543 et
323 2509 577 2553 refrigerium,
601 2510 676 2545 hoc
696 2520 877 2554 magnum
893 2509 972 2553 pie-

146 2558 238 2592 tatis
251 2560 540 2595 sacramentum.
556 2560 719 2595 D6mine
733 2559 838 2594 Deus
853 2569 971 2601 meus,

148 2606 200 2641 sit
219 2607 298 2642 illis
318 2608 435 2643 hodie
456 2619 638 2653 magnum
660 2612 696 2643 et
711 2609 868 2652 plenum
884 2618 972 2642 con-

147 2656 295 2691 vivium
317 2658 366 2692 de
387 2662 424 2693 te
447 2669 547 2703 pane
571 2659 682 2702 viVO‚
709 2658 776 2702 qui
799 2658 846 2692 de
871 2658 971 2692 coelo

149 2706 401 2751 descendisti,
433 2713 470 2744 et
495 2709 566 2744 das
590 2709 710 2744 vitam
734 2708 894 2750 mundo,
924 2708 971 2742 de

147 2760 214 2791 tua
237 2757 361 2793 Carne
390 2763 524 2794 sancta
552 2763 589 2794 et
617 2758 834 2801 benedicta,
867 2758 972 2802 Agni

302 2891 366 2916 Pars
382 2891 475 2917 Verna.

1025 339 1206 375 videlicet
1229 340 1474 386 immaculati,
1499 342 1565 387 qui
1589 342 1694 377 tollis
1716 343 1851 386 pecca-

1025 392 1064 423 ta
1087 389 1236 434 mundi,
1269 401 1357 435 quae
1387 391 1433 426 de
1459 395 1592 426 sancto
1617 395 1654 426 et
1677 391 1850 435 glorioso

1025 438 1151 474 beatae
1167 440 1337 484 Virginis
1354 441 1486 476 Mariae
1504 443 1612 476 utero
1630 445 1688 476 est
1705 442 1851 475 assum-

1025 493 1107 533 pta,
1132 494 1169 524 et
1193 490 1239 525 de
1257 491 1401 535 Spiritu
1425 496 1558 527 sancto
1581 493 1780 536 concepta;
1807 501 1851 526 ac

1027 539 1074 574 de
1098 540 1166 575 illo
1190 541 1346 584 pietatis
1370 541 1485 585 fonte,
1511 542 1577 586 qui
1593 552 1662 586 per
1678 542 1852 576 lanceam

1025 589 1159 624 militis
1181 600 1229 624 ex
1251 594 1317 626 tuo
1339 592 1600 626 sacratissimo
1616 591 1734 626 latere
1752 601 1851 625 ema-

1026 640 1148 675 navit:
1176 644 1218 675 ut
1242 642 1380 676 exinde
1404 642 1534 676 refecti
1559 646 1595 677 et
1619 641 1765 685 satiati,
1794 651 1850 675 re-

1026 690 1199 734 frigerati
1217 695 1254 726 et
1270 692 1459 726 consolati
1477 692 1669 727 exsultent
1684 691 1724 725 in
1736 690 1850 725 laude

1028 744 1065 775 et
1088 741 1211 784 gloria
1235 746 1310 776 tua.
1354 742 1449 777 Peto
1474 741 1714 777 clementiam
1736 745 1851 784 tuam,

1026 790 1208 835 Demine,
1243 796 1284 826 ut
1319 792 1528 827 descendat
1562 802 1678 836 super
1711 801 1852 835 panem

1026 841 1098 875 tibi
1128 842 1422 876 sacrificandum
1452 842 1652 886 plenitudo
1683 845 1760 876 tuae
1787 841 1851 875 be—

1027 891 1275 935 nedictienis,
1309 896 1345 926 et
1374 892 1626 926 sanctificatio
1654 895 1730 926 tuae
1755 890 1851 925 divi-

1027 942 1169 976 nitatis.
1203 942 1422 977 Descendat
1438 942 1566 985 etiam,
1586 941 1763 983 Demine,
1785 941 1852 975 ina

1027 992 1151 1027 sancti
1175 992 1340 1036 Spiritus
1368 992 1424 1027 tui
1454 991 1677 1034 invisibilis,
1709 991 1851 1025 incom—

1026 1042 1377 1086 prehensibilisque
1400 1042 1592 1085 majestas,
1617 1041 1716 1076 sicut
1732 1050 1851 1085 quon-

1028 1091 1117 1126 dam
1149 1092 1189 1126 in
1220 1096 1372 1136 patrum
1400 1092 1548 1126 hostias
1578 1090 1850 1125 descendebat:

1028 1141 1095 1186 qui
1127 1146 1164 1176 et
1194 1142 1410 1177 oblationes
1443 1146 1597 1177 nostras
1631 1141 1782 1184 Corpus
1815 1143 1852 1174 et

1028 1191 1262 1235 sanguinem
1284 1196 1398 1238 tuum
1416 1191 1572 1235 efficiat,
1604 1194 1641 1225 et
1667 1200 1727 1224 me
1756 1189 1851 1224 indi-

1028 1252 1144 1285 gnum
1172 1242 1411 1277 sacerdotem
1441 1242 1578 1276 doceat
1604 1244 1751 1275 tantum
1778 1244 1851 1274 tra-

1029 1294 1131 1327 ctare
1159 1293 1384 1337 mysterium
1411 1303 1497 1326 cum
1528 1290 1656 1326 cordis
1686 1290 1851 1334 puritate

1029 1347 1065 1377 et
1095 1343 1338 1377 lacrimarum
1370 1342 1591 1384 devotiOne,
1633 1350 1718 1374 cum
1746 1350 1852 1375 reve-

1027 1393 1149 1427 rentia
1181 1397 1218 1428 et
1249 1393 1428 1435 tremore,
1468 1392 1521 1426 ita
1555 1395 1595 1425 ut
1625 1389 1777 1434 placide
1807 1400 1852 1425 ac

1027 1443 1191 1487 benigne
1221 1443 1412 1487 suscipias
1442 1441 1674 1477 sacrificium
1699 1439 1746 1473 de
1775 1441 1851 1473 ma-

1027 1493 1141 1528 nibus
1174 1493 1270 1527 meis
1306 1493 1356 1527 ad
1385 1493 1547 1527 salutem
1576 1489 1746 1525 omnium
1773 1492 1851 1523 tam

1026 1542 1214 1586 vivorum,
1239 1553 1354 1586 quam
1379 1542 1652 1577 defuncterum.

1298 1627 1582 1663 Sabbato.

1028 1713 1157 1787 Rogo
1187 1713 1301 1747 etiam
1330 1717 1382 1756 te,
1414 1711 1592 1756 Demine,
1627 1722 1696 1756 per
1723 1711 1851 1755 ipsum

1108 1765 1395 1798 sacrosanctum
1419 1763 1643 1807 mysterium
1664 1762 1850 1806 Corporis

1028 1815 1065 1846 et
1087 1812 1294 1856 Sanguinis
1317 1813 1388 1856 tui,
1419 1823 1495 1857 quo
1525 1812 1696 1857 quotidie
1720 1812 1759 1846 in
1782 1812 1850 1846 Ec-

1028 1862 1146 1896 clesia
1175 1867 1239 1897 tua
1269 1863 1464 1907 pascimur
1492 1866 1528 1897 et
1556 1864 1751 1906 potamur,
1787 1862 1850 1896 ab·

1027 1912 1167 1947 luimur
1196 1917 1233 1947 et
1262 1913 1558 1955 sanctificamur,
1594 1916 1707 1956 atque
1738 1912 1850 1946 unius

1027 1972 1187 1997 summae
1204 1963 1418 1998 divinitatis
1431 1963 1638 2007 participes
1653 1962 1849 1997 efficimur:

1028 2012 1078 2047 da
1100 2013 1195 2047 mihi
1216 2012 1378 2048 virtutes
1401 2017 1487 2047 tuas
1512 2016 1682 2055 sanctas,
1708 2011 1848 2055 quibus

1026 2062 1210 2106 repletus,
1243 2063 1346 2098 bona
1379 2061 1614 2097 conscientia
1647 2061 1696 2096 ad
1731 2061 1848 2095 altare

1026 2116 1133 2146 tuum
1164 2113 1361 2155 accedam,
1402 2113 1455 2147 ita
1487 2115 1528 2147 ut
1559 2111 1644 2146 haec
1676 2110 1850 2145 coelestia

1026 2163 1265 2197 sacramenta
1300 2163 1514 2197 efficiantur
1544 2161 1639 2196 mihi
1674 2161 1778 2195 salus
1812 2163 1850 2195 et

1025 2211 1116 2247 vita.
1162 2212 1222 2247 Tu
1251 2212 1351 2247 enim
1375 2211 1509 2247 dixisti
1534 2221 1598 2246 ore
1622 2214 1688 2246 tuo
1714 2214 1848 2245 sancto

1027 2265 1065 2296 et
1086 2262 1305 2298 benedicto:
1339 2262 1467 2305 Panis,
1501 2271 1614 2305 quem
1638 2270 1709 2304 ego
1735 2259 1848 2304 dabo,

1027 2322 1117 2348 caro
1149 2323 1235 2348 mea
1270 2317 1328 2348 est
1360 2322 1432 2357 pro
1466 2311 1600 2347 mundi
1631 2311 1730 2347 vita:
1764 2310 1848 2355 Ego

1025 2372 1111 2396 sum
1132 2362 1246 2407 panis
1270 2362 1394 2405 vivus,
1420 2361 1486 2406 qui
1509 2361 1556 2396 de
1576 2360 1675 2396 coelo
1693 2359 1848 2395 descen-

1025 2411 1080 2446 di:
1104 2412 1146 2446 Si
1169 2412 1255 2456 quis
1277 2410 1567 2446 manducaverit
1583 2420 1631 2444 ex
1646 2409 1722 2444 hoc
1736 2419 1847 2453 pane,

1023 2461 1131 2496 vivet
1160 2461 1199 2495 in
1229 2462 1420 2496 aeternum.
1466 2459 1583 2494 Panis
1615 2458 1847 2502 dulcissime,

1025 2521 1120 2545 sana
1142 2511 1314 2554 palatum
1342 2509 1470 2545 cordis
1494 2508 1587 2551 mei,
1616 2512 1658 2543 ut
1686 2508 1848 2544 sentiam

1024 2561 1254 2595 suavitatem
1277 2559 1418 2594 ameris
1441 2558 1506 2593 tui.
1553 2558 1655 2593 Sana
1677 2558 1775 2593 inud
1798 2558 1846 2593 ab

1024 2610 1128 2644 omni
1158 2610 1360 2653 languore,
1394 2613 1435 2644 ut
1466 2608 1611 2643 nullam
1638 2612 1780 2652 praeter
1809 2612 1846 2643 te

1024 2660 1186 2694 sentiam
1210 2659 1460 2693 dulcedinem.
1506 2657 1624 2692 Panis
1656 2658 1847 2692 candidis-

1024 2708 1134 2751 sime,
1162 2708 1310 2742 habens
1332 2717 1443 2742 omne
1468 2707 1786 2742 delectamentum
1810 2710 1847 2741 et

1024 2768 1175 2793 omnem
1198 2759 1391 2801 saporem,
1422 2757 1488 2801 qui
1515 2767 1588 2792 nos
1613 2767 1764 2801 semper
1791 2757 1846 2791 re-

1589 2880 1642 2912 Aa
