2060 2886
219 570 226 577 ι
408 577 413 581 ⁴
468 559 476 566 ‘¹
550 561 569 579 ,0
647 567 658 577 r:
732 512 807 597 ,Ἐκ

203 588 213 598 ο
278 588 285 595 ²
315 586 324 595 ‘=
356 590 364 598 ι
453 580 467 598 ⁷·
509 581 523 597 ’ἶ
553 582 560 597 ἶ
574 580 607 600 ,[’Ἦ
626 592 637 602 ⁷3
652 588 656 593 ·
711 585 754 629 sil

206 609 226 633 .’
269 622 276 631 x
317 608 425 631 ’ΝΡ-’7,
482 607 483 617 ³
516 606 554 623 *4
585 605 627 630 m*
662 610 673 619 ‘¹
716 590 754 629 ³¹

247 635 625 646 —

191 637 243 691 Ξ
247 647 625 676 .....................
630 597 977 690 OEQR-ss—
763 650 781 661 ‘ff
819 648 851 659 ‘¹¹'

248 679 625 691 ψ

578 776 1421 887 PSALTERIUM

823 930 1179 974 DISPOSITUM

350 1023 397 1083 P
443 1022 495 1082 E
540 1021 597 1081 R
676 1022 733 1081 H
785 1021 835 1081 E
882 1020 925 1080 13
972 1020 1025 1079 I)
1069 1019 1129 1080 (T)
1176 1018 1241 1079 M
1286 1021 1336 1077 A
1393 1018 1442 1075 l)
1485 1019 1536 1075 *x
1588 1014 1651 1074 M

511 1125 618 1162 CUM
643 1123 926 1160 ORDINARIO
951 1122 1137 1158 OFFICII
1160 1122 1227 1156 DE
1250 1121 1499 1156 TEMPORE.

816 1235 961 1271 PARS
988 1232 1200 1268 VERNA.

634 1344 908 1394 Dominica
940 1315 1016 1392 ad¹
1040 1341 1374 1391 Matutinum.

200 1430 299 1465 Ante
331 1430 575 1469 Matutinum,
613 1434 648 1463 ct
684 1440 816 1464 ornnes
852 1430 979 1463 Horas

157 1483 412 1521 praeterquam
436 1478 484 1512 ad
503 1478 815 1520 Completorium.
842 1478 980 1511 dicium

288 1573 290 1575 v
360 1563 395 1572 ff
487 1530 649 1559 secreto:

273 1579 379 1659 ’5.
273 1576 498 1659 ’Ἔπη
534 1595 704 1640 noster,
741 1589 815 1641 qui
854 1603 900 1631 es
935 1590 979 1630 in

176 1641 393 1787 ξῶῆ1
417 1647 559 1689 coelis:
589 1646 887 1688 sanctificetur
906 1658 980 1686 no-

416 1717 517 1745 men
571 1709 717 1745 tuum:
775 1702 980 1744 adveniat

192 1786 231 1794 m-
176 1723 393 1799 *Mi
419 1773 600 1812 regnum
632 1765 770 1801 tuum:
802 1758 879 1800 fiat
909 1771 980 1799 vo-

154 1817 300 1859 luntas
337 1821 428 1867 tua,
467 1817 581 1858 sicut
617 1817 662 1857 in
700 1815 814 1857 coelo
852 1819 895 1856 et
936 1814 981 1855 in

156 1878 285 1916 terra.
326 1874 491 1915 Panem
530 1878 731 1915 nostrum
767 1870 981 1923 quotidia-

156 1944 260 1972 num
293 1929 349 1972 da
385 1930 513 1972 nobis
545 1929 696 1970 hodie:
734 1932 778 1969 et
809 1927 981 1969 dimitte

157 1986 284 2028 nobis
313 1986 462 2028 debita
489 1991 654 2035 nostra,
688 1985 802 2026 sicut
830 1989 874 2026 et
901 1996 981 2024 nos

158 2043 418 2085 dimittimus
439 2041 714 2084 debitoribus
734 2041 910 2082 nostris:
940 2044 983 2081 et

158 2113 212 2141 ne
250 2112 330 2141 nos
376 2099 559 2141 inducas
597 2099 642 2138 in
678 2097 982 2139 tentationem:

159 2155 238 2198 sed
266 2155 405 2198 libera
432 2168 511 2197 nos
543 2168 569 2196 a
595 2153 723 2195 malo.
777 2153 930 2194 Amen.

237 2245 290 2274 ve
305 2232 453 2282 Maria,
467 2231 608 2283 gratia
618 2231 758 2283 plena,
769 2229 983 2270 Dominus

272 2294 434 2330 tecum:
453 2287 686 2329 benedicta
706 2291 753 2328 tu
772 2286 816 2326 in
836 2284 984 2326 mulie-

161 2345 293 2395 ribus,
305 2349 349 2387 et
360 2344 619 2386 benedictus
637 2343 804 2384 fructus
819 2341 984 2383 ventris

161 2401 226 2443 tui
239 2401 263 2442 J
266 2414 375 2442 esus.
399 2401 559 2442 Sancta
576 2400 724 2449 Maria,
737 2398 877 2439 Mater
891 2397 985 2446 Dei,

163 2471 241 2499 ora
266 2470 347 2509 pro
370 2456 496 2498 nobis
521 2454 846 2508 peccatoribus,
871 2466 985 2494 nunc

164 2519 207 2556 et
226 2515 270 2555 in
290 2514 397 2554 hora
417 2513 570 2554 mortis
590 2516 764 2553 nostrae.
791 2510 943 2551 Amen.

217 2587 257 2620 In
284 2586 476 2629 principio
501 2584 677 2618 Matutini
702 2587 737 2616 et
761 2582 916 2630 Primae,
942 2591 984 2613 a:

167 2635 202 2668 in
222 2636 294 2668 fine
313 2633 575 2676 Completorii,
593 2631 732 2665 dicitur
749 2630 862 2663 ctiam
880 2630 985 2671 Sym-

166 2683 295 2716 bolum
322 2682 610 2725 Apostolorum.

319 2812 383 2836 Pars
394 2811 487 2837 Verna.

1108 1423 1246 1466 redo'
1235 1436 1279 1463 1n
1296 1422 1449 1469 Deum,
1463 1420 1638 1460 Patrem
1659 1419 1851 1471 omnipo·

1119 1482 1296 1532 tentem,
1312 1478 1566 1519 Creatorem
1586 1475 1686 1516 coeli
1707 1480 1750 1516 et
1769 1480 1850 1516 ter-

1032 1551 1104 1579 rae.
1137 1537 1195 1577 Et
1218 1536 1262 1576 in
1280 1535 1303 1575 J
1307 1546 1428 1575 esum
1446 1532 1676 1581 Christum,
1694 1531 1851 1572 Filium

1033 1595 1124 1646 ejus
1151 1592 1343 1640 unicum
1374 1589 1611 1630 Dominum
1638 1593 1849 1629 nostrum:

1034 1650 1108 1702 qui
1119 1650 1358 1700 conceptus
1370 1650 1435 1687 est
1451 1644 1505 1686 de
1516 1645 1679 1696 Spiritu
1690 1648 1850 1693 sancto,

1033 1711 1160 1747 natus
1178 1717 1231 1746 ex
1246 1704 1383 1744 Maria
1396 1701 1588 1755 Virgine,
1600 1713 1754 1752 passus
1770 1700 1849 1741 sub

1032 1762 1191 1803 Pontio
1208 1760 1362 1808 Pilato,
1384 1757 1628 1806 crucifixus,
1644 1758 1852 1806 mortuus,

1034 1823 1078 1860 et
1101 1831 1178 1870 sep
1180 1816 1312 1858 ultus:
1341 1813 1568 1856 descendit
1596 1812 1652 1854 ad
1677 1813 1851 1854 inferos:

1033 1875 1164 1917 tortia
1149 1831 1253 1915 pdie
1275 1869 1513 1913 resurrexit
1536 1881 1561 1909 a
1584 1869 1784 1910 mortuis:
1811 1881 1850 1909 a·

1034 1930 1206 1973 scendit
1229 1928 1286 1970 ad
1306 1926 1452 1975 coelos,
1478 1924 1603 1966 sedet
1627 1923 1683 1966 ad
1705 1924 1850 1966 dexte-

1034 2000 1127 2028 ram
1147 1986 1230 2027 Dei
1248 1983 1392 2025 Patris
1408 1981 1736 2033 omnipotentis:
1752 1979 1851 2021 inde

1035 2045 1244 2085 venturus
1260 2045 1326 2082 est
1341 2038 1533 2092 judicare
1547 2037 1672 2078 vivos
1688 2041 1731 2078 et
1741 2038 1851 2076 mor-

1035 2105 1146 2141 tuos.
1179 2096 1320 2138 Credo
1345 2096 1389 2136 in
1413 2093 1621 2146 Spiritum
1645 2097 1852 2141 sanctum,

1036 2160 1232 2197 sanctam
1290 2150 1533 2193 Ecclesiam
1582 2148 1852 2197 catholicam,

1037 2212 1289 2253 sanctorum
1316 2206 1679 2254 communionem,
1706 2204 1853 2246 remis-

1037 2268 1205 2309 sionem
1229 2266 1522 2318 peccatorum,
1546 2260 1688 2302 carnis
1712 2273 1853 2301 resur-

1037 2324 1287 2372 rectionem,
1303 2322 1437 2362 vitam
1457 2319 1675 2362 aeternam.
1703 2316 1853 2357 Amen.

1093 2387 1260 2428 Deinde
1290 2386 1378 2425 61η
1382 2397 1403 2423 3
1434 2394 1539 2421 voce
1570 2381 1649 2421 dic.
1681 2376 1726 2427 V.

1038 2443 1279 2549 Domine,
1294 2445 1407 2486 labia
1421 2455 1517 2484 mea
1532 2442 1711 2495 aperies.
1736 2441 1783 2490 leg.
1799 2439 1855 2481 Et

1151 2515 1199 2543 os
1219 2514 1363 2543 meum
1385 2498 1659 2540 annuntiabit
1682 2496 1853 2538 laudem

1038 2565 1168 2601 tuam.
1192 2554 1239 2604 ,w
1254 2558 1371 2598 Deus
1383 2556 1426 2596 in
1438 2554 1701 2607 adjutorium
1712 2564 1854 2593 meum

1038 2613 1225 2656 intende.
1284 2613 1329 2661 Ιζι.
1353 2611 1541 2652 Domine
1569 2609 1625 2651 ad
1652 2608 1851 2659 adjuvan-

1009 2674 1014 2716 Ι
1039 2670 1143 2712 dum
1170 2681 1239 2710 me
1267 2668 1433 2709 festina.
