2066 2956
782 181 945 216 Litaniae
961 182 1205 216 Sanctorum.

414 275 612 317 Psalmus
631 277 697 316 69.
765 296 769 300 -

233 345 310 375 eus
327 332 372 374 in
389 331 650 384 adjutorium
667 342 814 372 meum
832 329 966 372 inten-

248 389 318 431 de:
337 389 361 415 *
378 387 567 430 Domine
593 386 650 428 ad
675 386 968 439 adiuvandum

141 458 213 488 me
233 446 402 487 festina.

196 501 543 550 Confundantur‚
563 503 607 542 et
625 501 925 549 revereantur,
945 500 968 527 *

144 558 218 612 qui
238 562 439 611 quaerunt
458 557 646 598 animam
663 568 820 597 meam:

196 616 466 657 Avertantur
502 614 758 662 retrorsum,
799 616 843 654 et
875 625 968 654 eru-

142 672 335 721 bescant,
353 671 377 697 *
398 671 471 723 qui
489 669 642 715 volunt
660 668 767 709 mihi
782 668 912 710 mala:

194 728 462 769 Avertantur
481 726 628 768 statim
648 724 968 775 erubescentes,

141 785 166 811 *
186 785 260 837 qui
279 784 428 825 dicunt
445 782 564 824 mihi:
586 782 720 833 Euge,
744 794 866 832 euge.

194 840 426 882 Exsultent
442 844 485 881 et
494 839 698 881 laetentur
707 839 751 880 in
760 843 805 880 te
816 851 968 881 omnes

144 898 219 951 qui
233 901 434 950 quaerunt
448 900 503 946 te,
518 896 541 922 *
557 900 600 938 et
620 895 766 937 dicant
780 909 966 948 semper:

141 953 444 1005 Magnificetur
453 952 682 994 Deminus:
698 952 772 1005 qui
785 952 968 1004 diligunt

143 1010 334 1052 salutare
352 1014 486 1051 tuum.

193 1067 289 1118 Ego
303 1078 409 1108 vero
425 1066 597 1117 egenuS,
615 1069 659 1107 et
674 1078 843 1119 pauper
858 1079 968 1108 sum:

142 1122 166 1150 *
184 1122 305 1165 Deus
326 1122 483 1174 adjuva
499 1134 580 1163 me.

194 1179 382 1231 Adjutor
399 1191 534 1229 meus,
553 1182 597 1220 et
616 1177 826 1221 liberator
844 1192 967 1221 meus

144 1248 191 1278 es
207 1240 270 1277 tu:
288 1236 313 1262 *
331 1235 520 1277 Domine
538 1247 594 1276 ne
611 1235 807 1276 moreris.

196 1292 351 1334 Gloria
367 1291 498 1333 Patri.
526 1291 646 1333 Sicut
665 1296 768 1333 erat.

199 1345 249 1397 V.
263 1348 417 1391 Salvos
432 1348 501 1389 fac
516 1359 668 1389 servos
682 1352 792 1389 tuos.
820 1352 868 1403 R.
881 1349 965 1390 De-

143 1417 194 1447 us
212 1417 335 1446 meus
355 1405 582 1457 sperantes
601 1403 646 1444 in
663 1408 719 1446 te.

199 1456 250 1510 V.
263 1461 371 1504 Esto
390 1459 519 1503 nobis
532 1460 721 1503 Domine
739 1461 870 1502 turris
885 1461 967 1502 for-

142 1516 352 1560 titudinis.
383 1522 434 1573 R.
452 1518 494 1558 A
511 1517 623 1559 facie
642 1517 814 1559 inimici.

200 1570 251 1624 W.
264 1574 383 1615 Nihil
401 1574 604 1628 proficiat
621 1574 821 1615 inimicus
835 1574 879 1615 in
893 1586 968 1616 no-

143 1631 222 1673 bis.
285 1634 336 1685 R.
368 1631 427 1674 Et
461 1630 576 1672 filius
607 1630 849 1683 iniquitatis
881 1643 969 1672 non

143 1690 338 1742 apponat
355 1690 515 1730 nocere
533 1686 673 1729 nobis.

203 1740 253 1793 V.
272 1745 461 1787 Domine
487 1757 576 1786 non
603 1744 844 1786 secundum
868 1757 968 1797 pec-

144 1802 244 1843 cata
261 1806 412 1843 nostra
429 1801 564 1843 facias
583 1801 722 1843 nobis.
748 1805 798 1855 R'·
812 1801 969 1853 Neque

144 1857 386 1899 secundum
416 1858 668 1910 iniquitates
699 1862 873 1899 nostras
904 1870 968 1898 re-

143 1913 311 1955 tribuas
329 1914 467 1956 nobis.

202 1968 252 2019 V.
269 1970 454 2012 Oremus
477 1983 559 2023 pro
577 1970 791 2012 Pontifice
814 1975 967 2012 nostro

148 2029 200 2069 N.
232 2030 282 2080 R.
297 2026 514 2068 Deminus
533 2028 766 2068 conservet
785 2039 898 2077 eum,
924 2031 969 2069 et

144 2082 335 2125 vivificet
349 2095 458 2134 eum,
474 2087 517 2125 et
530 2082 709 2125 beatum
722 2083 854 2124 faciat
869 2086 980 2124 eum'

144 2139 189 2179 in
207 2143 338 2188 terra,
364 2143 407 2180 et
429 2152 518 2180 non
535 2139 681 2181 tradat
700 2152 799 2181 eum
816 2139 862 2180 in
881 2140 967 2181 ani-

144 2207 261 2236 mam
279 2195 553 2237 inimieorum
572 2196 672 2248 ejus.

201 2252 251 2301 V.
281 2251 467 2293 Oremus
498 2264 581 2304 pro
612 2252 968 2295 benefactoribus

146 2308 318 2350 nostris.
347 2312 394 2362 R’.
410 2308 672 2350 Retribuere
687 2308 867 2360 dignare
881 2310 969 2351 Do-

146 2365 261 2406 mine
290 2364 492 2406 omnibus
519 2365 646 2407 nobis
672 2365 790 2407 bona
814 2366 970 2408 facien-

146 2421 265 2463 tibus
288 2426 473 2474 propter
499 2435 659 2464 nomen
686 2426 809 2464 tuum
836 2423 971 2464 vitam

148 2479 367 2518 aeternam.
394 2479 546 2519 Amen.

204 2528 252 2579 V.
277 2534 462 2576 Oremus
487 2547 569 2587 pro
593 2534 796 2576 fidelibus
821 2534 969 2575 defun-

149 2588 241 2629 ctis.
288 2590 338 2641 Κ.
367 2591 582 2643 Requiem
613 2592 822 2632 aeternam
855 2590 971 2632 dona

149 2644 448 2743 gssztlgssmine:
488 2652 532 2688 et
562 2647 637 2688 lux
668 2648 880 2699 perpetua
909 2647 970 2688 lu-

1074 270 1124 323 ΥΤ.
1135 271 1435 324 Requiescant
1444 271 1488 312 in
1497 283 1618 324 pace.
1634 274 1684 325 Ην.
1693 271 1847 312 Amen.

1074 328 1124 380 V.
1146 328 1233 370 Pro
1253 327 1460 370 fratribus
1477 328 1639 369 nostris
1659 326 1845 369 absenti-

1019 385 1112 427 bus.
1177 391 1228 441 R!-
1256 384 1411 426 Salvos
1443 385 1512 425 fae
1544 397 1695 426 servos
1727 389 1846 434 tuos,

1020 442 1141 484 Deus
1159 454 1284 483 meus
1303 443 1534 493 sperantes
1550 441 1595 481 in
1614 445 1670 483 te.

1075 498 1124 550 V.
1159 498 1286 539 Mitte
1323 497 1385 539 eis
1417 498 1606 539 Domine
1638 497 1847 539 auxilium

1021 554 1077 596 de
1092 559 1256 596 sancto.
1279 559 1331 609 Rs.
1348 554 1406 595 Et
1425 553 1480 595 de
1499 554 1602 596 Sion
1622 556 1744 596 tuere
1759 567 1847 596 eos.

1075 611 1124 663 V.
1166 611 1353 653 Demine
1399 610 1559 652 exaudi
1603 611 1847 652 orationem

1020 680 1173 709 meam.
1215 673 1267 723 R.
1292 668 1348 709 Et
1377 667 1543 708 clamor
1568 679 1692 708 meus
1720 666 1778 709 ad
1804 672 1848 709 te

1020 724 1177 765 veniat.

1075 780 1125 832 V,
1158 781 1375 822 Dominus
1412 779 1652 822 vobiscum.
1706 787 1756 838 R,
1792 780 1848 821 Et

1022 850 1120 879 cum
1140 837 1296 890 spiritu
1314 841 1404 878 tuo.

1126 909 1324 951 Ore'mus.
1580 911 1744 953 Oratio.

1022 962 1202 1067 Deus,
1228 964 1298 1005 cui
1320 963 1548 1016 preprium
1568 967 1635 1004 est
1653 963 1847 1004 misereri

1116 1033 1291 1073 semper
1310 1025 1352 1061 et
1368 1022 1565 1073 parcere:
1585 1019 1761 1072 suscipe
1777 1019 1847 1061 de-

1020 1077 1320 1130 precationem
1351 1081 1563 1126 nostram,
1604 1080 1651 1117 ut
1678 1089 1774 1126 nOS,
1806 1081 1849 1117 et

1021 1146 1172 1175 omnes
1191 1133 1378 1174 famulos
1397 1137 1513 1182 tuos,
1538 1145 1650 1184 quos
1670 1132 1848 1174 delicto—

1020 1203 1116 1231 rum
1143 1191 1298 1231 catena
1321 1189 1596 1240 constringit,
1624 1189 1847 1230 miseratio

1020 1251 1108 1288 tuae
1127 1246 1302 1299 pietatis
1322 1246 1559 1287 clementer
1579 1245 1790 1287 absolvat.

1022 1315 1247 1420 Exaudi,
1266 1319 1516 1370 quaesumus
1531 1316 1729 1365 Domine,
1749 1319 1849 1368 sup-

1114 1374 1279 1427 plicum
1296 1386 1463 1426 preces,
1484 1378 1527 1414 et
1546 1372 1848 1414 confitentium

1020 1430 1102 1472 tibi
1125 1443 1258 1483 parce
1277 1430 1487 1482 peccatis:
1514 1434 1563 1470 ut
1585 1429 1750 1481 pariter
1772 1441 1847 1470 no-

1019 1487 1087 1529 bis
1110 1486 1427 1538 indulgentiam
1449 1485 1616 1527 tribuas
1635 1485 1848 1537 benignus

1021 1547 1065 1585 et
1083 1555 1249 1596 pacem.

1024 1604 1317 1710 Ineflabilem
1334 1607 1463 1650 nobis
1476 1607 1666 1649 Demine
1684 1606 1848 1647 miseri-

1087 1663 1284 1706 cordiam
1305 1669 1427 1706 tuam
1451 1663 1687 1706 clementer
1706 1664 1847 1704 osten-

1021 1721 1090 1763 de:
1117 1726 1166 1763 ut
1194 1720 1323 1762 simul
1351 1733 1432 1762 nos
1461 1725 1504 1762 et
1531 1734 1557 1762 a
1582 1720 1779 1773 peccatis
1805 1721 1847 1761 ό-

1021 1777 1194 1819 mnibus
1229 1779 1378 1827 exuas,
1411 1781 1456 1819 et
1489 1790 1515 1818 a
1547 1777 1706 1830 poenis,
1741 1789 1848 1829 quas

1020 1847 1102 1887 pro
1121 1833 1189 1875 his
1207 1835 1435 1884 meremur,
1455 1834 1625 1886 eripias.

1110 1911 1202 1949 eus,
1230 1898 1304 1951 qui
1329 1899 1458 1951 culpa
1481 1897 1732 1947 offenderis,
1756 1909 1848 1950 poe-

1129 1955 1310 1997 nitentia
1340 1954 1545 2008 placaris:
1585 1967 1741 2008 preces
1772 1955 1848 2006 pe-

1021 2011 1113 2064 puli
1137 2011 1202 2054 tui
1226 2011 1514 2064 supplicantis
1540 2011 1758 2064 propitius
1784 2011 1847 2051 re-

1022 2068 1159 2121 spice3
1197 2072 1241 2110 et
1271 2067 1444 2119 flagella
1474 2072 1563 2109 tuae
1594 2066 1848 2116 iracundiae,

1025 2137 1123 2176 quae
1141 2137 1222 2177 pro
1238 2124 1433 2177 peccatis
1447 2123 1609 2166 nostris
1623 2124 1848 2172 meremur,

1023 2182 1182 2223 averte.

1105 2243 1353 2294 mnipotens
1399 2240 1663 2293 sempiterne
1708 2239 1848 2291 Deus,

1122 2298 1329 2340 miserere
1354 2296 1517 2339 famulo
1543 2302 1621 2339 tuo
1644 2296 1848 2338 Pontifici

1023 2358 1177 2396 nostro
1186 2354 1224 2394 N
1230 2385 1252 2404 .,
1272 2359 1316 2396 et
1335 2353 1472 2405 dirige
1492 2366 1591 2394 eum
1607 2352 1848 2395 secundum

1023 2414 1143 2452 tuam
1175 2410 1451 2452 clementiam
1481 2410 1525 2450 in
1552 2409 1668 2451 viam
1695 2409 1848 2451 salutis

1023 2468 1214 2508 aetemae:
1233 2471 1290 2516 ut,
1309 2471 1353 2508 te
1368 2465 1570 2515 donante,
1589 2465 1669 2508 tibi
1686 2465 1849 2518 placita

1024 2523 1182 2576 cupiat,
1203 2528 1246 2565 et
1264 2528 1358 2564 tota
1376 2522 1537 2564 virtute
1556 2522 1766 2575 perficiat.

1025 2588 1204 2693 Deus,
1245 2604 1270 2632 a
1308 2604 1395 2643 quo
1431 2595 1582 2632 sancta
1618 2591 1846 2642 desideria,

1143 2653 1264 2690 recta
1295 2647 1492 2697 consilia,
1529 2653 1573 2689 et
1604 2649 1714 2700 justa
1747 2654 1848 2691 sunt

989 2723 992 2728 ·
1024 2706 1175 2756 opera:
1203 2704 1260 2746 da
1283 2704 1421 2746 servis
1444 2704 1530 2746 tuis
1554 2704 1688 2756 illam,
1718 2718 1847 2758 quam
