2066 2904
495 177 563 211 hit·
588 178 620 208 Η,
641 175 739 211 Maii.
771 173 819 205 'In
845 171 1099 214 Apparitione
1126 171 1159 202 S.
1181 169 1381 202 Michaelis
1409 169 1599 209 Art-hung.

186 281 252 317 est
275 287 363 315 vox
393 272 645 314 dicentium:
670 270 796 311 Salus
814 270 911 310 Deo
937 281 1011 309 no-

184 337 286 379 stro,
305 329 486 379 alleluja.

235 390 271 426 3.
304 382 573 434 Archangele
593 381 791 430 MichaeL
810 382 833 405 ¹⁸¹
854 381 1013 421 consti-

183 443 244 484 tui
268 447 312 483 te
336 440 579 494 principem
604 450 736 490 super
755 449 908 478 omnes
928 434 1013 476 ani-

183 511 276 539 mas
297 494 610 548 suscipiendas,
630 493 813 544 alleluja.

236 558 272 594 4.
320 552 475 604 Angeli
509 550 687 592 Domini
720 551 743 575 *
776 547 1014 590 Dominum

183 609 430 652 benedicite
450 609 493 649 in
512 609 735 655 aeternum,
755 604 936 655 alleluja.

235 669 272 706 5.
303 665 475 716 Angeli,
496 662 772 713 Archangeli,
791 662 814 687 *
834 658 1013 708 Thmui,

185 728 228 764 et
261 721 609 768 Dominationes,
640 717 933 770 Principatus,
972 720 1015 756 et

185 780 444 826 potestates,
464 777 661 818 Virtutes
681 774 906 822 coelerum,
925 771 1013 812 lau-

184 835 286 877 date
306 835 542 876 Dominum
562 832 617 874 de
637 831 771 880 coelis,
791 829 973 881 alleluja.

264 898 522 950 Capitulum.
752 896 887 945 Apoc.
909 895 934 932 l.

186 955 493 1063 Significavit
530 958 652 998 Deus
697 969 794 1008 quae
837 957 1015 1007 opertet

272 1016 368 1057 fieri
401 1016 507 1063 cito,
541 1014 727 1066 loquens
758 1025 838 1065 per
871 1012 1013 1062 Ange-

184 1072 274 1113 lum
303 1084 429 1113 suum
457 1083 586 1111 servo
616 1082 696 1110 suo
724 1068 902 1116 Joanni,
942 1068 1015 1119 qui

184 1128 481 1169 testimonium
508 1125 730 1178 perhibuit
755 1124 893 1165 verbo
919 1124 1014 1172 Dei,

185 1190 228 1225 et
250 1184 549 1225 testimenium
568 1182 591 1222 J
595 1195 671 1223 esu
693 1181 868 1230 Christi,
899 1192 1014 1232 quae-

185 1244 371 1293 olimque
390 1238 510 1281 vidit.

495 1299 706 1349 Hymnus.

262 1360 414 1410 hriste,
439 1362 691 1401 sancterum
715 1358 851 1400 decus
870 1358 1013 1409 Ange-

492 1416 646 1465 lerum,

236 1472 391 1514 Gentis
426 1473 626 1513 humanae
660 1472 789 1513 Sator
822 1477 865 1513 et
898 1472 1012 1513 Red-

494 1530 677 1580 emptor,

236 1585 441 1626 Co'elitum
461 1584 590 1625 nobis
607 1584 774 1625 tribuas
793 1583 948 1625 beatas

338 1640 558 1681 Scandere
577 1640 717 1681 sedes.

188 1705 380 1756 Angelus
399 1706 521 1757 pacis
540 1704 727 1746 Michael
746 1704 790 1744 in
810 1704 930 1746 aedes

239 1761 421 1802 Co'elitus
440 1766 614 1802 nostras
633 1760 788 1804 veniat.
809 1762 975 1802 serenae

236 1818 405 1859 Auctor
424 1822 472 1858 ut
491 1817 613 1869 pacis
632 1816 866 1858 lacrimosa
885 1817 929 1857 in
948 1830 1013 1858 or-

495 1885 595 1914 cum

340 1928 465 1970 Bella
483 1928 658 1980 releget.

190 1995 379 2047 Angelus
399 1996 523 2038 fortis
543 1995 733 2045 Gabriel,
754 2001 801 2037 ut
820 1996 972 2038 hostes

237 2052 377 2094 Pellat
395 2054 611 2104 antiquos,
631 2057 675 2093 et
694 2055 833 2093 amica
853 2052 979 2101 coelo,

237 2109 345 2158 Quae
365 2107 660 2160 triumphator
679 2108 831 2150 statuit
848 2121 929 2160 per
947 2121 1013 2149 or-

340 2164 718 2273 Templldessrisat.

193 2285 380 2335 Angelus
399 2291 562 2326 nostrae
580 2284 778 2326 medicus
798 2285 963 2333 salutis,

238 2341 369 2382 Adsit
387 2354 411 2382 e
431 2342 544 2383 coelo
565 2341 776 2394 Raphael,
797 2346 843 2382 ut
862 2354 1013 2382 omnes

238 2397 369 2438 Sanet
387 2400 592 2449 aegrotos,
611 2397 859 2449 dubi6sque
879 2397 981 2438 vitae

341 2454 510 2504 Dirigat
529 2459 664 2495 actus.

195 2515 325 2567 Virgo
355 2517 442 2558 dux
470 2518 608 2570 pacis,
637 2517 927 2569 Genitrixque
951 2517 1013 2558 lu-

494 2587 567 2622 cis,

239 2627 296 2668 Et
328 2641 451 2669 sacer
482 2630 609 2671 nobis
637 2630 798 2671 chorus
826 2629 1013 2680 Angelo-

498 2698 593 2726 rum

1118 267 1302 320 Semper
1320 270 1508 317 assistat,
1529 267 1658 308 simul
1677 271 1722 308 et
1740 266 1900 308 micen-

1380 324 1436 365 tis

1224 380 1364 430 Regia
1383 379 1495 421 coeli.

1069 446 1253 486 Praestet
1271 444 1358 486 hoc
1376 443 1505 485 nobis
1523 443 1676 484 Deitas
1695 442 1824 484 beata

1118 501 1279 550 Patris,
1308 513 1360 541 ac
1379 499 1500 549 Nati,
1527 499 1782 552 pariterque
1807 511 1901 540 san-

1380 555 1438 597 cti

1119 612 1324 664 SpirituS‚
1369 612 1491 662 cujus
1530 612 1709 652 resonat
1745 623 1825 664 per
1857 624 1901 652 o-

1381 679 1530 708 mnem
1652 708 1657 711 ,
1836 707 1837 710 ,

1225 723 1378 765 Gloria
1396 722 1620 764 mundum.
1657 723 1812 764 Amen.

1121 782 1171 832 V.
1224 784 1355 826 Stetit
1393 783 1589 834 Angelus
1625 782 1745 834 juxta
1781 795 1903 824 aram

1068 839 1237 892 templi,
1266 839 1449 891 alleluja.
1487 840 1535 890 R.
1562 838 1744 881 Habens
1768 838 1902 880 thuri-

1068 895 1220 992 {aulum
1248 898 1430 937 aureum
1457 895 1501 936 in
1525 908 1656 938 manu
1680 909 1774 945 sua,
1803 894 1904 938 alle·

1087 965 1167 1004 uJa.

1122 1014 1190 1055 Ad
1213 1014 1376 1055 Bened.
1413 1014 1514 1054 Ant.
1551 1013 1733 1054 Factum
1756 1018 1824 1056 est
1849 1013 1902 1054 si-

1070 1069 1251 1111 lentium
1269 1069 1313 1110 in
1337 1069 1469 1118 coelo,
1496 1067 1602 1110 dum
1626 1068 1762 1111 draco
1787 1082 1903 1112 com-

1070 1128 1263 1167 mitteret
1279 1125 1458 1167 bellum:
1478 1129 1521 1166 et
1534 1124 1723 1167 Michael
1738 1127 1902 1178 pugna-

1068 1183 1129 1224 vit
1149 1195 1248 1223 cum
1268 1194 1334 1231 eo,
1353 1186 1397 1223 et
1415 1182 1521 1223 fecit
1540 1181 1782 1231 victeriam,
1801 1181 1902 1223 alle-

1067 1239 1165 1290 luja.

1406 1295 1569 1336 Oratio.

1070 1351 1259 1457 DeuS‚
1292 1359 1367 1411 qui
1388 1359 1500 1400 miro
1531 1358 1685 1400 urdine
1713 1358 1904 1410 Angelu-

1168 1429 1265 1457 rum
1310 1415 1552 1456 ministeria
1586 1414 1904 1467 hominumque

1068 1472 1314 1526 dispensas:
1352 1471 1547 1512 concede
1582 1471 1819 1524 propitius;
1855 1476 1904 1514 ut

1067 1542 1093 1570 a
1140 1529 1299 1581 quibus
1343 1527 1424 1569 tibi
1468 1527 1817 1569 ministrantibus
1841 1528 1903 1569 .in

1068 1585 1183 1627 coelo
1213 1596 1388 1636 semper
1416 1584 1650 1633 assistitur,
1679 1582 1734 1625 ab
1764 1583 1832 1624 his
1858 1583 1903 1635 in

1067 1646 1187 1683 terra
1219 1641 1310 1682 vita
1346 1645 1498 1681 nostra
1532 1640 1763 1685 muniatur.
1817 1640 1903 1682 Per

1067 1698 1306 1739 Deminum
1325 1701 1540 1738 nostrum.-

1334 1769 1403 1805 Ad
1426 1769 1627 1805 Tertiam.

1121 1823 1220 1863 Ant.
1247 1823 1363 1863 Dum
1381 1821 1669 1874 praeliaretur.

1122 1883 1259 1934 Capit.
1287 1884 1570 1936 Significavit.
1589 1887 1636 1924 ut
1655 1895 1800 1934 supra.
1855 1909 1858 1913 f
1912 1899 1915 1902 ·

1123 1940 1173 1991 R.
1193 1938 1256 1979 br.
1274 1941 1405 1983 Stetit
1424 1939 1620 1990 Angelus
1639 1941 1760 1993 juxta
1779 1951 1902 1981 aram

1066 1997 1237 2051 templi,
1261 1999 1284 2021 *
1299 1996 1504 2049 Alleluia,
1534 1996 1718 2049 alleluia.
1760 1996 1901 2038 Stetit.

1072 2045 1121 2096 V.
1142 2053 1324 2096 Habens
1352 2052 1623 2095 thuribulum
1649 2056 1832 2094 aureum
1857 2052 1901 2093 in

1066 2123 1198 2151 manu
1217 2123 1307 2151 sua.
1344 2109 1547 2161 Alleluia,
1573 2108 1766 2161 alleluja:
1798 2108 1899 2150 Glo-

1066 2167 1130 2207 ria
1149 2166 1280 2207 Patri.
1308 2165 1450 2207 Stetit.

1125 2218 1175 2269 V.
1190 2220 1407 2263 Ascendit
1426 2221 1570 2262 fumus
1589 2222 1837 2262 aromatum
1855 2219 1900 2260 in

1068 2279 1310 2331 conspectu
1328 2277 1523 2327 Domini,
1548 2276 1733 2329 alleluja.
1764 2279 1815 2330 R.
1831 2275 1900 2317 De

1068 2347 1200 2376 manu
1218 2333 1387 2386 Angeli,
1407 2332 1591 2385 alleluja.

1347 2402 1414 2439 Ad
1437 2403 1625 2439 Sextam.

1124 2455 1223 2496 Ant.
1251 2454 1525 2505 Archangele
1545 2452 1743 2494 Michael.

1125 2515 1385 2567 Capitulum.
1609 2515 1748 2565 Apoc.
1763 2515 1800 2553 5.
1818 2527 1851 2555 c.
1895 2551 1898 2554 .

1066 2568 1262 2674 Aldivi
1279 2583 1436 2613 vocem
1451 2568 1724 2621 Angelorum
1743 2568 1899 2610 multo-

1178 2641 1275 2669 rum
1295 2627 1340 2668 in
1360 2626 1545 2668 circuitu
1563 2625 1728 2674 throni,
1749 2630 1793 2666 et
1811 2624 1899 2665 ani-

1065 2685 1262 2734 malium,
1290 2689 1334 2725 et
1361 2682 1600 2724 seniOrum:
1628 2686 1672 2723 et
1700 2686 1795 2722 erat
1822 2683 1900 2722 nu-,
