2028 2892
172 192 220 227 82

718 191 823 224 Furia
851 190 980 232 quintu
1008 188 1054 221 nd
1084 186 1318 220 Matutinum.

172 234 1873 260 --——.-—-————————--————

226 288 344 330 Ultio
382 284 602 335 sanguinis
637 284 863 324 serverum
898 281 991 321 tuo-

174 359 285 394 rum,
323 343 395 395 qui
431 341 593 383 effusus
630 344 715 381 est:
747 340 769 365 *
804 338 993 378 introeat

175 403 217 443 in
245 400 484 452 conspectu
510 403 587 438 tuo
606 395 792 446 gemitus
820 405 992 444 compe—

175 458 374 500 ditorum.

225 511 427 555 Secundi]
454 508 797 560 magnitudinem
825 504 993 547 brachii

174 571 248 619 tui,
258 572 281 596 *¹
292 567 472 622 posside
490 566 604 607 filios
620 563 994 606 mortificatorum.

226 627 281 667 Et
309 623 444 666 redde
474 622 627 663 vicinis
655 620 818 661 nostris
850 620 994 670 septu-

176 683 296 736 plum
330 681 372 722 in
407 680 501 720 sinu
535 680 700 720 eorum:
728 679 751 703 *
779 676 994 727 imprope-

176 740 286 780 rium
314 738 526 789 ipsorum,
560 733 678 787 quod
706 731 994 784 exprobrave-

177 800 277 836 runt
304 793 383 835 tibi
411 792 610 832 Demine.

227 851 322 892 Nos
340 853 484 890 autem
500 847 690 900 populus
707 851 818 894 tuus,
835 849 878 886 et
890 856 995 884 oves

177 910 353 960 pascuae
374 910 472 954 tuae‚
492 907 514 930 *
535 902 839 944 confitebimur
855 900 933 942 tibi
953 900 995 940 in

179 963 398 1004 saeculum.

230 1021 278 1060 In
314 1017 637 1069 generatiOnem
679 1020 721 1056 et
755 1013 996 1065 generatio-

178 1089 275 1117 nem
293 1077 316 1103 *
333 1073 652 1116 anuntiabimus
672 1070 847 1112 laudem
865 1075 995 1111 tuam.

447 1132 640 1171 psalmus
670 1132 733 1170 75».

264 1189 306 1230 ui
336 1188 450 1238 regis
479 1185 624 1234 Israel,
652 1183 844 1225 intende:
872 1184 894 1210 *
924 1182 997 1234 qui

281 1244 460 1286 deducis
488 1242 608 1284 velut
636 1253 763 1282 ovem
790 1240 813 1280 J
818 1238 968 1291 oseph.

231 1302 313 1351 Qui
350 1300 477 1342 sedes
520 1311 652 1351 super
689 1295 941 1344 Cherubim,
975 1297 998 1322 *

177 1358 454 1399 manifestere
479 1368 627 1397 coram
648 1353 867 1406 Ephraim,
889 1352 997 1393 Ben-

179 1415 307 1466 iamin
335 1418 379 1455 et
406 1413 619 1453 Manasse.

230 1471 383 1511 Excita
394 1468 634 1521 potentiam
649 1472 778 1516 tuam,
796 1470 839 1507 et
854 1465 964 1515 veni,
975 1467 998 1492 *

178 1533 226 1569 ut
253 1526 399 1568 salvos
427 1525 560 1566 facias
584 1537 677 1565 nos.

230 1584 350 1624 Deus
371 1583 577 1623 converte
597 1593 690 1621 nos:
710 1581 732 1606 *
750 1585 794 1621 et
814 1577 998 1620 ostende

181 1640 335 1680 faciem
364 1644 494 1686 tuam,
522 1642 566 1678 et
594 1636 703 1677 salvi
725 1636 896 1676 erimus.

232 1694 420 1735 Demine
449 1694 567 1735 Deus
596 1693 817 1741 virttitum,
843 1693 866 1718 *
895 1703 999 1742 quo-

182 1754 320 1802 usque
355 1750 556 1791 irasceris
589 1761 720 1801 super
754 1748 1000 1789 orationem

182 1807 297 1848 servi
324 1805 412 1848 tui?

234 1862 412 1904 (libabis
432 1875 511 1904 nos
531 1875 644 1914 pane
668 1860 959 1902 lacrimarum:
978 1860 1001 1886 *

184 1926 227 1962 et
255 1925 407 1972 potum
435 1918 560 1960 dabis
586 1917 713 1959 nobis
742 1917 784 1957 in
811 1916 1001 1958 lacrimis

183 1977 226 2017 in
255 1974 481 2017 mensura?

234 2032 426 2073 Posuisti
445 2043 526 2073 nos
546 2031 589 2072 in
608 2030 1002 2072 contradictionem

184 2089 337 2130 vicinis
377 2087 555 2129 nostris:
586 2088 610 2114 *
646 2092 689 2129 et
727 2087 889 2128 inimici
928 2099 1002 2127 no-

185 2145 263 2186 stri
291 2144 666 2186 subsannaverunt
692 2155 783 2184 nos.

235 2201 355 2242 Deus
383 2200 594 2241 virtutum
622 2201 830 2241 converte
857 2212 952 2241 nos:
980 2202 1003 2227 *

186 2263 230 2298 et
258 2256 441 2298 ostende
469 2256 624 2298 faciem
651 2261 787 2305 tuam,
822 2261 865 2297 et
894 2256 1004 2297 salvi

187 2313 357 2354 erimus.

238 2369 421 2410 Vineam
441 2369 495 2410 de
510 2369 707 2421 AEgypto
729 2369 1005 2410 transtulisti:

186 2427 210 2452 *
229 2425 391 2477 ejecisti
411 2425 587 2474 Gentes,
608 2430 651 2466 et
671 2424 878 2477 plantasti
899 2438 1005 2466 earn.

239 2481 339 2522 Dux
363 2482 529 2522 itineris
553 2481 673 2522 fuisti
698 2481 741 2521 in
766 2483 1005 2534 conspectu

189 2538 294 2588 ejus:
326 2539 349 2563 *
377 2537 584 2589 plantasti
617 2536 787 2579 radices
821 2539 929 2589 erS,
963 2543 1006 2579 et

189 2593 385 2645 implevit
413 2598 583 2634 terram.

241 2649 425 2701 Operuit
457 2655 628 2691 montes
662 2649 816 2691 umbra
848 2650 954 2701 ejus:
982 2651 1005 2676 *

190 2711 232 2747 et
257 2705 435 2748 arbusta
464 2706 553 2758 ejus
581 2706 737 2748 cedros
765 2706 858 2748 Dei.

1095 273 1306 317 Extendit
1344 271 1549 326 palmites
1586 280 1691 310 suos
1729 271 1872 319 usque

1045 333 1101 374 ad
1138 343 1274 373 mare:
1306 332 1329 358 *
1365 334 1408 370 et
1445 339 1584 378 usque
1622 324 1679 366 ad
1711 325 1873 366 flumen

1046 388 1311 443 propagines
1340 386 1440 437 ejus.

1097 446 1156 488 Ut
1193 443 1300 496 quid
1337 439 1596 484 destruxisti
1636 437 1872 479 maceriam

1047 504 1151 554 eius:
1171 503 1194 529 *
1217 506 1261 542 et
1285 497 1555 540 vindemiant
1583 507 1680 536 eam
1708 507 1873 544 omnes,

1047 559 1120 611 qui
1148 554 1572 611 praetergredinntur
1600 550 1740 594 viam?

1098 612 1419 656 Exterminevit
1434 623 1531 652 eam
1551 621 1658 661 aper
1673 607 1729 650 de
1745 607 1871 649 silva:

1047 675 1070 700 *
1088 677 1131 713 et
1159 668 1390 721 singularis
1418 667 1535 708 ferus
1564 664 1776 718 depastus
1805 669 1873 706 est

1048 741 1154 770 eam.

1098 785 1219 826 Deus
1248 783 1460 823 virtutum
1481 780 1756 821 convertere:
1771 779 1796 805 *
1809 779 1874 820 re-

1048 842 1168 894 spice
1197 839 1252 882 de
1280 838 1413 887 coelo,
1449 841 1492 878 et
1521 835 1638 885 vide,
1672 839 1716 877 et
1744 835 1874 877 visita

1048 901 1220 939 vineam
1247 895 1388 936 istam.

1100 955 1156 995 Et
1177 952 1341 1006 perfice
1369 963 1476 999 eam,
1501 961 1633 1001 quam
1656 948 1874 1001 plantavit

1049 1011 1231 1052 dextera
1258 1009 1383 1050 tuaz*
1399 1011 1442 1048 et
1470 1018 1603 1058 super
1630 1005 1771 1047 filium
1798 1004 1873 1047 ho-

1048 1067 1189 1116 minis,
1218 1078 1349 1118 quem
1376 1062 1649 1106 confirmasti
1675 1061 1768 1104 tibi.
1918 1069 1919 1072 ’

1101 1124 1284 1165 Incensa
1303 1121 1402 1173 igni,
1423 1126 1466 1162 et
1486 1118 1675 1161 suffossa
1693 1120 1718 1147 *
1736 1118 1793 1161 ab
1815 1118 1875 1160 in-

1050 1180 1304 1232 crepatione
1328 1177 1477 1219 vultus
1504 1176 1570 1218 tui
1597 1175 1816 1229 peribunt.

1101 1237 1199 1278 Fiat
1242 1248 1396 1276 manus
1442 1239 1518 1275 tua
1562 1245 1694 1286 super
1734 1232 1878 1275 virum

1051 1294 1245 1335 dexterae
1282 1297 1388 1333 tuae:
1429 1292 1452 1318 *
1490 1295 1534 1332 et
1569 1302 1701 1343 super
1737 1289 1878 1331 filium

1051 1350 1250 1398 heminis,
1280 1361 1410 1400 quem
1438 1346 1707 1388 confirmasti
1733 1345 1826 1388 tibi.

1104 1407 1160 1448 Et
1186 1418 1275 1447 non
1304 1403 1572 1446 discedimus
1603 1416 1629 1445 a
1656 1407 1712 1453 te,
1740 1401 1878 1444 vivifi·

1052 1463 1174 1505 cabis
1208 1474 1307 1503 nos:
1335 1463 1359 1488 *
1388 1466 1431 1502 et
1466 1473 1628 1502 nornen
1660 1464 1786 1502 tuum
1816 1458 1878 1500 in-

1054 1519 1320 1561 vocabimus.

1102 1576 1291 1617 Demine
1302 1575 1424 1616 Deus
1436 1574 1661 1623 virtutum,
1669 1573 1880 1614 converte

1052 1645 1148 1674 nos:
1166 1634 1190 1659 *
1210 1637 1254 1673 et
1283 1630 1468 1673 ostende
1495 1630 1652 1672 faciem
1678 1634 1811 1679 tuam,
1836 1633 1880 1670 et

1054 1689 1162 1731 salvi
1189 1689 1361 1730 erimus.

1110 1751 1205 1789 Ant.
1235 1745 1455 1798 Propitius
1474 1748 1570 1786 esto
1589 1742 1785 1796 peccatis
1803 1753 1879 1783 no-

1053 1804 1155 1846 stris
1182 1802 1381 1844 Demine.

1114 1865 1155 1903 ln
1184 1863 1449 1911 Quadrages.
1484 1857 1533 1908 Υ.
1552 1858 1655 1910 Ipse
1678 1855 1882 1899 liberavit

1052 1931 1122 1959 me
1151 1917 1205 1959 de
1233 1916 1393 1968 laqueo
1422 1914 1684 1957 venantium.
1740 1919 1789 1970 R.
1824 1913 1882 1954 Et

1054 1987 1078 2016 a
1106 1973 1242 2016 verbo
1272 1975 1442 2025 aspero.

1109 2035 1259 2085 Temp.
1284 2032 1511 2072 Passionis.
1544 2027 1591 2078 Y.
1613 2028 1731 2068 Erue
1756 2038 1781 2067 a
1799 2025 1882 2066 frai-

1053 2100 1150 2129 mea
1176 2088 1298 2128 Deus
1327 2086 1516 2127 enimam
1543 2097 1698 2126 meam.
1751 2086 1800 2136 Rv.
1825 2082 1883 2124 Et

1054 2143 1108 2185 de
1128 2157 1258 2184 manu
1277 2143 1396 2185 canis
1415 2142 1589 2183 unicam
1606 2153 1761 2182 meam.

1111 2202 1261 2252 Teum.
1303 2199 1508 2239 l'uschuli.
1548 2199 1646 2238 Ant.
1688 2195 1881 2248 Alleluia,

1055 2256 1239 2308 alleluja,
1269 2255 1450 2307 allehija.

1114 2309 1161 2359 Υ.
1182 2312 1377 2354 Surrexit
1404 2312 1619 2353 Dominus
1652 2310 1707 2352 de
1740 2308 1882 2362 sepul-

1056 2369 1176 2418 chro,
1213 2368 1394 2419 alleluja.
1444 2370 1491 2408 R·
1522 2367 1606 2418 Qui
1639 2379 1722 2420 pro
1754 2365 1882 2407 nobis

1055 2424 1263 2478 pependit
1282 2425 1324 2465 in
1343 2424 1471 2475 ligno,
1491 2423 1672 2476 alleluia.

1117 2484 1196 2522 l'w
1220 2495 1302 2521 uno
1325 2482 1387 2521 vcl
1407 2482 1573 2532 plurim.
1593 2482 1713 2521 Mart.
1733 2480 1887 2529 Temp.

1067 2539 1269 2579 l'asclialli.
1303 2533 1349 2583 Χ’
1371 2537 1516 2578 Sancti
1542 2542 1586 2578 et
1608 2536 1707 2588 justi
1731 2535 1775 2576 in
1793 2534 1881 2575 Βό-

1056 2594 1172 2635 mino
1218 2593 1425 2644 gaudete,
1466 2593 1647 2645 alleluja.
1708 2594 1758 2644 Ra
1784 2590 1882 2636 Vos

1058 2650 1186 2747 eheglit
1218 2651 1339 2692 Deus
1371 2649 1415 2690 in
1446 2649 1757 2694 ,haereditatem
1789 2646 1882 2697 sibi,

1058 2718 1082 2747 a
1117 2720 1139 2748 e
1158 2707 1237 2759 fija.
