2066 2956
641 229 916 264 Pretiosissimi
939 231 1145 274 Sanguinis
1173 232 1216 267 D.
1241 232 1285 267 N.
1309 233 1342 268 J.
1359 220 1406 267 'o

224 329 262 367 4.
297 328 437 377 Quare
462 338 566 377 ergo
589 323 769 367 rubrum
791 329 858 366 est
876 324 995 366 indu-

175 386 369 426 mentum
394 388 533 432 tuum,
566 386 610 423 et
640 381 898 423 vestimenta
922 385 998 422 tua

176 441 288 483 sicut
307 439 566 483 calcantium
583 438 634 478 in·
646 437 875 479 torculari?

227 495 265 536 5.
297 494 506 538 Torcular
531 494 696 536 calcavi
720 492 855 542 solus,
881 497 924 534 et
943 491 997 534 de

176 552 377 605 gentibus
395 564 484 593 non
502 555 569 593 est
588 551 653 592 vir
670 562 851 591 mecum.

228 616 487 671 Capitulum.
756 615 888 657 Hebr.
907 616 945 656 9.

256 683 410 720 ratres:
437 677 634 719 Christus
660 677 867 716 assistens
892 676 997 727 pon-

266 735 372 776 tifex
398 734 640 774 futurorum
657 732 890 780 bonerum,
920 743 999 783 per

177 791 362 844 amplius
373 795 416 832 et
425 789 660 843 perfectius
670 786 998 829 tabernaculum

176 860 263 888 non
282 846 586 895 manufactum,
604 844 650 886 id
669 849 746 894 est,
769 856 857 885 non
875 843 999 894 hujus

178 903 423 945 creationis:
460 915 602 954 neque
633 913 712 954 per
746 900 1000 950 sanguinem

177 959 398 1012 hircorum
425 963 501 1000 aut
527 957 780 1006 vitulorum,
813 955 893 997 sed
920 968 1000 1008 per

176 1015 405 1068 preprium
432 1015 686 1066 sanguinem
712 1012 906 1053 introivit
935 1024 998 1052 se-

177 1071 263 1113 mel
280 1071 325 1112 in
340 1076 501 1120 sancta,
520 1072 684 1112 aeterna
698 1067 1000 1120 redemptic'me

176 1127 361 1169 inventa.

486 1181 695 1234 Hymnus.

180 1235 408 1342 Festivis
435 1245 639 1285 resonent
670 1240 860 1293 compita
887 1240 1001 1281 veci-

485 1299 578 1349 bus,

232 1359 359 1400 Cives
388 1355 586 1398 laetitiam
619 1353 832 1395 frentibus
869 1352 1000 1404 expli-

487 1417 600 1453 cent:

230 1469 380 1511 Taedis
405 1467 671 1510 flammiferis
696 1464 848 1508 ordine
873 1464 1001 1517 pred-

489 1528 588 1566 eant

333 1580 541 1623 Instructi
558 1579 684 1633 pueri
703 1583 747 1620 et
767 1590 903 1620 senes.

189 1646 324 1696 Quem
360 1647 469 1688 dura
502 1645 693 1686 moriens
729 1643 924 1684 Christus
961 1643 1003 1682 in

490 1700 647 1743 arbore

232 1758 364 1801 Fudit
386 1757 617 1811 multiplici
634 1755 812 1798 vulnere
835 1754 1003 1806 sangui-

487 1827 598 1863 nem,

231 1871 326 1913 Nos
342 1871 445 1913 facti
459 1872 674 1912 memores
689 1868 795 1920 dum
810 1868 1004 1917 colimus,

491 1925 618 1968 decet

335 1983 498 2025 Saltem
517 1981 698 2024 fundere
716 1981 929 2022 lacrimas.

188 2049 388 2089 Humano
407 2047 556 2098 generi
576 2046 791 2100 pernicies
809 2045 953 2096 gravis

235 2103 395 2145 Adami
419 2103 579 2144 veteris
608 2102 785 2144 crimine
811 2100 1004 2150 contigit:

235 2159 394 2200 Adami
411 2159 635 2211 integritas
655 2163 698 2199 et
716 2160 857 2210 pietas
876 2157 979 2198 novi

335 2215 485 2257 Vitam
502 2214 693 2256 reddidit
713 2213 923 2255 emnibus.

188 2281 432 2324 Clamerem
450 2279 643 2321 validum
663 2291 856 2320 summus
876 2277 931 2319 ab
951 2279 1004 2318 ae-

173 2408 177 2411 ·
235 2335 658 2444 Εεηςυόηῒίξὲῗῐῗίῒί
670 2391 706 2432 si
715 2391 847 2431 Pater
858 2388 1004 2439 audiit,

235 2450 406 2491 Placari
423 2449 571 2502 petius
591 2447 798 2498 sanguine
818 2445 979 2495 debuit,

339 2507 395 2548 Et
413 2505 539 2547 nobis
559 2504 730 2546 veniam
749 2502 864 2544 dare.

186 2572 284 2612 Hoc
318 2571 580 2624 quicumque
607 2568 765 2634 stolam
798 2567 1004 2618 sanguine

238 2682 463 2734 Abstergit
491 2626 706 2781 {guitum
749 2684 792 2721 et
831 2680 1006 2719 reseum

526 2751 639 2788 ecuS,

340 2879 403 2904 Pars
419 2879 511 2904 Verna.

1777 226 1868 270 [321]

1104 325 1200 375 Quo
1229 325 1305 366 fiat
1329 325 1478 366 similis
1504 325 1702 378 pretinus
1728 325 1868 374 Ange-

1356 381 1420 430 lis,

1203 436 1260 477 Et
1278 437 1370 488 regi
1387 436 1569 489 placeat,
1589 436 1716 488 capit.

1053 501 1093 541 A
1115 506 1235 543 recto
1252 501 1468 600 inStadfflis
1485 501 1658 543 tramite
1677 502 1869 553 postmo-

1389 572 1462 599 um

1102 615 1157 656 Se
1181 614 1324 656 nullus
1348 614 1554 664 retrahat;
1578 619 1694 656 meta
1714 613 1792 655 sed
1810 613 1870 654 ul-

1359 671 1464 712 tima

1101 727 1340 778 Tangatur3
1382 727 1546 769 tribuet
1581 725 1726 767 nobile
1762 727 1871 778 prae-

1358 796 1502 832 mlum,

1209 840 1291 890 Qui
1310 852 1484 881 cursum
1502 839 1622 880 Deus
1643 838 1827 889 adjuvat.

1055 903 1191 945 Nobis
1223 904 1441 957 propitius
1473 904 1550 953 sis,
1584 903 1766 944 Genitor
1797 915 1872 954 po-

1359 966 1466 1010 tens,

1104 1018 1163 1060 Ut
1189 1016 1298 1070 quos
1323 1019 1521 1068 unigenae
1547 1015 1754 1066 sanguine
1779 1014 1876 1054 Filii

1104 1073 1274 1123 Emisti‚
1307 1078 1350 1114 et
1382 1072 1557 1125 placido
1584 1071 1779 1112 Flamine
1812 1073 1874 1111 re-

1363 1141 1496 1179 creas,

1210 1185 1322 1227 Coeli
1345 1184 1401 1226 ad
1426 1184 1611 1226 culmina
1629 1183 1876 1226 transferas.

1362 1241 1513 1282 Amen.

1112 1299 1414 1351 V.Rederr11'sti
1428 1314 1508 1342 nos
1523 1300 1709 1342 Domine
1724 1300 1766 1340 in
1782 1302 1875 1340 san-

1054 1359 1183 1409 guine
1210 1364 1299 1400 tuo.
1348 1361 1398 1413 R.
1421 1358 1477 1398 Et
1504 1357 1643 1398 fecisti
1671 1369 1751 1397 nos
1780 1356 1875 1397 Deo

1055 1420 1206 1456 nostro
1226 1427 1418 1466 regnum.

1114 1474 1186 1516 Ad
1204 1475 1376 1526 Magnis.
1410 1475 1508 1517 Ant.
1543 1472 1796 1515 Accessistis
1821 1472 1877 1513 ad

1055 1531 1158 1573 Sion
1177 1536 1386 1579 montem,
1412 1534 1455 1570 et
1479 1529 1699 1570 civitatem
1717 1528 1799 1569 Dei
1819 1528 1877 1569 vi-

1056 1587 1205 1636 ventis,
1229 1585 1471 1627 Jerusalem
1491 1585 1729 1633 coelestem,
1755 1589 1798 1625 et
1816 1589 1875 1625 te-

1057 1643 1257 1685 stamenti
1281 1642 1383 1683 novi
1408 1640 1693 1682 mediatorem
1718 1640 1877 1690 Jesum,

1057 1705 1100 1741 et
1137 1698 1356 1749 sanguinis
1392 1697 1690 1750 aspersienem
1725 1696 1877 1737 melius

1055 1755 1306 1808 loquentem
1326 1767 1457 1806 quam
1476 1753 1600 1794 Abel.

1396 1815 1558 1856 Oratio.

1065 1868 1387 1976 Omnipotens
1399 1871 1659 1923 sempiterne
1667 1870 1796 1917 Deus,
1805 1868 1878 1919 qui

1150 1929 1416 1980 unigenitum
1426 1927 1583 1968 Filium
1593 1932 1714 1968 tuum
1729 1924 1878 1965 mundi

1057 1985 1401 2038 Redempterem
1421 1982 1698 2031 constituisti,
1718 1994 1769 2022 ac
1788 1980 1877 2031 ejus

1059 2042 1266 2093 sanguine
1284 2039 1450 2094 placari
1464 2038 1654 2080 voluisti:
1675 2035 1877 2085 concede,

1059 2100 1321 2150 quaesumus,
1342 2096 1493 2137 salutis
1510 2099 1671 2136 nostrae
1690 2091 1878 2145 pretium

1058 2154 1239 2196 solemni
1259 2153 1377 2195 cultu
1395 2153 1455 2193 ita
1471 2150 1683 2199 venerari,
1702 2153 1833 2199 atque
1852 2160 1877 2188 a

1057 2210 1285 2263 praesentis
1312 2209 1413 2251 vitae
1445 2206 1568 2247 malis
1601 2206 1690 2257 ejus
1718 2204 1876 2245 virtute

1058 2265 1233 2308 defendi
1258 2266 1302 2306 in
1321 2264 1463 2314 terris,
1488 2267 1535 2304 ut
1558 2262 1701 2303 fructu
1724 2260 1876 2312 perpe-

1057 2326 1133 2364 tuo
1150 2322 1347 2363 laetemur
1360 2321 1403 2360 in
1419 2317 1551 2360 coelis.
1578 2318 1661 2358 Per
1677 2314 1878 2357 eumdem

1057 2378 1291 2419 Dominum
1311 2380 1518 2417 nostrum.

1115 2435 1162 2470 Et
1186 2436 1226 2470 fit
1250 2446 1443 2471 commem.
1468 2435 1599 2469 Ferizc.

1218 2504 1304 2545 Ad
1330 2501 1716 2544 Matutinum.

1111 2565 1235 2607 Invit.
1264 2564 1480 2606 Christum
1502 2563 1585 2604 Dei
1605 2561 1776 2610 Filium,
1803 2560 1876 2612 qui

1058 2635 1137 2664 suo
1170 2634 1252 2663 nos
1283 2619 1467 2662 redemit
1498 2617 1721 2669 sanguine,
1745 2622 1767 2647 *
1791 2616 1875 2658 Ve-

1057 2680 1146 2719 nite
1165 2677 1404 2719 adoremus.

1110 2732 1179 2773 Ps.
1198 2731 1364 2782 Venite,
1383 2729 1657 2772 exsultemus.
1674 2730 1712 2770 2.

1618 2859 1650 2892 V
