2028 2892
197 159 261 196 376

201 258 298 300 cuit.
338 257 530 309 Contigit
556 262 719 306 autem,
752 261 800 297 ut
828 255 933 297 dum
960 269 1023 297 se-

201 327 299 356 cum
331 313 386 355 de
419 313 550 354 rebus
579 312 738 354 divinis
766 325 906 365 prope
933 311 1023 352 fon-

199 375 287 412 tem
307 369 676 421 colloquerentur,
701 382 855 410 cervus
875 368 931 410 ad
949 381 1024 410 eos

199 427 448 476 accesserit,
503 439 677 468 crucem
712 426 824 467 inter
862 427 1025 466 cornua

199 497 371 535 gerens,
413 482 538 524 riibei
571 488 614 525 et
646 483 822 524 caerulei
854 482 1024 523 coloris.

200 542 398 592 Cumque
431 539 555 581 Felix
591 539 648 581 ob
685 539 748 580 rei
784 539 1025 580 novitatem

198 597 445 646 miraretur,
473 597 666 638 narravit
690 596 729 637 ei
752 596 776 636 J
779 597 943 637 oannes
966 596 1024 636 vi-

199 654 367 695 sionem
386 654 429 694 in
448 653 589 706 prima
603 653 737 693 Missa
755 651 962 693 habitam:
982 657 1026 694 et

200 709 357 751 exinde
385 709 623 751 ferventius
651 709 838 750 orationi
864 708 1025 750 incum-

198 766 363 815 bentes,
379 771 446 807 ter
461 767 502 806 in
519 765 683 807 somnis
698 765 920 815 admoniti,
938 766 1025 806 Ro-

198 836 314 864 mam
338 823 559 876 proficisci
584 822 890 871 decreverunt,
925 827 973 863 ut
1000 835 1025 863 a

198 880 376 921 Summo
395 879 607 920 Pontifice
630 878 733 920 novi
758 878 923 919 ordinis
942 891 1024 931 pro

198 935 463 977 redimendis
493 935 679 988 captivis
707 935 1024 976 institutionem

197 993 491 1045 impetrarent.
563 991 739 1033 Electus
784 991 926 1032 fuerat
971 1004 1024 1033 eo

197 1051 399 1102 tempore
431 1049 711 1090 Innocentius
743 1049 915 1089 tertius:
952 1048 1025 1100 qui

198 1106 283 1147 illis
311 1105 498 1157 benigne
526 1105 718 1157 acceptis
748 1104 852 1146 dum
876 1117 1025 1146 secum

199 1161 253 1204 de
274 1175 321 1203 re
340 1162 572 1215 proposita
592 1161 820 1210 deliberat,
848 1161 892 1201 in
911 1161 1023 1202 festo

198 1224 362 1260 sanctae
381 1218 565 1269 Agnetis
584 1218 795 1267 secundo,
819 1217 1024 1259 Laterani

198 1276 311 1317 intra
329 1275 563 1316 Missarum
583 1274 794 1316 solemnia
813 1272 869 1315 ad
887 1287 1023 1315 sacrae

199 1332 368 1373 Hostiae
405 1331 710 1380 elevationem,
753 1330 948 1382 Angelus
985 1330 1025 1371 ei

198 1388 383 1430 candida
402 1393 539 1438 veste,
560 1401 690 1430 cruce
709 1387 908 1437 bicolori,
928 1389 1023 1440 spe-

199 1446 263 1487 cie
296 1444 550 1487 redimentis
582 1447 781 1497 captivos
809 1444 1024 1497 apparuit.

198 1503 295 1553 Quo
324 1502 419 1543 viso
447 1501 649 1543 Pontifex
675 1501 922 1543 institutum
950 1514 1023 1553 ap—

197 1558 417 1611 probavit,
445 1564 489 1600 et
516 1571 678 1599 novum
704 1557 901 1599 ordinem
928 1570 1023 1598 san-

198 1615 408 1656 ctissimae
434 1614 661 1656 Trinitatis
689 1613 1023 1666 Redemptionis

198 1671 484 1724 Captivorum
507 1671 656 1713 vocari
678 1671 817 1722 jussit,
846 1671 1023 1722 ejusque

197 1727 522 1781 professoribus
568 1727 690 1769 albas
733 1731 879 1768 vestes
925 1739 1024 1768 cum

198 1797 326 1826 cruce
378 1783 502 1825 rubei
553 1789 596 1826 et
641 1783 818 1826 caerulei
863 1783 1023 1825 coloris

196 1840 396 1893 praebuit.

261 1900 307 1951 lx{·.
340 1897 520 1938 Amovit
565 1910 663 1938 eum
704 1898 935 1947 Dominus,
981 1901 1025 1939 et

198 1954 370 1996 ornavit
389 1967 503 1995 eum:
527 1954 686 1996 stolam
709 1954 861 2006 gloriae
884 1953 1024 1996 induit

199 2024 314 2061 eum,
346 2014 367 2036 *
393 2011 451 2053 Et
478 2011 534 2052 ad
562 2016 714 2063 portas
742 2010 934 2064 paradIsi
955 2024 1024 2052 co-

198 2067 370 2110 ronavit
398 2080 507 2109 eum.
562 2067 607 2115 δ”.
636 2067 782 2109 Induit
810 2080 910 2109 eum
936 2068 1023 2109 Do-

198 2124 338 2165 minus
379 2124 560 2166 loricam
601 2123 724 2173 fidei,
769 2129 812 2165 et
853 2124 1024 2166 ornavit

199 2194 309 2222 eum.
350 2181 406 2222 Et
429 2180 485 2222 ad
507 2186 671 2233 portas.

508 2242 654 2280 Lectio
678 2242 728 2280 vi.

270 2294 311 2335 ic
339 2293 530 2335 stabilito
558 2290 729 2342 ordine,
770 2293 907 2333 sancti
934 2292 1024 2333 fun-

289 2350 467 2392 datores
498 2350 541 2390 in
574 2348 761 2390 Galliam
794 2348 1024 2398 redierunt,

199 2405 429 2458 primoque
447 2405 651 2447 coenobio
673 2405 799 2446 Cervi
818 2405 960 2455 frigidi
981 2405 1024 2445 in

201 2460 380 2502 dioecesi
414 2462 628 2504 Meldensi
660 2465 930 2509 constructo,
969 2461 1025 2503 ad

202 2518 291 2569 ejus
329 2519 520 2568 regimen
557 2518 680 2559 Felix
717 2518 938 2565 remansit,
981 2523 1024 2559 et

199 2574 391 2615 Joannes
418 2575 605 2616 Romam
635 2588 733 2615 cum
763 2574 931 2626 aliquot
959 2576 1024 2614 so-

201 2630 278 2670 ciis
306 2632 507 2671 reversus
534 2636 615 2680 est,
645 2630 719 2672 ubi
745 2630 1023 2671 Innocentius

201 2685 394 2735 domum,
439 2687 682 2736 ecclesiam,
728 2692 771 2729 et
806 2686 1024 2739 hospitale

561 164 626 196 lm·
652 166 681 196 ἵ).
712 164 815 196 Febr.
864 165 897 196 S.
923 163 1056 205 ‹pm-illi
1087 163 1219 204 Epist..
1246 163 1353 195 (lons.
1380 168 1414 195 ct
1444 163 1546 195 l)‹›‹,·t.

1076 257 1214 298 sancti
1229 257 1413 299 Thomae
1433 257 1488 299 de
1503 257 1674 299 Formis
1692 257 1735 298 in
1750 261 1899 298 monte

1077 313 1218 355 Co'elio
1247 314 1308 355 eis
1337 313 1517 355 donavit
1542 327 1641 355 cum
1666 313 1813 355 multis
1836 325 1900 355 re-

1078 369 1239 412 ditibus
1277 375 1320 411 et
1358 369 1724 423 possessionibus.
1774 369 1900 411 Datis

1079 439 1253 479 quoque
1294 427 1450 468 litteris
1489 426 1545 468 ad
1580 425 1901 468 Miramolinum

1077 496 1224 535 regem
1243 483 1472 533 Marochii,
1501 496 1612 536 opus
1637 481 1900 535 redemptio-

1077 540 1143 580 nis
1171 539 1284 581 felici
1313 539 1508 592 auspicio
1536 539 1787 581 inchoatum
1812 539 1902 580 fuit.

1078 596 1192 637 Tum
1211 596 1267 638 ad
1287 596 1538 649 Hispanias,
1558 595 1639 637 sub
1659 597 1759 648 jugo
1779 595 1901 637 Sara-

1079 655 1286 694 cenorum
1310 665 1467 704 magna
1493 665 1547 694 ex
1570 657 1696 705 parte
1722 653 1901 705 oppres-

1079 722 1159 759 sas,
1177 710 1202 750 J
1204 711 1368 751 oannes
1387 709 1612 762 profectus
1633 713 1714 758 est,
1733 711 1902 759 regum-

1079 779 1180 818 que,
1208 764 1474 819 principum,
1502 770 1634 817 atque
1653 764 1837 806 aliorum
1855 764 1902 805 fi-

1079 822 1240 864 delium
1273 823 1440 863 animos
1473 821 1529 863 ad
1558 821 1832 874 captivorum
1859 826 1903 862 et

1077 883 1321 932 pauperum
1345 878 1769 920 commiserationem
1788 890 1902 919 com—

1077 937 1226 978 movit.
1263 935 1527 978 Monasteria
1551 934 1801 983 aedificavit,
1828 933 1903 975 ho-

1079 993 1251 1046 spitalia
1292 993 1445 1042 erexit,
1489 993 1737 1044 magnoque
1781 990 1902 1032 lucro

1078 1050 1318 1090 animarum
1332 1049 1481 1102 plures
1497 1050 1695 1101 captivos
1710 1046 1903 1089 redemit.

1077 1106 1265 1147 Romam
1284 1105 1461 1147 tandem
1480 1106 1699 1154 reversus,
1724 1105 1903 1145 sanctis-

1078 1175 1162 1214 que
1187 1162 1394 1215 operibus
1417 1160 1689 1210 incumbens,
1716 1159 1902 1202 assiduis

1077 1219 1301 1261 laboribus
1329 1221 1514 1268 attritus,
1544 1224 1588 1260 et
1615 1217 1770 1259 morbo
1801 1229 1901 1258 con-

1076 1276 1232 1325 fectuS,
1259 1275 1565 1317 ardentissimo
1584 1274 1668 1316 Dei
1692 1279 1735 1315 et
1758 1273 1900 1326 proxi—

1076 1333 1135 1373 mi
1151 1334 1299 1374 amore
1315 1334 1572 1381 exaestuans,
1588 1330 1645 1372 ad
1660 1331 1903 1372 extremum

1077 1389 1264 1431 devenit.
1299 1390 1444 1439 Quare
1463 1387 1670 1430 fratribus
1690 1388 1901 1428 convoca-

1076 1446 1152 1495 tis,
1183 1448 1332 1498 eisque
1360 1444 1416 1486 ad
1446 1458 1557 1498 opus
1586 1443 1901 1496 redemptionis

1077 1502 1249 1544 co'elitus
1268 1503 1654 1555 praemonstratum
1668 1500 1903 1542 efficaciter

1077 1559 1333 1609 cohortatis,
1360 1557 1628 1600 obdormivit
1646 1557 1690 1598 in
1708 1555 1899 1598 Domino

1077 1615 1376 1658 sextodecimo
1426 1614 1650 1656 Kalendas
1692 1612 1901 1662 Januarii,

1078 1685 1191 1714 anno
1221 1672 1372 1714 salutis
1398 1671 1629 1712 millesimo
1660 1669 1901 1711 ducentesi-

1076 1741 1148 1770 mo
1170 1729 1341 1770 decimo
1364 1728 1509 1777 terti03
1535 1728 1713 1779 ejusque
1739 1738 1901 1778 corpus

1076 1787 1120 1827 in
1144 1787 1241 1838 ipsa
1265 1785 1451 1827 ecclesia
1475 1784 1614 1826 sancti
1637 1783 1821 1824 Thomae
1845 1781 1900 1824 de

1076 1843 1247 1884 Formis
1276 1841 1494 1893 condigno
1522 1840 1690 1883 honore
1717 1838 1900 1882 tumula-

1076 1904 1167 1941 tum
1186 1899 1276 1941 fuit.

1136 1957 1183 2008 1³5.
1205 1956 1294 1997 Iste
1314 1955 1458 1996 homo.
1477 1953 1560 2007 [89]

1135 2017 1174 2050 In
1197 2017 1259 2050 III.
1282 2017 1478 2052 Nocturno
1504 2018 1671 2052 Homilia
1699 2016 1735 2050 in
1760 2017 1904 2059 Evang.

1081 2066 1163 2101 Sint
1176 2065 1307 2100 lumbi.
1337 2066 1383 2099 de
1409 2066 1542 2100 eodeni
1562 2065 1763 2100 Communi
1781 2065 1905 2108 primo

1083 2115 1178 2148 loco.
1197 2113 1269 2157 [91]

1136 2162 1264 2196 Lectio
1283 2163 1332 2196 ix.
1351 2163 1397 2196 de
1416 2162 1586 2195 llomilia
1607 2162 1728 2196 Ferizc
1751 2171 1905 2201 occurs„

1083 2216 1117 2244 ct
1143 2211 1189 2244 dc
1216 2220 1258 2243 ca
1286 2211 1323 2244 fit
1350 2220 1544 2244 commem.
1572 2210 1606 2243 in
1637 2210 1842 2244 Laudibus.

1135 2259 1249 2300 R'esp.
1281 2270 1299 2291 a
1327 2258 1418 2302 Cap.
1451 2259 1496 2292 de
1527 2269 1631 2301 sequ.
1662 2268 1745 2292 cum
1772 2266 1904 2291 comm.

1083 2317 1214 2349 princ..
1255 2306 1377 2341 Furia„-
1412 2312 1447 2341 ct
1478 2306 1512 2340 S.
1549 2306 1767 2348 Apollonize
1803 2305 1904 2346 Virg.

1083 2360 1117 2388 ct
1143 2355 1247 2388 Mart.

1291 2421 1374 2462 Die
1393 2422 1431 2461 9.
1451 2418 1684 2461 Februarii.

1129 2486 1172 2527 S.
1193 2483 1369 2536 Cyrilli
1400 2483 1539 2534 Episc.
1561 2479 1853 2523 Alexandrini.

1262 2539 1379 2578 Conf.
1402 2544 1443 2579 ct
1465 2537 1578 2578 Eccl.
1600 2538 1725 2577 Doct.

1416 2595 1578 2637 Duplex.

1136 2648 1269 2681 Omnia
1303 2647 1348 2680 dc
1382 2648 1524 2679 (lomin.
1556 2646 1663 2679 (jons.
1695 2645 1800 2679 I‘ont.
1831 2641 1899 2685 [66]

1085 2702 1222 2738 practer
1246 2706 1349 2738 sequ.
1370 2692 1430 2733 (m.
1455 2695 1478 2726 t.
1502 2691 1550 2732 v.)
