2028 2892
774 189 887 223 Feria
911 188 959 223 vi.
986 188 1024 221 in
1049 187 1276 221 Parasceve.

168 298 244 327 cos
277 297 416 332 meos,
448 296 502 324 ne
537 283 714 325 ochdas
747 295 838 324 eos:
870 283 894 308 *
925 295 996 324 ne-

169 341 345 393 quando
366 340 679 381 obliviscantur
697 338 850 391 populi
868 340 965 380 mei.

221 398 438 450 Disperge
467 395 566 437 illos
594 396 637 436 in
665 396 828 437 virtute
856 400 946 436 tua:
974 396 997 421 *

169 459 212 496 et
232 454 405 506 depone
423 465 511 502 eos
531 454 757 504 protector
772 464 895 492 meus
910 451 997 492 De-

167 523 296 551 mme:

221 565 441 607 Delictum
460 566 550 607 oris
566 566 730 614 cotum,
750 567 999 607 sermonem

169 621 387 663 labiorum
423 622 636 674 ipsorum:
664 622 687 648 *
722 626 765 662 et
801 633 997 673 compre-

168 677 413 720 hendantur
432 678 476 718 in
496 676 701 729 superbia
722 690 810 717 sua.

221 735 277 776 Et
301 734 356 776 de
381 733 681 776 exsecratione
705 738 748 774 et
767 732 997 774 mendacio

169 790 510 833 afiuntiabuntur
537 790 580 830 in
605 789 952 830 consumatiOne:
975 789 998 814 *

168 848 212 888 in
231 848 295 887 ira
314 845 671 894 consumationis,
692 850 735 886 et
753 858 840 886 non
862 850 998 886 erunt.

222 904 278 944 Et
306 903 445 944 scient
474 902 575 953 quia
602 902 723 942 Deus
758 900 997 942 dominabi-

168 965 238 1001 tur
257 958 409 1000 Jacob:
428 959 451 983 *
472 963 515 999 et
533 958 685 998 finium
703 962 846 998 terrae.

223 1016 543 1056 Convertentur
581 1012 637 1054 ad
669 1015 916 1065 vesperam:
955 1017 999 1054 et

169 1073 329 1113 famem
364 1070 585 1123 patientur
622 1074 670 1110 ut
709 1081 858 1118 caneS‚
893 1070 917 1095 *
955 1073 1000 1110 et

171 1127 413 1169 circuibunt
432 1126 663 1167 civitatem.

221 1184 314 1236 Ipsi
333 1182 639 1235 dispergentur
661 1180 717 1221 ad
735 1180 999 1222 manducan-

172 1240 291 1281 dum:
305 1240 328 1265 *
344 1239 381 1280 si
400 1251 505 1279 vero
526 1251 613 1278 non
632 1237 793 1278 fuerint
806 1237 1000 1287 saturati,

172 1301 215 1338 et
234 1294 577 1337 murmurabunt,
890 1303 892 1306 ·

223 1353 319 1403 Ego
365 1356 511 1392 autem
553 1351 741 1393 cantabo
785 1349 1001 1392 fortitudi-

172 1422 272 1450 nem
308 1413 444 1449 tuam:
472 1408 495 1432 *
525 1412 568 1448 et
606 1407 837 1449 exsultabo
874 1418 1002 1447 mane

172 1463 520 1506 misericerdiam
539 1468 669 1504 tuam.

227 1521 338 1571 Quia
368 1520 512 1561 faetus
542 1532 589 1561 es
614 1522 845 1573 susceptor
868 1531 1003 1569 mem,

173 1580 197 1605 *
216 1582 259 1619 et
281 1576 497 1627 refugium
515 1588 678 1626 meum,
706 1576 750 1617 in
775 1576 845 1617 die
869 1574 1003 1616 tribu-

173 1633 349 1675 lati6nis
368 1645 490 1673 meae.

226 1688 414 1740 Adiutor
432 1700 557 1729 meus
576 1687 657 1728 tibi
675 1687 877 1740 psallam,
904 1687 1005 1738 quia

176 1746 298 1786 Deus
322 1746 552 1796 susceptor
579 1756 703 1784 meus
733 1756 796 1785 es:
827 1743 850 1769 *
882 1743 1004 1784 Deus

175 1814 299 1843 meus
317 1799 617 1841 misericordia
636 1812 745 1841 mea.

226 1857 325 1896 Ant.
359 1856 427 1897 Ab
451 1855 778 1907 insurgentibus
803 1854 847 1895 in
869 1867 941 1896 me
960 1854 1005 1895 h'-

175 1914 283 1955 bera
307 1925 377 1954 me
401 1913 607 1961 Domine,
637 1912 739 1963 quia
765 1913 1005 1963 occupave-

176 1974 277 2011 runt
297 1969 485 2010 animam
504 1980 658 2009 meam.

226 2026 327 2066 Ant.
353 2025 506 2076 Longe
525 2024 667 2065 fecisti
686 2028 817 2064 notos
836 2036 960 2065 meos
980 2037 1004 2064 a

176 2094 262 2123 me:
285 2079 475 2123 traditus
496 2094 607 2130 sum,
633 2085 676 2122 et
698 2092 787 2121 non
813 2079 1005 2130 egredie-

175 2137 266 2179 bar.

444 2188 645 2228 Psalmus
674 2189 737 2229 87.

267 2250 414 2292 emine
440 2249 563 2290 Deus
591 2248 745 2290 salutis
769 2260 894 2289 meae:
916 2249 940 2275 *
963 2248 1006 2288 in

282 2305 354 2347 die
370 2305 566 2355 clamavi,
579 2309 622 2346 et
641 2309 772 2346 nocte
787 2316 935 2345 coram
951 2308 1006 2345 te.

229 2363 372 2403 Intret
408 2362 452 2402 in
481 2362 721 2414 conspectu
752 2365 830 2401 tuo
864 2360 1005 2401 oratio

178 2431 292 2460 mea:
311 2419 334 2446 *
352 2418 513 2459 inclina
529 2430 680 2459 aurem
697 2422 819 2458 tuam
838 2415 895 2457 ad
910 2428 1005 2468 pre-

179 2488 275 2516 cem
301 2487 459 2515 meam:

230 2531 341 2580 Quia
387 2530 555 2582 repleta
593 2533 659 2570 est
695 2527 822 2568 malis
865 2527 1008 2568 anima

179 2599 292 2628 mea:
318 2588 341 2612 *
365 2591 409 2627 et
432 2587 522 2627 vita
545 2598 643 2627 mea
660 2584 829 2626 inferno
850 2596 1007 2636 appro-

180 2642 421 2695 pinquevit.

232 2698 495 2741 AEstimatus
515 2711 611 2740 sum
627 2711 726 2740 cum
744 2695 1008 2738 descenden-

1049 281 1168 323 tibus
1195 281 1240 321 in
1267 280 1426 322 lacum:
1454 281 1478 308 *
1505 281 1647 322 factus
1676 294 1773 321 sum
1799 280 1879 321 sic-

1049 343 1098 379 ut
1114 337 1247 379 homo
1267 338 1361 379 sine
1381 337 1612 390 adjutorio,
1633 337 1747 378 inter
1765 338 1879 378 m'or·

1050 400 1152 436 tuos
1180 393 1302 435 liber.

1102 450 1223 491 Sicut
1238 449 1455 492 vulnerati
1471 450 1741 492 dormientes
1756 450 1801 490 in
1816 462 1880 491 se-

1050 506 1263 558 pulchris,
1298 518 1485 558 quorum
1517 518 1604 547 non
1639 519 1685 548 es
1712 518 1882 547 memor

1051 562 1254 615 amplius:
1287 563 1311 590 *
1347 567 1391 603 et
1425 562 1511 614 ipsi
1547 561 1603 604 de
1639 575 1772 604 manu
1804 566 1882 603 tua

1051 618 1217 670 repulsi
1244 623 1356 659 sunt.

1102 674 1351 715 Posuerunt
1375 686 1446 715 me
1475 674 1519 714 in
1544 674 1643 715 lacu
1671 673 1882 716 inferiori:

1052 731 1076 757 *
1120 730 1165 770 in
1214 729 1482 779 tenebresis‚
1539 734 1583 771 et
1631 730 1677 771 in
1724 729 1882 771 umbra

1051 786 1218 827 mortis.

1105 842 1245 895 Super
1263 855 1334 883 me
1360 842 1645 883 confirmatus
1669 846 1735 883 est
1759 841 1880 881 furor

1052 903 1169 939 tuus:
1201 900 1226 926 *
1255 903 1299 939 et
1327 910 1480 939 omnes
1507 898 1668 940 fluctus
1691 902 1793 939 tuos
1820 896 1881 937 in-

1052 954 1217 996 duxisti
1245 967 1377 1006 super
1403 967 1484 996 me.

1105 1010 1258 1062 Longe
1273 1011 1415 1052 fecisti
1429 1015 1562 1052 notos
1576 1022 1699 1052 meos
1715 1022 1741 1050 a
1758 1021 1844 1050 me:
1859 1010 1883 1037 *

1052 1068 1296 1119 posuerunt
1309 1079 1380 1108 me
1395 1066 1770 1108 abominationem
1789 1064 1884 1106 sibi.

1105 1122 1315 1164 Traditus
1343 1135 1456 1172 sum,
1492 1127 1536 1164 et
1567 1135 1656 1163 non
1689 1120 1884 1172 egredie-

1053 1178 1149 1242 bar‘:
1178 1179 1201 1206 *
1230 1178 1346 1219 oculi
1379 1179 1466 1220 mei
1499 1179 1761 1230 languerunt
1788 1189 1883 1229 prae

1053 1247 1214 1287 mopia.

1106 1290 1302 1332 Clamavi
1317 1290 1374 1332 ad
1387 1295 1432 1332 te
1446 1291 1636 1332 Demine
1650 1294 1748 1331 tota
1763 1289 1850 1332 die:
1861 1293 1885 1319 *

1055 1346 1247 1399 expandi
1275 1346 1332 1388 ad
1359 1351 1404 1388 te
1430 1359 1585 1388 manus
1612 1359 1744 1387 meas.

1106 1402 1334 1455 Numquid
1352 1403 1538 1444 mertuis
1558 1403 1692 1444 facies
1711 1402 1885 1444 mirabi-

1054 1459 1129 1500 lia:
1163 1461 1187 1486 *
1220 1464 1295 1501 aut
1322 1458 1483 1500 medici
1512 1458 1804 1509 suscitabunt,
1841 1463 1886 1501 et

1057 1516 1384 1557 confitebuntur
1410 1514 1515 1556 tibi?

1106 1571 1334 1624 Numquid
1354 1571 1552 1612 narrabit
1570 1570 1730 1622 aliquis
1752 1570 1798 1611 in
1821 1583 1886 1612 se-

1055 1628 1242 1681 pulchro
1269 1626 1619 1669 misericerdiam
1639 1631 1771 1677 tuam,
1794 1627 1819 1654 *
1843 1631 1887 1668 et

1056 1685 1288 1726 veritatem
1314 1688 1436 1725 tuam
1463 1683 1509 1724 in
1531 1682 1808 1735 perditiene?

1108 1740 1336 1793 Numquid
1360 1740 1680 1791 cognoscentur
1700 1738 1745 1779 in
1769 1739 1887 1779 tene-

1057 1797 1149 1839 bris
1167 1796 1386 1838 mirabilia
1404 1800 1497 1837 tua:
1518 1796 1542 1823 *
1566 1799 1610 1836 et
1629 1794 1793 1847 justitia
1811 1798 1888 1836 tua

1058 1853 1102 1894 in
1127 1858 1247 1894 terra
1274 1850 1533 1894 oblivionis?

1109 1910 1167 1951 Et
1187 1922 1270 1960 ego
1297 1908 1355 1950 ad
1371 1913 1416 1949 te
1434 1907 1624 1948 Domine
1645 1906 1845 1947 clamavi:
1864 1907 1888 1934 *

1059 1970 1103 2007 et
1121 1978 1250 2006 mane
1277 1964 1419 2006 oratio
1444 1975 1544 2005 mea
1567 1962 1811 2015 praeveniet
1831 1967 1888 2003 te.

1109 2022 1169 2064 Ut
1195 2021 1302 2074 quid
1319 2021 1417 2062 Dfie
1440 2019 1618 2072 repellis
1642 2019 1888 2060 orationem

1057 2091 1215 2119 meam:
1230 2079 1254 2105 *
1270 2077 1432 2119 avertis
1447 2076 1603 2117 faciem
1618 2080 1739 2116 tuam
1755 2087 1780 2116 a
1793 2074 1888 2116 me?

1110 2135 1285 2187 Pauper
1311 2146 1409 2174 sum
1437 2144 1537 2183 ego,
1573 2136 1617 2173 et
1652 2132 1696 2171 in
1728 2130 1888 2172 laberi-

1059 2190 1142 2232 bus
1171 2204 1196 2231 a
1223 2192 1448 2243 juventute
1476 2201 1588 2230 mea:
1615 2189 1639 2215 *
1668 2187 1887 2229 exaltatus

1060 2251 1218 2296 autem,
1241 2245 1494 2287 humiliatus
1520 2258 1616 2285 sum
1642 2247 1686 2285 et
1714 2247 1888 2284 contur-

1058 2302 1198 2344 batus.

1111 2359 1163 2399 In
1186 2371 1256 2399 me
1279 2357 1547 2399 transierunt
1570 2356 1648 2397 irae
1672 2359 1776 2396 tuae:
1801 2356 1825 2383 *
1845 2358 1889 2396 et

1059 2417 1253 2456 terreres
1281 2414 1346 2455 tui
1375 2412 1749 2454 conturbaverunt
1776 2422 1856 2451 me.

1113 2470 1507 2513 Circumdederunt
1533 2480 1605 2509 me
1633 2467 1746 2508 sicut
1775 2479 1888 2518 aqua

1060 2532 1154 2569 tota
1192 2526 1282 2568 die:
1326 2527 1349 2553 *
1391 2522 1774 2567 circumdederunt
1818 2534 1889 2563 me

1061 2583 1201 2624 simul.

1112 2638 1339 2691 Elongasti
1364 2651 1389 2679 a
1414 2650 1484 2679 me
1509 2638 1697 2678 amicum
1722 2639 1765 2675 et
1790 2636 1889 2686 pre-

1061 2697 1244 2737 ximum:
1263 2696 1286 2723 *
1306 2700 1349 2736 et
1364 2699 1496 2736 notos
1514 2704 1638 2735 meos
1657 2704 1682 2732 a
1702 2690 1890 2732 miseria.
