2028 2892
629 166 798 200 Snbbato
824 168 995 207 Quantos
1019 169 1147 211 Tcmp.
1175 172 1361 212 Quam-2154.

455 259 607 299 Lectio
629 260 666 299 ii.

227 314 256 357 d
279 315 625 359 confirmandam
651 331 755 370 ergo
779 319 903 371 hujus
927 321 972 361 fi-

252 372 323 413 dei
336 372 667 416 saluberrimam
680 376 973 426 cognitionem

147 428 495 480 interrogaverat
510 429 751 484 discipulos
769 445 871 473 suos
886 434 972 474 Do-

146 484 304 534 minus,
327 485 439 527 inter
462 486 657 528 diversas
681 487 862 529 aliorum
881 490 970 542 opi-

146 541 300 582 niones
329 542 435 593 quid
459 543 545 595 ipsi
571 543 626 585 de
653 557 705 586 eo
734 545 972 595 crederent,

147 597 308 650 quidve
328 600 551 641 sentirent.
578 600 664 642 Ubi
682 601 836 643 Petrus
853 603 969 654 Apo-

146 654 296 703 stolus,
310 668 390 707 per
405 656 718 699 revelationem
733 659 888 699 summi
901 660 973 700 Pa-

145 710 224 751 tris
244 713 458 764 corperea
477 716 699 765 superam,
723 719 766 756 et
783 714 972 757 humana

142 766 477 818 transcendens,
506 768 618 811 vidit
645 772 803 812 mentis
834 772 970 813 eculis

143 823 302 864 Filium
328 824 412 865 Dei
438 825 545 876 vivi,
579 831 622 867 et
649 828 876 869 confessus
905 833 971 870 est

141 879 328 930 gloriam
346 881 552 932 Deitatis;
584 883 686 935 quia
708 896 797 925 non
822 883 878 926 ad
903 898 968 927 so-

141 935 229 976 lam
245 938 440 989 respexit
459 938 749 981 substantiam
767 942 906 982 carnis
926 946 970 983 et

142 993 380 1043 sanguinis:
408 998 666 1047 tantumque
692 997 735 1037 in
760 996 842 1038 hac
865 998 969 1039 fidei

143 1048 411 1091 sublimitate
430 1051 704 1104 complacuit,
723 1058 771 1094 ut
786 1053 968 1095 beatitu-

143 1104 254 1146 dinis
275 1105 483 1149 felicitate
503 1107 702 1158 donatus,
723 1122 892 1150 sacram
910 1111 969 1150 in-

141 1161 360 1203 violabilis
384 1168 523 1216 petrae
550 1167 770 1217 acciperet
792 1166 969 1207 firmita-

141 1221 246 1259 tem:
265 1231 398 1272 super
418 1233 549 1272 quam
567 1221 749 1263 fundata
762 1222 969 1272 Ecclesia,

141 1275 283 1326 portis
301 1276 428 1318 inferi
448 1281 491 1319 et
505 1278 659 1319 mortis
676 1278 845 1329 legibus
860 1292 969 1331 prae-

141 1331 322 1374 valeret:
341 1333 485 1375 necin
504 1334 728 1376 solvendis
746 1340 820 1377 aut
836 1335 969 1387 ligan-

141 1386 209 1429 dis
242 1393 618 1442 quorumcumque
653 1392 814 1441 causis,
851 1392 970 1433 aliud

141 1448 284 1485 ratum
310 1450 427 1487 esset
452 1446 496 1486 in
521 1447 663 1497 coelis,
692 1460 824 1499 quam
849 1448 968 1500 quod

140 1500 261 1542 Petri
280 1500 468 1543 sedisset
487 1502 679 1545 arbitrio.

190 1557 241 1608 R.
273 1558 445 1609 Frange
464 1559 684 1601 esurienti.
712 1561 798 1601 134.

441 1613 591 1654 Lectio
611 1614 664 1653 iii.

235 1683 301 1712 aec
316 1675 472 1721 autem,
486 1671 768 1722 dilectissimi,
778 1672 967 1714 laudatae

253 1727 551 1778 intelligentiae
576 1728 791 1771 celsitudo
812 1729 967 1771 instru-

141 1783 254 1825 enda
278 1788 372 1825 erat
392 1784 447 1826 de
469 1785 687 1826 inferioris
710 1786 967 1827 substantiae

141 1842 432 1882 sacramento:
451 1853 506 1882 ne
524 1841 770 1894 apostolica
783 1842 894 1884 fides
912 1842 969 1884 ad

140 1896 325 1947 gloriam
340 1898 603 1940 confitendae
619 1899 664 1939 in
680 1898 853 1940 Christo
868 1899 967 1940 Dei-

140 1953 245 1995 tatis
285 1955 457 2003 evecta,
499 1954 763 1996 infirmitatis
804 1960 967 1996 nostrae

141 2011 440 2062 recepti6nem
463 2010 686 2061 indignam
708 2011 967 2064 impassibili

139 2065 237 2107 Deo
269 2071 401 2119 atque
428 2067 713 2118 incongruam
740 2067 967 2119 judicaret:

142 2126 184 2163 et
202 2122 263 2164 ita
276 2123 361 2174 jam
378 2123 423 2164 in
439 2123 612 2165 Christo
627 2123 861 2164 humanam
877 2125 965 2164 cre-

141 2177 265 2220 deret
301 2179 592 2229 glorificatam
626 2193 722 2221 esse
756 2183 964 2229 naturam,

140 2239 188 2275 ut
211 2247 292 2276 nec
315 2235 531 2287 supplicio
556 2241 709 2288 posset
732 2236 862 2284 affici,
886 2248 965 2276 nec

139 2296 281 2332 morte
318 2291 510 2333 dissolvi.
564 2293 620 2333 Et
655 2292 756 2334 ideo
794 2292 966 2333 dicente

139 2347 347 2398 Demino,
377 2348 496 2400 quod
525 2351 750 2401 oporteret
778 2361 876 2389 eum
903 2349 967 2389 ire

89 2427 91 2430 v
139 2404 476 2456 Jeroselymam,
506 2410 550 2446 et
574 2405 711 2446 multa
735 2405 826 2457 pati
853 2417 878 2445 a
902 2417 964 2445 se-

140 2460 337 2502 nioribus
362 2466 405 2502 et
428 2461 601 2511 scribis,
626 2474 677 2502 ac
698 2460 965 2513 principibus

141 2517 431 2567 sacerdotum,
452 2523 495 2559 et
514 2518 667 2567 occidi,
687 2523 730 2559 et
749 2518 878 2558 tertia
896 2516 966 2557 die

89 2593 90 2601 1
140 2576 384 2625 resurgere:
410 2586 509 2615 cum
527 2574 683 2615 beatus
702 2574 872 2622 Petrus,
893 2572 966 2623 qui

141 2631 331 2681 superno
355 2629 598 2671 illustratus
620 2630 798 2677 himine,
823 2628 878 2669 de
902 2641 965 2668 ar·
993 2620 996 2625 ’

89 2683 90 2688 ’
142 2683 396 2726 dentissima
432 2686 532 2727 Filii
566 2686 651 2727 Dei
691 2684 964 2727 confessiene

1784 177 1846 212 147

1025 265 1231 318 fervebat,
1247 271 1527 312 contumelias
1540 272 1787 314 illusionum
1802 279 1845 315 et

1026 322 1338 366 crudelissimae
1370 328 1523 368 mortis
1560 330 1844 382 oppr6brium

1026 378 1248 429 religioso,
1272 386 1320 422 ut
1340 383 1538 434 putabat,
1563 391 1606 426 et
1626 385 1764 427 libero
1786 386 1843 427 fa—

1025 434 1157 476 stidio
1187 440 1445 489 respuisset3
1476 439 1660 492 benigna
1688 455 1713 483 a
1740 443 1844 484 Jesu

1024 491 1322 544 increpatione
1342 498 1579 549 correptus,
1600 503 1643 539 et
1658 498 1714 539 ad
1729 499 1844 551 cupi—

1026 546 1208 590 ditatem
1228 551 1543 604 participandae
1563 567 1660 595 cum
1679 567 1729 596 eo
1747 568 1842 607 pas-

1025 604 1160 645 sionis
1180 606 1393 648 animatus
1413 614 1488 650 est.

1077 667 1124 717 Ην.
1152 665 1435 710 Absc6ndite.
1463 671 1547 710 134.

1078 732 1147 772 Ad
1167 733 1322 773 chcd.
1341 735 1437 774 Ant.
1461 736 1708 788 Assumpsit
1717 738 1741 777 J
1745 750 1842 780 esus

1024 786 1047 811 *
1080 784 1318 840 discipulos
1351 802 1471 839 SUOS,
1505 795 1548 832 et
1579 792 1772 834 ascendit
1800 795 1842 835 in

1023 848 1227 894 montem,
1248 850 1290 886 et
1308 846 1638 898 transfiguratus
1659 855 1725 890 est
1742 856 1842 892 ante

1024 910 1112 939 cos.

1353 953 1515 993 Oratio.

1106 1013 1284 1064 epulum
1310 1019 1450 1065 tuum,
1481 1019 1727 1068 quaesumus
1755 1019 1840 1060 De-

1122 1069 1250 1119 mine,
1273 1071 1486 1122 propitius
1506 1074 1687 1125 respice:
1712 1079 1841 1127 atque

1023 1125 1077 1166 ab
1108 1138 1160 1166 eo
1189 1127 1360 1177 flagella
1387 1132 1474 1169 tuae
1502 1129 1736 1171 iracundiae
1761 1132 1841 1173 cle-

1022 1183 1190 1223 menter
1209 1184 1366 1224 averte.
1393 1184 1477 1225 Per
1495 1186 1741 1228 Deminum.

1253 1264 1331 1304 Ad
1351 1265 1613 1316 vesperas.

1075 1324 1330 1374 Capitulum.
1536 1327 1562 1364 1.
1584 1326 1731 1366 Thess.
1754 1329 1788 1365 4.

1020 1384 1254 1488 Fratres:
1283 1391 1503 1441 Rogamus
1530 1406 1625 1443 vos,
1651 1400 1694 1435 et
1718 1395 1839 1437 obse-

1116 1448 1286 1486 cramus
1327 1447 1370 1487 in
1406 1447 1595 1490 Demino
1631 1451 1752 1491 Jesu:
1792 1457 1840 1492 ut

1022 1500 1390 1553 quemadmodum
1410 1506 1639 1557 accepistis
1660 1520 1684 1547 a
1704 1507 1839 1557 nobis,

1022 1558 1243 1609 quomodo
1272 1572 1351 1600 vos
1379 1563 1581 1612 operteat
1608 1563 1839 1614 ambulare,

1021 1618 1064 1655 et
1083 1614 1255 1666 placere
1270 1615 1378 1665 Deo,
1398 1617 1460 1658 sic
1475 1622 1517 1659 et
1535 1618 1774 1670 ambuletis,
1793 1626 1840 1662 ut

1021 1669 1249 1712 abundetis
1268 1672 1417 1723 magis.

1328 1743 1535 1792 Hymnus.

1045 1802 1206 1907 ΑΚΒ,
1225 1806 1410 1859 benigne
1431 1807 1652 1860 Cenditor,

1158 1863 1344 1904 Nostras
1365 1877 1520 1916 preces
1541 1877 1638 1906 cum
1657 1867 1839 1918 fletibus,

1096 1918 1147 1958 In
1165 1918 1250 1960 hoc
1269 1932 1394 1962 sacro
1413 1921 1568 1972 jejunio

1095 1975 1233 2016 Fusas
1254 1976 1608 2028 quadragenario.

1042 2044 1270 2085 Scrutator
1290 2045 1402 2086 alme
1421 2045 1627 2095 cerdium,

1096 2101 1272 2142 Infirma
1290 2106 1338 2142 tu
1357 2101 1441 2142 scis
1459 2102 1629 2142 virium:

1095 2156 1166 2198 Ad
1186 2161 1228 2198 te
1248 2158 1434 2198 reversis
1454 2156 1608 2198 exhibe

1097 2213 1381 2253 Remissionis
1400 2213 1592 2263 gratiam.

1043 2281 1229 2323 Multum
1248 2281 1423 2333 quidem
1441 2280 1728 2333 peccavimus,

1094 2338 1181 2379 Sed
1199 2351 1329 2390 parce
1350 2335 1669 2378 confitentibus:

1095 2393 1167 2435 Ad
1186 2394 1371 2434 neminis
1390 2392 1561 2433 laudem
1579 2392 1642 2433 tui

1096 2450 1253 2490 Confer
1272 2447 1485 2489 medelam
1506 2448 1731 2498 languidis.

1042 2516 1246 2558 Concede
1266 2521 1462 2557 nostrum
1481 2516 1647 2557 centeri

1094 2573 1264 2625 Corpus
1282 2584 1359 2623 per
1378 2571 1697 2620 abstinentiam;

1096 2628 1246 2680 Culpae
1266 2631 1314 2667 ut
1331 2627 1575 2678 relinquant
1591 2627 1798 2679 pabulum

1092 2684 1117 2724 J
1120 2684 1243 2734 ejuna
1261 2681 1395 2723 corda
1414 2683 1648 2723 criminum.
