2066 2904
198 177 272 211 504
488 181 553 213 Dic

199 271 298 312 ficia
324 268 635 311 demississime
660 267 813 309 obiret.
849 267 919 308 Ab
945 268 1027 308 Eu·

198 327 326 378 genio
371 330 529 378 quarto
565 323 845 365 Florentinus
891 323 1027 365 archi-

199 384 434 435 episcopus
471 382 760 430 renuntiatus,
801 380 1028 431 aegerrime

199 438 392 487 tandem,
419 451 499 480 nec
523 438 606 478 nisi
625 436 882 490 apostolicis
902 435 1029 476 minis

199 494 540 547 perterrefactus
564 499 613 535 ut
637 494 941 546 episcopatum
959 504 1028 532 ac-

200 553 375 603 ciperet,
394 551 623 603 acquievit.

253 614 298 651 R„
337 607 471 648 Posui
499 606 764 658 adjuterium
791 617 923 657 super
951 617 1028 657 po-

199 657 375 712 tentem,
421 668 465 704 et
510 662 700 704 exaltavi
745 661 932 703 electum
974 660 1030 702 de

199 719 329 771 plebe
366 731 479 760 mea:
512 725 533 746 *
576 718 732 759 Manus
775 717 890 758 enim
931 729 1030 757 mea

201 774 479 816 auxiliabitur
502 775 558 824 ei,
587 774 770 825 allehija.
803 772 850 822 V
876 773 1030 814 Inveni

199 830 345 872 David
370 843 543 872 servum
565 843 726 880 meum,
754 829 854 871 eleo
875 834 1028 870 sancto

200 899 299 928 meo
319 887 423 928 unxi
441 900 551 928 eum.
593 887 759 927 Manus.

498 951 652 991 Lectio
675 951 724 989 vi.

198 996 274 1101 In
316 1012 369 1040 eo
410 1002 590 1040 munere
626 998 699 1039 vix
741 997 828 1039 dici
862 1002 1028 1050 potest,

263 1060 472 1107 quantum
490 1054 739 1107 prudentia,
758 1054 939 1106 pietate,
963 1066 1029 1094 ca-

201 1112 344 1160 ritate,
376 1111 726 1160 mansuetudine,
759 1115 803 1151 et
827 1109 1028 1151 sacerdo-

201 1167 278 1208 tali
303 1167 399 1209 zelo
427 1167 691 1209 excelluerit.
732 1166 848 1208 Illud
871 1166 1028 1207 miran-

202 1223 323 1272 dum,
351 1228 520 1265 tantum
547 1223 720 1274 ingenio
747 1222 954 1272 valuisse,
982 1228 1030 1263 ut

201 1291 353 1321 omnes
372 1280 507 1321 ferme
525 1280 730 1321 scientias
747 1291 828 1331 per
846 1291 893 1320 se
909 1278 1030 1320 nullo

201 1335 398 1376 adhibito
431 1337 729 1388 praeceptere,
762 1334 1029 1376 absolutissi-

199 1403 269 1432 me
290 1390 501 1433 didicerit.
528 1390 727 1433 Tandem
746 1396 850 1444 post
867 1391 1031 1432 multos

199 1446 391 1496 labores,
426 1447 576 1488 multis
611 1448 741 1489 etiam
775 1447 903 1489 editis
929 1447 1029 1488 insi-

199 1503 295 1554 gnis
322 1502 535 1544 doctrinae
554 1503 692 1554 libris,
718 1517 843 1545 sacra
861 1502 1029 1544 Eucha-

200 1559 322 1600 ristia
350 1565 394 1601 et
421 1560 626 1601 unctione
653 1562 884 1613 percepta,
913 1572 1029 1601 com-

199 1616 355 1668 plexus
388 1615 596 1657 Crucifixi
627 1617 878 1668 imaginem,
915 1629 1029 1657 mor-

199 1677 289 1713 tem
332 1671 459 1712 laetus
505 1673 677 1724 aspexit
714 1678 840 1715 sexto
877 1673 1029 1715 Nonas

200 1727 317 1779 Maii,
343 1727 575 1770 millesimo
596 1728 1028 1781 quadringentesimo

202 1784 562 1836 quinquagesimo
578 1798 707 1827 nono.
732 1786 954 1828 Miraculis
969 1787 1028 1828 vi-

202 1852 308 1881 vens
334 1844 378 1881 et
405 1846 509 1892 post
535 1846 723 1883 mortem
754 1846 1028 1896 conspicuus,

200 1898 452 1937 sanctorum
478 1901 662 1940 numero
686 1897 937 1952 adscriptus
962 1906 1030 1941 est

199 1952 254 1994 ab
293 1953 488 1995 Adriano
525 1959 667 2002 sexto,
705 1967 819 1996 anno
851 1956 1029 1997 Demini

198 2009 429 2051 millesimo
451 2010 800 2062 quingentesimo
816 2012 1028 2063 vigesimo

198 2066 340 2107 tertio.
391 2070 439 2119 Κ.
475 2067 564 2107 Iste
585 2072 652 2107 est
672 2067 756 2119 qui.
775 2067 850 2120 [71]

252 2130 291 2162 ln
312 2129 374 2162 ΙΙΙ.
392 2130 501 2163 Noct.
521 2130 659 2163 llomil.
681 2131 716 2162 in
737 2130 880 2169 lix-unu.
907 2131 1026 2163 Ilomo

200 2174 370 2216 peregre.
395 2178 440 2210 de
464 2178 598 2211 collem
623 2178 766 2211 Commi.
795 2178 818 2210 1.
838 2179 933 2211 loco,
958 2176 1027 2220 [73]

202 2235 274 2269 l'ro
305 2238 360 2270 SS.
387 2237 587 2271 Gordiano
619 2243 654 2271 ct
680 2238 893 2280 Epimacho
919 2238 1025 2272 Mart.

501 2289 653 2330 Lectio
675 2291 726 2329 ix.

203 2344 266 2396 κ’ῒίῥζ»
291 2340 497 2384 ordianus
529 2342 675 2394 judex,
707 2356 806 2385 cum
839 2344 895 2386 ad
927 2358 1027 2387 eum

206 2413 210 2421 =
244 2406 246 2408 ’
307 2397 539 2440 Januarius
570 2399 820 2452 presbyter,
854 2406 902 2442 ut
928 2414 1027 2443 con-

201 2452 494 2505 demnaretur,
514 2455 595 2497 sub
613 2456 637 2496 J
640 2455 788 2498 uliano
808 2457 1027 2509 Apostata

201 2508 360 2549 ductus
374 2516 501 2560 esset,
520 2511 576 2553 ab
596 2511 755 2554 eodem
772 2513 817 2553 in
835 2513 1027 2555 christia-

199 2576 255 2604 na
283 2563 369 2606 fide
395 2565 650 2617 instructuS‚
684 2581 783 2609 cum
814 2571 952 2611 uxere
985 2575 1028 2612 et

201 2619 512 2671 quinquaginta
530 2623 670 2664 tribus
690 2623 785 2665 aliis
803 2637 858 2666 ex
873 2625 1028 2667 eadem

201 2675 360 2716 familia
392 2677 546 2719 Rornae
578 2679 837 2731 baptizatur.
861 2682 1027 2740 ‘Quare

584 180 628 211 12.
658 179 754 217 Maii.
803 181 858 211 ὃς,
889 179 1009 211 Nerei.
1039 178 1203 211 Achillei
1230 184 1262 211 ct
1290 180 1339 209 So

1345 190 1372 211 c.
1401 179 1619 221 Martyrum.

1079 267 1329 318 praefectus,
1351 268 1547 319 relegato
1557 268 1582 309 J
1585 269 1778 318 anuario,
1801 269 1912 311 Gor-

1082 322 1260 364 dianum
1285 337 1311 366 a
1336 324 1637 366 Clementiano
1661 325 1827 367 vicario
1852 326 1913 366 in-

1081 378 1200 421 cludi
1226 379 1346 431 jubet
1368 380 1414 421 in
1433 383 1672 422 carcerem:
1700 381 1775 434 qui
1792 383 1913 434 pest-

1082 447 1134 476 ea
1171 435 1375 478 eumdem
1408 436 1683 479 Gordianum
1718 438 1914 479 vinctum

1081 491 1248 533 catenis
1280 492 1337 534 ad
1369 505 1417 534 se
1449 496 1725 544 accersitum,
1757 507 1858 535 curn
1889 507 1915 535 a

1081 547 1186 590 fidei
1203 549 1437 601 proposito
1457 549 1682 592 deterrere
1705 562 1793 591 non
1812 563 1914 603 pos-

1082 609 1166 654 set,
1193 604 1433 657 plumbatis
1459 604 1534 646 diu
1558 618 1740 657 caesum,
1769 607 1914 660 capite

1081 660 1217 712 plecti
1235 663 1435 714 imperat.
1470 661 1602 713 Cujus
1626 675 1789 715 corpus
1813 667 1915 704 ante

1082 717 1301 769 Apellinis
1334 717 1549 770 templum
1582 718 1764 760 canibus
1801 718 1916 771 obje-

1082 778 1219 823 ctum,
1246 779 1382 816 noctu
1407 786 1433 815 a
1458 773 1717 816 Christianis
1741 775 1812 816 via
1834 774 1915 816 La-

1082 831 1174 871 tina
1197 830 1409 882 sepelitur
1431 830 1475 871 in
1500 829 1657 872 eadem
1677 836 1847 884 crypta,
1871 832 1916 873 in

1085 899 1215 938 quam
1226 886 1423 938 reliquiae
1435 886 1556 928 beati
1565 887 1796 940 Epimachi
1803 888 1916 930 Mar-

1082 943 1191 994 tyris
1211 942 1439 984 translatae
1459 943 1631 985 ffierant
1654 943 1709 985 ab
1728 944 1916 986 Alexan-

1083 998 1194 1039 dria:
1239 998 1314 1040 ubi
1351 999 1388 1040 is
1426 999 1501 1041 diu
1536 1005 1722 1052 propter
1756 1000 1918 1043 Christi

1083 1055 1408 1097 confessienem
1445 1058 1711 1098 constrictus
1747 1056 1792 1097 in
1825 1059 1915 1098 car-

1084 1123 1201 1161 cere,
1233 1114 1461 1164 postremo
1495 1112 1770 1163 combfistus,
1805 1126 1916 1155 mar-

1083 1167 1198 1219 tyrio
1219 1170 1456 1210 coronatus
1476 1173 1554 1210 est.

1136 1235 1201 1274 Te
1220 1233 1366 1274 Deum
1382 1232 1625 1275 laudamus.
1643 1234 1703 1275 15.

1134 1303 1177 1336 In
1203 1303 1401 1338 Laudibus
1427 1315 1497 1348 pro
1523 1306 1579 1339 fis.
1607 1306 1713 1339 Mart.

1136 1365 1235 1404 Ant.
1260 1363 1384 1405 Filiae
1403 1363 1663 1414 Jerusalem,
1687 1366 1849 1415 venite,
1873 1370 1918 1407 et

1083 1418 1231 1461 videte
1250 1419 1469 1472 Martyres
1490 1433 1589 1462 cum
1609 1421 1800 1470 cortinis,
1827 1421 1917 1474 qui-

1082 1475 1166 1517 bus
1190 1477 1422 1518 coronavit
1445 1489 1523 1519 eos
1541 1477 1794 1519 Deminus
1781 1490 1827 1518 1n
1845 1477 1917 1519 die

1083 1532 1374 1575 solemnitatis
1394 1538 1437 1575 et
1455 1533 1637 1583 laetitiae,
1658 1533 1842 1589 alleluja,
1859 1533 1917 1576 al-

1082 1588 1222 1641 leluja

1135 1652 1185 1702 Ψ
1198 1653 1428 1695 Pretiosa
1415 1667 1461 1694 m
1473 1655 1917 1707 conspectuDemini,

1083 1709 1266 1762 alleluja.
1300 1713 1352 1764 R.
1383 1710 1505 1751 Mors
1534 1713 1789 1752 sancterum
1815 1711 1916 1763 ejus,

1082 1766 1264 1818 alleh'ija.

1352 1871 1437 1912 Die
1457 1872 1515 1912 12.
1533 1871 1647 1923 Maji.

1082 1944 1150 1985 Ss.
1164 1944 1325 1994 Nerei,
1344 1943 1561 1985 Achillei
1581 1952 1624 1987 et
1639 1943 1916 1986 Domitillae

1154 2002 1272 2051 Virg.
1292 2007 1424 2053 atque
1444 1999 1704 2041 Pancratii
1721 2002 1846 2043 Mart.

1368 2067 1630 2110 Semiduplex.

1136 2126 1274 2160 Omnia
1318 2127 1365 2161 de
1407 2127 1611 2162 Communi
1652 2128 1760 2162 Mart.
1801 2132 1915 2170 temp.

1083 2174 1219 2208 Puseh.
1246 2172 1318 2216 [38]
1343 2180 1485 2217 praeter
1508 2186 1613 2219 sequ.

1417 2236 1582 2277 Oratio.

1152 2311 1305 2352 emper
1336 2311 1416 2340 nos
1447 2299 1638 2341 Demine
1669 2299 1914 2352 Martyrum

1163 2357 1341 2397 tuorum
1363 2355 1513 2405 Nerei,
1537 2355 1739 2405 Achillei,
1762 2356 1912 2398 Domi-

1081 2411 1198 2461 tsslae,
1218 2416 1351 2463 atque
1371 2411 1592 2453 Pancratii
1612 2412 1776 2463 foveat,
1797 2415 1912 2465 quae-

1082 2481 1250 2517 sumus,
1290 2466 1421 2509 beata
1453 2467 1721 2510 solemnitas:
1760 2474 1804 2510 et
1835 2474 1912 2511 tuo

1034 2563 1037 2565 ,
1081 2523 1238 2575 dignos
1262 2522 1420 2565 reddat
1446 2523 1672 2577 obsequio.
1715 2525 1800 2566 Per
1824 2525 1912 2566 De-

1080 2580 1246 2621 minum
1264 2584 1475 2621 nostrum.

1135 2647 1175 2681 In
1207 2648 1231 2681 1.
1263 2648 1462 2681 Nocturno
1496 2647 1700 2682 Lectiones
1734 2648 1780 2682 de
1815 2650 1913 2683 Seri-

1083 2700 1192 2737 pturu
1220 2700 1452 2729 occurrente.
