2066 2956
648 236 925 270 Pretiosissimi
950 235 1158 278 Sanguinis
1184 235 1226 269 D.
1252 235 1296 269 N.
1322 235 1354 269 J.
1382 235 1420 269 C.

1795 230 1887 274 [329]

231 339 405 392 Pauper
432 351 529 380 sum
557 349 657 388 ego,
693 340 737 378 et
771 337 816 376 in
848 336 1007 377 labori-

180 396 264 438 bus
289 409 318 437 a
344 397 569 448 juventute
597 406 709 435 mea:
737 394 760 420 *
789 393 1007 434 exaltatus

181 457 338 502 autem,
361 450 615 493 humiliatus
640 463 737 491 sum
762 454 806 491 et
834 453 1008 490 contur-

179 508 320 551 batus.

231 566 283 606 In
305 577 376 606 me
399 564 666 606 transierunt
690 562 767 603 irae
791 566 896 603 tuae:
921 563 945 589 *
965 566 1009 603 et

179 623 374 663 terrores
401 621 466 662 tui
495 619 869 662 conturbaverunt
895 631 976 659 me.

234 677 627 720 Circumdederunt
653 688 724 717 me
752 675 865 716 sicut
894 688 1007 726 aqua

180 739 274 777 tota
312 734 403 776 die:
446 735 470 762 *
511 731 894 775 circumdederunt
938 744 1008 772 me

182 791 322 833 simul.
504 834 506 836 ,

233 847 460 899 Elongasti
484 860 509 888 a
534 859 604 888 me
629 847 817 887 amicum
843 850 886 886 et
911 846 1009 896 pro-

182 904 364 945 ximum:
382 906 406 931 *
426 909 470 945 et
484 908 616 944 notos
634 914 758 943 meos
776 914 802 942 a
822 901 1010 941 miseria.

229 965 328 1006 Ant.
371 964 429 1004 Et
469 959 668 1012 bajulans
705 958 787 1000 sibi
824 970 1009 1006 crucem,

181 1018 316 1059 exivit
335 1018 377 1058 in
394 1031 503 1067 eum,
524 1016 597 1068 qui
614 1015 771 1057 dicitur
786 1014 1011 1065 Calvariae,

180 1073 340 1115 locum:
360 1074 434 1116 ubi
456 1073 764 1115 crucifixerunt
784 1084 894 1112 eum.
945 1116 949 1118 g

232 1133 332 1174 Ant.
360 1132 418 1173 Ut
441 1129 644 1171 viderunt
669 1141 769 1170 eum
792 1128 877 1179 jam
898 1129 1010 1168 mor—

178 1191 321 1236 tuum,
363 1199 452 1228 non
488 1186 710 1236 fregerunt
746 1185 837 1236 ejus
874 1197 1011 1234 crura,

181 1242 261 1285 sed
279 1256 392 1284 unus
412 1242 598 1284 militum
614 1241 767 1283 lancea
786 1241 900 1282 latus
921 1241 1011 1292 ejus

181 1299 368 1352 aperuit,
388 1304 432 1341 et
451 1301 659 1341 continuo
681 1297 815 1339 exivit
835 1297 1011 1347 sanguis

182 1360 225 1397 et
244 1368 369 1407 aqua·
451 1404 650 1446 Psalmus
669 1405 733 1444 93.

182 1495 187 1501 ·
269 1480 345 1509 eus
363 1467 579 1510 ultionum
598 1466 828 1508 Dominus:
847 1466 870 1491 *
890 1465 1010 1506 Deus

291 1524 506 1566 ultionum
523 1523 660 1566 libere
679 1522 777 1574 egit.

233 1580 438 1622 Exaltare
472 1581 547 1634 qui
578 1579 745 1632 judicas
778 1583 956 1620 terram:
987 1577 1011 1601 *

181 1636 318 1679 redde
340 1636 672 1679 retributionem
695 1633 907 1687 superbis.

232 1693 475 1746 Usquequo
495 1693 753 1746 peccatores
773 1690 972 1738 Domine,
987 1690 1011 1715 *

181 1753 413 1803 usquequo
462 1750 719 1802 peccatores
765 1745 1010 1798 gloriabun-

182 1811 268 1848 tur:

233 1862 510 1912 Effabuntur‚
535 1866 578 1904 et
602 1861 837 1913 loquentur
859 1859 1011 1910 iniqui-

181 1921 332 1961 tatem:
346 1919 370 1946 *
384 1919 621 1972 loquentur
640 1929 803 1975 omnes,
824 1916 899 1969 qui
918 1928 1013 1967 ope-

182 1978 334 2019 rantur
354 1973 629 2027 injustitiam?

235 2031 455 2085 Populum
473 2036 596 2072 tuum
610 2029 800 2071 Domine
817 2027 1011 2069 humilia-

183 2090 353 2130 verunt:
371 2088 396 2114 *
415 2092 459 2129 et
481 2085 784 2128 haereditatem
801 2089 922 2126 tuam
941 2096 1011 2125 ve·

183 2146 407 2186 xaverunt.

235 2199 443 2250 Viduam,
472 2203 516 2241 et
544 2197 758 2240 advenam
783 2196 1011 2238 interfece-

184 2262 299 2299 runt:
318 2257 342 2282 *
362 2261 406 2298 et
422 2254 616 2321 pupillos
637 2253 902 2296 occiderunt.

235 2314 293 2355 Et
317 2312 536 2354 dixerunt:
558 2311 661 2352 Non
679 2309 847 2351 videbit
863 2308 1011 2349 Domi-

183 2383 276 2420 nus,
293 2370 316 2395 *
335 2382 415 2411 nec
434 2367 648 2418 intelliget
666 2367 788 2408 Deus
806 2364 954 2406 Jacob.

235 2425 470 2477 Intelligite
490 2424 745 2477 insipientes
766 2423 810 2463 in
829 2420 1012 2475 populo:

185 2483 208 2509 *
229 2488 272 2524 et
291 2482 412 2524 stulti
429 2478 664 2533 aliquando
686 2479 838 2532 sapite.

237 2539 322 2589 Qui
335 2537 553 2591 plantavit
568 2548 728 2586 aurem,
744 2547 832 2576 non
843 2532 1012 2575 audiet?

185 2595 302 2692 Haut
322 2594 396 2647 qui
414 2594 540 2635 finxit
561 2592 745 2642 oculum,
764 2603 853 2632 non
874 2590 1012 2631 consi-

219 2650 334 2692 erat?

239 2707 323 2756 Qui
341 2706 523 2759 corripit
539 2705 715 2753 Gentes,
734 2715 823 2744 non
844 2704 1013 2752 arguet:

185 2764 209 2789 *
230 2762 304 2815 qui
324 2762 455 2804 docet
473 2761 695 2803 hominem
715 2757 960 2801 scientiam?

1109 335 1325 377 Dominus
1345 337 1428 378 scit
1445 336 1733 387 cogitationes
1751 334 1887 375 homi-

1058 405 1172 442 num,
1194 392 1217 417 *
1239 393 1445 444 quoniam
1465 406 1589 434 vanae
1608 396 1718 433 sunt.

1110 453 1276 494 Beatus
1298 452 1440 502 homo,
1461 466 1591 505 quem
1609 458 1658 494 tu
1675 451 1887 494 erudieris

1058 509 1261 550 Domine:
1281 511 1304 537 *
1325 514 1368 551 et
1393 508 1448 551 de
1471 509 1566 560 lege
1590 514 1666 551 tua
1685 508 1887 550 docueris

1061 579 1170 615 eum,

1110 627 1169 668 Ut
1197 626 1369 676 mitiges
1398 627 1437 668 ei
1467 640 1492 668 a
1520 625 1674 668 diebus
1702 625 1844 666 malis:
1864 626 1887 653 *

1060 682 1202 725 donec
1221 682 1414 724 fodiatur
1432 683 1657 736 peccatori
1676 682 1814 725 fovea.

1113 740 1224 790 Quia
1244 752 1330 780 non
1357 739 1541 792 repellet
1560 739 1773 780 Dominus
1798 738 1886 791 ple-

1060 796 1160 837 bem
1180 809 1318 837 suam:
1337 798 1360 823 *
1381 801 1424 837 et
1442 795 1745 837 haereditatem
1765 808 1888 836 suam

1061 865 1149 893 non
1169 852 1452 905 derelinquet.

1114 913 1412 965 Quoadusque
1428 913 1589 965 justitia
1609 914 1890 953 convertatur

1061 971 1103 1011 in
1137 969 1358 1021 judicium:
1386 972 1409 997 *
1438 975 1482 1011 et
1517 970 1590 1021 qui
1621 970 1739 1020 juxta
1771 968 1889 1008 illam

1062 1039 1213 1067 omnes
1235 1027 1307 1079 qui
1326 1032 1448 1067 recto
1469 1031 1570 1067 sunt
1589 1025 1734 1066 corde.

1116 1089 1223 1137 Quis
1265 1091 1500 1137 consurget
1536 1086 1641 1127 mihi
1679 1085 1889 1127 adversus

1062 1143 1371 1195 malignantes?
1391 1145 1414 1169 *
1436 1148 1510 1184 aut
1534 1143 1631 1195 quis
1651 1142 1785 1184 stabit
1803 1156 1889 1183 me-

1063 1215 1162 1243 cum
1192 1199 1403 1242 adversus
1429 1201 1664 1252 operantes
1688 1199 1888 1250 iniquita-

1062 1256 1174 1300 tem?

1113 1319 1209 1360 Nisi
1229 1319 1330 1370 quia
1347 1318 1561 1358 Dominus
1582 1315 1747 1368 adjuvit
1765 1329 1851 1357 me:
1866 1316 1889 1341 *

1062 1375 1195 1428 paulo
1222 1375 1363 1415 minus
1387 1373 1629 1415 habitasset
1655 1373 1699 1413 in
1723 1373 1889 1413 inferno

1063 1444 1206 1473 amma
1224 1444 1332 1472 mea.

1114 1493 1158 1534 Si
1179 1491 1394 1533 dicebam:
1414 1491 1561 1532 Motus
1578 1494 1645 1531 est
1659 1502 1738 1542 pes
1753 1502 1891 1530 meus:

1062 1551 1087 1576 ¹⁸¹
1114 1547 1415 1590 misericordia
1446 1552 1521 1588 tua
1553 1546 1741 1587 Domine
1775 1545 1890 1596 adiu-

1063 1605 1196 1647 vabat
1215 1618 1296 1646 me.

1115 1665 1363 1707 Secundum
1404 1662 1727 1705 multitudinem
1769 1662 1890 1703 dolo-

1064 1736 1160 1764 rum
1179 1723 1378 1763 meorum
1397 1721 1441 1761 in
1461 1720 1594 1762 corde
1614 1732 1729 1760 meo:
1749 1720 1771 1744 *
1791 1731 1891 1760 con—

1064 1779 1303 1820 solationes
1327 1785 1415 1819 tuae
1446 1776 1779 1818 laetificaverunt
1805 1775 1891 1816 ani-

1063 1848 1179 1876 mam
1197 1847 1352 1876 meam.

1115 1895 1341 1948 Numquid
1360 1894 1556 1936 adhaeret
1575 1893 1655 1935 tibi
1673 1891 1801 1934 sedes
1817 1892 1891 1933 ini-

1066 1952 1261 2005 quitatis:
1293 1952 1316 1978 *
1353 1951 1427 2003 qui
1460 1951 1587 2001 fingis
1619 1949 1814 1991 laborem
1847 1949 1890 1988 in

1063 2008 1310 2061 praecepto?

1116 2069 1367 2121 Captabunt
1390 2069 1433 2109 in
1459 2068 1645 2109 animam
1671 2066 1784 2117 justi:
1805 2066 1828 2093 *
1848 2069 1891 2106 et

1064 2126 1320 2176 sanguinem
1337 2125 1616 2166 innocentem
1632 2121 1890 2164 condemna—

1063 2181 1182 2223 bunt

1115 2243 1171 2283 Et
1203 2243 1345 2284 factus
1378 2246 1445 2283 est
1472 2240 1577 2282 mihi
1604 2239 1818 2280 Dominus
1847 2238 1891 2278 in

1064 2298 1292 2349 refugium:
1311 2299 1334 2324 *
1355 2303 1399 2339 et
1416 2298 1538 2338 Deus
1562 2308 1684 2337 meus
1707 2295 1750 2336 in
1775 2292 1890 2346 adju-

1064 2355 1225 2396 torium
1245 2355 1340 2407 spei
1358 2366 1478 2395 meae.

1115 2416 1172 2456 Et
1197 2413 1352 2456 reddet
1375 2414 1460 2455 illis
1478 2413 1754 2465 iniquitatem
1775 2412 1890 2464 ipso-

1065 2484 1176 2512 rum:
1196 2475 1240 2512 et
1257 2471 1302 2511 in
1320 2470 1483 2511 malitia
1499 2471 1651 2512 eorum
1666 2467 1892 2520 disperdet

1066 2540 1161 2569 eos:
1196 2528 1220 2553 *
1262 2525 1487 2578 disperdet
1529 2525 1630 2566 illos
1674 2524 1891 2566 Dominus

1065 2584 1187 2625 Deus
1206 2588 1365 2624 noster.

1120 2646 1219 2684 Ant.
1248 2644 1303 2684 Ut
1325 2641 1528 2684 viderunt
1551 2654 1649 2683 eum
1672 2642 1756 2693 jam
1779 2644 1890 2683 mor-

1065 2706 1205 2750 tuum,
1245 2712 1332 2741 non
1370 2699 1591 2749 fregerunt
1627 2699 1718 2750 ejus
1753 2710 1889 2746 crura,

1066 2756 1145 2799 sed
1163 2769 1273 2797 unus
1291 2755 1476 2797 militum
1494 2755 1647 2797 lancea
1667 2755 1781 2796 latus
1799 2754 1889 2805 ejus
