2066 2956
206 213 298 258 [214]

790 385 1346 435 ITINERARIUM.

263 512 435 547 Clericus
469 515 505 548 in
546 515 632 558 ipso
667 515 812 548 itineris
850 514 1036 555 ingressu,

210 559 241 591 si
273 562 379 594 solus
411 562 539 599 fucrit,
573 563 675 596 (licut
708 574 794 605 qua·
825 566 1038 605 sequuntur

212 607 246 639 in
273 608 474 650 singulm-i:
501 611 532 643 si
559 622 644 645 cum
668 611 800 647 sociis,
829 610 864 642 in
887 610 1037 652 plui-uli.

266 669 361 709 Ant.
382 669 432 709 In
452 669 567 710 viam
585 669 718 721 pacis.

381 750 604 791 Canticum
627 752 862 792 Zachariae.

512 820 627 855 Lucae
649 822 673 854 l.
698 832 730 864 g.

203 877 509 985 Benedictus
525 883 739 924 Duminus
754 882 875 924 Deus
886 882 1033 932 Israel,

302 941 325 965 *
345 939 447 992 quia
461 939 666 989 visitavit,
685 945 729 981 et
743 939 846 981 fecit
865 938 1032 981 redem-

202 996 398 1049 ptionem
417 995 560 1049 plebis
580 1009 685 1037 suae:

253 1053 310 1094 Et
338 1053 476 1094 erexit
504 1065 639 1094 cornu
668 1052 820 1095 salutis
848 1052 990 1093 nobis:
1010 1052 1032 1077 *

202 1110 244 1150 in
264 1109 397 1151 domo
418 1109 562 1151 David
581 1109 707 1162 pueri
726 1110 803 1151 sui.

254 1167 373 1208 Sicut
396 1166 570 1208 locutus
597 1172 663 1208 est
687 1179 766 1218 per
791 1179 841 1207 os
863 1167 1031 1207 sancto-

201 1237 312 1272 rum,
333 1225 355 1249 *
377 1224 450 1275 qui
470 1236 494 1264 a
515 1223 678 1264 saeculo
704 1228 819 1272 sunt,
843 1222 1031 1275 prophe·

200 1282 343 1321 tarum
363 1281 470 1332 ejus:

254 1337 447 1379 Salutem
471 1349 526 1378 ex
545 1336 729 1378 inimicis
748 1337 926 1385 nostris,
946 1338 968 1362 *
990 1341 1033 1378 et

201 1393 256 1435 de
276 1406 405 1434 manu
425 1393 627 1442 emnium,
646 1393 720 1444 qui
736 1391 923 1434 oderunt
936 1405 1032 1434 nos:

252 1449 324 1491 Ad
384 1448 628 1491 faciendam
684 1448 1031 1491 misericordiam

201 1520 300 1548 cum
328 1506 527 1559 patribus
554 1506 731 1547 nostris:
750 1506 773 1531 *
798 1511 842 1547 et
869 1518 1030 1548 memo-

200 1563 287 1604 ruri
306 1563 556 1605 testamenti
574 1563 640 1604 sui
660 1563 808 1604 sancti.

252 1621 275 1660 J
279 1618 576 1672 usjurandum,
619 1619 739 1672 quod
779 1620 935 1672 juravit
975 1620 1032 1662 ad

200 1676 425 1718 Abraham
443 1682 614 1729 patrem
633 1681 843 1727 nostrum,
863 1678 886 1703 *
907 1676 1029 1718 datu-

200 1746 296 1774 rum
316 1746 362 1775 se
381 1733 525 1775 nobis:

252 1790 310 1831 Ut
338 1789 430 1831 sine
454 1789 627 1839 timore,
657 1788 712 1831 de
740 1802 871 1830 manu
895 1789 1030 1830 inimi-

201 1848 351 1887 corum
367 1848 617 1888 nostrorum
632 1845 817 1896 liberati,
831 1846 855 1871 *
871 1846 1030 1887 servia-

201 1916 297 1943 mus
317 1902 388 1943 illi.

253 1960 303 2000 In
332 1958 577 2008 sanctitate,
616 1964 659 2000 et
692 1958 855 2011 justitia
883 1971 1030 2000 coram

201 2016 310 2068 ipso,
330 2016 352 2040 *
373 2015 574 2057 omnibus
595 2015 750 2056 diebus
768 2015 940 2056 nostris.

254 2073 311 2114 Et
338 2078 386 2114 tu
413 2085 538 2125 puer,
564 2071 790 2124 Propheta
817 2071 1030 2113 Altissimi

201 2128 445 2171 vocaberis:
464 2129 487 2154 *
506 2127 684 2181 praeibis
709 2129 823 2169 enim
848 2133 947 2170 ante
971 2129 1029 2170 fa-

201 2185 311 2227 ciem
331 2185 506 2227 Domini
525 2187 683 2238 parare
703 2185 796 2226 vias
816 2185 921 2235 ejus:

253 2241 324 2283 Ad
371 2241 560 2283 dandam
606 2241 831 2283 scientiam
878 2241 1029 2284 salutis

200 2297 319 2350 plebi
335 2299 441 2350 ejus:
458 2299 480 2323 '⁸‘
497 2298 540 2338 in
560 2298 860 2339 remissionem
875 2310 1028 2350 pecca-

200 2356 344 2395 torum
365 2357 531 2396 eurum:

252 2411 335 2452 Per
348 2413 516 2452 viscera
532 2410 846 2452 misericordiae
857 2410 940 2452 Dei
954 2424 1027 2452 no-

167 2520 170 2524 ·
202 2467 293 2507 stri:
305 2467 328 2491 *
340 2467 383 2507 in
399 2467 557 2519 quibus
572 2467 763 2509 visitavit
777 2479 869 2515 nos,
885 2467 1029 2508 oriens

202 2535 255 2563 ex
275 2522 378 2564 alto:
692 2555 694 2557 >

253 2579 500 2622 Illuminare
516 2581 593 2630 his,
613 2581 688 2632 qui
703 2580 745 2621 in
760 2579 963 2629 tenebris,
985 2586 1029 2622 et

201 2635 242 2675 in
266 2635 418 2677 umbra
442 2637 594 2679 mortis
618 2637 787 2679 sedent:
806 2638 829 2662 *
849 2635 905 2678 ad
930 2636 1027 2678 diri-

200 2690 368 2741 gendos
383 2692 520 2744 pedes
530 2700 706 2736 nostros
717 2694 759 2734 in
771 2693 885 2734 viam
895 2694 1028 2745 pacis.

254 2747 405 2789 Gloria
424 2749 553 2790 Patri.

1147 516 1244 555 Ant.
1271 514 1320 555 In
1349 514 1464 556 viam
1486 514 1608 566 pacis
1632 520 1676 556 et
1699 516 1917 568 prosperi-

1087 569 1190 610 tatis
1210 569 1369 621 dirigat
1387 583 1469 612 nos
1487 572 1765 623 omnipotens
1785 576 1829 613 et
1842 572 1918 612 mi-

1088 626 1275 668 sericors
1299 627 1529 668 Deminus:
1555 631 1598 668 et
1617 626 1813 678 Angelus
1832 629 1917 670 Ra-

1087 682 1217 734 phael
1246 684 1479 726 comitetur
1508 682 1739 725 nobiscum
1766 684 1810 725 in
1837 685 1918 734 via,

1087 746 1135 783 ut
1154 754 1253 783 cum
1271 753 1397 793 pace,
1423 740 1581 790 salute,
1609 744 1652 781 et
1674 739 1836 791 gaudio
1853 755 1917 784 re-

1087 800 1308 840 vertemur
1328 796 1384 839 ad
1403 798 1594 851 prepria.

1141 858 1276 911 Kytie
1306 859 1482 901 eleison.
1535 858 1712 901 Christe
1741 858 1917 901 eleison.

1091 914 1226 968 Kyrie
1249 915 1426 957 eleison.

1142 976 1269 1018 Pater
1288 981 1448 1018 noster.
1470 982 1650 1016 secreto.

1142 1032 1190 1079 Y.
1219 1037 1276 1078 Et
1306 1050 1361 1079 ne
1388 1050 1470 1079 nos
1498 1036 1680 1080 inducas
1707 1038 1752 1078 in
1780 1042 1917 1080 tenta-

1086 1095 1261 1136 tienem.

1142 1149 1190 1200 R:-
1215 1149 1302 1192 Sed
1326 1149 1465 1192 libera
1488 1163 1569 1193 nos
1589 1164 1615 1192 a
1634 1150 1761 1192 malo.

1140 1200 1188 1251 Y.
1215 1207 1371 1249 Salvos
1390 1207 1458 1248 fac
1477 1219 1630 1249 servos
1649 1212 1761 1249 tuos.

1138 1262 1188 1327 I}
1215 1264 1336 1305 Deus
1354 1275 1478 1305 meus
1498 1266 1727 1317 sperantes
1746 1265 1790 1305 in
1808 1269 1864 1306 te.

1139 1320 1188 1366 Y·
1208 1325 1334 1366 Mitte
1352 1324 1481 1367 nobis
1500 1325 1689 1367 Domine
1708 1325 1917 1367 auxilium

1086 1381 1142 1423 de
1161 1387 1325 1423 sancto.

1140 1437 1189 1488 R.
1217 1439 1272 1480 Et
1292 1437 1348 1480 de
1366 1437 1471 1479 Sion
1489 1440 1615 1480 tuere
1633 1450 1726 1480 nos.

1140 1492 1187 1544 V.
1206 1498 1315 1540 Esto
1335 1498 1464 1541 nobis
1478 1499 1667 1541 Domine
1683 1499 1816 1541 turris
1830 1499 1915 1542 for-

1085 1554 1295 1596 titudinis.

1141 1612 1187 1663 Rv.
1206 1612 1246 1652 A
1266 1611 1377 1653 facie
1396 1611 1569 1653 inimici.

1141 1668 1188 1718 V.
1218 1671 1338 1713 Nihil
1382 1672 1588 1724 proficiat
1631 1672 1830 1714 inimicus
1871 1673 1915 1714 in

1085 1728 1225 1770 nobis.

1140 1787 1188 1837 R».
1215 1786 1271 1827 Et
1299 1785 1415 1826 filius
1442 1785 1685 1837 iniquitatis
1719 1798 1807 1827 non
1841 1798 1914 1838 ap·

1084 1844 1221 1894 ponat
1239 1844 1399 1884 nocere
1418 1841 1557 1883 nobis.

1138 1894 1186 1945 V.
1205 1898 1471 1941 Benedictus
1485 1898 1702 1940 Deminus
1721 1896 1792 1940 die
1807 1910 1913 1950 quo-

1084 1955 1201 1997 tidie.

1140 2014 1188 2065 R„
1214 2012 1482 2065 Prosperum
1508 2011 1592 2053 iter
1623 2011 1754 2053 faciat
1786 2011 1914 2054 nobis

1084 2069 1206 2110 Deus
1226 2069 1483 2110 salutarium
1501 2069 1764 2110 nostrorum.

1137 2122 1186 2171 V.
1209 2125 1317 2167 Vias
1337 2130 1435 2167 tuas
1453 2124 1640 2166 Domine
1660 2123 1913 2167 demonstra

1083 2181 1221 2224 nobis.

1137 2239 1186 2290 R·-
1211 2239 1268 2281 Et
1288 2240 1465 2282 semitas
1484 2244 1582 2281 tuas
1602 2239 1740 2282 edoce
1760 2252 1852 2281 nos.

1136 2291 1186 2343 W.
1202 2295 1379 2338 Utinam
1393 2296 1635 2348 dirigantur
1644 2297 1727 2338 viae
1738 2301 1912 2337 nostrae.

1138 2353 1186 2404 K.
1212 2351 1285 2395 Ad
1309 2352 1622 2395 custodiendas
1647 2352 1911 2405 justificatio-

1083 2422 1160 2451 nes
1187 2415 1296 2451 tuas.

1138 2461 1185 2510 V.
1202 2466 1342 2508 Erunt
1361 2479 1498 2518 prava
1516 2466 1559 2506 in
1580 2465 1756 2508 directa.

1139 2522 1185 2572 R*-
1204 2523 1260 2564 Et
1279 2524 1436 2575 aspera
1456 2522 1499 2562 in
1518 2522 1612 2563 vias
1632 2521 1796 2574 planas.

1139 2572 1185 2623 Y'.
1211 2579 1391 2631 Angelis
1420 2579 1509 2620 suis
1537 2579 1658 2620 Deus
1687 2578 1911 2620 mandavit

1084 2636 1139 2678 de
1159 2643 1214 2678 te.

1138 2693 1186 2744 R1.
1203 2693 1260 2735 Ut
1289 2691 1537 2734 custodiant
1564 2696 1608 2733 te
1636 2691 1679 2731 in
1708 2691 1910 2734 Omnibus

1082 2750 1163 2790 viis
1182 2750 1279 2792 tuis.
