<?xml version="1.0" encoding="UTF-8"?>
<!DOCTYPE html PUBLIC "-//W3C//DTD XHTML 1.0 Transitional//EN"
    "http://www.w3.org/TR/xhtml1/DTD/xhtml1-transitional.dtd">
<html xmlns="http://www.w3.org/1999/xhtml" xml:lang="en" lang="en">
 <head>
  <title>
</title>
<meta http-equiv="Content-Type" content="text/html;charset=utf-8" />
  <meta name='ocr-system' content='tesseract 3.04.00' />
  <meta name='ocr-capabilities' content='ocr_page ocr_carea ocr_par ocr_line ocrx_word'/>
</head>
<body>
  <div class='ocr_page' id='page_1' title='image "./p2breviariumroma00cathuoft_0654.png"; bbox 0 0 2066 2904; ppageno 0'>
   <div class='ocr_carea' id='block_1_1' title="bbox 855 147 1310 181">
    <p class='ocr_par' dir='ltr' id='par_1_1' title="bbox 855 147 1310 181">
     <span class='ocr_line' id='line_1_1' title="bbox 855 147 1310 181; baseline 0.002 -3"><span class='ocrx_word' id='word_1_1' title='bbox 855 151 1064 181; x_wconf 63' lang='grc' dir='ltr'><strong>(ἶιιιηῑηιιηυ</strong></span> <span class='ocrx_word' id='word_1_2' title='bbox 1093 147 1310 180; x_wconf 66' lang='lat' dir='ltr'><strong>Doctorum.</strong></span> 
     </span>
    </p>
   </div>
   <div class='ocr_carea' id='block_1_2' title="bbox 220 258 1054 940">
    <p class='ocr_par' dir='ltr' id='par_1_2' title="bbox 515 258 767 298">
     <span class='ocr_line' id='line_1_2' title="bbox 515 258 767 298; baseline -0.008 -1"><span class='ocrx_word' id='word_1_3' title='bbox 515 259 661 298; x_wconf 72' lang='lat' dir='ltr'><strong>Lectio</strong></span> <span class='ocrx_word' id='word_1_4' title='bbox 686 258 767 297; x_wconf 77' lang='lat' dir='ltr'><strong>viii.</strong></span> 
     </span>
    </p>

    <p class='ocr_par' dir='ltr' id='par_1_3' title="bbox 307 331 1054 384">
     <span class='ocr_line' id='line_1_3' title="bbox 307 331 1054 384; baseline -0.004 -10"><span class='ocrx_word' id='word_1_5' title='bbox 307 346 385 384; x_wconf 83' lang='lat' dir='ltr'><strong>rgo</strong></span> <span class='ocrx_word' id='word_1_6' title='bbox 415 332 472 374; x_wconf 81' lang='lat' dir='ltr'><strong>ad</strong></span> <span class='ocrx_word' id='word_1_7' title='bbox 499 332 682 373; x_wconf 70' lang='lat' dir='ltr'><strong>nIhilum</strong></span> <span class='ocrx_word' id='word_1_8' title='bbox 711 331 828 373; x_wconf 86' lang='lat' dir='ltr'><strong>valet</strong></span> <span class='ocrx_word' id='word_1_9' title='bbox 858 331 923 373; x_wconf 77' lang='lat' dir='ltr'><strong>sal</strong></span> <span class='ocrx_word' id='word_1_10' title='bbox 950 331 1054 371; x_wconf 85' lang='lat' dir='ltr'><strong>infa-</strong></span> 
     </span>
    </p>

    <p class='ocr_par' dir='ltr' id='par_1_4' title="bbox 220 387 1054 940">
     <span class='ocr_line' id='line_1_4' title="bbox 325 387 1053 438; baseline -0.005 -7"><span class='ocrx_word' id='word_1_11' title='bbox 325 392 511 438; x_wconf 59' lang='lat' dir='ltr'><strong>tuatum,</strong></span> <span class='ocrx_word' id='word_1_12' title='bbox 540 389 623 430; x_wconf 91' lang='lat' dir='ltr'><strong>nisi</strong></span> <span class='ocrx_word' id='word_1_13' title='bbox 641 394 688 430; x_wconf 96' lang='lat' dir='ltr'><strong>ut</strong></span> <span class='ocrx_word' id='word_1_14' title='bbox 706 388 905 430; x_wconf 64' lang='lat' dir='ltr'><strong>mittatur</strong></span> <span class='ocrx_word' id='word_1_15' title='bbox 925 387 1053 437; x_wconf 80' lang='lat' dir='ltr'><strong>foras,</strong></span> 
     </span>
     <span class='ocr_line' id='line_1_5' title="bbox 222 444 1052 488; baseline -0.005 0"><span class='ocrx_word' id='word_1_16' title='bbox 222 451 266 488; x_wconf 88' lang='lat' dir='ltr'><strong>et</strong></span> <span class='ocrx_word' id='word_1_17' title='bbox 285 446 478 487; x_wconf 84' lang='lat' dir='ltr'><strong>calcetur</strong></span> <span class='ocrx_word' id='word_1_18' title='bbox 493 445 549 487; x_wconf 88' lang='lat' dir='ltr'><strong>ab</strong></span> <span class='ocrx_word' id='word_1_19' title='bbox 567 445 830 487; x_wconf 85' lang='lat' dir='ltr'><strong>hominibus.</strong></span> <span class='ocrx_word' id='word_1_20' title='bbox 858 444 961 486; x_wconf 92' lang='lat' dir='ltr'><strong>Non</strong></span> <span class='ocrx_word' id='word_1_21' title='bbox 976 446 1052 485; x_wconf 78' lang='lat' dir='ltr'><strong>ita-</strong></span> 
     </span>
     <span class='ocr_line' id='line_1_6' title="bbox 223 500 1053 556; baseline -0.005 -12"><span class='ocrx_word' id='word_1_22' title='bbox 223 515 307 556; x_wconf 93' lang='lat' dir='ltr'><strong>que</strong></span> <span class='ocrx_word' id='word_1_23' title='bbox 345 502 542 544; x_wconf 67' lang='lat' dir='ltr'><strong>calcatur</strong></span> <span class='ocrx_word' id='word_1_24' title='bbox 578 501 633 543; x_wconf 86' lang='lat' dir='ltr'><strong>ab</strong></span> <span class='ocrx_word' id='word_1_25' title='bbox 670 500 936 550; x_wconf 85' lang='lat' dir='ltr'><strong>hominibus,</strong></span> <span class='ocrx_word' id='word_1_26' title='bbox 980 500 1053 552; x_wconf 94' lang='lat' dir='ltr'><strong>qui</strong></span> 
     </span>
     <span class='ocr_line' id='line_1_7' title="bbox 220 556 1054 612; baseline -0.004 -12"><span class='ocrx_word' id='word_1_27' title='bbox 220 559 387 612; x_wconf 65' lang='lat' dir='ltr'><strong>patitur</strong></span> <span class='ocrx_word' id='word_1_28' title='bbox 427 558 800 611; x_wconf 86' lang='lat' dir='ltr'><strong>persecutionem:</strong></span> <span class='ocrx_word' id='word_1_29' title='bbox 855 556 935 598; x_wconf 89' lang='lat' dir='ltr'><strong>sed</strong></span> <span class='ocrx_word' id='word_1_30' title='bbox 980 556 1054 608; x_wconf 92' lang='lat' dir='ltr'><strong>qui</strong></span> 
     </span>
     <span class='ocr_line' id='line_1_8' title="bbox 221 613 1054 668; baseline -0.006 -11"><span class='ocrx_word' id='word_1_31' title='bbox 221 616 575 668; x_wconf 85' lang='lat' dir='ltr'><strong>persecutionem</strong></span> <span class='ocrx_word' id='word_1_32' title='bbox 589 613 785 656; x_wconf 81' lang='lat' dir='ltr'><strong>timendo</strong></span> <span class='ocrx_word' id='word_1_33' title='bbox 805 613 1054 654; x_wconf 63' lang='lat' dir='ltr'><strong>infatuatur.</strong></span> 
     </span>
     <span class='ocr_line' id='line_1_9' title="bbox 223 669 1053 723; baseline -0.006 -10"><span class='ocrx_word' id='word_1_34' title='bbox 223 671 393 713; x_wconf 63' lang='lat' dir='ltr'><strong>Calcari</strong></span> <span class='ocrx_word' id='word_1_35' title='bbox 430 671 546 713; x_wconf 91' lang='lat' dir='ltr'><strong>enim</strong></span> <span class='ocrx_word' id='word_1_36' title='bbox 578 684 666 712; x_wconf 93' lang='lat' dir='ltr'><strong>non</strong></span> <span class='ocrx_word' id='word_1_37' title='bbox 699 675 850 723; x_wconf 88' lang='lat' dir='ltr'><strong>potest</strong></span> <span class='ocrx_word' id='word_1_38' title='bbox 882 669 966 709; x_wconf 86' lang='lat' dir='ltr'><strong>nisi</strong></span> <span class='ocrx_word' id='word_1_39' title='bbox 993 669 1053 709; x_wconf 92' lang='lat' dir='ltr'><strong>in-</strong></span> 
     </span>
     <span class='ocr_line' id='line_1_10' title="bbox 222 725 1052 777; baseline -0.005 -8"><span class='ocrx_word' id='word_1_40' title='bbox 222 728 373 769; x_wconf 82' lang='lat' dir='ltr'><strong>fe&#39;rior:</strong></span> <span class='ocrx_word' id='word_1_41' title='bbox 414 727 495 769; x_wconf 88' lang='lat' dir='ltr'><strong>sed</strong></span> <span class='ocrx_word' id='word_1_42' title='bbox 526 727 705 768; x_wconf 84' lang='lat' dir='ltr'><strong>inferior</strong></span> <span class='ocrx_word' id='word_1_43' title='bbox 732 739 821 767; x_wconf 91' lang='lat' dir='ltr'><strong>non</strong></span> <span class='ocrx_word' id='word_1_44' title='bbox 850 730 936 774; x_wconf 86' lang='lat' dir='ltr'><strong>est,</strong></span> <span class='ocrx_word' id='word_1_45' title='bbox 979 725 1052 777; x_wconf 93' lang='lat' dir='ltr'><strong>qui</strong></span> 
     </span>
     <span class='ocr_line' id='line_1_11' title="bbox 222 782 1053 837; baseline -0.005 -11"><span class='ocrx_word' id='word_1_46' title='bbox 222 785 422 837; x_wconf 85' lang='lat' dir='ltr'><strong>quamvis</strong></span> <span class='ocrx_word' id='word_1_47' title='bbox 460 786 648 837; x_wconf 80' lang='lat' dir='ltr'><strong>corpore</strong></span> <span class='ocrx_word' id='word_1_48' title='bbox 685 783 822 824; x_wconf 81' lang='lat' dir='ltr'><strong>multa</strong></span> <span class='ocrx_word' id='word_1_49' title='bbox 859 782 902 823; x_wconf 89' lang='lat' dir='ltr'><strong>in</strong></span> <span class='ocrx_word' id='word_1_50' title='bbox 935 786 1053 823; x_wconf 81' lang='lat' dir='ltr'><strong>terra</strong></span> 
     </span>
     <span class='ocr_line' id='line_1_12' title="bbox 222 839 1052 891; baseline -0.005 -8"><span class='ocrx_word' id='word_1_51' title='bbox 222 844 455 891; x_wconf 83' lang='lat' dir='ltr'><strong>sustineat,</strong></span> <span class='ocrx_word' id='word_1_52' title='bbox 501 840 636 882; x_wconf 91' lang='lat' dir='ltr'><strong>eorde</strong></span> <span class='ocrx_word' id='word_1_53' title='bbox 672 845 821 882; x_wconf 85' lang='lat' dir='ltr'><strong>tamen</strong></span> <span class='ocrx_word' id='word_1_54' title='bbox 858 839 972 880; x_wconf 84' lang='lat' dir='ltr'><strong>fixus</strong></span> <span class='ocrx_word' id='word_1_55' title='bbox 1008 839 1052 879; x_wconf 91' lang='lat' dir='ltr'><strong>in</strong></span> 
     </span>
     <span class='ocr_line' id='line_1_13' title="bbox 222 899 444 940; baseline -0.009 0"><span class='ocrx_word' id='word_1_56' title='bbox 222 899 337 940; x_wconf 88' lang='lat' dir='ltr'><strong>coelo</strong></span> <span class='ocrx_word' id='word_1_57' title='bbox 367 903 444 940; x_wconf 89' lang='lat' dir='ltr'><strong>est.</strong></span> 
     </span>
    </p>
   </div>
   <div class='ocr_carea' id='block_1_3' title="bbox 220 965 1057 2524">
    <p class='ocr_par' dir='ltr' id='par_1_5' title="bbox 220 965 1053 1303">
     <span class='ocr_line' id='line_1_14' title="bbox 279 965 1053 1022; baseline -0.003 -13"><span class='ocrx_word' id='word_1_58' title='bbox 279 971 326 1022; x_wconf 66' lang='lat' dir='ltr'><strong>R.</strong></span> <span class='ocrx_word' id='word_1_59' title='bbox 360 968 411 1008; x_wconf 91' lang='lat' dir='ltr'><strong>In</strong></span> <span class='ocrx_word' id='word_1_60' title='bbox 447 966 594 1008; x_wconf 85' lang='lat' dir='ltr'><strong>medio</strong></span> <span class='ocrx_word' id='word_1_61' title='bbox 631 965 843 1007; x_wconf 72' lang='lat' dir='ltr'><strong>Ecclesiae</strong></span> <span class='ocrx_word' id='word_1_62' title='bbox 882 965 1053 1018; x_wconf 82' lang='lat' dir='ltr'><strong>aperuit</strong></span> 
     </span>
     <span class='ocr_line' id='line_1_15' title="bbox 223 1022 1052 1076; baseline -0.004 -11"><span class='ocrx_word' id='word_1_63' title='bbox 223 1037 272 1065; x_wconf 89' lang='lat' dir='ltr'><strong>os</strong></span> <span class='ocrx_word' id='word_1_64' title='bbox 301 1024 402 1076; x_wconf 80' lang='lat' dir='ltr'><strong>ejus,</strong></span> <span class='ocrx_word' id='word_1_65' title='bbox 432 1028 451 1049; x_wconf 85' lang='lat'>*</span> <span class='ocrx_word' id='word_1_66' title='bbox 479 1024 535 1065; x_wconf 92' lang='lat' dir='ltr'><strong>Et</strong></span> <span class='ocrx_word' id='word_1_67' title='bbox 562 1023 759 1075; x_wconf 83' lang='lat' dir='ltr'><strong>implevit</strong></span> <span class='ocrx_word' id='word_1_68' title='bbox 786 1035 885 1063; x_wconf 93' lang='lat' dir='ltr'><strong>eum</strong></span> <span class='ocrx_word' id='word_1_69' title='bbox 903 1022 1052 1062; x_wconf 71' lang='lat' dir='ltr'><strong>Domi-</strong></span> 
     </span>
     <span class='ocr_line' id='line_1_16' title="bbox 221 1078 1052 1133; baseline -0.005 -11"><span class='ocrx_word' id='word_1_70' title='bbox 221 1093 302 1122; x_wconf 93' lang='lat' dir='ltr'><strong>nus</strong></span> <span class='ocrx_word' id='word_1_71' title='bbox 345 1080 501 1133; x_wconf 84' lang='lat' dir='ltr'><strong>spiritu</strong></span> <span class='ocrx_word' id='word_1_72' title='bbox 542 1079 769 1132; x_wconf 74' lang='lat' dir='ltr'><strong>sapientiae</strong></span> <span class='ocrx_word' id='word_1_73' title='bbox 808 1084 851 1120; x_wconf 90' lang='lat' dir='ltr'><strong>et</strong></span> <span class='ocrx_word' id='word_1_74' title='bbox 888 1078 1052 1119; x_wconf 84' lang='lat' dir='ltr'><strong>intelle-</strong></span> 
     </span>
     <span class='ocr_line' id='line_1_17' title="bbox 222 1134 1052 1184; baseline -0.004 -6"><span class='ocrx_word' id='word_1_75' title='bbox 222 1142 331 1178; x_wconf 89' lang='lat' dir='ltr'><strong>ctus.</strong></span> <span class='ocrx_word' id='word_1_76' title='bbox 371 1134 415 1184; x_wconf 61' lang='lat' dir='ltr'><strong>Y.</strong></span> <span class='ocrx_word' id='word_1_77' title='bbox 445 1136 773 1178; x_wconf 68' lang='lat' dir='ltr'><strong>Jucundjtatem</strong></span> <span class='ocrx_word' id='word_1_78' title='bbox 798 1139 841 1176; x_wconf 92' lang='lat' dir='ltr'><strong>et</strong></span> <span class='ocrx_word' id='word_1_79' title='bbox 866 1135 1052 1176; x_wconf 82' lang='lat' dir='ltr'><strong>exsulta-</strong></span> 
     </span>
     <span class='ocr_line' id='line_1_18' title="bbox 220 1193 1053 1244; baseline -0.002 -10"><span class='ocrx_word' id='word_1_80' title='bbox 220 1194 385 1235; x_wconf 78' lang='lat' dir='ltr'><strong>ti6nem</strong></span> <span class='ocrx_word' id='word_1_81' title='bbox 421 1193 735 1234; x_wconf 62' lang='lat' dir='ltr'><strong>thesaurizavit</strong></span> <span class='ocrx_word' id='word_1_82' title='bbox 773 1204 906 1244; x_wconf 89' lang='lat' dir='ltr'><strong>super</strong></span> <span class='ocrx_word' id='word_1_83' title='bbox 943 1204 1053 1233; x_wconf 90' lang='lat' dir='ltr'><strong>eum.</strong></span> 
     </span>
     <span class='ocr_line' id='line_1_19' title="bbox 221 1249 960 1303; baseline -0.004 -12"><span class='ocrx_word' id='word_1_84' title='bbox 221 1251 278 1291; x_wconf 89' lang='lat' dir='ltr'><strong>Et</strong></span> <span class='ocrx_word' id='word_1_85' title='bbox 301 1249 508 1303; x_wconf 83' lang='lat' dir='ltr'><strong>implevit.</strong></span> <span class='ocrx_word' id='word_1_86' title='bbox 550 1249 699 1290; x_wconf 70' lang='lat' dir='ltr'><strong>Gloria</strong></span> <span class='ocrx_word' id='word_1_87' title='bbox 723 1249 854 1290; x_wconf 83' lang='lat' dir='ltr'><strong>Patri.</strong></span> <span class='ocrx_word' id='word_1_88' title='bbox 893 1249 960 1290; x_wconf 89' lang='lat' dir='ltr'><strong>Et.</strong></span> 
     </span>
    </p>

    <p class='ocr_par' dir='ltr' id='par_1_6' title="bbox 527 1327 751 1367">
     <span class='ocr_line' id='line_1_20' title="bbox 527 1327 751 1367; baseline -0.009 0"><span class='ocrx_word' id='word_1_89' title='bbox 527 1327 679 1367; x_wconf 83' lang='lat' dir='ltr'><strong>Lectio</strong></span> <span class='ocrx_word' id='word_1_90' title='bbox 700 1327 751 1366; x_wconf 81' lang='lat' dir='ltr'><strong>ix.</strong></span> 
     </span>
    </p>

    <p class='ocr_par' dir='ltr' id='par_1_7' title="bbox 313 1396 1053 1447">
     <span class='ocr_line' id='line_1_21' title="bbox 313 1396 1053 1447; baseline -0.001 -8"><span class='ocrx_word' id='word_1_91' title='bbox 313 1412 363 1439; x_wconf 92' lang='lat' dir='ltr'><strong>os</strong></span> <span class='ocrx_word' id='word_1_92' title='bbox 383 1399 488 1439; x_wconf 87' lang='lat' dir='ltr'><strong>estis</strong></span> <span class='ocrx_word' id='word_1_93' title='bbox 510 1398 656 1438; x_wconf 90' lang='lat' dir='ltr'><strong>lumen</strong></span> <span class='ocrx_word' id='word_1_94' title='bbox 672 1396 834 1438; x_wconf 88' lang='lat' dir='ltr'><strong>mundi.</strong></span> <span class='ocrx_word' id='word_1_95' title='bbox 863 1398 1053 1447; x_wconf 79' lang='lat' dir='ltr'><strong>Quomo-</strong></span> 
     </span>
    </p>

    <p class='ocr_par' dir='ltr' id='par_1_8' title="bbox 220 1452 1057 2466">
     <span class='ocr_line' id='line_1_22' title="bbox 320 1452 1054 1506; baseline -0.004 -10"><span class='ocrx_word' id='word_1_96' title='bbox 320 1454 378 1496; x_wconf 95' lang='lat' dir='ltr'><strong>do</strong></span> <span class='ocrx_word' id='word_1_97' title='bbox 399 1454 508 1496; x_wconf 82' lang='lat' dir='ltr'>dixit</span> <span class='ocrx_word' id='word_1_98' title='bbox 525 1454 726 1506; x_wconf 83' lang='lat' dir='ltr'><strong>superius</strong></span> <span class='ocrx_word' id='word_1_99' title='bbox 745 1452 810 1494; x_wconf 84' lang='lat' dir='ltr'><strong>sal</strong></span> <span class='ocrx_word' id='word_1_100' title='bbox 826 1457 969 1503; x_wconf 74' lang='lat' dir='ltr'><strong>terrae,</strong></span> <span class='ocrx_word' id='word_1_101' title='bbox 991 1453 1054 1494; x_wconf 89' lang='lat' dir='ltr'><strong>sic</strong></span> 
     </span>
     <span class='ocr_line' id='line_1_23' title="bbox 221 1509 1054 1553; baseline -0.004 0"><span class='ocrx_word' id='word_1_102' title='bbox 221 1524 335 1553; x_wconf 88' lang='lat' dir='ltr'><strong>nunc</strong></span> <span class='ocrx_word' id='word_1_103' title='bbox 356 1511 462 1552; x_wconf 90' lang='lat' dir='ltr'><strong>dicit</strong></span> <span class='ocrx_word' id='word_1_104' title='bbox 480 1511 627 1552; x_wconf 92' lang='lat' dir='ltr'><strong>lumen</strong></span> <span class='ocrx_word' id='word_1_105' title='bbox 649 1509 811 1551; x_wconf 91' lang='lat' dir='ltr'><strong>mundi.</strong></span> <span class='ocrx_word' id='word_1_106' title='bbox 847 1509 962 1551; x_wconf 84' lang='lat' dir='ltr'><strong>Nam</strong></span> <span class='ocrx_word' id='word_1_107' title='bbox 982 1522 1054 1551; x_wconf 92' lang='lat' dir='ltr'><strong>ne-</strong></span> 
     </span>
     <span class='ocr_line' id='line_1_24' title="bbox 223 1565 1055 1621; baseline -0.004 -12"><span class='ocrx_word' id='word_1_108' title='bbox 223 1581 308 1621; x_wconf 92' lang='lat' dir='ltr'><strong>que</strong></span> <span class='ocrx_word' id='word_1_109' title='bbox 327 1568 528 1619; x_wconf 87' lang='lat' dir='ltr'><strong>superius</strong></span> <span class='ocrx_word' id='word_1_110' title='bbox 552 1567 636 1608; x_wconf 83' lang='lat' dir='ltr'><strong>ista</strong></span> <span class='ocrx_word' id='word_1_111' title='bbox 660 1571 779 1608; x_wconf 86' lang='lat' dir='ltr'><strong>terra</strong></span> <span class='ocrx_word' id='word_1_112' title='bbox 798 1565 1055 1619; x_wconf 81' lang='lat' dir='ltr'><strong>accipienda</strong></span> 
     </span>
     <span class='ocr_line' id='line_1_25' title="bbox 222 1622 1054 1676; baseline -0.004 -10"><span class='ocrx_word' id='word_1_113' title='bbox 222 1630 300 1674; x_wconf 84' lang='lat' dir='ltr'><strong>est,</strong></span> <span class='ocrx_word' id='word_1_114' title='bbox 320 1637 451 1676; x_wconf 87' lang='lat' dir='ltr'><strong>quam</strong></span> <span class='ocrx_word' id='word_1_115' title='bbox 470 1623 658 1676; x_wconf 86' lang='lat' dir='ltr'><strong>pedibus</strong></span> <span class='ocrx_word' id='word_1_116' title='bbox 674 1623 902 1675; x_wconf 82' lang='lat' dir='ltr'><strong>corporeis</strong></span> <span class='ocrx_word' id='word_1_117' title='bbox 918 1622 1054 1664; x_wconf 67' lang='lat' dir='ltr'><strong>calcei-</strong></span> 
     </span>
     <span class='ocr_line' id='line_1_26' title="bbox 220 1678 1055 1732; baseline -0.004 -10"><span class='ocrx_word' id='word_1_118' title='bbox 220 1694 334 1722; x_wconf 89' lang='lat' dir='ltr'><strong>mus:</strong></span> <span class='ocrx_word' id='word_1_119' title='bbox 361 1680 440 1722; x_wconf 90' lang='lat' dir='ltr'><strong>sed</strong></span> <span class='ocrx_word' id='word_1_120' title='bbox 464 1680 664 1721; x_wconf 80' lang='lat' dir='ltr'><strong>homines</strong></span> <span class='ocrx_word' id='word_1_121' title='bbox 689 1680 763 1732; x_wconf 92' lang='lat' dir='ltr'><strong>qui</strong></span> <span class='ocrx_word' id='word_1_122' title='bbox 781 1679 826 1720; x_wconf 90' lang='lat' dir='ltr'><strong>in</strong></span> <span class='ocrx_word' id='word_1_123' title='bbox 845 1683 964 1721; x_wconf 85' lang='lat' dir='ltr'><strong>terra</strong></span> <span class='ocrx_word' id='word_1_124' title='bbox 982 1678 1055 1719; x_wconf 61' lang='lat' dir='ltr'><strong>hai-</strong></span> 
     </span>
     <span class='ocr_line' id='line_1_27' title="bbox 221 1737 1055 1789; baseline -0.002 -11"><span class='ocrx_word' id='word_1_125' title='bbox 221 1737 378 1787; x_wconf 83' lang='lat' dir='ltr'><strong>bitant,</strong></span> <span class='ocrx_word' id='word_1_126' title='bbox 405 1737 475 1779; x_wconf 86' lang='lat' dir='ltr'><strong>vel</strong></span> <span class='ocrx_word' id='word_1_127' title='bbox 495 1737 627 1778; x_wconf 85' lang='lat' dir='ltr'><strong>etiam</strong></span> <span class='ocrx_word' id='word_1_128' title='bbox 644 1738 923 1789; x_wconf 80' lang='lat' dir='ltr'><strong>peccatoreS,</strong></span> <span class='ocrx_word' id='word_1_129' title='bbox 950 1747 1055 1788; x_wconf 91' lang='lat' dir='ltr'><strong>quo-</strong></span> 
     </span>
     <span class='ocr_line' id='line_1_28' title="bbox 223 1791 1057 1843; baseline -0.002 -9"><span class='ocrx_word' id='word_1_130' title='bbox 223 1807 320 1834; x_wconf 88' lang='lat' dir='ltr'><strong>rum</strong></span> <span class='ocrx_word' id='word_1_131' title='bbox 352 1792 610 1835; x_wconf 82' lang='lat' dir='ltr'><strong>condiendis</strong></span> <span class='ocrx_word' id='word_1_132' title='bbox 645 1798 689 1834; x_wconf 90' lang='lat' dir='ltr'><strong>et</strong></span> <span class='ocrx_word' id='word_1_133' title='bbox 726 1791 1057 1843; x_wconf 81' lang='lat' dir='ltr'><strong>exstinguendis</strong></span> 
     </span>
     <span class='ocr_line' id='line_1_29' title="bbox 223 1848 1056 1903; baseline -0.002 -12"><span class='ocrx_word' id='word_1_134' title='bbox 223 1849 455 1903; x_wconf 81' lang='lat' dir='ltr'><strong>putoribus</strong></span> <span class='ocrx_word' id='word_1_135' title='bbox 485 1849 780 1902; x_wconf 84' lang='lat' dir='ltr'><strong>apostolicum</strong></span> <span class='ocrx_word' id='word_1_136' title='bbox 805 1848 942 1890; x_wconf 87' lang='lat' dir='ltr'><strong>salem</strong></span> <span class='ocrx_word' id='word_1_137' title='bbox 968 1849 1056 1889; x_wconf 84' lang='lat' dir='ltr'><strong>Do-</strong></span> 
     </span>
     <span class='ocr_line' id='line_1_30' title="bbox 223 1905 1055 1948; baseline -0.002 0"><span class='ocrx_word' id='word_1_138' title='bbox 223 1907 366 1948; x_wconf 90' lang='lat' dir='ltr'><strong>minus</strong></span> <span class='ocrx_word' id='word_1_139' title='bbox 391 1906 519 1948; x_wconf 87' lang='lat' dir='ltr'><strong>misit.</strong></span> <span class='ocrx_word' id='word_1_140' title='bbox 553 1906 610 1947; x_wconf 87' lang='lat' dir='ltr'><strong>Et</strong></span> <span class='ocrx_word' id='word_1_141' title='bbox 634 1905 705 1947; x_wconf 87' lang='lat' dir='ltr'><strong>hie</strong></span> <span class='ocrx_word' id='word_1_142' title='bbox 729 1905 941 1947; x_wconf 90' lang='lat' dir='ltr'><strong>mundum</strong></span> <span class='ocrx_word' id='word_1_143' title='bbox 968 1918 1055 1946; x_wconf 94' lang='lat' dir='ltr'><strong>non</strong></span> 
     </span>
     <span class='ocr_line' id='line_1_31' title="bbox 223 1961 1056 2013; baseline -0.002 -9"><span class='ocrx_word' id='word_1_144' title='bbox 223 1963 386 2004; x_wconf 88' lang='lat' dir='ltr'><strong>eoelum</strong></span> <span class='ocrx_word' id='word_1_145' title='bbox 401 1967 445 2004; x_wconf 92' lang='lat' dir='ltr'><strong>et</strong></span> <span class='ocrx_word' id='word_1_146' title='bbox 462 1967 636 2011; x_wconf 87' lang='lat' dir='ltr'><strong>terram,</strong></span> <span class='ocrx_word' id='word_1_147' title='bbox 657 1961 736 2004; x_wconf 89' lang='lat' dir='ltr'><strong>sed</strong></span> <span class='ocrx_word' id='word_1_148' title='bbox 749 1961 962 2011; x_wconf 85' lang='lat' dir='ltr'><strong>homines,</strong></span> <span class='ocrx_word' id='word_1_149' title='bbox 983 1962 1056 2013; x_wconf 92' lang='lat' dir='ltr'><strong>qui</strong></span> 
     </span>
     <span class='ocr_line' id='line_1_32' title="bbox 223 2017 1056 2069; baseline -0.002 -9"><span class='ocrx_word' id='word_1_150' title='bbox 223 2024 324 2061; x_wconf 89' lang='lat' dir='ltr'><strong>sunt</strong></span> <span class='ocrx_word' id='word_1_151' title='bbox 349 2019 393 2060; x_wconf 90' lang='lat' dir='ltr'><strong>in</strong></span> <span class='ocrx_word' id='word_1_152' title='bbox 418 2018 599 2068; x_wconf 90' lang='lat' dir='ltr'><strong>mundo,</strong></span> <span class='ocrx_word' id='word_1_153' title='bbox 633 2018 703 2060; x_wconf 89' lang='lat' dir='ltr'><strong>vel</strong></span> <span class='ocrx_word' id='word_1_154' title='bbox 728 2017 912 2069; x_wconf 86' lang='lat' dir='ltr'><strong>diligunt</strong></span> <span class='ocrx_word' id='word_1_155' title='bbox 936 2031 1056 2058; x_wconf 89' lang='lat' dir='ltr'><strong>mun-</strong></span> 
     </span>
     <span class='ocr_line' id='line_1_33' title="bbox 225 2073 1056 2128; baseline -0.004 -11"><span class='ocrx_word' id='word_1_156' title='bbox 225 2075 344 2123; x_wconf 89' lang='lat' dir='ltr'><strong>dum,</strong></span> <span class='ocrx_word' id='word_1_157' title='bbox 369 2077 546 2128; x_wconf 81' lang='lat' dir='ltr'><strong>op6rtet</strong></span> <span class='ocrx_word' id='word_1_158' title='bbox 564 2074 760 2125; x_wconf 81' lang='lat' dir='ltr'><strong>intelligi,</strong></span> <span class='ocrx_word' id='word_1_159' title='bbox 786 2073 945 2126; x_wconf 90' lang='lat' dir='ltr'><strong>quibus</strong></span> <span class='ocrx_word' id='word_1_160' title='bbox 964 2073 1056 2115; x_wconf 91' lang='lat' dir='ltr'><strong>illu-</strong></span> 
     </span>
     <span class='ocr_line' id='line_1_34' title="bbox 222 2130 1055 2184; baseline -0.001 -12"><span class='ocrx_word' id='word_1_161' title='bbox 222 2131 439 2173; x_wconf 64' lang='lat' dir='ltr'><strong>minandis</strong></span> <span class='ocrx_word' id='word_1_162' title='bbox 455 2130 664 2184; x_wconf 83' lang='lat' dir='ltr'><strong>Apostoli</strong></span> <span class='ocrx_word' id='word_1_163' title='bbox 680 2131 802 2171; x_wconf 87' lang='lat' dir='ltr'><strong>missi</strong></span> <span class='ocrx_word' id='word_1_164' title='bbox 818 2135 930 2171; x_wconf 88' lang='lat' dir='ltr'><strong>sunt.</strong></span> <span class='ocrx_word' id='word_1_165' title='bbox 956 2130 1055 2171; x_wconf 92' lang='lat' dir='ltr'><strong>Non</strong></span> 
     </span>
     <span class='ocr_line' id='line_1_35' title="bbox 223 2186 1056 2240; baseline -0.004 -10"><span class='ocrx_word' id='word_1_166' title='bbox 223 2193 374 2240; x_wconf 86' lang='lat' dir='ltr'><strong>potest</strong></span> <span class='ocrx_word' id='word_1_167' title='bbox 389 2188 542 2230; x_wconf 86' lang='lat' dir='ltr'><strong>civitas</strong></span> <span class='ocrx_word' id='word_1_168' title='bbox 558 2186 771 2229; x_wconf 82' lang='lat' dir='ltr'><strong>abscondi</strong></span> <span class='ocrx_word' id='word_1_169' title='bbox 788 2200 920 2239; x_wconf 90' lang='lat' dir='ltr'><strong>super</strong></span> <span class='ocrx_word' id='word_1_170' title='bbox 936 2200 1056 2228; x_wconf 91' lang='lat' dir='ltr'><strong>mon-</strong></span> 
     </span>
     <span class='ocr_line' id='line_1_36' title="bbox 223 2243 1057 2297; baseline -0.002 -11"><span class='ocrx_word' id='word_1_171' title='bbox 223 2250 312 2286; x_wconf 87' lang='lat' dir='ltr'><strong>tem</strong></span> <span class='ocrx_word' id='word_1_172' title='bbox 341 2244 502 2297; x_wconf 81' lang='lat' dir='ltr'><strong>posita:</strong></span> <span class='ocrx_word' id='word_1_173' title='bbox 533 2243 579 2285; x_wconf 89' lang='lat' dir='ltr'><strong>id</strong></span> <span class='ocrx_word' id='word_1_174' title='bbox 606 2248 689 2293; x_wconf 87' lang='lat' dir='ltr'><strong>est,</strong></span> <span class='ocrx_word' id='word_1_175' title='bbox 715 2243 897 2285; x_wconf 64' lang='lat' dir='ltr'><strong>fundata</strong></span> <span class='ocrx_word' id='word_1_176' title='bbox 924 2256 1057 2296; x_wconf 89' lang='lat' dir='ltr'><strong>super</strong></span> 
     </span>
     <span class='ocr_line' id='line_1_37' title="bbox 225 2300 1055 2353; baseline 0 -13"><span class='ocrx_word' id='word_1_177' title='bbox 225 2301 436 2352; x_wconf 82' lang='lat' dir='ltr'>insignem</span> <span class='ocrx_word' id='word_1_178' title='bbox 488 2302 781 2353; x_wconf 59' lang='lat' dir='ltr'><strong>magnamque</strong></span> <span class='ocrx_word' id='word_1_179' title='bbox 834 2300 1055 2352; x_wconf 70' lang='lat' dir='ltr'><strong>justitiam,</strong></span> 
     </span>
     <span class='ocr_line' id='line_1_38' title="bbox 227 2357 1056 2409; baseline 0.001 -12"><span class='ocrx_word' id='word_1_180' title='bbox 227 2370 355 2408; x_wconf 84' lang='lat' dir='ltr'><strong>quam</strong></span> <span class='ocrx_word' id='word_1_181' title='bbox 387 2358 603 2408; x_wconf 85' lang='lat' dir='ltr'><strong>significat</strong></span> <span class='ocrx_word' id='word_1_182' title='bbox 636 2357 768 2398; x_wconf 79' lang='lat' dir='ltr'><strong>etiam</strong></span> <span class='ocrx_word' id='word_1_183' title='bbox 794 2357 891 2409; x_wconf 88' lang='lat' dir='ltr'><strong>ipse</strong></span> <span class='ocrx_word' id='word_1_184' title='bbox 918 2370 1056 2407; x_wconf 81' lang='lat' dir='ltr'><strong>mons,</strong></span> 
     </span>
     <span class='ocr_line' id='line_1_39' title="bbox 227 2413 840 2466; baseline 0.002 -14"><span class='ocrx_word' id='word_1_185' title='bbox 227 2413 268 2453; x_wconf 92' lang='lat' dir='ltr'><strong>in</strong></span> <span class='ocrx_word' id='word_1_186' title='bbox 291 2427 377 2465; x_wconf 90' lang='lat' dir='ltr'><strong>quo</strong></span> <span class='ocrx_word' id='word_1_187' title='bbox 398 2413 594 2466; x_wconf 87' lang='lat' dir='ltr'><strong>disputat</strong></span> <span class='ocrx_word' id='word_1_188' title='bbox 612 2414 840 2454; x_wconf 79' lang='lat' dir='ltr'><strong>Dominus.</strong></span> 
     </span>
    </p>

    <p class='ocr_par' dir='ltr' id='par_1_9' title="bbox 285 2482 839 2524">
     <span class='ocr_line' id='line_1_40' title="bbox 285 2482 839 2524; baseline 0.002 -3"><span class='ocrx_word' id='word_1_189' title='bbox 285 2482 341 2523; x_wconf 76' lang='lat' dir='ltr'><strong>&#39;l&#39;e</strong></span> <span class='ocrx_word' id='word_1_190' title='bbox 359 2483 501 2524; x_wconf 91' lang='lat' dir='ltr'><strong>Deum</strong></span> <span class='ocrx_word' id='word_1_191' title='bbox 520 2482 761 2524; x_wconf 63' lang='lat' dir='ltr'><strong>laudamus.</strong></span> <span class='ocrx_word' id='word_1_192' title='bbox 780 2483 839 2523; x_wconf 86' lang='lat'><strong>15.</strong></span> 
     </span>
    </p>
   </div>
   <div class='ocr_carea' id='block_1_4' title="bbox 587 2598 765 2626">
    <p class='ocr_par' dir='ltr' id='par_1_10' title="bbox 587 2598 765 2626">
     <span class='ocr_line' id='line_1_41' title="bbox 587 2598 765 2626; baseline 0.006 -1"><span class='ocrx_word' id='word_1_193' title='bbox 587 2598 765 2626; x_wconf 27' lang='lat' dir='ltr'><strong>mm</strong></span> 
     </span>
    </p>
   </div>
   <div class='ocr_carea' id='block_1_5' title="bbox 1284 259 1767 302">
    <p class='ocr_par' dir='ltr' id='par_1_11' title="bbox 1284 259 1767 302">
     <span class='ocr_line' id='line_1_42' title="bbox 1284 259 1767 302; baseline 0 0"><span class='ocrx_word' id='word_1_194' title='bbox 1284 261 1347 302; x_wconf 93' lang='lat'><strong>11.</strong></span> <span class='ocrx_word' id='word_1_195' title='bbox 1388 260 1504 302; x_wconf 87' lang='lat' dir='ltr'><strong>Alia</strong></span> <span class='ocrx_word' id='word_1_196' title='bbox 1530 259 1767 302; x_wconf 86' lang='lat' dir='ltr'><strong>Homilia.</strong></span> 
     </span>
    </p>
   </div>
   <div class='ocr_carea' id='block_1_6' title="bbox 1112 326 1942 426">
    <p class='ocr_par' dir='ltr' id='par_1_12' title="bbox 1112 326 1942 426">
     <span class='ocr_line' id='line_1_43' title="bbox 1112 326 1942 379; baseline 0.001 -10"><span class='ocrx_word' id='word_1_197' title='bbox 1112 326 1260 369; x_wconf 70' lang='lat' dir='ltr'><strong>Lectio</strong></span> <span class='ocrx_word' id='word_1_198' title='bbox 1286 327 1426 369; x_wconf 84' lang='lat' dir='ltr'><strong>sancti</strong></span> <span class='ocrx_word' id='word_1_199' title='bbox 1446 328 1674 379; x_wconf 83' lang='lat' dir='ltr'><strong>Evangelii</strong></span> <span class='ocrx_word' id='word_1_200' title='bbox 1699 327 1942 370; x_wconf 82' lang='lat' dir='ltr'><strong>secundum</strong></span> 
     </span>
     <span class='ocr_line' id='line_1_44' title="bbox 1393 384 1663 426; baseline -0.004 0"><span class='ocrx_word' id='word_1_201' title='bbox 1393 384 1663 426; x_wconf 73' lang='lat' dir='ltr'><strong>Matthaeum.</strong></span> 
     </span>
    </p>
   </div>
   <div class='ocr_carea' id='block_1_7' title="bbox 1154 440 1838 495">
    <p class='ocr_par' dir='ltr' id='par_1_13' title="bbox 1154 440 1838 495">
     <span class='ocr_line' id='line_1_45' title="bbox 1154 440 1838 495; baseline -0.003 -11"><span class='ocrx_word' id='word_1_202' title='bbox 1154 440 1159 446; x_wconf 82' lang='grc'><strong>’</strong></span> <span class='ocrx_word' id='word_1_203' title='bbox 1217 446 1366 486; x_wconf 78' lang='lat' dir='ltr'>Lectio</span> <span class='ocrx_word' id='word_1_204' title='bbox 1390 446 1455 484; x_wconf 79' lang='lat' dir='ltr'><strong>vii.</strong></span> <span class='ocrx_word' id='word_1_205' title='bbox 1628 446 1730 495; x_wconf 79' lang='lat' dir='ltr'><strong>Cap.</strong></span> <span class='ocrx_word' id='word_1_206' title='bbox 1747 444 1783 482; x_wconf 81' lang='lat'><strong>5.</strong></span> <span class='ocrx_word' id='word_1_207' title='bbox 1801 442 1838 482; x_wconf 90' lang='lat' dir='ltr'><strong>b.</strong></span> 
     </span>
    </p>
   </div>
   <div class='ocr_carea' id='block_1_8' title="bbox 1107 502 1941 609">
    <p class='ocr_par' dir='ltr' id='par_1_14' title="bbox 1107 502 1941 609">
     <span class='ocr_line' id='line_1_46' title="bbox 1107 502 1941 609; baseline 0 -61"><span class='ocrx_word' id='word_1_208' title='bbox 1107 502 1183 609; x_wconf 87' lang='lat' dir='ltr'><strong>In</strong></span> <span class='ocrx_word' id='word_1_209' title='bbox 1202 507 1278 549; x_wconf 93' lang='lat' dir='ltr'><strong>illo</strong></span> <span class='ocrx_word' id='word_1_210' title='bbox 1298 509 1515 560; x_wconf 78' lang='lat' dir='ltr'><strong>tempore:</strong></span> <span class='ocrx_word' id='word_1_211' title='bbox 1534 506 1658 548; x_wconf 85' lang='lat' dir='ltr'><strong>Dixit</strong></span> <span class='ocrx_word' id='word_1_212' title='bbox 1670 507 1695 548; x_wconf 89' lang='lat' dir='ltr'><strong>J</strong></span> <span class='ocrx_word' id='word_1_213' title='bbox 1698 519 1799 548; x_wconf 87' lang='lat' dir='ltr'><strong>esus</strong></span> <span class='ocrx_word' id='word_1_214' title='bbox 1814 507 1941 549; x_wconf 87' lang='lat' dir='ltr'><strong>disci-</strong></span> 
     </span>
    </p>
   </div>
   <div class='ocr_carea' id='block_1_9' title="bbox 1107 563 1941 729">
    <p class='ocr_par' dir='ltr' id='par_1_15' title="bbox 1107 563 1941 729">
     <span class='ocr_line' id='line_1_47' title="bbox 1173 563 1941 618; baseline -0.003 -12"><span class='ocrx_word' id='word_1_215' title='bbox 1173 564 1290 618; x_wconf 86' lang='lat' dir='ltr'><strong>pulis</strong></span> <span class='ocrx_word' id='word_1_216' title='bbox 1316 564 1421 606; x_wconf 87' lang='lat' dir='ltr'><strong>suis:</strong></span> <span class='ocrx_word' id='word_1_217' title='bbox 1446 563 1543 605; x_wconf 90' lang='lat' dir='ltr'><strong>Vos</strong></span> <span class='ocrx_word' id='word_1_218' title='bbox 1572 563 1677 605; x_wconf 87' lang='lat' dir='ltr'><strong>estis</strong></span> <span class='ocrx_word' id='word_1_219' title='bbox 1706 563 1771 605; x_wconf 82' lang='lat' dir='ltr'><strong>sa]</strong></span> <span class='ocrx_word' id='word_1_220' title='bbox 1798 569 1941 606; x_wconf 88' lang='lat' dir='ltr'><strong>terrae.</strong></span> 
     </span>
     <span class='ocr_line' id='line_1_48' title="bbox 1108 619 1941 672; baseline 0 -10"><span class='ocrx_word' id='word_1_221' title='bbox 1108 620 1238 671; x_wconf 92' lang='lat' dir='ltr'><strong>Quod</strong></span> <span class='ocrx_word' id='word_1_222' title='bbox 1257 621 1294 662; x_wconf 86' lang='lat' dir='ltr'><strong>si</strong></span> <span class='ocrx_word' id='word_1_223' title='bbox 1313 620 1378 662; x_wconf 83' lang='lat' dir='ltr'><strong>sal</strong></span> <span class='ocrx_word' id='word_1_224' title='bbox 1394 619 1631 670; x_wconf 71' lang='lat' dir='ltr'><strong>evanuerit,</strong></span> <span class='ocrx_word' id='word_1_225' title='bbox 1649 619 1694 660; x_wconf 92' lang='lat' dir='ltr'><strong>in</strong></span> <span class='ocrx_word' id='word_1_226' title='bbox 1713 632 1801 672; x_wconf 93' lang='lat' dir='ltr'><strong>quo</strong></span> <span class='ocrx_word' id='word_1_227' title='bbox 1818 619 1941 662; x_wconf 76' lang='lat' dir='ltr'><strong>salie-</strong></span> 
     </span>
     <span class='ocr_line' id='line_1_49' title="bbox 1107 676 1484 729; baseline -0.003 -11"><span class='ocrx_word' id='word_1_228' title='bbox 1107 676 1199 719; x_wconf 87' lang='lat' dir='ltr'><strong>tur?</strong></span> <span class='ocrx_word' id='word_1_229' title='bbox 1228 677 1285 718; x_wconf 87' lang='lat' dir='ltr'><strong>Et</strong></span> <span class='ocrx_word' id='word_1_230' title='bbox 1304 677 1484 729; x_wconf 83' lang='lat' dir='ltr'><strong>reliqua.</strong></span> 
     </span>
    </p>
   </div>
   <div class='ocr_carea' id='block_1_10' title="bbox 1144 752 1908 851">
    <p class='ocr_par' dir='ltr' id='par_1_16' title="bbox 1144 752 1908 851">
     <span class='ocr_line' id='line_1_50' title="bbox 1144 752 1908 806; baseline 0.003 -14"><span class='ocrx_word' id='word_1_231' title='bbox 1144 754 1333 796; x_wconf 85' lang='lat' dir='ltr'><strong>Homilia</strong></span> <span class='ocrx_word' id='word_1_232' title='bbox 1352 753 1492 795; x_wconf 86' lang='lat' dir='ltr'><strong>sancti</strong></span> <span class='ocrx_word' id='word_1_233' title='bbox 1511 752 1669 794; x_wconf 67' lang='lat' dir='ltr'><strong>Hilarii</strong></span> <span class='ocrx_word' id='word_1_234' title='bbox 1687 752 1908 806; x_wconf 83' lang='lat' dir='ltr'><strong>Episcopi.</strong></span> 
     </span>
     <span class='ocr_line' id='line_1_51' title="bbox 1213 815 1844 851; baseline -0.006 0"><span class='ocrx_word' id='word_1_235' title='bbox 1213 818 1357 851; x_wconf 82' lang='lat' dir='ltr'><strong>Comm.</strong></span> <span class='ocrx_word' id='word_1_236' title='bbox 1386 818 1421 850; x_wconf 88' lang='lat' dir='ltr'><strong>in</strong></span> <span class='ocrx_word' id='word_1_237' title='bbox 1447 816 1682 850; x_wconf 60' lang='lat' dir='ltr'><strong>Matthaeum.</strong></span> <span class='ocrx_word' id='word_1_238' title='bbox 1709 825 1789 848; x_wconf 81' lang='lat' dir='ltr'><strong>can.</strong></span> <span class='ocrx_word' id='word_1_239' title='bbox 1815 815 1844 848; x_wconf 73' lang='lat'><strong>4.</strong></span> 
     </span>
    </p>
   </div>
   <div class='ocr_carea' id='block_1_11' title="bbox 1106 884 1945 2728">
    <p class='ocr_par' dir='ltr' id='par_1_17' title="bbox 1106 884 1945 2728">
     <span class='ocr_line' id='line_1_52' title="bbox 1152 884 1941 949; baseline 0.002 -24.91"><span class='ocrx_word' id='word_1_240' title='bbox 1152 897 1311 949; x_wconf 49' lang='lat' dir='ltr'><strong>&amp;JJ&#39;OS</strong></span> <span class='ocrx_word' id='word_1_241' title='bbox 1341 885 1446 926; x_wconf 90' lang='lat' dir='ltr'><strong>estis</strong></span> <span class='ocrx_word' id='word_1_242' title='bbox 1476 885 1541 926; x_wconf 85' lang='lat' dir='ltr'><strong>sal</strong></span> <span class='ocrx_word' id='word_1_243' title='bbox 1569 890 1715 926; x_wconf 90' lang='lat' dir='ltr'><strong>terrae:</strong></span> <span class='ocrx_word' id='word_1_244' title='bbox 1750 884 1871 938; x_wconf 91' lang='lat' dir='ltr'><strong>quod</strong></span> <span class='ocrx_word' id='word_1_245' title='bbox 1905 885 1941 926; x_wconf 90' lang='lat' dir='ltr'><strong>si</strong></span> 
     </span>
     <span class='ocr_line' id='line_1_53' title="bbox 1186 939 1941 992; baseline 0.002 -10.833"><span class='ocrx_word' id='word_1_246' title='bbox 1186 939 1208 992; x_wconf 60' lang='grc' dir='ltr'><strong>ζ’</strong></span> <span class='ocrx_word' id='word_1_247' title='bbox 1279 941 1344 982; x_wconf 88' lang='lat' dir='ltr'><strong>sal</strong></span> <span class='ocrx_word' id='word_1_248' title='bbox 1362 941 1625 983; x_wconf 61' lang='lat' dir='ltr'><strong>infatuatum</strong></span> <span class='ocrx_word' id='word_1_249' title='bbox 1643 941 1784 992; x_wconf 82' lang='lat' dir='ltr'><strong>fuerit,</strong></span> <span class='ocrx_word' id='word_1_250' title='bbox 1803 941 1861 983; x_wconf 85' lang='lat' dir='ltr'><strong>ad</strong></span> <span class='ocrx_word' id='word_1_251' title='bbox 1879 944 1941 983; x_wconf 82' lang='lat' dir='ltr'><strong>ni-</strong></span> 
     </span>
     <span class='ocr_line' id='line_1_54' title="bbox 1111 988 1940 1050; baseline 0.002 -12"><span class='ocrx_word' id='word_1_252' title='bbox 1111 988 1174 1033; x_wconf 55' lang='lat'><strong>351</strong></span> <span class='ocrx_word' id='word_1_253' title='bbox 1194 999 1257 1033; x_wconf 57' lang='grc' dir='ltr'><strong>ἐ-</strong></span> <span class='ocrx_word' id='word_1_254' title='bbox 1276 996 1414 1039; x_wconf 91' lang='lat' dir='ltr'><strong>hilum</strong></span> <span class='ocrx_word' id='word_1_255' title='bbox 1443 998 1560 1040; x_wconf 85' lang='lat' dir='ltr'><strong>valet</strong></span> <span class='ocrx_word' id='word_1_256' title='bbox 1592 997 1639 1040; x_wconf 90' lang='lat' dir='ltr'><strong>id</strong></span> <span class='ocrx_word' id='word_1_257' title='bbox 1667 997 1790 1050; x_wconf 91' lang='lat' dir='ltr'><strong>quod</strong></span> <span class='ocrx_word' id='word_1_258' title='bbox 1817 997 1940 1040; x_wconf 82' lang='lat' dir='ltr'><strong>salie-</strong></span> 
     </span>
     <span class='ocr_line' id='line_1_55' title="bbox 1106 1053 1941 1108; baseline 0.002 -14"><span class='ocrx_word' id='word_1_259' title='bbox 1106 1058 1188 1095; x_wconf 87' lang='lat' dir='ltr'><strong>tur.</strong></span> <span class='ocrx_word' id='word_1_260' title='bbox 1222 1053 1310 1104; x_wconf 81' lang='lat' dir='ltr'><strong>Sal,</strong></span> <span class='ocrx_word' id='word_1_261' title='bbox 1330 1060 1378 1096; x_wconf 94' lang='lat' dir='ltr'><strong>ut</strong></span> <span class='ocrx_word' id='word_1_262' title='bbox 1397 1055 1604 1104; x_wconf 65' lang='lat' dir='ltr'><strong>arbitror,</strong></span> <span class='ocrx_word' id='word_1_263' title='bbox 1623 1059 1755 1108; x_wconf 85' lang='lat' dir='ltr'><strong>terrae</strong></span> <span class='ocrx_word' id='word_1_264' title='bbox 1773 1054 1941 1096; x_wconf 86' lang='lat' dir='ltr'><strong>nullum</strong></span> 
     </span>
     <span class='ocr_line' id='line_1_56' title="bbox 1107 1111 1942 1164; baseline 0 -12"><span class='ocrx_word' id='word_1_265' title='bbox 1107 1115 1185 1152; x_wconf 88' lang='lat' dir='ltr'><strong>est.</strong></span> <span class='ocrx_word' id='word_1_266' title='bbox 1218 1111 1452 1162; x_wconf 81' lang='lat' dir='ltr'><strong>Quomodo</strong></span> <span class='ocrx_word' id='word_1_267' title='bbox 1480 1124 1585 1163; x_wconf 87' lang='lat' dir='ltr'><strong>ergo</strong></span> <span class='ocrx_word' id='word_1_268' title='bbox 1606 1111 1852 1164; x_wconf 80' lang='lat' dir='ltr'><strong>Ap6stolos</strong></span> <span class='ocrx_word' id='word_1_269' title='bbox 1877 1111 1942 1153; x_wconf 86' lang='lat' dir='ltr'><strong>sal</strong></span> 
     </span>
     <span class='ocr_line' id='line_1_57' title="bbox 1106 1167 1941 1221; baseline 0.002 -13"><span class='ocrx_word' id='word_1_270' title='bbox 1106 1172 1237 1209; x_wconf 87' lang='lat' dir='ltr'><strong>terrae</strong></span> <span class='ocrx_word' id='word_1_271' title='bbox 1256 1167 1550 1221; x_wconf 67' lang='lat' dir='ltr'><strong>nuncupavit?</strong></span> <span class='ocrx_word' id='word_1_272' title='bbox 1579 1167 1668 1210; x_wconf 89' lang='lat' dir='ltr'><strong>Sed</strong></span> <span class='ocrx_word' id='word_1_273' title='bbox 1689 1170 1941 1221; x_wconf 81' lang='lat' dir='ltr'><strong>proprietas</strong></span> 
     </span>
     <span class='ocr_line' id='line_1_58' title="bbox 1107 1224 1943 1278; baseline 0 -12"><span class='ocrx_word' id='word_1_274' title='bbox 1107 1229 1174 1266; x_wconf 88' lang='lat' dir='ltr'><strong>est</strong></span> <span class='ocrx_word' id='word_1_275' title='bbox 1203 1225 1443 1278; x_wconf 85' lang='lat' dir='ltr'><strong>quaerenda</strong></span> <span class='ocrx_word' id='word_1_276' title='bbox 1470 1224 1707 1275; x_wconf 77' lang='lat' dir='ltr'><strong>dictorum,</strong></span> <span class='ocrx_word' id='word_1_277' title='bbox 1737 1237 1869 1277; x_wconf 88' lang='lat' dir='ltr'><strong>quam</strong></span> <span class='ocrx_word' id='word_1_278' title='bbox 1898 1229 1943 1267; x_wconf 90' lang='lat' dir='ltr'><strong>et</strong></span> 
     </span>
     <span class='ocr_line' id='line_1_59' title="bbox 1107 1281 1941 1334; baseline 0.001 -12"><span class='ocrx_word' id='word_1_279' title='bbox 1107 1281 1431 1334; x_wconf 84' lang='lat' dir='ltr'><strong>Apostolorum</strong></span> <span class='ocrx_word' id='word_1_280' title='bbox 1468 1281 1678 1332; x_wconf 83' lang='lat' dir='ltr'><strong>officium,</strong></span> <span class='ocrx_word' id='word_1_281' title='bbox 1725 1286 1769 1323; x_wconf 90' lang='lat' dir='ltr'><strong>et</strong></span> <span class='ocrx_word' id='word_1_282' title='bbox 1802 1282 1941 1334; x_wconf 85' lang='lat' dir='ltr'><strong>ipsius</strong></span> 
     </span>
     <span class='ocr_line' id='line_1_60' title="bbox 1108 1338 1941 1380; baseline 0.001 -1"><span class='ocrx_word' id='word_1_283' title='bbox 1108 1338 1211 1379; x_wconf 85' lang='lat' dir='ltr'><strong>salis</strong></span> <span class='ocrx_word' id='word_1_284' title='bbox 1230 1342 1388 1380; x_wconf 82' lang='lat' dir='ltr'><strong>natura</strong></span> <span class='ocrx_word' id='word_1_285' title='bbox 1407 1338 1684 1380; x_wconf 65' lang='lat' dir='ltr'><strong>monstrabit.</strong></span> <span class='ocrx_word' id='word_1_286' title='bbox 1717 1338 1790 1380; x_wconf 80' lang='lat' dir='ltr'><strong>Sa]</strong></span> <span class='ocrx_word' id='word_1_287' title='bbox 1809 1343 1878 1380; x_wconf 90' lang='lat' dir='ltr'><strong>est</strong></span> <span class='ocrx_word' id='word_1_288' title='bbox 1896 1338 1941 1379; x_wconf 93' lang='lat' dir='ltr'><strong>in</strong></span> 
     </span>
     <span class='ocr_line' id='line_1_61' title="bbox 1107 1395 1942 1448; baseline 0.001 -12"><span class='ocrx_word' id='word_1_289' title='bbox 1107 1408 1155 1436; x_wconf 88' lang='lat' dir='ltr'><strong>se</strong></span> <span class='ocrx_word' id='word_1_290' title='bbox 1197 1408 1284 1437; x_wconf 93' lang='lat' dir='ltr'><strong>uno</strong></span> <span class='ocrx_word' id='word_1_291' title='bbox 1323 1396 1554 1438; x_wconf 80' lang='lat' dir='ltr'><strong>continens</strong></span> <span class='ocrx_word' id='word_1_292' title='bbox 1591 1408 1720 1448; x_wconf 88' lang='lat' dir='ltr'><strong>aquae</strong></span> <span class='ocrx_word' id='word_1_293' title='bbox 1754 1399 1799 1437; x_wconf 87' lang='lat' dir='ltr'><strong>et</strong></span> <span class='ocrx_word' id='word_1_294' title='bbox 1829 1395 1942 1448; x_wconf 88' lang='lat' dir='ltr'><strong>ignis</strong></span> 
     </span>
     <span class='ocr_line' id='line_1_62' title="bbox 1108 1451 1943 1503; baseline 0 -9"><span class='ocrx_word' id='word_1_295' title='bbox 1108 1452 1387 1503; x_wconf 86' lang='lat' dir='ltr'><strong>elementum,</strong></span> <span class='ocrx_word' id='word_1_296' title='bbox 1415 1458 1460 1495; x_wconf 94' lang='lat' dir='ltr'><strong>et</strong></span> <span class='ocrx_word' id='word_1_297' title='bbox 1487 1453 1573 1494; x_wconf 88' lang='lat' dir='ltr'><strong>hoc</strong></span> <span class='ocrx_word' id='word_1_298' title='bbox 1601 1466 1656 1495; x_wconf 87' lang='lat' dir='ltr'><strong>ex</strong></span> <span class='ocrx_word' id='word_1_299' title='bbox 1679 1451 1854 1494; x_wconf 82' lang='lat' dir='ltr'><strong>duobus</strong></span> <span class='ocrx_word' id='word_1_300' title='bbox 1874 1457 1943 1494; x_wconf 90' lang='lat' dir='ltr'><strong>est</strong></span> 
     </span>
     <span class='ocr_line' id='line_1_63' title="bbox 1107 1522 1253 1551; baseline -0.007 0"><span class='ocrx_word' id='word_1_301' title='bbox 1107 1522 1253 1551; x_wconf 90' lang='lat' dir='ltr'><strong>unum.</strong></span> 
     </span>
     <span class='ocr_line' id='line_1_64' title="bbox 1257 1568 1801 1611; baseline -0.004 -1"><span class='ocrx_word' id='word_1_302' title='bbox 1257 1572 1340 1611; x_wconf 86' lang='lat' dir='ltr'><strong>Pro</strong></span> <span class='ocrx_word' id='word_1_303' title='bbox 1362 1571 1558 1611; x_wconf 85' lang='lat' dir='ltr'><strong>Doctore</strong></span> <span class='ocrx_word' id='word_1_304' title='bbox 1578 1568 1801 1610; x_wconf 90' lang='lat' dir='ltr'><strong>Pontifice.</strong></span> 
     </span>
     <span class='ocr_line' id='line_1_65' title="bbox 1164 1631 1879 1685; baseline 0.003 -14"><span class='ocrx_word' id='word_1_305' title='bbox 1164 1633 1213 1684; x_wconf 72' lang='lat' dir='ltr'><strong>R».</strong></span> <span class='ocrx_word' id='word_1_306' title='bbox 1235 1632 1416 1674; x_wconf 66' lang='lat' dir='ltr'><strong>Amaivit</strong></span> <span class='ocrx_word' id='word_1_307' title='bbox 1437 1645 1538 1674; x_wconf 93' lang='lat' dir='ltr'><strong>eum</strong></span> <span class='ocrx_word' id='word_1_308' title='bbox 1554 1631 1783 1673; x_wconf 79' lang='lat' dir='ltr'><strong>Dominus.</strong></span> <span class='ocrx_word' id='word_1_309' title='bbox 1803 1631 1879 1685; x_wconf 85' lang='lat'>[81]</span> 
     </span>
     <span class='ocr_line' id='line_1_66' title="bbox 1202 1695 1857 1738; baseline -0.003 -2"><span class='ocrx_word' id='word_1_310' title='bbox 1202 1696 1287 1737; x_wconf 84' lang='lat' dir='ltr'><strong>Pro</strong></span> <span class='ocrx_word' id='word_1_311' title='bbox 1309 1697 1506 1738; x_wconf 85' lang='lat' dir='ltr'><strong>Doctore</strong></span> <span class='ocrx_word' id='word_1_312' title='bbox 1525 1708 1611 1736; x_wconf 92' lang='lat' dir='ltr'><strong>non</strong></span> <span class='ocrx_word' id='word_1_313' title='bbox 1633 1695 1857 1737; x_wconf 91' lang='lat' dir='ltr'><strong>Pontifice.</strong></span> 
     </span>
     <span class='ocr_line' id='line_1_67' title="bbox 1162 1757 1641 1810; baseline 0 -12"><span class='ocrx_word' id='word_1_314' title='bbox 1162 1760 1212 1799; x_wconf 86' lang='lat' dir='ltr'><strong>R·.</strong></span> <span class='ocrx_word' id='word_1_315' title='bbox 1238 1759 1329 1800; x_wconf 86' lang='lat' dir='ltr'><strong>Iste</strong></span> <span class='ocrx_word' id='word_1_316' title='bbox 1357 1762 1426 1800; x_wconf 90' lang='lat' dir='ltr'><strong>est</strong></span> <span class='ocrx_word' id='word_1_317' title='bbox 1453 1758 1539 1810; x_wconf 91' lang='lat' dir='ltr'><strong>qui.</strong></span> <span class='ocrx_word' id='word_1_318' title='bbox 1564 1757 1641 1810; x_wconf 86' lang='lat'>[81]</span> 
     </span>
     <span class='ocr_line' id='line_1_68' title="bbox 1404 1824 1657 1864; baseline -0.004 0"><span class='ocrx_word' id='word_1_319' title='bbox 1404 1824 1554 1864; x_wconf 86' lang='lat' dir='ltr'><strong>Lectio</strong></span> <span class='ocrx_word' id='word_1_320' title='bbox 1575 1824 1657 1864; x_wconf 85' lang='lat' dir='ltr'><strong>viii.</strong></span> 
     </span>
     <span class='ocr_line' id='line_1_69' title="bbox 1205 1883 1942 1934; baseline 0.003 -10"><span class='ocrx_word' id='word_1_321' title='bbox 1205 1883 1245 1925; x_wconf 90' lang='lat' dir='ltr'><strong>ic</strong></span> <span class='ocrx_word' id='word_1_322' title='bbox 1273 1883 1406 1934; x_wconf 85' lang='lat' dir='ltr'><strong>igitur</strong></span> <span class='ocrx_word' id='word_1_323' title='bbox 1436 1883 1481 1924; x_wconf 87' lang='lat' dir='ltr'><strong>in</strong></span> <span class='ocrx_word' id='word_1_324' title='bbox 1509 1896 1684 1925; x_wconf 90' lang='lat' dir='ltr'><strong>omnem</strong></span> <span class='ocrx_word' id='word_1_325' title='bbox 1710 1897 1840 1926; x_wconf 91' lang='lat' dir='ltr'><strong>usum</strong></span> <span class='ocrx_word' id='word_1_326' title='bbox 1866 1883 1942 1926; x_wconf 94' lang='lat' dir='ltr'><strong>hu-</strong></span> 
     </span>
     <span class='ocr_line' id='line_1_70' title="bbox 1213 1939 1943 1992; baseline 0.003 -11"><span class='ocrx_word' id='word_1_327' title='bbox 1213 1940 1331 1981; x_wconf 63' lang='lat' dir='ltr'><strong>mani</strong></span> <span class='ocrx_word' id='word_1_328' title='bbox 1358 1941 1531 1992; x_wconf 86' lang='lat' dir='ltr'><strong>generis</strong></span> <span class='ocrx_word' id='word_1_329' title='bbox 1562 1939 1766 1990; x_wconf 85' lang='lat' dir='ltr'><strong>effectus,</strong></span> <span class='ocrx_word' id='word_1_330' title='bbox 1801 1941 1943 1983; x_wconf 91' lang='lat' dir='ltr'><strong>incor-</strong></span> 
     </span>
     <span class='ocr_line' id='line_1_71' title="bbox 1109 1996 1944 2050; baseline 0.001 -12"><span class='ocrx_word' id='word_1_331' title='bbox 1109 1997 1359 2050; x_wconf 72' lang='lat' dir='ltr'><strong>ruptiOnem</strong></span> <span class='ocrx_word' id='word_1_332' title='bbox 1386 1997 1667 2050; x_wconf 70' lang='lat' dir='ltr'><strong>corporibus,</strong></span> <span class='ocrx_word' id='word_1_333' title='bbox 1696 1996 1855 2050; x_wconf 91' lang='lat' dir='ltr'><strong>quibus</strong></span> <span class='ocrx_word' id='word_1_334' title='bbox 1881 1997 1944 2039; x_wconf 80' lang='lat' dir='ltr'><strong>fu·</strong></span> 
     </span>
     <span class='ocr_line' id='line_1_72' title="bbox 1110 2053 1943 2106; baseline 0.002 -12"><span class='ocrx_word' id='word_1_335' title='bbox 1110 2053 1191 2094; x_wconf 91' lang='lat' dir='ltr'><strong>erit</strong></span> <span class='ocrx_word' id='word_1_336' title='bbox 1224 2055 1448 2106; x_wconf 81' lang='lat' dir='ltr'><strong>aspersus,</strong></span> <span class='ocrx_word' id='word_1_337' title='bbox 1487 2053 1698 2106; x_wconf 81' lang='lat' dir='ltr'><strong>impertit,</strong></span> <span class='ocrx_word' id='word_1_338' title='bbox 1734 2058 1778 2095; x_wconf 93' lang='lat' dir='ltr'><strong>et</strong></span> <span class='ocrx_word' id='word_1_339' title='bbox 1810 2053 1867 2096; x_wconf 87' lang='lat' dir='ltr'><strong>ad</strong></span> <span class='ocrx_word' id='word_1_340' title='bbox 1899 2066 1943 2096; x_wconf 91' lang='lat' dir='ltr'><strong>o-</strong></span> 
     </span>
     <span class='ocr_line' id='line_1_73' title="bbox 1108 2109 1943 2163; baseline 0.002 -13"><span class='ocrx_word' id='word_1_341' title='bbox 1108 2122 1254 2151; x_wconf 89' lang='lat' dir='ltr'><strong>mnem</strong></span> <span class='ocrx_word' id='word_1_342' title='bbox 1266 2123 1443 2151; x_wconf 87' lang='lat' dir='ltr'><strong>sensum</strong></span> <span class='ocrx_word' id='word_1_343' title='bbox 1454 2109 1621 2152; x_wconf 86' lang='lat' dir='ltr'><strong>conditi</strong></span> <span class='ocrx_word' id='word_1_344' title='bbox 1631 2110 1804 2162; x_wconf 77' lang='lat' dir='ltr'><strong>saporis</strong></span> <span class='ocrx_word' id='word_1_345' title='bbox 1811 2111 1943 2163; x_wconf 82' lang='lat' dir='ltr'><strong>aptis-</strong></span> 
     </span>
     <span class='ocr_line' id='line_1_74' title="bbox 1110 2166 1942 2219; baseline 0.001 -13"><span class='ocrx_word' id='word_1_346' title='bbox 1110 2166 1245 2207; x_wconf 90' lang='lat' dir='ltr'><strong>simus</strong></span> <span class='ocrx_word' id='word_1_347' title='bbox 1266 2170 1342 2208; x_wconf 92' lang='lat' dir='ltr'><strong>est.</strong></span> <span class='ocrx_word' id='word_1_348' title='bbox 1371 2166 1579 2219; x_wconf 80' lang='lat' dir='ltr'><strong>Apostoli</strong></span> <span class='ocrx_word' id='word_1_349' title='bbox 1598 2171 1745 2208; x_wconf 86' lang='lat' dir='ltr'><strong>autem</strong></span> <span class='ocrx_word' id='word_1_350' title='bbox 1761 2170 1863 2208; x_wconf 88' lang='lat' dir='ltr'><strong>sunt</strong></span> <span class='ocrx_word' id='word_1_351' title='bbox 1877 2179 1942 2208; x_wconf 89' lang='lat' dir='ltr'><strong>re-</strong></span> 
     </span>
     <span class='ocr_line' id='line_1_75' title="bbox 1109 2222 1945 2275; baseline 0.001 -12"><span class='ocrx_word' id='word_1_352' title='bbox 1109 2234 1205 2264; x_wconf 92' lang='lat' dir='ltr'><strong>rum</strong></span> <span class='ocrx_word' id='word_1_353' title='bbox 1239 2222 1485 2264; x_wconf 83' lang='lat' dir='ltr'><strong>coelestium</strong></span> <span class='ocrx_word' id='word_1_354' title='bbox 1523 2222 1857 2275; x_wconf 80' lang='lat' dir='ltr'><strong>praedicatoreS,</strong></span> <span class='ocrx_word' id='word_1_355' title='bbox 1900 2226 1945 2264; x_wconf 91' lang='lat' dir='ltr'><strong>et</strong></span> 
     </span>
     <span class='ocr_line' id='line_1_76' title="bbox 1109 2278 1942 2328; baseline 0.001 -9"><span class='ocrx_word' id='word_1_356' title='bbox 1109 2279 1372 2320; x_wconf 65' lang='lat' dir='ltr'><strong>aeternitatis</strong></span> <span class='ocrx_word' id='word_1_357' title='bbox 1400 2279 1522 2320; x_wconf 91' lang='lat' dir='ltr'><strong>velut</strong></span> <span class='ocrx_word' id='word_1_358' title='bbox 1548 2281 1739 2328; x_wconf 82' lang='lat' dir='ltr'><strong>satores,</strong></span> <span class='ocrx_word' id='word_1_359' title='bbox 1768 2278 1942 2320; x_wconf 91' lang='lat' dir='ltr'><strong>immor-</strong></span> 
     </span>
     <span class='ocr_line' id='line_1_77' title="bbox 1108 2334 1943 2388; baseline 0 -12"><span class='ocrx_word' id='word_1_360' title='bbox 1108 2334 1323 2376; x_wconf 63' lang='lat' dir='ltr'><strong>talitatem</strong></span> <span class='ocrx_word' id='word_1_361' title='bbox 1339 2335 1544 2376; x_wconf 82' lang='lat' dir='ltr'><strong>omnibus</strong></span> <span class='ocrx_word' id='word_1_362' title='bbox 1559 2334 1833 2388; x_wconf 81' lang='lat' dir='ltr'><strong>corporibus,</strong></span> <span class='ocrx_word' id='word_1_363' title='bbox 1853 2335 1943 2388; x_wconf 86' lang='lat' dir='ltr'><strong>qui-</strong></span> 
     </span>
     <span class='ocr_line' id='line_1_78' title="bbox 1108 2391 1944 2445; baseline 0 -13"><span class='ocrx_word' id='word_1_364' title='bbox 1108 2391 1191 2432; x_wconf 93' lang='lat' dir='ltr'><strong>bus</strong></span> <span class='ocrx_word' id='word_1_365' title='bbox 1220 2393 1373 2432; x_wconf 84' lang='lat' dir='ltr'><strong>eorum</strong></span> <span class='ocrx_word' id='word_1_366' title='bbox 1400 2404 1545 2433; x_wconf 89' lang='lat' dir='ltr'><strong>sermo</strong></span> <span class='ocrx_word' id='word_1_367' title='bbox 1571 2393 1777 2445; x_wconf 79' lang='lat' dir='ltr'><strong>aspersus</strong></span> <span class='ocrx_word' id='word_1_368' title='bbox 1802 2391 1944 2439; x_wconf 81' lang='lat' dir='ltr'><strong>fuerit,</strong></span> 
     </span>
     <span class='ocr_line' id='line_1_79' title="bbox 1109 2443 1944 2498; baseline -0.001 -10"><span class='ocrx_word' id='word_1_369' title='bbox 1109 2447 1395 2489; x_wconf 83' lang='lat' dir='ltr'><strong>conferentes.</strong></span> <span class='ocrx_word' id='word_1_370' title='bbox 1446 2443 1470 2491; x_wconf 65' lang='grc' dir='ltr'>ὖ</span> <span class='ocrx_word' id='word_1_371' title='bbox 1515 2447 1673 2488; x_wconf 84' lang='lat' dir='ltr'><strong>Merito</strong></span> <span class='ocrx_word' id='word_1_372' title='bbox 1711 2446 1843 2498; x_wconf 80' lang='lat' dir='ltr'><strong>igitur</strong></span> <span class='ocrx_word' id='word_1_373' title='bbox 1879 2446 1944 2488; x_wconf 86' lang='lat' dir='ltr'><strong>sal</strong></span> 
     </span>
     <span class='ocr_line' id='line_1_80' title="bbox 1108 2501 1943 2556; baseline -0.001 -12"><span class='ocrx_word' id='word_1_374' title='bbox 1108 2508 1237 2545; x_wconf 87' lang='lat' dir='ltr'><strong>terrae</strong></span> <span class='ocrx_word' id='word_1_375' title='bbox 1253 2503 1491 2555; x_wconf 69' lang='lat' dir='ltr'><strong>nuncupati</strong></span> <span class='ocrx_word' id='word_1_376' title='bbox 1510 2507 1620 2553; x_wconf 87' lang='lat' dir='ltr'><strong>sunt,</strong></span> <span class='ocrx_word' id='word_1_377' title='bbox 1634 2515 1715 2556; x_wconf 90' lang='lat' dir='ltr'><strong>per</strong></span> <span class='ocrx_word' id='word_1_378' title='bbox 1729 2501 1943 2544; x_wconf 85' lang='lat' dir='ltr'><strong>doetrinae</strong></span> 
     </span>
     <span class='ocr_line' id='line_1_81' title="bbox 1109 2557 1943 2601; baseline 0.001 -2"><span class='ocrx_word' id='word_1_379' title='bbox 1109 2560 1317 2601; x_wconf 64' lang='lat' dir='ltr'><strong>virtatem</strong></span> <span class='ocrx_word' id='word_1_380' title='bbox 1341 2558 1525 2600; x_wconf 84' lang='lat' dir='ltr'><strong>saliendi</strong></span> <span class='ocrx_word' id='word_1_381' title='bbox 1548 2557 1685 2600; x_wconf 92' lang='lat' dir='ltr'><strong>modo</strong></span> <span class='ocrx_word' id='word_1_382' title='bbox 1706 2559 1943 2600; x_wconf 67' lang='lat' dir='ltr'><strong>aeterniteiti</strong></span> 
     </span>
     <span class='ocr_line' id='line_1_82' title="bbox 1108 2617 1604 2668; baseline 0 -12"><span class='ocrx_word' id='word_1_383' title='bbox 1108 2618 1298 2668; x_wconf 82' lang='lat' dir='ltr'><strong>corpora</strong></span> <span class='ocrx_word' id='word_1_384' title='bbox 1315 2617 1604 2657; x_wconf 63' lang='lat' dir='ltr'><strong>reservantes.</strong></span> 
     </span>
     <span class='ocr_line' id='line_1_83' title="bbox 1168 2676 1943 2728; baseline -0.004 -12"><span class='ocrx_word' id='word_1_385' title='bbox 1168 2678 1213 2728; x_wconf 62' lang='grc' dir='ltr'><strong>Κ.</strong></span> <span class='ocrx_word' id='word_1_386' title='bbox 1240 2677 1289 2717; x_wconf 92' lang='lat' dir='ltr'><strong>In</strong></span> <span class='ocrx_word' id='word_1_387' title='bbox 1313 2676 1460 2718; x_wconf 81' lang='lat' dir='ltr'><strong>medio</strong></span> <span class='ocrx_word' id='word_1_388' title='bbox 1479 2676 1703 2718; x_wconf 82' lang='lat' dir='ltr'><strong>Ecclesiae.</strong></span> <span class='ocrx_word' id='word_1_389' title='bbox 1734 2680 1778 2715; x_wconf 88' lang='lat' dir='ltr'><strong>ut</strong></span> <span class='ocrx_word' id='word_1_390' title='bbox 1798 2686 1943 2726; x_wconf 82' lang='lat' dir='ltr'><strong>supra.</strong></span> 
     </span>
    </p>
   </div>
   <div class='ocr_carea' id='block_1_12' title="bbox 163 89 2005 2779">
    <p class='ocr_par' dir='ltr' id='par_1_18' title="bbox 163 89 2005 2779">
     <span class='ocr_line' id='line_1_84' title="bbox 163 89 2005 2779; baseline 0 0"><span class='ocrx_word' id='word_1_391' title='bbox 163 89 2005 2779; x_wconf 95' lang='lat' dir='ltr'><strong> </strong></span> 
     </span>
    </p>
   </div>
  </div>
 </body>
</html>
