2028 2892
766 186 876 220 Furia
903 189 950 221 vi.
976 189 1013 221 in
1038 188 1262 224 Parasccvc.

159 280 252 317 ctes
276 276 381 327 ejus:
409 288 557 326 regem
582 277 671 329 ejus
699 283 743 319 et
767 281 987 332 principes

160 332 250 382 ejus
278 332 322 372 in
351 332 582 374 Gentibus:
614 346 702 375 non
731 340 798 376 est
825 335 911 386 leX,
944 341 987 378 et

158 388 390 440 prophetae
415 389 505 440 ejus
531 402 620 430 non
645 390 904 433 invenerunt
928 393 986 433 vi-

159 444 327 485 sionem
346 456 371 484 a
390 445 592 486 Domino.

209 503 308 545 Jod.
336 504 552 547 Sederunt
572 506 617 546 in
634 510 768 556 terra,
797 508 986 550 conticu-

159 562 284 601 erunt
307 573 436 602 senes
460 561 562 602 fssiae
582 562 702 604 Sion:
731 566 986 616 consperse-

157 621 258 658 runt
295 619 439 658 cinere
481 618 626 671 capita
663 632 757 668 sua,
803 621 986 662 accincti

157 677 259 714 sunt
284 672 452 722 ciliciis,
481 673 731 725 abjecerunt
755 675 798 715 in
824 681 986 717 terram

157 729 303 781 capita
323 742 401 769 sua
419 730 609 780 virgines
627 731 882 773 Jerusalem.

206 788 341 842 Caph.
377 789 644 832 Defecerunt
674 805 768 844 prae
795 793 985 833 lacrimis

157 845 273 886 oculi
290 846 393 895 mei,
413 847 676 888 conturbata
696 853 798 889 sunt
817 851 985 889 viscera

155 914 267 943 mea:
307 901 492 944 effusum
530 908 596 944 est
632 904 676 944 in
715 909 832 945 terra
867 906 985 956 jecur

155 970 302 999 meum
329 971 462 1011 super
490 960 754 1001 contritic'me
782 961 883 1002 filiae
907 964 983 1013 po-

154 1013 246 1066 puli
269 1015 370 1064 mei,
399 1028 497 1056 cum
526 1015 736 1057 deficeret
761 1017 982 1068 parvulus,

155 1074 199 1110 et
217 1070 384 1112 lactens
403 1071 447 1111 in
466 1071 624 1124 plateis
645 1072 808 1124 Oppidi.

206 1130 467 1181 Jerusalem,
503 1132 762 1182 Jerusalem,
805 1137 983 1175 conver-

152 1190 245 1228 tere
264 1187 322 1229 ad
340 1188 581 1229 Deminum
598 1189 751 1240 Deum⁸
761 1194 896 1231 tuum.

203 1246 254 1297 Rs-
290 1248 454 1291 Omnes
479 1250 607 1290 amici
630 1251 717 1291 mei
742 1250 982 1303 derelique-

151 1308 252 1345 runt
269 1317 351 1354 me,
371 1310 415 1347 et
432 1305 759 1357 praevaluerunt
777 1305 981 1348 insidian-

150 1364 218 1401 tes
237 1360 356 1401 mihi:
380 1360 564 1403 tradidit
585 1374 655 1403 me
681 1375 811 1415 quem
831 1362 979 1414 dilige-

150 1415 267 1457 bam:
283 1414 307 1439 *
329 1417 386 1458 Et
404 1417 673 1458 terribilibus
694 1418 831 1459 oculis
851 1419 982 1471 plaga

151 1471 319 1513 crudeli
349 1473 661 1525 percutientes,
699 1476 824 1516 aceto
858 1477 980 1527 pota-

149 1527 257 1569 bant
274 1541 356 1570 me.
383 1522 433 1572 Ys-
455 1529 576 1570 Inter
595 1530 769 1582 iniquos
788 1532 979 1583 projece-

149 1588 251 1625 runt
275 1597 363 1634 me,
390 1590 435 1626 et
458 1598 547 1627 non
571 1588 866 1638 pepercerunt
892 1588 978 1628 ani-

149 1652 233 1680 mae
251 1653 374 1681 meae.
401 1641 458 1682 Et
476 1641 754 1683 terribilibus.

250 1713 404 1755 Lectio
426 1715 464 1755 ii.
698 1719 874 1760 Lamed.

251 1782 420 1824 atribus
444 1783 534 1824 suis
558 1783 777 1826 dixerunt:
805 1785 891 1827 Ubi
911 1790 978 1826 est

263 1839 457 1880 triticum
482 1845 525 1881 et
549 1839 720 1881 vinum?
749 1853 848 1882 cum
874 1841 977 1882 defi-

147 1899 297 1936 cerent
335 1895 459 1947 quasi
492 1895 707 1937 vulnerati
742 1897 787 1936 in
819 1897 977 1948 plateis

147 1949 351 1992 civitatis:
388 1964 488 1992 cum
520 1951 776 1994 exhalarent
809 1953 976 1994 animas

148 2018 248 2046 suas
269 2006 313 2046 in
333 2007 430 2048 sinu
448 2013 637 2048 matrum
657 2010 845 2048 suarum.

198 2065 324 2107 Mem.
346 2067 426 2109 Cui
445 2067 712 2120 comparabo
730 2067 798 2109 te?
818 2068 888 2109 vel
905 2069 974 2110 cui

145 2122 398 2164 assimilabo
423 2128 468 2165 te
493 2124 583 2164 filia
608 2122 874 2165 Jerusalem?
904 2125 974 2165 cui

146 2178 391 2229 exaequabo
411 2184 466 2228 te,
486 2185 530 2220 et
550 2179 816 2221 consolabor
831 2185 876 2220 te
891 2180 972 2221 vir-

144 2246 201 2283 go
220 2234 312 2275 filia
330 2233 459 2276 Sion?
484 2248 642 2286 magna
661 2241 728 2276 est
752 2236 866 2277 enim
886 2235 971 2276 vel-

144 2295 192 2330 ut
214 2303 334 2331 mare
359 2292 564 2333 contritio
590 2297 679 2332 tua:
709 2292 804 2343 quis
828 2290 971 2332 mede-

142 2344 260 2387 bitur
277 2345 362 2387 tui?

197 2402 306 2446 Nun.
334 2406 566 2459 Prophetae
585 2407 648 2448 tui
668 2406 871 2447 viderunt
889 2405 970 2447 tibi

143 2461 269 2510 falsa,
289 2467 333 2503 et
353 2463 502 2511 stulta,
521 2475 602 2503 nec
621 2462 876 2515 aperiebant
893 2462 968 2502 ini-

144 2517 356 2568 quitatem
375 2523 512 2568 tuam,
538 2524 586 2559 ut
610 2524 654 2559 te
678 2518 735 2559 ad
757 2518 967 2570 poeniten-

141 2573 247 2613 tiam
267 2576 577 2626 provocarent:
601 2573 803 2615 viderunt
822 2579 967 2614 autem

141 2628 223 2669 tibi
256 2631 580 2682 assumpti6nes
612 2630 760 2678 falsas,
806 2634 850 2670 et
886 2629 966 2680 eje-

142 2683 320 2725 cti6nes.

1801 195 1867 230 235

1093 282 1289 325 Samech.
1312 285 1568 330 Plauserunt
1582 302 1714 341 super
1724 294 1767 331 te
1778 293 1864 332 ma-

1038 338 1167 379 nibus
1184 352 1336 382 omnes
1350 347 1625 386 transeuntes
1640 358 1719 398 per
1735 347 1864 387 viam:

1040 394 1341 446 sibilaverunt,
1388 403 1431 439 et
1455 403 1694 446 moverunt
1731 408 1864 454 caput

1040 463 1166 491 suum
1182 465 1314 504 super
1328 453 1461 495 filiam
1471 456 1725 498 Jerusalem:
1745 459 1864 499 Haec-

1040 506 1135 547 cine
1151 513 1218 548 est
1231 508 1347 558 urbs,
1367 509 1572 561 dicentes,
1590 514 1771 564 perfecti
1791 514 1862 556 de-

1040 563 1166 612 coris,
1184 564 1390 614 gaudium
1410 567 1623 609 universae
1642 569 1792 611 terrae?

1094 624 1349 674 Jerusalem,
1385 626 1642 677 Jerusalem,
1685 633 1861 671 conver-

1038 683 1131 720 tere
1150 679 1207 721 ad
1224 681 1461 723 Deminum
1480 684 1622 725 Deum
1641 690 1772 726 tuum.

1092 750 1142 800 R.
1167 749 1326 790 Velum
1353 752 1504 804 templi
1529 754 1711 794 scissum
1737 760 1818 805 est,
1840 759 1862 781 *

1037 804 1094 844 Et
1122 806 1263 846 omnis
1291 811 1408 847 terra
1436 810 1626 850 tremuit:
1663 810 1774 852 latro
1807 811 1860 853 de

1038 872 1167 901 cruce
1193 861 1426 911 clamabat,
1451 863 1615 906 dicens:
1641 866 1859 909 Memento

1036 916 1122 956 mei
1149 917 1357 968 Demine,
1396 918 1499 960 dum
1528 922 1697 962 veneris
1725 923 1769 963 in
1797 936 1859 965 re-

1035 984 1168 1022 gnum
1187 977 1321 1014 tuum.
1348 975 1397 1025 Y
1417 976 1559 1017 Petrae
1579 978 1728 1019 scissae
1748 984 1859 1029 sunt,

1037 1032 1080 1068 et
1098 1032 1379 1071 monumenta
1398 1034 1548 1084 aperta
1568 1039 1677 1083 sunt,
1698 1039 1741 1075 et
1754 1035 1857 1075 mul-

1035 1088 1081 1124 ta
1100 1086 1288 1136 corpora
1307 1090 1574 1138 sancturum,
1604 1090 1677 1141 qui
1702 1090 1858 1131 dormi-

1037 1145 1170 1190 erant,
1190 1144 1481 1184 surrexerunt.
1509 1144 1575 1185 Et.

1140 1228 1290 1267 Lectio
1313 1228 1366 1267 iii.

1374 1293 1525 1345 Aleph.

1114 1370 1170 1408 go
1191 1359 1257 1399 vir
1275 1359 1427 1401 videns
1449 1363 1753 1413 paupertatem
1771 1375 1857 1403 me-

1133 1427 1203 1455 am
1222 1415 1267 1454 in
1286 1415 1407 1466 virga
1426 1417 1735 1468 indignatiOnis
1756 1419 1856 1469 ejus.

1087 1474 1240 1526 Aleph.
1282 1478 1349 1517 Me
1374 1477 1572 1526 minavit,
1604 1483 1648 1518 et
1674 1477 1856 1519 adduxit

1032 1530 1076 1570 in
1095 1529 1309 1580 tenebras,
1330 1536 1373 1572 et
1392 1545 1479 1573 non
1498 1533 1541 1572 in
1559 1533 1711 1574 lucem.

1086 1594 1239 1647 Aleph.
1271 1597 1455 1636 Tantum
1479 1597 1523 1637 in
1546 1610 1616 1638 me
1641 1598 1786 1647 vertit,
1812 1602 1855 1639 et

1031 1651 1247 1692 convertit
1266 1664 1440 1692 manum
1459 1665 1581 1693 suam
1601 1658 1695 1694 tota
1714 1652 1794 1694 die.

1085 1711 1209 1752 Beth.
1267 1713 1496 1753 Vetustam
1544 1713 1646 1754 fecit
1695 1713 1853 1765 pellem

1029 1779 1188 1817 meam,
1209 1772 1252 1808 et
1272 1780 1446 1808 carnem
1464 1781 1621 1818 meam,
1648 1770 1854 1811 contrivit

1030 1836 1133 1864 ossa
1152 1836 1259 1865 mea.

1605 1234 1707 1282 (jap.
1723 1234 1758 1271 3

1085 1884 1205 1926 Beth.
1244 1883 1495 1926 AEdificavit
1525 1885 1569 1925 in
1602 1899 1708 1937 gyro
1735 1899 1851 1935 meo,

1029 1945 1073 1981 et
1092 1940 1380 1982 circumdedit
1399 1953 1469 1982 me
1488 1941 1601 1992 felle,
1630 1946 1672 1983 et
1689 1941 1850 1983 labore.

1084 2001 1204 2042 Beth.
1253 2002 1299 2041 In
1336 2001 1581 2043 tenebresis
1618 2002 1849 2043 collocavit

1026 2069 1107 2106 me,
1129 2057 1253 2108 quasi
1272 2059 1470 2098 mortuos
1491 2058 1788 2109 sempiternos.

1083 2117 1262 2158 Ghimel.
1277 2116 1684 2158 CircumaedificaVit
1698 2116 1846 2157 adver-

1026 2185 1122 2212 sum
1140 2186 1221 2222 me,
1239 2178 1288 2214 ut
1306 2185 1393 2213 non
1413 2173 1623 2223 egrediar:
1642 2173 1845 2222 aggrava-

1025 2228 1087 2268 vit
1107 2228 1368 2281 compedem
1386 2241 1541 2270 meum.

1080 2287 1261 2329 Ghimel.
1291 2288 1376 2329 Sed
1399 2294 1442 2329 et
1466 2301 1564 2328 cum
1588 2287 1845 2337 clamavero,

1024 2349 1068 2384 et
1104 2346 1336 2394 rogavero,
1382 2343 1564 2384 exclusit
1601 2343 1844 2385 orationem

1022 2411 1175 2440 meam.

1078 2458 1261 2499 Ghimel.
1288 2457 1509 2499 Conclusit
1530 2457 1624 2497 vias
1647 2470 1768 2498 meas
1785 2459 1843 2499 la-

1022 2514 1199 2566 pidibus
1215 2513 1401 2566 quadris,
1420 2512 1595 2553 semitas
1609 2525 1730 2554 meas
1744 2514 1841 2555 sub-

1020 2571 1160 2611 vertit.

1075 2628 1328 2676 Jerusalem,
1367 2627 1391 2667 J
1395 2625 1623 2677 erusalem{
1664 2630 1841 2669 conver-

1018 2689 1111 2726 tere
1130 2684 1186 2725 ad
1204 2683 1438 2724 Deminum
1456 2683 1599 2724 Deum
1616 2688 1750 2724 tuum.
