2028 2892
681 165 883 201 Dominica
906 167 951 201 Π.
978 166 1300 211 Quadragesimae.

140 256 259 298 illam
277 257 416 309 ipsius
432 256 620 298 Deitatis
639 257 904 300 ineffabilem
924 265 968 301 et

141 313 488 356 inaccessibilem
524 314 754 365 visienem,
791 329 888 368 quae
923 317 967 357 in

141 372 351 412 aeternam
373 370 509 411 vitam
526 370 701 412 mundis
725 371 858 414 eorde
880 385 966 414 ser-

141 429 286 478 vatur,
313 426 434 468 nullo
460 426 595 469 modo
623 428 797 469 mortali
825 428 967 471 adhuc

142 496 272 525 carne
298 483 557 526 circumdati
581 484 739 525 intueri
763 487 967 537 poterant

142 545 186 582 et
204 539 366 582 videre.

196 600 245 652 Rz.
277 596 401 639 Dixit
432 597 627 649 Angelus
664 597 720 639 ad
751 598 906 640 Jacob:
944 606 966 631 *

139 653 323 695 Dimitte
337 666 418 704 me,
439 656 597 696 autera
616 658 692 696 est.
720 654 967 707 Respendit

141 709 197 751 ei:
214 709 316 751 Non
332 709 550 752 dimittam
562 714 618 761 te,
637 710 720 751 nisi
735 710 966 753 benedixe-

140 767 200 808 ris
218 765 335 807 mihi.
370 767 427 808 Et
446 766 672 808 benedixit
690 767 729 808 ei
748 768 791 808 in
811 767 967 809 eodem

139 822 252 864 loco.
297 822 348 874 V.
379 823 576 876 Cumque
610 826 872 865 surrexisset
898 824 966 865 Ja-

141 879 246 931 cob,
278 892 381 922 ecce
412 880 478 921 vir
509 879 758 922 luctabatur
786 893 885 921 cum
913 893 965 922 eo

139 948 279 988 usque
297 949 440 978 mane:
466 941 510 978 et
533 949 632 978 cum
655 936 824 978 videret
847 936 966 988 quod

141 1004 240 1034 eum
258 995 467 1046 superare
486 1006 574 1035 non
591 998 760 1046 posset,
782 992 892 1034 dixit
909 993 967 1035 ad

140 1061 251 1091 eum.
278 1050 473 1092 Dimitte.

220 1146 223 1147 γ
426 1111 579 1153 Lectio
599 1112 681 1152 viii.

228 1162 370 1206 icente
404 1164 559 1206 Patre:
603 1164 688 1205 Hic
729 1169 796 1206 est
831 1164 965 1206 Filius

246 1233 370 1262 meus
407 1219 611 1271 dilectus,
653 1221 697 1262 in
735 1234 822 1274 quo
861 1221 967 1262 mihi

137 1274 250 1319 bene
294 1277 565 1330 complacui,
609 1277 755 1330 ipsum
799 1277 965 1320 audite:

138 1345 283 1375 nonne
307 1333 531 1376 evidenter
555 1333 752 1376 auditum
773 1340 855 1376 est:
881 1335 966 1376 Hic

139 1394 207 1431 est
225 1389 360 1431 Filius
384 1403 523 1441 meus,
549 1391 619 1432 cui
643 1403 697 1432 ex
719 1404 790 1432 me
814 1396 857 1433 et
879 1404 964 1433 me-

139 1458 238 1487 cum
265 1458 363 1488 esse
391 1447 484 1489 sine
511 1448 712 1499 tempore
741 1446 832 1488 est?
865 1448 966 1500 quia

138 1514 220 1544 nec
239 1503 412 1553 genitor
430 1503 576 1554 genito
596 1504 728 1555 prior,
749 1516 830 1545 nec
849 1504 964 1555 geni-

138 1563 210 1600 tus
230 1562 298 1600 est
315 1559 512 1611 genitere
530 1560 762 1613 posterior.
794 1560 879 1602 Hic
899 1566 965 1602 est

137 1614 273 1657 Filius
291 1629 431 1667 meuS,
455 1628 586 1668 quem
604 1629 630 1657 a
647 1628 718 1658 me
735 1629 824 1658 non
843 1619 964 1670 sepa-

137 1676 207 1713 rat
237 1671 412 1723 Deitas,
445 1685 535 1714 non
567 1671 724 1714 dividit
754 1674 964 1726 potestas,

137 1739 225 1770 non
258 1728 466 1771 discernit
497 1729 729 1771 aeternitas.
782 1729 868 1782 Hic
899 1735 966 1772 est

137 1782 274 1826 Filius
304 1798 449 1836 meus,
479 1798 568 1827 non
600 1783 853 1839 adoptivus,
887 1786 965 1828 sed

137 1841 359 1894 preprius:
382 1842 664 1884 nonaliunde
684 1845 867 1892 creatuS,
887 1842 965 1884 sed

139 1910 193 1939 ex
214 1911 286 1940 me
308 1898 497 1950 genitus:
521 1911 604 1940 nec
624 1898 679 1940 de
704 1899 789 1940 alia
809 1902 966 1940 natura

137 1953 244 1996 mihi
270 1955 411 1997 factus
443 1955 770 2008 comparabilis,
803 1956 883 1997 sed
910 1955 965 1997 de

138 2022 235 2052 mea
266 2012 457 2054 essentia
485 2012 590 2053 mihi
616 2016 746 2053 natus
773 2012 964 2064 aequalis.

192 2067 245 2119 R.
271 2067 377 2110 Vidi
406 2069 644 2110 Deminum
676 2068 786 2109 facie
818 2068 875 2110 ad
905 2068 964 2108 fa-

139 2124 268 2166 ciem:
301 2123 325 2149 *
355 2125 412 2166 Et
439 2125 559 2166 salva
585 2125 701 2166 facta
728 2128 796 2166 est
822 2124 965 2165 anima

137 2193 246 2222 mea.
277 2174 327 2226 V.
339 2181 396 2222 Et
409 2180 521 2223 dixit
536 2181 656 2222 mihi:
674 2181 965 2233 Nequaquam

138 2237 367 2279 vocaberis
401 2238 560 2288 Jacob,
597 2237 676 2279 sed
711 2237 847 2278 Israel
883 2237 965 2278 erit

138 2305 298 2335 nomen
316 2298 449 2336 tuum.
475 2295 533 2336 Et
551 2294 683 2335 salva.

442 2348 593 2390 Lectio
613 2348 667 2388 ix.

191 2432 194 2437 -
233 2405 274 2448 ic
300 2412 368 2449 est
395 2407 531 2448 Filius
557 2419 698 2456 meus,
726 2419 805 2458 per
835 2417 963 2457 quem

251 2463 397 2504 emnia
416 2463 532 2505 facta
553 2468 669 2512 sunt,
695 2468 740 2504 et
762 2462 854 2502 sine
875 2474 962 2513 quo

138 2518 302 2560 factum
330 2524 397 2561 est
427 2519 551 2560 nihil:
585 2519 658 2571 qui
690 2518 835 2559 emnia
866 2529 963 2569 quae

139 2574 271 2626 facio,
301 2575 498 2617 similiter
525 2576 647 2625 facit,
681 2579 723 2616 et
753 2572 963 2626 quidquid

140 2631 316 2682 ¹‹Speror,
341 2631 692 2684 inseparabiliter
712 2642 882 2671 mecum
901 2633 962 2670 at·
996 2621 999 2625 ’

1778 166 1838 206 151

1018 260 1153 302 Filius
1165 275 1299 312 meus,
1315 264 1388 315 qui
1403 277 1508 315 eam,
1526 278 1655 317 quam
1669 280 1840 308 mecum

1019 316 1151 359 habet
1170 319 1473 371 aequalitatem,
1491 334 1578 363 non
1597 325 1749 375 rapina
1767 337 1838 376 ap-

1017 374 1153 425 petiit,
1163 387 1243 416 nec
1254 377 1535 429 usurpatiene
1545 382 1765 432 praesump
1771 380 1839 422 sit:

1019 430 1098 472 sed
1121 443 1301 473 manens
1324 433 1367 473 in
1391 433 1528 474 forma
1550 435 1700 485 gloriae
1718 449 1838 486 meae,

1018 491 1067 527 ut
1082 487 1139 528 ad
1154 489 1445 540 reparandum
1459 503 1594 540 genus
1605 491 1838 533 humanum

1020 546 1330 595 exsequeretur
1353 550 1582 588 commune
1601 548 1838 599 consilium,

1018 613 1157 652 usque
1177 601 1233 642 ad
1249 601 1431 643 formam
1450 603 1650 644 servilem
1665 604 1838 646 inclina-

1018 657 1082 698 vit
1096 657 1452 699 incomutabilem
1465 659 1694 701 Deitatem.
1710 661 1838 703 Hunc

1020 725 1143 765 ergo,
1167 714 1210 754 in
1231 727 1317 766 quo
1341 715 1445 755 mihi
1463 728 1543 768 per
1567 717 1710 757 emnia
1731 717 1838 759 bene

1019 770 1290 822 complaceo,
1317 776 1361 813 et
1386 772 1506 823 cujus
1529 772 1838 824 praedicatiene

1018 827 1288 877 manifestor,
1313 829 1434 879 cujus
1454 827 1695 871 humilitate
1719 829 1838 871 clari-

1018 882 1137 933 ficor,
1156 884 1458 926 incunctanter
1477 884 1639 926 audite:
1659 886 1759 938 quia
1777 887 1837 939 ip-

1019 952 1066 980 se
1095 945 1162 981 est
1189 940 1349 982 veritas
1378 946 1420 982 et
1447 941 1551 991 vita,
1579 942 1675 994 ipse
1702 943 1837 984 virtus

1018 1009 1116 1038 mea
1133 1001 1264 1048 atque
1284 997 1505 1050 sapientia.

1072 1062 1122 1113 Rv.
1165 1062 1274 1103 Cum
1316 1062 1511 1104 audisset
1544 1062 1680 1105 Jacob
1719 1064 1837 1115 quod

1017 1118 1135 1159 Esau
1165 1121 1332 1160 veniret
1362 1124 1516 1160 contra
1543 1132 1660 1170 eum,
1693 1119 1838 1161 divisit

1018 1175 1130 1216 filios
1146 1188 1249 1217 suos
1266 1181 1308 1217 et
1322 1178 1493 1226 uxeres,
1508 1175 1670 1217 dicens:
1685 1176 1730 1217 Si
1744 1190 1837 1229 per-

1019 1232 1203 1273 casserit
1227 1232 1343 1273 Esau
1371 1245 1501 1273 unam
1527 1237 1731 1282 turmam,
1759 1233 1837 1274 sal-

1017 1288 1191 1330 vabitur
1225 1289 1371 1330 altera.
1409 1286 1432 1310 *
1462 1288 1620 1330 Libera
1650 1302 1719 1331 me
1751 1290 1837 1330 De-

1017 1345 1146 1395 mine,
1174 1345 1248 1397 qui
1274 1345 1420 1386 dixisti
1445 1344 1564 1386 mihi:
1589 1341 1611 1366 *
1635 1345 1837 1398 Multipli-

1018 1401 1129 1442 cabo
1145 1414 1293 1442 semen
1306 1406 1429 1442 tuum
1443 1401 1555 1442 sicut
1569 1401 1715 1443 stellas
1727 1402 1837 1452 coeli,

1018 1462 1061 1498 et
1093 1457 1205 1498 sicut
1233 1459 1408 1498 arenam
1436 1458 1587 1507 maris,
1621 1470 1718 1510 quae
1746 1471 1837 1510 prae

1016 1513 1292 1555 multitudine
1320 1514 1539 1555 numerari
1565 1527 1652 1555 non
1679 1519 1837 1567 potest.

1020 1563 1070 1616 W.
1093 1571 1300 1621 Demine‚
1330 1571 1404 1623 qui
1433 1570 1579 1612 dixisti
1605 1570 1727 1620 mihi,
1754 1571 1836 1612 Re-

1017 1629 1188 1668 vertere
1215 1628 1258 1667 in
1286 1632 1447 1668 terram
1472 1627 1709 1668 nativitatis
1734 1632 1837 1668 tuae:

1016 1683 1214 1733 Demine,
1230 1683 1304 1735 qui
1322 1683 1466 1736 pascis
1485 1695 1554 1724 me
1574 1695 1599 1723 a
1617 1684 1836 1735 juventute

1016 1752 1124 1781 mea.
1157 1739 1327 1781 Libera.
1366 1740 1514 1781 Glaria
1537 1740 1666 1781 Patri.
1696 1739 1836 1781 Multi-

1017 1796 1202 1848 plicabo.

1272 1868 1350 1909 Ad
1374 1868 1581 1910 Laudes.

1070 1931 1170 1972 Ant.
1190 1931 1218 1970 1.
1239 1929 1434 1979 Demine,
1452 1930 1476 1955 *
1494 1929 1610 1971 labia
1626 1942 1722 1971 mea
1739 1930 1836 1982 ape-

1017 1987 1118 2036 ries,
1147 1991 1191 2027 et
1216 1998 1266 2028 os
1288 1999 1434 2027 meum
1458 1985 1727 2027 annuntiabit
1750 1985 1835 2025 lau-

1018 2043 1118 2085 dem
1138 2047 1267 2084 tuam.

1071 2102 1138 2143 Ps.
1158 2103 1374 2145 Miserere.
1393 2116 1490 2143 cum
1509 2100 1694 2151 reliquis.
1711 2101 1796 2141 134.

1070 2168 1106 2208 2.
1133 2169 1326 2209 Dextera
1343 2167 1519 2208 Demini
1542 2166 1566 2192 *
1584 2165 1686 2206 fecit
1705 2165 1834 2206 virtu-

1016 2229 1121 2265 tem:
1142 2223 1323 2265 dextera
1340 2223 1515 2264 Demini
1533 2220 1737 2263 exaltavit
1754 2234 1834 2262 me.

1069 2286 1104 2324 3.
1151 2285 1308 2326 Factus
1344 2289 1410 2325 est
1447 2285 1471 2310 *
1506 2281 1676 2333 adjutor
1711 2293 1834 2322 meus

1016 2341 1137 2382 Deus
1155 2353 1289 2382 meus.

1069 2403 1106 2440 4.
1135 2401 1283 2441 Trium
1306 2400 1540 2452 puero'rum
1564 2398 1588 2424 *
1611 2398 1833 2439 cantemus

1015 2457 1233 2509 hymnum,
1253 2468 1381 2507 quem
1399 2452 1633 2495 cantabant
1649 2453 1692 2493 in
1708 2455 1833 2494 cami-

1015 2526 1073 2554 no
1092 2513 1213 2563 ignis,
1234 2510 1541 2553 benedicentes
1560 2509 1805 2550 Deminum.

1067 2573 1105 2613 5.
1130 2572 1288 2613 Statuit
1307 2583 1357 2611 ea
1376 2570 1399 2595 *
1417 2570 1459 2609 in
1479 2571 1706 2618 aeternum,
1730 2574 1773 2610 et
1791 2569 1833 2609 in

1016 2629 1223 2669 saeculum
1257 2625 1422 2667 saeculi:
1457 2627 1727 2678 praeceptum
1758 2626 1832 2677 po-

141 2698 226 2738 que
239 2686 536 2729 indifferenter
551 2688 770 2739 operatur.
796 2685 882 2726 Hic
896 2689 963 2726 est
1016 2685 1112 2734 suit,
1135 2688 1179 2725 et
1196 2695 1283 2723 non
1302 2681 1555 2734 praeteribit.
