2028 2892
191 205 255 240 174

726 204 923 237 muniuit-21
954 204 1010 237 lv.
1038 204 1364 245 muudizlgesimae.

189 300 273 341 Dei
294 300 336 340 in
360 298 519 340 tabulis
545 299 796 349 conscripta
816 296 1020 348 suscepit.

190 356 300 397 Item
320 368 453 407 supra
474 359 670 395 montem
689 354 892 405 jejunium
909 353 1017 404 legis

189 412 288 453 latae
308 411 567 453 conciliator
586 410 681 451 fuit:
701 410 879 450 inferius
899 422 1016 459 vero,

187 468 288 518 gula
314 467 370 509 ad
393 466 688 509 idololatriam
710 465 925 518 populum
945 465 1015 507 de-

188 523 327 574 duxit,
355 537 407 565 ac
430 522 753 564 contaminavit.
790 521 927 571 Sedit,
955 522 1016 562 in-

187 580 298 631 quit,
325 579 517 632 populus
541 577 807 619 manducare
833 582 875 618 et
896 577 1015 619 bibe-

185 648 244 684 re,
265 640 308 676 et
328 637 610 676 surrexerunt
629 633 792 675 ludere.
821 633 1014 683 Quadra-

184 694 305 743 ginta
329 692 498 733 dierum
521 690 718 732 laborem
742 702 794 730 ac
812 702 1014 741 perseve-

184 748 389 797 rantiam,
417 747 500 788 Dei
525 759 654 788 servo
682 748 891 787 continuo
915 747 1013 797 jeju-

184 806 317 845 nante
345 816 396 845 ac
424 805 596 851 orante,
627 814 713 842 una
739 806 910 843 tantum
936 804 1012 854 po-

184 860 278 911 puli
318 859 508 901 ebrietas
549 870 718 899 cassam
759 858 1013 909 irritamque

184 915 387 957 reddidit.
431 916 550 964 Quas
585 914 699 955 enim
727 913 901 955 tabulas
928 914 1013 955 Dei

185 971 322 1022 digito
352 973 626 1023 conscriptas
660 970 865 1021 jejunium
892 971 1012 1011 acce-

183 1027 259 1079 pit,
279 1027 357 1068 has
374 1027 563 1069 ebrietas
579 1026 800 1067 contrivit:
819 1026 1011 1078 Prophe-

182 1089 227 1124 ta
271 1083 546 1124 sanctissimo
596 1081 822 1133 indignum
867 1083 1011 1123 existi-

183 1142 340 1188 mante,
360 1139 630 1180 vinolentum
645 1138 859 1190 populum
874 1151 900 1179 a
912 1138 1010 1180 Deo

181 1195 323 1245 legem
342 1197 553 1247 accipere.

232 1250 284 1299 R·
316 1251 367 1291 In
395 1251 505 1291 mari
527 1251 611 1291 viae
638 1254 743 1299 tuae,
773 1254 816 1291 et
843 1251 1010 1292 semitae

181 1311 270 1348 tuae
302 1307 346 1347 in
379 1307 504 1358 aquis
535 1306 698 1347 multis:
722 1305 743 1329 *
774 1306 1010 1348 Deduxisti

180 1363 293 1404 sicut
313 1375 418 1404 oves
437 1362 666 1426 populum
669 1366 794 1403 tuum
816 1362 860 1402 in
878 1375 1009 1404 manu

179 1418 322 1470 Moysi
355 1424 398 1460 et
429 1419 593 1459 Aaron.
623 1409 691 1461 -V.
728 1418 1009 1460 Transtulisti

177 1474 277 1516 illos
296 1487 377 1527 per
392 1474 514 1516 Mare
533 1473 731 1523 rubrum,
751 1478 795 1515 et
813 1478 1007 1516 transve-

177 1531 278 1571 xisti
303 1543 380 1572 eos
403 1543 482 1583 per
508 1543 667 1582 aquam
692 1530 880 1571 nimiam.
921 1531 1006 1573 De-

178 1586 340 1628 duxisti
361 1587 473 1628 sicut
493 1599 610 1628 oves.

488 1638 638 1679 Lectio
659 1654 695 1678 v.

270 1710 327 1739 no
355 1698 566 1750 temporis
592 1699 816 1739 momento
845 1698 904 1740 ob
931 1711 1006 1749 gu-

279 1754 366 1795 lam
394 1754 584 1806 populus
611 1754 683 1795 isse
711 1767 792 1807 per
814 1754 1007 1796 maxima

177 1810 377 1862 prodigia
408 1811 492 1851 Dei
523 1811 688 1851 cultum
721 1810 924 1860 edoctus,
962 1810 1005 1851 in

177 1867 485 1918 AEgyptiacam
515 1866 810 1908 idololatriam
845 1869 1005 1919 turpis-

176 1921 283 1963 sime
321 1922 553 1964 devolutus
591 1927 668 1964 est.
738 1922 806 1962 Ex
842 1935 930 1974 quo
968 1923 1005 1963 si

175 1981 410 2030 utrumque
441 1978 570 2019 simul
601 1977 818 2027 conferas,
853 1977 1004 2020 videre

174 2034 286 2082 licet,
297 2034 500 2085 jejunium
515 2034 572 2075 ad
585 2035 730 2076 Deum
745 2033 918 2082 ducere,
931 2033 1002 2076 de·

174 2089 294 2130 licias
318 2102 423 2131 vero
444 2090 630 2131 salutem
654 2089 852 2142 perdere.
888 2090 1004 2140 Quid

174 2145 289 2186 Esau
305 2145 558 2197 inquinavit,
578 2149 842 2197 servumque
856 2145 1003 2187 fratris

174 2200 386 2242 reddidit?
415 2213 560 2242 nonne
581 2214 683 2242 esca
701 2214 797 2251 una,
818 2206 1003 2253 propter

175 2269 305 2307 quam
340 2257 633 2309 primogenita
668 2255 888 2298 vendidit?
930 2257 1002 2298 Sa-

173 2312 360 2353 muelem
387 2325 493 2354 vero
521 2325 667 2354 nonne
695 2325 774 2365 per
798 2312 1003 2364 jejunium

174 2368 315 2408 oratio
335 2368 491 2419 largita
514 2373 582 2409 est
599 2367 752 2410 matri?
779 2368 895 2417 Quid
918 2368 1002 2409 for-

173 2423 386 2464 tissimum
409 2425 667 2466 Samsonem
688 2424 1002 2476 inexpugnabi-

172 2477 259 2518 lem
276 2478 487 2521 reddidit?
508 2492 652 2521 nonne
669 2480 883 2531 jejunium,
903 2491 1002 2520 cum

174 2546 260 2584 quo
298 2534 341 2575 in
376 2536 528 2576 matris
565 2540 718 2578 ventre
760 2536 1001 2587 conceptus

173 2590 261 2630 est?
299 2591 515 2641 Jejunium
547 2591 767 2643 concepit,
799 2591 1001 2642 jejunium

172 2646 365 2695 nutrivit,
410 2647 613 2697 jejunium
658 2647 798 2688 virum
844 2646 1001 2687 effecit.

171 2700 301 2750 Quod
324 2713 430 2741 sane
454 2702 649 2752 Angelus
678 2702 809 2743 matri
837 2704 999 2754 praece-

1068 295 1152 347 pit,
1180 308 1381 345 monens,
1410 298 1702 347 quaecumque
1730 308 1785 337 ex
1810 295 1901 336 vite

1068 351 1374 404 procederent,
1393 365 1448 393 ne
1468 353 1714 403 attingeret,
1733 363 1823 392 non
1841 350 1902 392 vi-

1067 421 1188 457 num,
1219 420 1309 449 non
1339 410 1525 449 siceram
1555 406 1741 449 biberet.
1786 407 1900 458 Jeju-

1067 464 1187 505 nium
1223 463 1469 516 Prophetas
1496 463 1666 514 genuit,
1693 464 1900 516 potentes

1068 520 1300 561 confirmat
1318 525 1451 572 atque
1469 519 1663 562 roborat.

1120 580 1171 630 R.
1188 576 1273 626 Qui
1291 575 1672 628 persequebantur
1686 574 1900 629 populum

1066 637 1189 673 tuum
1220 632 1427 681 Domine,
1465 631 1714 673 demersisti
1745 644 1822 673 eos
1853 631 1899 671 in

1066 687 1350 740 profundum:
1370 692 1391 717 *
1409 688 1467 729 Et
1484 688 1529 728 111
1549 687 1754 729 columna
1770 686 1898 729 nubis

1067 743 1226 785 ductor
1249 746 1403 785 eorum
1426 744 1557 785 fuisti.
1593 741 1641 793 V.
1660 743 1899 786 Deduxisti

1066 800 1179 841 sicut
1199 812 1305 842 oves
1324 800 1540 853 populum
1562 805 1687 842 tuum
1703 800 1749 841 in
1766 812 1899 841 manu

1065 856 1210 908 Moysi
1229 861 1273 898 et
1291 857 1455 899 Aaron.
1484 857 1552 898 Et.

1368 912 1520 953 Lectio
1539 912 1592 953 vi.

1136 970 1327 1021 ejunium
1361 969 1638 1019 legislatores
1675 968 1897 1021 sapientes

1146 1026 1266 1067 facit:
1299 1025 1456 1067 animae
1489 1026 1658 1078 optima
1685 1025 1898 1076 custodia,

1064 1082 1265 1134 corporis
1298 1082 1446 1123 socius
1474 1084 1673 1131 securus,
1707 1080 1897 1123 fortibus

1063 1139 1168 1179 viris
1187 1138 1506 1179 munimentum
1530 1142 1575 1180 et
1599 1150 1737 1187 arma,
1762 1137 1897 1180 athle-

1062 1195 1119 1235 tis
1139 1199 1183 1236 et
1201 1193 1472 1236 certantibus
1492 1193 1763 1236 exercitatio.
1794 1193 1896 1235 Hoc

1062 1252 1279 1303 praeterea
1296 1250 1564 1292 tentationes
1577 1249 1820 1303 propulsat,
1838 1249 1896 1292 ad

1061 1307 1273 1359 pietatem
1313 1310 1472 1356 armat,
1515 1318 1615 1347 cum
1655 1305 1895 1348 sobrietate

1061 1362 1248 1427 liabitat‚
1285 1362 1591 1414 temperantiae
1628 1361 1778 1414 opifex
1811 1366 1895 1404 est:

1061 1419 1105 1459 in
1123 1418 1251 1460 bellis
1269 1418 1576 1460 fortitudinem
1595 1417 1737 1468 affert,
1756 1417 1802 1458 in
1819 1430 1894 1470 pa·

1061 1487 1111 1516 ce
1131 1475 1323 1527 quietem
1344 1474 1491 1516 docet:
1512 1474 1776 1515 Nazaraeum
1799 1486 1894 1516 san-

1060 1531 1235 1580 ctificat,
1251 1530 1530 1572 sacerdotem
1543 1529 1731 1583 perficit:
1749 1542 1894 1583 neque

1061 1587 1177 1628 enim
1208 1587 1275 1628 fas
1307 1591 1375 1628 est
1407 1587 1500 1628 sine
1539 1586 1698 1638 ieiunio
1731 1586 1893 1628 sacrifi-

1060 1643 1177 1684 cium
1199 1644 1430 1693 attingere,
1453 1654 1543 1683 non
1566 1641 1711 1683 solum
1734 1642 1779 1683 in
1802 1644 1892 1695 my-

1060 1699 1171 1740 stica
1188 1711 1305 1740 nunc
1325 1702 1369 1739 et
1390 1710 1498 1739 vera
1515 1697 1602 1739 Dei
1620 1697 1892 1749 adoratione,

1059 1753 1140 1796 sed
1161 1766 1244 1796 nec
1266 1754 1311 1795 in
1328 1753 1419 1803 illa,
1446 1753 1491 1794 in
1515 1766 1603 1806 qua
1625 1753 1892 1795 sacrificium

1059 1810 1303 1852 secundum
1329 1809 1473 1861 legem
1498 1809 1543 1850 in
1570 1809 1713 1860 figura
1738 1809 1892 1852 offere-

1057 1865 1199 1908 batur.
1230 1866 1450 1918 Jejunium
1471 1865 1614 1906 Eliam
1635 1878 1809 1917 magnae
1832 1866 1892 1907 vi-

1059 1922 1196 1963 sionis
1227 1923 1525 1974 spectatorem
1555 1921 1673 1963 fecit:
1707 1921 1891 1974 quadra·

1057 1979 1178 2029 ginta
1200 1990 1391 2030 namque
1416 1977 1587 2019 dierum
1609 1977 1768 2029 jejunio
1791 1990 1891 2019 cum

1058 2034 1248 2075 animam
1292 2036 1545 2086 purgasset,
1589 2033 1635 2074 in
1678 2033 1890 2086 spelunca

1057 2090 1230 2139 meruit,
1268 2095 1479 2142 quantum
1513 2089 1581 2130 fas
1618 2094 1686 2131 est
1714 2089 1890 2140 homini,

1056 2146 1201 2188 Deum
1231 2146 1390 2188 videre.
1434 2146 1614 2198 Moyses
1645 2147 1806 2188 iterum
1831 2145 1890 2187 10-

1056 2214 1157 2252 gem
1180 2201 1418 2254 accipienS,
1448 2203 1609 2243 iterum
1636 2202 1795 2254 jejunia
1826 2214 1890 2243 se-

1057 2261 1184 2299 cutus
1212 2262 1289 2299 est.
1328 2257 1539 2299 Ninivitae
1566 2258 1650 2299 nisi
1677 2270 1777 2299 cum
1803 2257 1889 2300 illis

1057 2318 1101 2354 et
1124 2313 1255 2355 bruta
1278 2313 1558 2365 jejunassent,
1586 2315 1724 2355 ruinae
1748 2313 1889 2355 minas

1056 2371 1337 2421 nequaquam
1355 2373 1610 2411 evasissent.
1637 2370 1690 2410 In
1709 2369 1887 2412 deserto

1055 2429 1204 2466 autem
1232 2429 1525 2476 quorumnam
1551 2425 1751 2468 membra
1778 2425 1888 2468 ceci·

1057 2478 1238 2521 derunt?
1263 2493 1408 2523 nonne
1427 2482 1618 2532 illorum,
1639 2482 1715 2534 qui
1733 2493 1888 2523 carnes

1054 2534 1333 2588 appetivere?

1110 2592 1159 2643 R.
1175 2592 1352 2643 Moyses
1371 2593 1560 2635 famulus
1578 2593 1663 2635 Dei
1681 2593 1886 2644 jejunavit

1055 2647 1344 2699 quadraginta
1365 2648 1519 2690 diebus
1535 2654 1580 2691 et
1596 2649 1886 2701 quadraginta

1053 2702 1273 2745 noctibus:
1297 2703 1321 2727 *
1344 2703 1404 2745 Ut
1427 2704 1570 2755 legem
1594 2705 1773 2746 Domini
1798 2717 1885 2746 me-
