2028 2892
544 172 644 207 Infra
673 174 962 211 Hebdomadam
988 179 1038 212 iii.
1064 186 1150 222 post
1177 180 1254 214 Oct.
1283 182 1448 216 s‘uschzc.

459 266 608 307 Lectio
630 268 669 307 ii.

231 323 250 360 t
274 332 373 361 cum
399 322 642 373 aperuisset
669 321 826 363 librum
869 326 969 375 qua-

236 380 338 417 tuor
363 376 580 427 animalia,
616 382 660 418 et
688 378 839 429 viginti
869 383 969 431 qua-

146 435 248 488 tuor
289 433 484 474 seniores
527 432 779 477 ceciderunt
823 448 969 477 coram

146 487 285 538 Agno,
305 488 516 531 habentes
537 490 693 541 singuli
708 491 906 543 citharas,
926 498 969 534 et

144 543 314 596 phialas
346 549 500 587 aureas
528 547 680 599 plenas
714 547 968 590 odoramen-

144 602 300 650 torum,
322 614 419 653 quae
442 607 543 644 sunt
562 604 784 646 orationes
801 608 968 647 sancto-

145 669 257 698 rum:
295 663 338 700 et
376 659 610 701 cantabant
647 661 863 702 canticum
895 675 968 703 no-

143 727 262 763 vum,
287 713 499 757 dicentes:
523 716 690 767 Dignus
715 730 762 758 es
781 718 968 759 Domine

144 772 346 823 accipere
364 770 539 821 librum,
569 778 612 814 et
635 776 805 826 aperire
830 775 967 825 signa-

146 825 243 867 cula
270 828 374 879 ejus:
411 828 616 879 quoniam
641 832 811 871 occisus
838 843 899 880 eS,
926 835 969 872 et

142 881 366 925 redemisti
383 897 464 925 nos
483 885 580 926 Deo
600 886 644 926 in
663 887 870 937 sanguine
889 892 966 928 tuo

144 951 199 980 ex
217 939 334 980 omni
353 940 480 991 tribu,
500 946 544 983 et
556 941 713 993 lingua,
733 947 776 985 et
790 943 966 996 populo,

145 999 188 1036 et
211 996 402 1038 nati6ne:
431 1002 474 1039 et
496 998 638 1040 fecisti
662 1013 744 1041 nos
768 1000 864 1041 Deo
892 1013 966 1041 no-

145 1055 237 1093 stro
257 1065 454 1103 regnum,
480 1059 524 1096 et
547 1054 813 1098 sacerdotes:
838 1061 880 1098 et
903 1069 965 1098 re-

141 1108 371 1160 gnabimus
391 1123 523 1163 super
541 1115 713 1153 terram.

196 1173 246 1224 R.
277 1170 553 1214 Deeantabat
588 1173 779 1226 populus
813 1173 966 1225 Israel,

140 1224 326 1279 alleluja;
352 1232 396 1269 et
419 1229 622 1271 universa
645 1229 878 1272 multitudo
898 1231 923 1271 J
925 1244 965 1271 a·

140 1281 224 1324 cob
250 1283 434 1326 canebat
461 1284 667 1337 legitime:
691 1288 714 1312 *
741 1287 797 1328 Et
820 1286 966 1329 David

141 1351 239 1380 cum
276 1340 526 1383 cauteribus
569 1342 779 1384 citharam
813 1356 964 1396 percu-

138 1395 276 1438 tiebat
299 1396 344 1438 in
368 1395 501 1439 domo
524 1398 716 1449 Domini,
745 1404 788 1441 et
811 1399 964 1442 laudes

138 1451 236 1494 Deo
280 1453 484 1504 canebat,
538 1454 728 1508 alleluja,
783 1455 963 1509 alleluja.

141 1504 193 1556 V.
214 1507 482 1551 Sanctificati
507 1515 608 1552 sunt
633 1524 737 1563 ergo
762 1511 963 1554 sacerdo-

138 1569 206 1606 tes
235 1570 279 1607 et
304 1565 463 1607 levitae:
497 1571 540 1608 et
571 1568 799 1610 universus
827 1569 963 1610 Israel

140 1618 386 1664 deducebat
413 1635 559 1664 arcam
584 1623 764 1667 fo'ederis
786 1626 963 1667 Demini

139 1676 184 1718 in
203 1677 350 1730 jubilo.
385 1678 443 1720 Et
465 1679 620 1722 David.
658 1681 809 1723 Gloria
830 1682 960 1724 Patri.

138 1732 195 1775 Et
212 1733 368 1777 David.

1023 273 1210 322 quatuor
1229 274 1428 316 animalia
1447 275 1664 320 dicebant:
1688 279 1838 321 Amffl1.

1021 327 1078 368 Et
1109 328 1260 378 viginti
1293 333 1478 382 quatuor
1505 335 1697 377 seniores
1731 337 1837 378 ceci-

1022 381 1179 425 derunt
1201 385 1243 425 in
1269 386 1401 428 facies
1426 401 1540 430 suas:
1569 395 1612 432 et
1631 391 1836 434 adorave-

1021 444 1121 481 runt
1152 441 1368 484 viventem
1397 444 1439 484 in
1473 448 1631 488 saecula
1659 449 1836 489 saeculo-

1020 508 1126 537 rum.

1078 556 1139 595 Te
1157 554 1299 595 Deum
1316 555 1552 598 laudamus.
1571 560 1628 600 15.

1077 617 1142 657 Ad
1164 618 1320 659 Bened.
1344 620 1438 659 Ant.
1464 621 1587 661 Mane
1602 621 1836 675 nobiscum,

1021 671 1044 696 *
1065 672 1270 722 quoniam
1293 672 1630 727 advesperascit,
1657 683 1699 720 et
1721 680 1835 721 incli-

1019 729 1120 768 nata
1140 733 1206 770 est
1224 730 1307 780 jam
1326 729 1430 780 dies,
1454 731 1633 785 alleluja.

1076 787 1143 827 Ad
1162 787 1329 837 Magnis.
1354 790 1448 828 Ant.
1468 789 1663 831 Tristitia
1681 796 1835 842 vestra,

1018 840 1042 935 ἶ
1060 839 1244 936 ῗιΠθΙίιῇἃ,
1264 844 1458 884 vertetur
1476 844 1519 885 in
1538 845 1757 898 gaudium,
1780 849 1835 889 al-

1035 909 1058 937 e
1076 910 1155 948 uJa.

1227 990 1387 1026 Feria
1417 991 1625 1038 Quinta.

1023 1046 1084 1086 De
1106 1045 1217 1087 libro
1238 1047 1529 1101 Apocalypsis
1552 1049 1669 1091 beati
1683 1051 1710 1091 'J
1713 1053 1833 1094 oanis

1323 1105 1537 1158 Apostoli.

1124 1165 1275 1206 Lectio
1298 1168 1318 1205 i.
1558 1170 1656 1220 Cap.
1678 1172 1732 1209 15.

1023 1223 1094 1271 Τῖ
1104 1223 1121 1260 t
1139 1219 1228 1261 vidi
1247 1220 1363 1262 aliud
1380 1222 1548 1273 signum
1562 1224 1604 1264 in
1620 1225 1732 1266 coelo
1746 1239 1831 1266 ma-

1040 1275 1090 1314 [J
1115 1290 1255 1328 gnum,
1276 1282 1318 1319 et
1332 1279 1538 1329 mirabile,
1558 1280 1749 1331 Angelos
1769 1295 1830 1324 se-

1015 1338 1149 1385 ptem,
1172 1333 1382 1375 habentes
1401 1335 1552 1387 plagas
1572 1342 1738 1389 septem
1758 1351 1830 1379 no-

1015 1391 1226 1431 vissimas:
1246 1391 1458 1440 Queniam
1476 1393 1519 1432 in
1537 1392 1619 1433 illis
1636 1406 1829 1435 consum-

1014 1449 1130 1488 mata
1150 1451 1215 1487 est
1234 1447 1298 1486 ira
1311 1447 1405 1488 Dei.
1434 1448 1490 1489 Et
1507 1447 1595 1489 vidi
1611 1454 1829 1501 tamquam

1014 1516 1132 1544 mare
1151 1505 1334 1543 vitreum
1352 1504 1526 1545 mistum
1544 1504 1658 1555 igne,
1678 1511 1721 1547 et
1741 1519 1826 1556 eos,

1015 1559 1089 1610 qui
1107 1559 1302 1600 vicerunt
1320 1559 1517 1610 bestiam,
1539 1566 1581 1602 et
1598 1561 1826 1612 imaginem

1014 1616 1116 1667 ejus,
1161 1620 1204 1656 et
1243 1619 1467 1657 numerum
1502 1617 1685 1657 neminis
1722 1619 1824 1670 ejus,

1013 1676 1177 1713 stantes
1209 1685 1338 1724 super
1369 1685 1487 1713 mare
1517 1675 1715 1723 vitreum,
1754 1674 1825 1715 ha-

1012 1727 1164 1769 bentes
1192 1727 1378 1769 citharas
1406 1729 1503 1769 Dei:
1534 1733 1577 1770 et
1604 1732 1824 1771 cantantes

1012 1784 1227 1825 canticum
1245 1784 1386 1836 Moysi
1405 1784 1518 1825 servi
1536 1784 1635 1834 Dei,
1661 1790 1704 1827 et
1726 1788 1823 1827 can-

1010 1841 1144 1881 ticum
1171 1840 1300 1892 Agni,
1333 1840 1539 1882 dicentes:
1576 1842 1748 1892 Magna,
1781 1847 1822 1883 et

1009 1896 1221 1937 mirabilia
1248 1901 1346 1938 sunt
1378 1899 1511 1949 opera
1537 1902 1610 1938 tua
1636 1898 1820 1939 Domine

1009 1953 1130 1994 Deus
1162 1955 1448 2005 omnipotens:
1480 1954 1604 2004 justae
1638 1959 1682 1995 et
1706 1967 1820 1995 verae

1009 2013 1109 2050 sunt
1151 2009 1233 2050 viae
1277 2014 1377 2058 tuae,
1422 2009 1517 2050 Rex
1554 2009 1818 2051 saeculorum.

1009 2065 1114 2114 Quis
1146 2078 1232 2106 non
1264 2064 1432 2106 timebit
1462 2070 1507 2106 te
1537 2065 1735 2115 Domine,
1776 2070 1818 2106 et

1007 2121 1300 2171 magnificabit
1335 2134 1491 2163 nomen
1526 2119 1667 2162 tuum?
1717 2121 1818 2172 quia

1007 2176 1126 2217 solus
1144 2177 1242 2230 pius
1262 2190 1322 2218 es:
1342 2177 1542 2229 queniam
1556 2189 1703 2217 omnes
1717 2189 1815 2227 gen-

1005 2236 1072 2273 tes
1096 2233 1286 2282 venient‚
1315 2238 1358 2275 et
1386 2232 1627 2274 adorabunt
1648 2232 1691 2272 in
1717 2244 1815 2273 con-

1006 2290 1160 2340 spectu
1188 2294 1279 2339 tuo,
1321 2288 1522 2340 quoniam
1555 2286 1710 2338 judicia
1740 2292 1815 2328 tua

1004 2345 1230 2386 manifesta
1249 2350 1357 2386 sunt.

1059 2403 1109 2454 R.
1130 2401 1297 2452 Dignus
1317 2413 1362 2442 es
1381 2400 1575 2440 Domine.
1594 2399 1693 2439 290.

439 1787 590 1830 Lectio
609 1790 664 1830 iii.

223 1845 243 1883 t
259 1841 363 1894 vidi,
383 1847 426 1885 et
443 1843 587 1886 audivi
601 1858 754 1887 vocem
774 1845 960 1897 Angelo-

222 1910 318 1940 rum
335 1899 571 1941 multorum
588 1902 632 1942 in
647 1901 830 1943 circuitu
844 1901 959 1943 thro-

140 1954 200 2003 ni,
230 1958 273 1996 et
296 1956 561 2007 animalium,
590 1962 634 1998 et
657 1958 889 1999 seniorum:
917 1962 960 1999 et

140 2013 234 2050 erat
269 2014 474 2054 mimerus
515 2015 666 2055 eorum
702 2013 835 2055 millia
869 2013 959 2054 mil-

138 2064 258 2115 lium,
291 2065 526 2110 dicentium
551 2082 661 2111 voce
685 2082 854 2120 magna:
886 2070 958 2110 Di-

139 2134 249 2172 gnus
278 2128 344 2165 est
370 2123 541 2175 Agnus,
574 2126 647 2177 qui
679 2128 849 2167 occisus
882 2130 958 2175 est,

139 2180 339 2231 accipere
362 2181 583 2231 virtutem,
611 2187 664 2223 et>
679 2180 958 2231 divinitatem,

140 2238 185 2277 et
206 2235 481 2287 sapientiam,
509 2242 553 2279 et
572 2236 886 2286 fortitudinem,
915 2241 958 2278 et

138 2289 365 2342 honorem,
400 2298 444 2334 et
473 2294 672 2345 gloriam,
712 2299 755 2335 et
785 2292 956 2335 benedi-

138 2346 337 2389 ctionem.
389 2350 447 2391 Et
491 2363 663 2391 omnem
703 2353 956 2398 creaturam,

139 2415 238 2454 quae
254 2403 298 2444 in
318 2405 432 2446 coelo
453 2410 535 2456 est,
563 2411 607 2448 et
631 2419 762 2458 super
786 2411 956 2454 terram,
1419 2456 1426 2463 ⁸
1479 2455 1501 2463 ..

137 2463 182 2500 et
200 2459 281 2501 sub
300 2465 433 2511 terra,
461 2467 506 2503 et
529 2474 628 2514 quae
653 2467 752 2503 sunt
774 2462 818 2502 in
837 2461 955 2510 mari,
1310 2457 1460 2524 LectJO·
1476 2470 1513 2494 1¹·
1762 2516 1771 2527 ,

139 2519 183 2556 et
203 2527 302 2567 quae
319 2517 364 2558 in
383 2530 451 2559 eo:
476 2531 626 2559 omnes
650 2517 795 2559 audivi
815 2516 954 2559 dicen·
1007 2509 1106 2613 Et
1131 2521 1233 2570 post
1256 2516 1350 2557 haec
1375 2514 1476 2564 vldl,
1508 2518 1551 2555 et
1575 2527 1676 2556 ecce
1693 2528 1813 2579 aper:

137 2575 219 2612 tes:
256 2572 433 2615 Sedenti
460 2574 504 2615 in
531 2574 710 2624 throno,
743 2578 787 2615 et
813 2573 955 2623 Agno:
991 2620 994 2625 ι
1092 2578 1184 2615 tum
1215 2577 1280 2614 est
1311 2570 1517 2622 templum
1547 2570 1813 2635 tabernacuh

136 2625 396 2679 benedictio,
423 2635 467 2672 et
484 2630 641 2681 honor,
670 2635 714 2671 et
731 2629 883 2680 gloria,
912 2633 956 2670 et
1003 2628 1237 2670 testimonii
1254 2628 1297 2667 in
1316 2626 1443 2667 coelo:
1466 2630 1509 2667 et
1533 2628 1728 2668 exierunt
1750 2639 1812 2668 se-

137 2685 334 2733 potestas
352 2685 396 2726 in
419 2685 580 2727 saecula
598 2685 867 2727 saeculorum.
899 2684 955 2725 Et
1003 2689 1123 2736 ptem
1140 2682 1294 2733 Angeli
1311 2681 1522 2724 habentes
1540 2687 1708 2735 septem
1724 2682 1812 2735 pla·

1547 2811 1590 2843 20

287 2825 350 2849 Pars
367 2825 460 2850 Vama.
