2066 2956
802 188 856 221 ss.
885 186 1067 220 Sindonis
1094 184 1135 218 Ι).
1162 185 1204 217 N.
1230 185 1262 218 .1.
1288 185 1326 218 C.

270 282 317 332 X.
357 284 508 327 Omnis
548 289 665 325 terra
702 282 856 324 adoret
895 287 954 332 te,
993 286 1036 323 et

217 342 374 394 psallat
392 341 481 383 tibi.
518 342 564 392 Ix‘g.
590 340 810 381 Psalmum
829 338 945 381 dicat
963 340 1037 379 no-

217 398 317 439 mini
336 404 411 440 tuo
431 398 628 439 Domine.

220 468 367 509 Lectio
393 468 530 509 sancti
554 466 777 517 Evangelii
799 465 1037 507 seeundum

523 524 728 565 Marcum.

321 583 467 622 Lectio
491 583 554 621 vii.
700 584 800 633 (lap.
823 584 876 621 15.
893 582 930 621 d.

214 641 290 747 In
320 645 394 686 illo
431 647 644 699 tempore:
681 645 789 686 Cum
821 645 904 696 jam
937 656 1036 685 sero

277 707 391 743 esset
409 702 580 752 factum,
599 702 715 754 (quia
731 706 824 742 erat
837 701 1036 753 parasce-

215 771 279 808 ve,
305 758 423 811 quod
443 764 510 800 est
529 764 629 799 ante
649 757 893 808 sabbatum)
918 757 1037 798 venit

215 816 238 856 J
242 815 381 868 oseph
405 815 459 857 ab
480 814 760 864 Arimathaea,
785 813 941 855 nobilis
966 812 1037 855 de-

215 873 353 921 curio,
380 872 452 924 qui
477 877 519 913 et
543 872 637 924 ipse
663 875 755 912 erat
775 872 1037 923 exspectans

214 941 394 979 regnum
413 928 506 969 Dei.
533 928 589 969 Et
608 927 786 979 reliqua.

312 1006 494 1048 llomilia
514 1004 789 1047 Venerabilis
812 1004 946 1047 Bedae

494 1062 759 1115 Presbyteri.

399 1125 435 1157 111
455 1124 532 1157 Fer.
553 1124 613 1156 ΠΙ.
634 1124 855 1156 Ῑ’;ι]ιη;ιι·ιιῐη.

225 1205 230 1238 f
311 1186 533 1226 arasceve
548 1196 700 1235 graece,
718 1183 850 1224 latine
869 1195 1036 1235 praepa-

470 1239 1036 1350 dm

435 1330 444 1348 5

215 1353 387 1404 bantur,
433 1360 601 1395 sextam
639 1353 811 1395 sabbati
847 1352 1037 1406 appella-

214 1411 335 1460 bant,
385 1424 436 1453 eo
477 1410 596 1463 quod
634 1410 677 1451 in
714 1409 787 1451 illa
822 1422 886 1459 ea,
940 1422 1038 1462 quae

215 1467 380 1520 requiei
409 1467 579 1509 sabbati
606 1466 852 1508 necessaria
881 1470 1037 1512 essent,

215 1526 465 1577 praeparare
477 1524 682 1573 solerent;
693 1524 810 1575 juxta
820 1522 906 1564 hoe
918 1522 1037 1574 quod

217 1579 270 1622 de
310 1593 466 1622 manna
508 1579 727 1633 quondam
768 1580 1037 1632 praeceptum

217 1643 295 1679 est:
319 1638 452 1679 Sexta
475 1642 618 1679 autem
638 1637 708 1678 die
728 1636 941 1687 colligetis
961 1636 1037 1677 du-

216 1694 347 1747 plum.
384 1694 494 1744 Quia
519 1706 622 1744 ergo
648 1698 770 1735 sexta
799 1692 870 1734 die
898 1693 1036 1734 factus

218 1754 283 1791 est
300 1750 448 1798 homo,
478 1755 520 1791 et
543 1755 636 1791 tota
661 1755 727 1791 est
750 1748 899 1791 mundi
922 1762 1036 1791 crea-

218 1809 315 1847 tura
333 1806 540 1859 perfecta3
565 1806 750 1859 septima
774 1811 919 1848 autem
939 1808 1036 1847 con-

219 1861 334 1904 ditor
353 1862 407 1904 ab
427 1865 560 1915 opere
580 1876 659 1904 suo
679 1863 903 1915 requievit,
922 1862 1037 1904 unde

219 1924 261 1960 et
272 1918 393 1969 hanc,
405 1918 645 1968 sabbatum,
655 1918 740 1960 hoc
752 1924 828 1968 est,
843 1919 1037 1970 requiem

219 1974 355 2016 voluit
373 1975 598 2027 appellari:
617 1980 734 2017 recte
749 1974 951 2016 Salvator
971 1976 1038 2016 ea-

219 2030 318 2072 dem
343 2038 467 2073 sexta
492 2030 561 2073 die
585 2032 815 2072 crucifixus
838 2030 1038 2072 humanae

218 2088 544 2129 restauratit'mis
586 2087 782 2140 implevit
818 2090 1039 2138 arcanum3

218 2143 423 2196 ideoque,
455 2157 553 2185 cum
585 2146 826 2196 accepisset
857 2145 1038 2194 acetum,

220 2199 341 2242 dixit:
369 2200 726 2242 Consummatum
750 2206 830 2250 est3
859 2200 943 2241 hoc
963 2206 1039 2251 est,

219 2262 354 2298 sextae
379 2256 479 2306 diei,
508 2257 627 2309 quod
651 2270 734 2310 pro
760 2256 909 2298 mundi
933 2258 1038 2299 refe-

220 2313 361 2354 ctione
380 2314 561 2366 suscepi,
580 2315 664 2366 jam
682 2318 823 2355 totum
842 2318 908 2355 est
927 2326 1039 2366 opus

221 2369 449 2420 expletum.
501 2370 694 2412 Sabbato
726 2375 872 2411 autem
903 2370 947 2410 in
976 2383 1039 2411 se-

220 2424 402 2476 pulchro
435 2427 728 2478 requiescens,
762 2427 1039 2467 resurrectio-

220 2480 301 2528 nis,
330 2493 426 2532 quae
452 2484 607 2523 octava
633 2481 702 2524 die
727 2485 911 2523 ventura
936 2487 1039 2531 erat,

221 2537 503 2588 exspectabat
523 2540 735 2579 eventum.

277 2592 320 2642 R·-
357 2596 573 2639 Mercatus
606 2603 672 2639 est
699 2597 863 2650 Joseph
895 2597 1036 2639 sindo-

221 2663 319 2691 nem
337 2652 558 2702 mundam,
586 2659 632 2694 ut
656 2654 897 2695 invelveret
921 2654 963 2694 in
988 2667 1036 2695 ea

221 2719 380 2759 corpus
411 2708 598 2749 Demini.
629 2699 650 2721 *
675 2710 808 2751 Venit
839 2722 959 2761 ergo,
995 2716 1038 2752 et

1089 280 1188 321 tulit
1207 292 1368 332 corpus
1390 280 1490 331 ejus.
1524 281 1571 331 R·.
1593 280 1784 330 Rogavit
1800 280 1911 321 Pila-

1088 342 1181 378 tum
1199 336 1223 377 J
1225 336 1365 389 oseph
1383 336 1438 378 ab
1459 336 1743 385 Arimathaea‚
1766 340 1815 378 ut
1832 336 1911 378 ῒόΙ-

1089 393 1199 434 leret
1218 405 1379 446 corpus
1398 393 1423 433 J
1425 406 1513 435 esu.
1542 392 1687 434 Venit.

1378 447 1525 488 Lectio
1546 449 1627 487 viii.

1091 500 1284 605 Venit,
1308 506 1465 558 inquit,
1488 506 1512 547 J
1515 504 1655 559 oseph
1673 504 1728 547 ab
1747 504 1913 546 Arima-

1191 562 1322 613 thaea,
1354 562 1512 605 nobilis
1541 562 1737 611 decurio,
1769 562 1843 614 qui
1871 567 1914 604 et

1089 619 1183 672 ipse
1210 625 1303 661 erat
1329 621 1589 672 exspectans
1615 631 1796 670 regnum
1821 618 1913 668 Dei,

1090 681 1133 718 et
1164 676 1372 718 audacter
1403 676 1598 718 introivit
1628 676 1685 717 ad
1715 674 1914 725 Pilatum,

1090 738 1133 774 et
1151 733 1277 786 petiit
1301 746 1461 786 corpus
1479 733 1593 774 Jesu.
1628 732 1800 783 Magnae
1825 732 1914 784 qui-

1091 790 1190 831 dem
1209 791 1233 831 J
1237 790 1376 843 oseph
1400 790 1483 831 iste
1508 789 1730 841 dignitatis
1757 788 1813 830 ad
1837 791 1914 830 sae-

1090 846 1249 895 culum,
1295 846 1374 888 sed
1409 847 1586 898 majoris
1623 844 1740 898 apud
1772 845 1916 886 Deum

1088 903 1231 945 meriti
1249 903 1382 945 fuisse
1396 902 1609 944 laudatur.
1632 902 1785 943 Talem
1798 914 1915 943 nam-

1091 973 1175 1012 que
1213 962 1422 1002 exsistere
1457 958 1643 1002 decebat
1679 972 1795 1009 eum,
1840 959 1915 1011 qui

1091 1030 1250 1069 corpus
1283 1016 1460 1058 Domini
1497 1016 1720 1069 sepeliret,
1762 1015 1836 1068 qui
1872 1021 1916 1057 et

1089 1087 1167 1127 per
1191 1074 1396 1126 justitiam
1419 1074 1677 1116 meritorum
1699 1072 1777 1114 tali
1795 1072 1915 1113 mini-

1090 1131 1223 1172 sterio
1251 1130 1406 1181 dignus
1433 1135 1564 1180 esset,
1593 1134 1636 1171 et
1660 1142 1740 1182 per
1764 1127 1915 1170 nobili-

1089 1189 1225 1229 tatem
1249 1187 1460 1240 potentiae
1485 1185 1708 1227 saecularis
1736 1184 1914 1227 faculta-

1089 1249 1178 1285 tem
1210 1248 1363 1296 posset
1395 1243 1593 1285 obtinere
1624 1240 1916 1291 ministrandi3

1090 1312 1177 1341 non
1203 1300 1316 1341 enim
1341 1299 1523 1352 quilibet
1542 1300 1716 1350 ignatus
1735 1302 1810 1339 aut
1828 1310 1915 1339 me-

1092 1356 1252 1398 diocris
1278 1356 1334 1397 ad
1357 1355 1593 1409 praesidem
1616 1353 1845 1404 accedere,
1873 1359 1917 1396 et

1092 1413 1287 1454 crucifixi
1305 1425 1466 1466 corpus
1480 1414 1655 1466 poterat
1668 1412 1916 1464 impetrare.

1144 1466 1190 1515 R:-
1210 1470 1320 1511 Haec
1340 1474 1407 1511 est
1427 1468 1585 1510 sindon
1605 1467 1873 1520 dignissima,
1890 1468 1912 1491 *

1091 1526 1142 1567 In
1167 1539 1252 1579 qua
1275 1526 1426 1568 salutis
1450 1530 1602 1567 auctor
1622 1524 1678 1567 de
1697 1536 1825 1567 cruce
1845 1523 1916 1565 de-

1091 1584 1261 1636 p6situs
1280 1583 1443 1625 inv61vi
1462 1582 1664 1634 dignatus
1684 1586 1762 1623 est.
1787 1574 1836 1626 V·
1859 1581 1917 1623 Ut

1091 1652 1171 1681 nos
1191 1639 1437 1692 consepulti
1456 1652 1555 1681 cum
1574 1652 1644 1689 eo,
1663 1638 1824 1680 veteris
1842 1637 1917 1679 ho-

1091 1697 1218 1737 minis
1236 1696 1403 1738 exuviis
1419 1695 1643 1749 depositis,
1658 1694 1916 1737 innocentiae

1092 1752 1273 1794 sindone
1292 1754 1549 1803 tegeremur.
1575 1754 1627 1794 In
1647 1764 1744 1805 qua.
1765 1751 1918 1793 Gloria

1091 1809 1221 1851 Patri.
1248 1810 1299 1850 In
1319 1822 1414 1862 qua.

1141 1862 1272 1896 Lectio
1299 1861 1346 1895 ix.
1374 1862 1420 1896 de
1446 1862 1616 1898 Homilia
1640 1865 1772 1900 Feriae.

1143 1912 1206 1954 Te
1224 1913 1367 1955 Deum
1384 1913 1624 1955 laudamus.
1642 1913 1701 1954 15.

1357 1987 1434 2028 Ad
1455 1986 1651 2028 Laudes

1293 2051 1311 2074 e
1329 2046 1342 2075 t
1381 2052 1405 2084 p
1423 2052 1443 2075 e
1461 2053 1479 2075 r
1516 2043 1550 2077 H
1568 2054 1590 2078 o
1609 2055 1627 2078 r
1644 2055 1664 2077 a
1682 2054 1709 2078 s.

1145 2091 1243 2132 Ant.
1265 2091 1292 2129 1.
1317 2092 1483 2146 Joseph
1501 2092 1660 2135 nobilis
1679 2092 1874 2143 decurio,
1892 2093 1916 2119 *

1091 2149 1156 2190 vir
1180 2148 1322 2191 bonus
1347 2154 1391 2191 et
1416 2150 1569 2201 justus,
1597 2154 1641 2191 et
1662 2149 1758 2202 ipse
1782 2148 1916 2198 dives,

1092 2210 1184 2247 erat
1203 2207 1463 2259 exspectans
1482 2219 1663 2257 regnum
1680 2206 1776 2248 Dei.

1143 2264 1206 2303 Ps.
1239 2262 1451 2304 D6minus
1470 2263 1677 2314 regnavit.
1697 2264 1756 2304 16.

1141 2321 1175 2359 2.
1218 2319 1305 2360 Hic
1337 2318 1546 2361 audacter
1578 2322 1602 2347 *
1632 2319 1829 2361 introivit
1859 2317 1916 2359 ad

1091 2374 1288 2425 Pilatum,
1310 2380 1354 2417 et
1372 2376 1497 2428 petiit
1516 2389 1678 2429 corpus
1696 2376 1722 2417 J
1723 2388 1812 2417 esu.

1142 2435 1177 2471 33.
1206 2434 1319 2473 Cum
1345 2435 1625 2483 cognovisset
1649 2434 1672 2459 *
1698 2432 1865 2473 Pilatus
1891 2443 1916 2472 a

1091 2488 1359 2537 centurione,
1386 2488 1506 2539 quod
1529 2489 1613 2540 jam
1634 2490 1833 2530 mortuus
1853 2499 1915 2528 es-

1091 2549 1167 2594 set,
1188 2543 1367 2586 donavit
1387 2557 1547 2597 corpus
1565 2545 1589 2585 J
1593 2558 1680 2587 esu.

1142 2601 1177 2639 4.
1204 2600 1368 2653 Joseph
1387 2606 1532 2642 autem
1550 2602 1573 2626 ¹⁸¹
1592 2602 1810 2642 mercatus
1829 2603 1911 2642 sin-

1091 2654 1260 2753 dordem’
1289 2661 1332 2698 et
1351 2656 1575 2709 depenens
1600 2669 1709 2707 eum,
1734 2656 1916 2699 involvit

1090 2724 1155 2752 sm
1189 2724 1283 2753 one.
