2028 2892
697 209 796 241 Infra
824 207 1118 241 llcbdomadam
1146 206 1358 240 Passionis.

173 310 216 346 et
234 309 420 355 gentem.
446 304 729 356 Temporalia
747 302 935 356 perdere
953 303 1002 344 ti-

172 362 391 409 muerunt,
429 365 473 401 et
504 360 640 402 vitam
674 361 883 401 aeternam
915 371 1001 399 non

173 417 486 466 cogitaverunt,
505 429 556 457 ac
572 417 636 457 sic
650 419 885 467 utrumque
900 415 1003 456 ami·

171 474 332 514 serunt.

224 540 273 590 R.
292 537 413 579 Deus
432 550 556 579 meus
576 550 623 578 es
643 541 707 586 tu,
727 550 781 577 ne
802 534 1004 578 discedas

173 605 197 633 a
220 605 305 634 me:
322 596 345 619 *
371 594 589 643 Queniam
612 592 835 634 tribulatio
860 592 1004 644 prexi-

172 662 243 689 ma
281 654 362 699 est,
400 655 443 692 et
478 663 566 691 non
604 654 671 691 est
707 649 781 701 qui
818 647 1004 699 adjuvet.

175 703 221 754 Y.
257 706 326 746 Tu
355 711 501 747 autem
529 706 719 747 Demine
747 718 802 746 ne
830 705 1003 754 elonga-

173 762 287 802 veris
314 762 522 803 auxilium
547 767 670 803 tuum
695 774 719 802 a
744 774 828 802 me:
856 760 913 802 ad
933 759 1003 802 de-

173 817 415 859 fensiOnem
430 831 573 859 meam
590 818 749 870 aspice.
776 817 1005 867 Quoniam.

482 890 634 929 Lectio
654 890 693 928 ii.

170 943 338 1049 Nam
379 953 423 989 et
460 948 649 989 Romani
685 952 788 1000 post
825 947 1006 988 Domini

285 1005 537 1056 passienem
570 1009 614 1045 et
641 1003 1006 1054 glorificationem

172 1059 365 1101 tulerunt
397 1061 459 1102 eis
495 1066 538 1101 et
569 1060 716 1102 locum
751 1066 794 1101 et
819 1065 1005 1111 gentem,

173 1116 467 1169 expugnando
489 1122 532 1158 et
550 1115 870 1158 transferendo:
897 1121 941 1157 et
959 1116 1005 1157 il-

173 1172 250 1213 lud
266 1185 342 1214 eos
360 1173 567 1225 sequitur,
585 1172 706 1225 quod
722 1172 824 1214 alibi
840 1171 1006 1214 dictum

174 1233 255 1270 est:
283 1229 382 1269 Filii
409 1234 555 1271 autem
580 1229 701 1280 regni
726 1229 852 1280 hujus
880 1228 1006 1270 ibunt

174 1285 217 1325 in
237 1285 441 1326 tenebras
461 1286 711 1327 exteriores.
740 1285 839 1326 Hoc
860 1290 1007 1326 autem

175 1342 431 1391 timuerunt,
464 1355 537 1391 ne,
570 1342 607 1383 si
635 1354 787 1384 omnes
815 1342 859 1382 in
888 1341 1006 1382 Chri-

174 1402 290 1438 stum
318 1398 563 1448 crederent,
591 1411 721 1439 nemo
750 1399 1006 1448 remaneret,

175 1454 249 1506 qui
281 1454 494 1496 adversus
520 1455 749 1495 Romanos
783 1455 1006 1496 civitatem

173 1510 257 1551 Dei
281 1511 581 1563 templumque
602 1510 873 1552 defenderet:
900 1513 1005 1563 quo-

173 1567 290 1607 niam
322 1572 475 1608 contra
512 1568 658 1620 ipsum
693 1568 924 1619 templum,
964 1572 1007 1609 et

174 1628 327 1664 contra
352 1636 453 1664 suas
478 1626 685 1676 paternas
707 1623 828 1674 leges
849 1624 1006 1665 doctri-

174 1692 274 1719 nam
296 1679 455 1721 Christi
476 1692 573 1721 esse
594 1680 851 1722 sentiebant.

225 1746 274 1798 R·.
304 1745 355 1784 In
381 1749 425 1785 te
450 1745 637 1795 jactatus
665 1758 761 1785 sum
788 1758 842 1786 ex
868 1748 1006 1795 utero.

175 1799 230 1841 de
254 1805 407 1842 ventre
433 1801 585 1841 matris
607 1814 717 1842 meae
738 1802 858 1842 Deus
883 1814 1007 1843 meus

175 1869 222 1897 es
238 1861 296 1905 tu,
315 1869 370 1898 ne
389 1856 592 1898 discedas
610 1870 634 1898 a
650 1870 735 1898 me:
748 1862 769 1885 *
790 1858 1007 1908 Quoniam

174 1912 400 1954 tribulatio
428 1913 628 1966 proxima
650 1919 732 1963 est,
761 1919 805 1955 et
828 1927 915 1955 non
940 1919 1007 1955 est

177 1970 251 2021 qui
279 1969 467 2021 adjuvet.
510 1967 556 2018 Y.
591 1970 722 2011 Salva
747 1983 818 2012 me
846 1983 900 2011 ex
929 1983 1006 2011 ore

174 2025 331 2076 leonis,
364 2031 408 2067 et
441 2038 466 2066 a
498 2026 704 2068 cernibus
732 2027 1006 2068 unicol‘nium

175 2081 463 2124 humilitatem
482 2095 635 2124 meam.
664 2084 891 2133 Queniam.

476 2154 628 2195 Lectio
650 2155 702 2195 iii.

172 2209 347 2315 Unus
381 2222 529 2259 autem
566 2231 620 2259 ex
657 2218 765 2270 ipsis
799 2218 1005 2270 Caiphas,

279 2285 377 2314 cum
398 2279 516 2316 esset
533 2274 736 2315 Pontifex
760 2274 861 2315 anni
880 2274 1006 2324 illius,

175 2329 285 2371 dixit
313 2331 390 2371 eis:
421 2331 516 2372 Vos
545 2330 724 2372 nescitis
755 2330 1006 2382 quidquam,

174 2398 257 2426 nec
284 2387 504 2437 cogitatis,
542 2387 645 2439 quia
674 2386 853 2439 expedit
879 2387 1005 2428 vobis

175 2446 223 2482 ut
254 2455 365 2483 unus
399 2444 614 2485 moriatur
645 2443 779 2484 homo
812 2456 895 2495 pro
928 2446 1005 2495 po-

174 2497 291 2549 pulo,
311 2504 355 2540 et
372 2512 459 2540 non
479 2505 574 2541 tota
592 2512 699 2549 gens
719 2501 883 2552 pereat.
907 2501 1007 2541 Hoc

175 2559 320 2595 autem
347 2568 371 2596 a
396 2559 634 2608 semetipso
659 2569 747 2597 non
773 2555 896 2598 dixit:
927 2556 1006 2598 sed

175 2622 274 2651 cum
294 2617 411 2653 esset
425 2612 627 2654 Pentifex
645 2613 745 2653 anni
762 2612 888 2662 illius,
907 2625 1006 2665 pro-

175 2666 383 2718 phetavit.
418 2669 501 2709 Hic
527 2669 753 2718 docemur,
778 2669 908 2710 etiam
931 2669 1006 2710 ho-

175 2723 314 2765 mines
337 2724 477 2765 malos
501 2725 748 2777 prophetiae
770 2726 925 2777 spiritu
946 2726 1007 2766 fu-

1054 304 1153 343 tura
1171 299 1429 354 praedicere:
1449 298 1572 352 quod
1584 304 1733 342 tamen
1747 299 1888 342 Evan-

1055 358 1212 408 gelista
1240 356 1390 398 divino
1419 355 1574 397 tribuit
1602 357 1890 406 sacramento,

1058 414 1159 466 quia
1178 413 1383 455 Pentifex
1402 412 1497 462 fuit,
1521 411 1575 453 id·
1587 417 1668 463 est,
1693 425 1890 454 summus

1057 469 1277 512 sacerdos,

1111 535 1161 586 R.
1177 531 1229 572 In
1247 530 1451 583 proximo
1470 534 1538 571 est
1550 528 1777 572 tribulatio
1791 542 1891 572 mea

1057 587 1258 637 Domine,
1277 592 1322 628 et
1340 599 1428 627 non
1449 591 1516 628 est
1536 586 1611 638 qui
1629 585 1822 638 adjuvet3
1842 591 1891 628 ut

1058 642 1227 685 fodiant
1250 656 1406 684 manus
1429 655 1551 683 meas
1576 647 1620 684 et
1641 642 1781 695 pedes
1803 655 1891 684 me-

1058 713 1124 740 os:
1155 699 1294 742 libera
1326 711 1397 740 me
1425 698 1481 740 de
1508 711 1585 740 ore
1613 698 1770 749 leonis,
1787 701 1811 726 *
1831 699 1892 741 Ut

1058 758 1259 797 enarrem
1303 758 1465 797 no'men
1513 759 1638 796 tuum
1681 754 1891 797 fratribus

1058 813 1179 854 meis.
1211 810 1261 861 S.
1290 813 1405 853 Erue
1430 825 1455 852 a
1477 811 1643 853 framea
1661 812 1784 853 Deus
1804 811 1892 852 ani-

1059 882 1175 910 mam
1194 881 1353 918 meam,
1371 873 1415 910 et
1434 867 1490 910 de
1509 880 1641 910 manu
1660 868 1781 910 canis
1800 867 1892 909 uni-

1058 938 1155 967 cam
1174 938 1328 966 meam.
1364 925 1435 967 Ut.
1470 926 1521 965 In
1539 925 1754 977 proximo.

1110 984 1159 1035 Y.
1199 986 1331 1039 Eripe
1366 998 1438 1027 me
1475 983 1531 1027 de
1566 985 1752 1027 inimicis
1782 985 1893 1028 meis

1059 1043 1181 1084 Deus
1205 1055 1342 1084 meus
1386 1047 1437 1098 R.
1467 1042 1525 1083 Et
1552 1041 1608 1084 ab
1633 1041 1894 1094 insurgenti-

1058 1099 1142 1140 bus
1160 1099 1205 1140 in
1223 1112 1294 1140 me
1313 1098 1453 1140 libera
1471 1111 1552 1140 me.

1111 1160 1180 1200 Ad
1210 1162 1374 1204 Bened.
1410 1165 1510 1206 Ant.
1553 1159 1894 1212 Appropinqua·

1058 1216 1136 1258 bat
1155 1221 1303 1258 autem
1317 1217 1341 1242 *
1356 1215 1451 1258 dies
1467 1215 1606 1257 festus
1621 1215 1895 1257 Iudaeorum:

1060 1278 1104 1314 et
1139 1271 1400 1325 quaerebant
1430 1272 1655 1325 principes
1690 1271 1894 1314 sacerdo-

1059 1334 1154 1370 tum
1175 1328 1401 1382 quemodo
1417 1328 1442 1369 J
1444 1341 1568 1370 esum
1585 1328 1895 1379 interficerent,

1061 1386 1140 1428 sed
1158 1385 1373 1428 timebant
1394 1384 1581 1438 plebem.

1397 1450 1563 1491 Oratio.

1133 1501 1315 1544 ordibus
1335 1503 1514 1552 nostris,
1534 1503 1788 1555 quaesumus
1805 1501 1895 1543 Do-

1143 1560 1277 1609 mine,
1308 1559 1495 1610 gratiam
1528 1563 1651 1601 tuam
1680 1556 1895 1610 benignus

1061 1615 1255 1658 infunde:
1273 1621 1321 1657 ut
1338 1618 1524 1668 peccata
1541 1619 1696 1657 nostra
1711 1614 1894 1667 castiga-

1059 1673 1179 1714 tione
1207 1672 1455 1714 voluntaria
1485 1671 1758 1721 cohibenteS,
1787 1674 1895 1714 tem-

1060 1729 1272 1782 poraliter
1292 1729 1440 1782 petius
1459 1729 1744 1778 maceremur,
1764 1740 1895 1780 quam

1061 1785 1289 1838 suppliciis
1311 1786 1574 1838 deputemur
1596 1784 1782 1826 aeternis.
1809 1784 1896 1826 Per

1060 1842 1299 1884 Deminum
1318 1847 1531 1884 nostrum.

1114 1909 1238 1942 [lodic
1265 1909 1336 1942 dic.
1363 1909 1507 1943 Psalmi
1532 1909 1836 1943 Poenitcntiales.

1111 1960 1160 2011 Y.
1188 1965 1322 2018 Eripe
1340 1977 1412 2006 me
1430 1964 1622 2006 Demine
1641 1963 1697 2005 ab
1716 1963 1894 2005 homine

1060 2022 1189 2062 malo.
1215 2022 1265 2072 R
1287 2022 1328 2062 A
1348 2022 1443 2063 viro
1463 2021 1614 2074 iniquo
1635 2020 1755 2073 eripe
1773 2032 1856 2062 me.

1112 2085 1181 2125 Ad
1211 2086 1383 2136 Magnis.
1426 2084 1524 2126 Ant.
1566 2085 1794 2138 Principes
1829 2097 1893 2126 sa-

1061 2141 1291 2184 cerdotum
1314 2143 1338 2169 *
1363 2141 1594 2184 consilium
1621 2141 1819 2183 fecerunt
1845 2146 1895 2182 ut

1059 2198 1083 2239 J
1086 2211 1209 2240 esum
1225 2198 1492 2241 occiderent:
1511 2197 1719 2240 dicebant
1732 2202 1893 2239 autem:

1059 2255 1160 2296 Non
1181 2256 1225 2296 in
1244 2255 1315 2297 die
1335 2255 1460 2305 festo,
1478 2268 1533 2297 ne
1552 2255 1667 2296 forte
1680 2253 1893 2296 tumultus

1060 2312 1188 2354 fieret
1207 2313 1251 2352 in
1270 2312 1451 2365 pepulo.

1396 2379 1560 2419 Oratio.

1132 2437 1302 2479 oncede
1330 2441 1583 2490 quaesumus
1614 2439 1893 2490 omnipotens

1145 2494 1282 2535 Deus:
1314 2499 1361 2536 ut
1394 2495 1468 2547 qui
1493 2493 1780 2547 protectionis
1804 2498 1892 2534 tuae

1059 2552 1244 2601 gratiam
1266 2551 1513 2603 quaerimus,
1531 2549 1705 2592 liberati
1723 2561 1749 2590 a
1767 2549 1892 2589 malis

1061 2607 1274 2657 Omnibus,
1294 2611 1450 2649 secura
1469 2606 1551 2648 tibi
1569 2610 1716 2648 mente
1733 2605 1892 2647 servia·

1059 2678 1168 2706 mus.
1195 2665 1279 2706 Per
1299 2664 1548 2705 Deminum.
