2066 2956
245 193 343 237 [270]

246 290 418 343 decepit
436 303 523 339 me,
549 295 593 332 et
611 288 794 331 comedi.
828 289 884 330 Et
903 288 963 330 ait
983 287 1070 328 Do-

246 346 386 387 minus
419 347 540 389 Deus
573 345 629 387 ad
662 346 927 397 serpentem:
959 344 1070 394 Quia

246 403 385 444 fecisti
410 402 511 453 hoc,
537 401 796 443 maledictus
820 413 867 443 es
891 401 1003 442 inter
1028 402 1070 440 ό-

246 459 360 501 mnia
386 459 636 508 animantia,
665 463 709 500 et
736 457 899 500 bestias
927 461 1071 498 terrae:

246 528 379 568 super
414 520 570 568 pectus
606 520 729 556 tuum
765 513 992 565 gradieris,
1028 518 1072 555 et

245 577 406 613 terram
452 570 658 613 comedes
704 570 871 611 cunctis
917 568 1072 610 diebus

246 628 347 669 vitae
366 633 466 669 tuae.
499 626 751 668 Inimicitias
774 638 937 678 ponam
960 625 1072 667 inter

246 689 288 725 te
309 689 352 725 et
371 683 615 733 mulierem,
643 688 686 725 et
709 695 857 724 semen
881 687 1005 723 tuum
1029 687 1072 723 et

247 753 394 782 semen
420 740 549 782 illius:
579 740 675 793 ipsa
708 741 905 781 conteret
941 743 1072 790 caput

247 803 385 846 tuum,
420 802 463 839 et
489 802 537 838 tu
562 795 837 837 insidiaberis
865 794 1072 836 calcaneo

249 866 349 905 ejus.

301 914 351 964 R.
376 910 528 952 Electa
547 921 654 950 mea.
673 908 784 961 [269]

473 992 520 1030 In
549 992 597 1030 II.
628 991 847 1030 Nocturno.

305 1059 399 1097 Ant,
430 1052 593 1094 Diffsisa
612 1058 679 1093 est
698 1053 720 1078 *
741 1051 879 1102 gratia
899 1050 943 1090 in
963 1050 1071 1092 Con-

250 1109 450 1162 ceptione
467 1110 568 1161 erS,
588 1114 631 1150 et
650 1108 851 1161 speciosa
871 1107 1074 1160 apparuit

248 1166 359 1207 inter
378 1165 489 1206 filias
508 1165 742 1206 heminum.

304 1227 400 1266 Ant.
429 1221 606 1273 Adji'ivit
631 1234 727 1262 eam
753 1223 776 1248 *
801 1221 921 1262 Deus
947 1233 1073 1262 mane

249 1277 460 1328 diluculo;
496 1278 783 1320 sanctificavit
818 1277 1073 1319 tabernacu-

249 1335 338 1376 lum
357 1348 483 1376 suum
503 1334 765 1376 AltissimuS.

306 1397 400 1436 Ant.
424 1391 628 1433 Gloriosa
646 1392 669 1416 *
690 1390 807 1432 dicta
826 1395 926 1431 sunt
945 1389 1000 1431 de
1020 1395 1074 1438 te,

252 1448 403 1489 civitas
431 1448 528 1489 Dei:
565 1446 762 1488 fundavit
790 1452 833 1488 te
862 1446 1074 1488 Dominus

250 1505 291 1544 in
312 1504 532 1546 montibus
552 1504 724 1546 sanctis.

306 1560 354 1611 Y.
377 1561 426 1601 In
445 1561 531 1602 hoc
551 1561 756 1612 cogn6vi,
778 1560 983 1612 quoniam
1002 1572 1075 1600 vo-

250 1618 367 1659 luisti
384 1631 465 1659 me.
502 1623 551 1674 Rg.
574 1617 789 1668 Quoniam
808 1629 896 1657 non
916 1615 1074 1667 gaude-

250 1674 313 1716 bit
332 1674 529 1716 inimicus
548 1686 671 1715 meus
691 1686 822 1726 super
841 1686 920 1714 me.

258 1752 321 1790 lix
332 1748 458 1790 Bulla
476 1747 725 1799 dogmatica
735 1747 802 1788 Pii
814 1747 949 1799 Papae
963 1746 1076 1788 noni.

556 1819 707 1859 Lectio
729 1820 779 1858 iv.

262 1882 303 1933 φῇς
323 1881 365 1933 ,423
375 1875 577 1927 psissima
603 1873 754 1922 verba,
788 1873 945 1924 quibus
972 1871 1075 1914 divi-

323 1930 361 1988 ”33
391 1943 459 1971 nae
475 1930 714 1982 Scriptarae
731 1930 786 1971 de
799 1929 993 1971 increata
1005 1929 1076 1969 Sa-

391 1987 556 2040 pientia
599 1986 853 2038 loquantur,
898 1986 1077 2037 ejusque

253 2044 539 2097 sempiternas
597 2043 786 2093 origines
840 2043 1077 2094 repraesen-

252 2106 362 2150 tant,
394 2099 620 2142 consuevit
652 2098 879 2149 (Ecclesia)
911 2103 1003 2140 tum
1036 2099 1077 2138 in

254 2156 559 2198 ecclesiasticis
575 2155 741 2204 officiis,
760 2160 852 2196 tum
871 2155 914 2195 in
934 2167 1076 2196 sacro-

253 2215 403 2255 sancta
422 2213 595 2264 liturgia
611 2210 818 2253 adhibere
836 2216 878 2252 et
894 2210 950 2252 ad
964 2211 1079 2252 illius

254 2269 446 2320 Virginis
464 2267 704 2322 primerdia
716 2267 961 2316 transferre,
981 2280 1079 2319 quae

255 2338 341 2367 uno
369 2325 614 2378 eodemque
639 2323 819 2367 decreto
848 2336 947 2367 cum
974 2322 1078 2365 divi-

254 2395 323 2423 nae
341 2382 574 2435 Sapientiae
595 2381 890 2424 incarnatione
910 2380 1080 2422 faerant

255 2440 513 2490 praestituta.
567 2438 775 2489 Quamvis
808 2442 953 2478 autem
984 2436 1080 2478 haec

257 2495 401 2536 emnia
424 2508 559 2547 penes
585 2494 738 2537 fideles
759 2494 920 2546 ubique
939 2507 1080 2546 prope

257 2553 432 2603 recepta
452 2551 695 2601 ostendant,
717 2563 803 2604 quo
820 2549 966 2592 stadio
982 2551 1082 2601 ejas·

257 2606 375 2648 modi
395 2606 450 2648 de
464 2608 747 2649 Immaculata
762 2607 955 2658 Virginis
972 2607 1080 2647 Con-

258 2663 459 2715 ceptione
497 2664 741 2705 doctrinam
777 2665 872 2717 ipsa
907 2675 1081 2715 quoque

259 2720 456 2761 Romana
489 2720 685 2762 Ecclesia
720 2721 910 2762 omnium
947 2719 1080 2761 eccle-

538 200 711 233 (mucium
740 201 909 234 votivum
938 200 983 233 dc
1011 199 1254 233 Immaculata
1282 200 1461 241 Concept.
1490 200 1528 232 Β.
1557 199 1599 232 Μ.
1626 200 1667 232 V.

1124 287 1284 328 siarum
1320 292 1460 329 mater
1496 292 1540 329 et
1575 290 1782 338 magistra
1818 289 1949 332 faerit

1124 345 1378 395 promerita,
1422 349 1569 385 tamen
1603 344 1788 386 illastria
1823 345 1975 398 huius.

1125 399 1334 441 Ecclesiae
1368 400 1483 442 facta
1515 398 1645 452 digna
1677 400 1807 454 plane
1839 407 1949 452 sunt,

1126 469 1225 508 quae
1241 457 1494 498 nominatim
1510 459 1832 507 recenseantur,
1851 471 1950 500 cum

1125 517 1246 555 tanta
1271 513 1327 554 sit
1357 512 1551 565 eji'isdem
1575 514 1786 556 Ecclesiae
1814 514 1948 566 digni-

1124 575 1191 611 tas
1228 574 1359 622 atque
1397 570 1651 621 auctoritas,
1692 576 1854 623 quanta
1888 571 1949 612 illi

1126 628 1302 668 omnino
1327 625 1529 676 debetur,
1555 639 1653 679 quae
1679 632 1746 670 est
1771 627 1949 670 cathali-

1126 695 1190 724 cae
1205 683 1400 724 veritatis
1420 688 1464 724 et
1482 683 1661 725 unitatis
1681 686 1890 734 centrum,
1907 684 1950 726 in

1127 752 1212 790 qua
1231 739 1373 781 solum
1390 739 1700 781 inviolabiliter
1714 739 1794 782 fuit
1809 745 1950 782 custo-

1127 794 1217 837 dita
1246 795 1416 847 religio,
1449 801 1492 838 et
1511 808 1580 837 ex
1613 808 1698 849 qua
1724 795 1951 838 traducem

1127 851 1230 894 fidei
1255 852 1436 904 reliquae
1462 865 1614 894 omnes
1640 852 1837 895 ecclesiae
1862 866 1951 894 mu·

1126 911 1302 951 tuentur
1322 911 1508 962 oportet.

1182 972 1227 1021 lta
1249 965 1343 1016 Ego
1363 978 1417 1007 ex
1437 978 1516 1007 ore
1533 965 1748 1008 Altissimi
1764 965 1952 1019 prodivi,

1126 1022 1416 1074 primogenita
1448 1027 1548 1064 ante
1581 1035 1754 1064 omnem
1785 1026 1951 1065 creatri-

1128 1091 1234 1119 ram:
1259 1091 1341 1130 ego
1362 1078 1445 1121 feci
1463 1079 1507 1119 in
1527 1079 1668 1128 coelis,
1692 1083 1742 1120 ut
1767 1079 1968 1121 oriretur

1127 1135 1272 1176 lumen
1289 1134 1555 1177 indeficiens.
1572 1143 1593 1165 *
1608 1135 1815 1177 Nondum
1831 1138 1954 1177 erant

1128 1192 1289 1244 abyssi,
1317 1197 1360 1233 et
1384 1204 1467 1242 ego
1487 1193 1571 1244 jam
1591 1193 1805 1244 concepta
1823 1204 1953 1234 eram.

1129 1250 1177 1299 V.
1203 1249 1324 1290 Deus
1351 1249 1465 1290 enim
1490 1249 1655 1290 creavit
1679 1261 1749 1290 me
1773 1248 1818 1290 in
1837 1249 1952 1300 justi-

1127 1306 1203 1355 tia,
1231 1312 1274 1347 et
1297 1304 1587 1358 apprehendit
1607 1318 1782 1346 manum
1801 1317 1954 1355 meam,

1129 1368 1172 1404 et
1192 1362 1383 1404 servavit
1402 1375 1482 1404 me.
1509 1361 1729 1404 Nondum.

1438 1424 1590 1465 Lectio
1610 1437 1646 1463 v.

1176 1481 1308 1527 taque
1341 1473 1495 1517 eadem
1528 1475 1728 1516 Romana
1758 1474 1956 1516 Ecclesia

1194 1532 1300 1573 nihil
1326 1531 1475 1584 potius
1503 1531 1672 1581 habuit,
1705 1544 1837 1584 quam
1869 1530 1954 1573 elo-

1131 1588 1426 1642 quentissimis
1447 1588 1694 1640 quibasque
1711 1587 1855 1630 modis
1871 1587 1954 1628 Im-

1129 1645 1391 1687 maculatam
1398 1644 1591 1696 Virginis
1602 1644 1956 1698 ConceptiOnem,

1131 1703 1309 1754 ejasque
1329 1701 1493 1742 cultum
1516 1706 1560 1743 et
1580 1700 1824 1743 doctrinam
1843 1702 1956 1742 asse-

1130 1771 1236 1807 rere,
1251 1758 1374 1806 tueri‚
1389 1759 1652 1810 promovere
1667 1763 1710 1799 et
1724 1757 1956 1799 vindicare.

1130 1815 1256 1855 Enim
1289 1826 1395 1856 vero
1421 1812 1780 1855 Praedecessores
1802 1813 1956 1854 Nostri

1131 1871 1410 1913 vehementer
1429 1870 1605 1922 gloriati
1624 1875 1740 1918 sunt,
1767 1870 1956 1922 Aposto-

1131 1928 1213 1970 lica
1233 1941 1311 1969 sua
1330 1927 1589 1969 auctoritate
1613 1926 1773 1968 festum
1792 1926 1955 1967 Conce-

1131 1985 1295 2038 ptionis
1321 1984 1364 2024 in
1390 1984 1591 2025 Romana
1617 1982 1816 2024 Ecclesia
1839 1982 1957 2024 insti-

1131 2045 1270 2091 tiiere,
1289 2054 1341 2082 ac
1359 2040 1540 2094 preprio
1561 2039 1735 2090 Officio,
1758 2038 1958 2092 propria-

1133 2111 1217 2151 que
1257 2098 1410 2146 Missa,
1461 2096 1618 2150 quibus
1661 2097 1958 2150 praerogativa

1131 2154 1415 2196 immunitatis
1452 2153 1506 2196 ab
1547 2153 1824 2196 haereditaria
1859 2151 1958 2195 labe

1132 2211 1482 2253 manifestissime
1507 2209 1803 2259 asserebatur,
1831 2211 1957 2260 auge-

1133 2281 1195 2318 re,
1221 2267 1456 2309 honestare
1482 2272 1526 2309 et
1552 2267 1716 2309 cultum
1740 2267 1824 2317 jam
1842 2265 1958 2307 insti-

1132 2328 1274 2367 t1'1tum
1302 2324 1418 2365 omni
1448 2336 1534 2376 ope
1561 2324 1841 2376 promovere,
1873 2334 1958 2363 am—

1132 2381 1339 2434 plificare,
1359 2380 1450 2422 sive
1465 2380 1656 2431 erogatis
1669 2378 1959 2430 indulgentiis,

1135 2438 1226 2479 sive
1261 2436 1467 2478 facultate
1503 2436 1668 2478 tribata
1698 2434 1958 2483 civitatibus,

1133 2493 1370 2547 provinciis
1389 2495 1633 2544 regnisque,
1655 2497 1703 2533 ut
1720 2492 1959 2544 Deiparam

1135 2550 1215 2592 sub
1234 2550 1362 2592 titulo
1382 2549 1680 2590 Immaculatae
1700 2547 1958 2600 Conceptio-

1134 2608 1201 2647 nis
1221 2608 1451 2659 patronam
1469 2604 1551 2647 sibi
1577 2604 1837 2655 deligerent,
1866 2603 1957 2645 sive

1135 2662 1433 2716 comprobatis
1448 2660 1764 2711 sodalitatibus,
1783 2672 1957 2711 congre-

1134 2719 1400 2770 gationibus,
1445 2718 1747 2770 religiosisque
1786 2716 1957 2759 familiis
