2066 2956
510 214 580 247 Die
603 214 657 247 29.
683 213 782 256 Maji.
829 214 863 248 S.
889 213 1081 247 Bonifacii
1106 213 1166 246 IV.
1197 213 1311 255 Papa:
1337 219 1371 246 ct
1398 213 1504 247 Cous.

217 313 266 364 Rz.
288 311 385 352 Lux
403 311 619 364 perpetua
641 308 804 351 lucebit
823 309 983 351 sanctis

160 369 247 411 tuis
272 367 476 416 Domine,
503 367 526 390 *
552 367 608 408 Et
634 366 852 408 aeternitas
878 368 983 407 tem-

161 438 328 478 porum,
357 423 538 476 alleluja,
567 423 747 474 alleluja.
787 416 836 467 V·
857 422 983 463 Laeti-

161 482 222 523 tia
254 481 518 533 sempiterna
556 480 638 522 erit
674 492 805 532 super
839 480 985 532 capita

163 540 327 580 eorum:
352 537 560 588 gaudium
583 542 627 578 et
652 536 986 578 exsultationem

162 594 428 637 obtinebunt.
468 594 535 635 Et.

287 676 437 718 Sermo
467 676 605 717 sancti
633 675 865 726 Augustini

464 732 686 785 Episcopi.

298 796 352 829 Dc
378 795 412 829 S.
438 795 645 838 Cypriuno,
671 803 779 826 serm.
808 793 853 825 12.

474 847 625 886 Lectio
648 860 682 885 v.

232 913 454 953 ermonem
471 910 604 961 exigit
622 915 712 952 tam
728 915 852 960 grata
865 915 908 951 et
923 923 985 951 re-

248 968 404 1018 ligiosa
425 967 692 1015 solemnitas,
718 979 801 1018 qua
820 966 986 1018 passio-

162 1037 262 1067 nem
292 1025 410 1066 beati
441 1024 644 1075 Martyris
675 1023 841 1065 Urbani
879 1023 987 1065 cele-

162 1082 350 1124 bramus.
381 1081 538 1123 Tristis
558 1080 711 1133 procul
732 1079 865 1121 dubio
885 1085 989 1121 tunc

163 1138 360 1180 Ecclesia
380 1138 473 1188 fuit,
493 1150 579 1178 non
600 1136 760 1178 damno
782 1136 989 1184 cadentis,

165 1195 244 1237 sed
272 1194 490 1236 desiderio
519 1193 782 1243 recedentis,
816 1205 989 1244 semper

165 1251 346 1305 cupiens
392 1250 543 1292 videre
593 1251 856 1303 praesentem
900 1255 989 1291 tam

164 1308 329 1351 bonum
351 1309 568 1350 rectorem
592 1312 724 1359 atque
753 1306 989 1348 doctorem.

164 1364 252 1407 Sed
274 1377 385 1417 quos
406 1363 619 1405 afflixerat
635 1362 884 1404 sollicitudo
901 1375 989 1404 cer-

165 1422 354 1472 taminis,
392 1420 618 1463 consolata
647 1426 713 1461 est
741 1421 903 1461 corona
930 1418 988 1460 vi-

166 1478 311 1520 ctoris.
370 1478 427 1520 Et
460 1490 574 1519 nunc
606 1489 693 1518 non
725 1476 866 1517 solum
897 1475 989 1516 sine

165 1535 253 1576 ulla
270 1535 463 1585 tristitia,
488 1547 640 1576 verum
663 1533 794 1574 etiam
813 1545 912 1574 cum
930 1532 989 1572 in-

164 1592 283 1643 genti
301 1591 468 1641 laetitia,
497 1595 652 1632 cuncta
677 1602 775 1641 quae
798 1594 901 1630 tunc
919 1600 988 1638 ge-

166 1655 235 1690 sta
263 1654 380 1699 sunt,
408 1647 594 1699 legendo
623 1646 867 1688 recolimus:
904 1643 989 1686 die-

168 1717 252 1757 que
271 1705 356 1747 isto
376 1704 567 1756 gaudere
587 1703 715 1744 nobis
734 1703 990 1743 concessum

167 1767 250 1809 est,
278 1774 366 1803 non
389 1761 553 1802 timere.
592 1760 748 1811 Neque
774 1759 889 1799 enim
907 1757 990 1798 for-

167 1817 383 1859 midamus
433 1816 684 1859 terribiliter
730 1815 990 1862 venientem,

169 1873 248 1916 sed
267 1876 572 1927 exspectamus
595 1872 789 1914 hilariter
809 1870 990 1912 redeun—

167 1936 267 1973 tem.
309 1933 359 1984 R'·
399 1931 448 1971 In
470 1930 608 1972 servis
628 1929 728 1970 suis.
747 1929 825 1968 34*

468 1994 618 2035 Lectio
639 1995 691 2033 vi.

171 2056 371 2163 Vicina
394 2064 594 2117 corporis
612 2068 769 2112 morte,
793 2075 881 2104 non
901 2074 990 2102 mo-

280 2121 475 2163 riebatur
493 2121 538 2161 in
558 2120 702 2161 animo
723 2118 912 2171 pastoris
932 2118 990 2158 vi-

168 2178 347 2229 gilantia
370 2176 619 2230 pastoralis:
649 2182 691 2217 et
716 2188 819 2216 cura
842 2172 992 2215 tuendi

167 2234 388 2275 Dominici
419 2233 561 2285 gregis
593 2244 732 2284 usque
765 2231 821 2272 ad
854 2231 991 2272 extre-

168 2304 286 2332 mum
317 2291 419 2332 vitae
451 2290 575 2342 hujus
607 2288 723 2331 diem
752 2292 896 2328 mente
925 2288 991 2328 so-

168 2347 263 2390 bria
280 2346 521 2389 teneba‘cur.
554 2346 648 2387 Nec
671 2343 918 2386 excutiebat
937 2342 991 2384 ab

170 2405 314 2446 animo
344 2403 610 2454 diligentiam
637 2399 880 2442 fidelissimi
908 2399 990 2440 dis-

168 2461 417 2514 pensatoris
464 2472 618 2500 manus
666 2459 751 2510 jam
793 2455 992 2509 proxima

170 2517 335 2559 cruenti
355 2515 578 2558 carnificis.
605 2515 672 2556 Ita
693 2526 739 2554 se
758 2513 993 2563 Martyrem

171 2572 391 2624 cogitabat
410 2573 610 2621 futurum,
629 2575 676 2612 ut
696 2582 791 2611 esse
811 2581 898 2609 non
918 2567 991 2609 ob-

170 2630 438 2671 livisceretur
463 2631 734 2682 episcopum3
759 2625 896 2675 magis
922 2637 991 2665 cu-

170 2700 286 2736 rans,
339 2699 468 2738 quam
512 2685 724 2726 rationem
767 2683 993 2731 pastorum

170 2742 356 2796 principi
381 2741 435 2783 de
464 2739 706 2783 commissis
731 2737 812 2780 sibi
837 2736 991 2778 ovibus

1036 308 1256 359 redderet,
1287 322 1416 361 quam
1442 308 1545 361 quid
1570 307 1733 350 infideli
1757 321 1855 361 pro-

1037 365 1204 406 consuli
1229 364 1282 406 de
1307 364 1394 406 fide
1418 364 1596 417 propria
1621 363 1855 417 responde-

1037 426 1114 462 ret.
1151 420 1340 463 Amabat
1369 421 1531 474 quippe
1560 434 1658 462 eum
1684 421 1758 473 qui
1780 421 1856 462 Pe-

1036 483 1104 519 tro
1125 477 1307 519 dixerat:
1331 477 1465 518 Amas
1484 477 1576 519 me?
1600 490 1732 530 pasce
1753 490 1857 518 oves

1036 547 1166 575 meas.
1203 534 1264 575 -Et
1290 533 1500 586 pascebat
1528 547 1643 575 oves*
1662 535 1750 585 ejus
1776 546 1856 585 pro

1039 590 1194 642 quibus
1228 590 1479 641 sanguinem
1513 590 1707 640 fundere,
1738 589 1859 631 illum

1037 647 1219 695 imitans,
1238 647 1526 699 praeparabat.

1092 702 1141 751 Ra
1167 703 1288 743 Filiae
1307 703 1558 744 Jerusalem.

1091 765 1133 798 In
1159 764 1220 798 ΠΙ.
1242 764 1438 797 Nocturni)
1465 761 1631 794 llomiliu
1659 761 1692 793 iu
1717 760 1858 801 Evung.

1011 849 1014 864 ἰ
1041 813 1120 857 Ego
1144 822 1229 847 sum
1250 812 1341 847 vitis
1363 822 1464 847 vera.
1491 809 1536 842 dc
1564 809 1697 842 codem
1716 808 1858 841 Comm.

1044 861 1068 894 1.
1094 860 1188 893 loco.

1301 949 1383 990 Die
1402 949 1466 988 29.
1488 948 1597 1000 Maji.

1073 1018 1115 1059 S.
1134 1017 1376 1059 Bonifacii
1394 1017 1476 1058 IV.
1494 1016 1626 1066 I-‘upae
1648 1022 1689 1055 ct
1710 1015 1827 1054 Conf.

1370 1077 1531 1120 Duplex.

1095 1135 1229 1169 Omnia
1265 1135 1310 1168 dc
1342 1133 1540 1168 Communi
1573 1132 1680 1166 Conf.
1710 1130 1858 1173 Pom-if„

1042 1190 1180 1228 practer
1205 1193 1308 1225 sequ.
1331 1182 1389 1223 (m.
1414 1185 1437 1216 t.
1461 1185 1510 1223 V.)

1093 1231 1235 1266 Oratio.
1262 1231 1328 1273 Da,
1353 1230 1583 1273 quaesumus.

1093 1282 1133 1315 In
1166 1281 1190 1314 l.
1223 1280 1420 1313 Nocturno
1454 1277 1654 1311 Lectiones
1688 1276 1733 1309 de
1764 1274 1859 1309 Scri-

1042 1336 1152 1374 ptum
1179 1332 1408 1362 occurrente.

1092 1378 1134 1412 In
1160 1377 1269 1410 Fcriu
1296 1376 1339 1409 Π.
1366 1380 1401 1407 ct
1426 1374 1486 1407 IV.
1516 1372 1727 1413 Rogation..r
1759 1371 1859 1403 Lcct.

1041 1427 1185 1462 Fidelis
1206 1435 1341 1461 sermo.
1366 1423 1410 1455 dc
1437 1421 1568 1454 codem
1589 1421 1692 1453 (lorii.
1720 1419 1858 1452 1.1oco.

1265 1485 1313 1523 In
1340 1485 1389 1522 ΙΙ.
1418 1483 1637 1521 Nocturno.

1341 1543 1490 1583 Lectio
1512 1542 1563 1580 iv.

1049 1607 1361 1650 fonifacius
1384 1606 1507 1657 hujus
1530 1602 1714 1644 nominis
1739 1613 1861 1653 quar-

1052 1673 1057 1713 }
1077 1674 1146 1698 '
1168 1670 1255 1714 tus,
1295 1664 1315 1703 J
1322 1662 1473 1704 oannis
1510 1660 1638 1708 filius,
1674 1657 1862 1699 Valeriae

1046 1707 1146 1747 —ssj
1168 1721 1411 1761 Marsorum
1425 1722 1561 1765 natus,
1581 1729 1634 1757 ex
1649 1713 1862 1756 monacho

1043 1778 1181 1820 sancti
1203 1775 1447 1818 Sebastiani
1470 1779 1591 1815 extra
1614 1770 1793 1819 Urbem,
1821 1775 1863 1811 et

1042 1834 1304 1886 Presbytero
1326 1829 1557 1879 Cardinali,
1582 1827 1662 1869 sub
1682 1827 1862 1879 impera-

1042 1894 1138 1933 tore
1171 1889 1334 1938 Phoca‚
1377 1886 1433 1929 ad
1466 1884 1766 1939 pontificatum
1799 1894 1861 1922 as-

1044 1951 1243 2000 sumptus
1277 1950 1360 1994 est,
1401 1948 1444 1985 et
1481 1941 1759 1984 consecratus
1793 1937 1863 1978 die

1042 2002 1290 2051 Dominico‚
1337 2000 1487 2052 quinto
1532 1995 1753 2038 Kalendas
1790 1993 1861 2034 Se-

1042 2058 1271 2113 membris,
1301 2069 1412 2098 anno
1440 2052 1614 2095 Domini
1643 2050 1861 2092 sexcente-

1043 2116 1152 2157 simo
1173 2114 1375 2166 septimo,
1403 2110 1601 2161 seditque
1621 2119 1755 2148 annos
1775 2118 1862 2153 sex,

1042 2184 1214 2214 menses
1242 2175 1360 2218 octo,
1389 2168 1481 2209 dies
1507 2163 1732 2211 tredecim,
1760 2160 1862 2203 dua-

1042 2228 1124 2270 bus
1144 2223 1486 2269 ordinationibus
1504 2220 1693 2275 peractis
1714 2229 1862 2259 mense

1042 2283 1290 2331 Decembri,
1314 2282 1358 2321 in
1377 2279 1533 2331 quibus
1553 2279 1783 2330 episcopos
1801 2273 1860 2315 vi-

1042 2341 1150 2392 ginti
1176 2339 1383 2392 quinque,
1411 2335 1619 2377 diaconos
1645 2337 1746 2373 octo
1772 2341 1860 2371 cre-

1044 2397 1143 2438 avit.

1097 2452 1146 2502 R.
1171 2450 1319 2493 Inveni
1342 2447 1486 2491 David
1513 2457 1686 2488 servum
1707 2454 1861 2491 meum,

1045 2509 1142 2551 oleo
1167 2513 1317 2549 sancto
1341 2518 1440 2547 meo
1464 2503 1566 2545 unxi
1592 2513 1702 2543 eum:
1726 2501 1747 2524 '⁸‘
1772 2498 1860 2539 Ma-

1043 2579 1123 2606 nus
1143 2564 1255 2606 enim
1274 2575 1371 2603 mea
1390 2558 1664 2602 auxiliabitur
1683 2556 1736 2605 ei,
1760 2554 1859 2596 alle-

1043 2623 1138 2674 luja.
1174 2612 1223 2663 V·
1246 2619 1364 2660 Nihil
1382 2616 1583 2670 proficiet
1601 2614 1798 2655 inimicus
1817 2610 1860 2650 in

1045 2692 1112 2727 eo,
1132 2681 1175 2718 et
1192 2676 1305 2717 filius
1323 2673 1561 2725 iniquitatis
1579 2684 1667 2712 non
1685 2667 1859 2711 nocebit

1045 2735 1093 2776 ei.
1119 2734 1271 2774 Manus
1290 2731 1414 2773 enim.
