2066 2904
482 158 691 192 Commune
717 158 830 192 unius
856 158 1035 202 Min-tyris
1062 164 1168 193 extra
1194 166 1344 201 tempus
1372 159 1567 193 l'asclmlc.

202 257 390 299 Homilia
411 255 552 299 sancti
567 255 728 298 Hilarii
742 255 965 309 Episcopi.

172 323 381 359 Comment.
400 326 437 359 in
455 325 694 367 Matthaeum‚
721 337 801 360 can.
828 326 883 359 lo.
909 329 997 369 post

493 375 671 409 medium.

206 445 223 476 ,μ-
242 426 474 485 &ominus
494 425 612 467 diem
626 424 774 478 judicii
789 424 995 475 ostendit,

258 494 262 501 ³
292 515 294 521 s
327 495 427 535 quae
467 482 717 524 abstrusam
754 481 995 523 voluntatis

325 544 491 581 nostrae
536 538 849 580 conscientiam
897 550 995 591 pro-

169 595 258 638 det:
287 600 331 638 et
359 608 411 637 ea
438 608 538 648 quae
565 607 680 637 nunc
704 594 879 637 occulta
908 594 995 636 exi-

168 652 418 702 stimantur,
469 651 567 693 luce
607 651 874 704 cognitionis
915 654 993 704 pu—

167 708 296 751 blicae
324 708 513 759 deteget.
559 708 699 760 Igitur
727 720 816 749 non
843 707 995 758 minas,

167 778 257 807 non
280 765 480 816 consilia,
506 777 594 806 non
617 766 865 818 potestates
884 764 995 806 inse-

168 822 381 864 ctantium
410 826 562 863 monet
595 834 692 863 esse
721 820 996 863 metuendas:

169 879 272 931 quia
297 878 392 920 dies
415 878 564 931 judicii
588 878 707 920 nulla
730 878 827 920 haec
851 878 996 928 fuisse,

167 940 301 988 atque
335 935 482 976 inania
515 934 740 977 revelabit.
791 935 849 976 Et
876 910 997 987 quod

168 991 269 1033 dico
298 991 425 1033 vobis
458 991 503 1032 in
535 991 747 1042 tenebris,
784 991 918 1033 dicite
951 991 996 1032 in

166 1048 349 1090 lumine:
390 1053 433 1090 et
461 1047 582 1100 quod
614 1048 659 1089 in
689 1061 794 1090 aure
823 1047 996 1098 auditis,

167 1104 407 1157 praedicate
432 1117 564 1157 super
591 1109 720 1146 tecta.
764 1104 868 1146 Non
892 1104 995 1156 legi-

167 1174 264 1203 mus
285 1161 524 1203 Dominum
552 1161 731 1203 solitum
760 1161 895 1203 fuisse
921 1163 997 1202 no-

168 1217 312 1260 ctibus
341 1218 643 1268 sermocinari,
678 1222 722 1260 et
750 1217 996 1260 doctrinam

167 1273 212 1315 in
247 1274 442 1316 tenebris
477 1273 733 1316 tradidisse:
779 1274 860 1316 sed
895 1274 997 1327 quia

169 1331 312 1372 omnis
336 1344 481 1373 sermo
503 1332 593 1384 ejus
611 1330 860 1373 carnalibus
879 1333 996 1372 tene-

167 1386 261 1428 brae
286 1392 397 1438 sunt,
424 1393 467 1430 et
491 1387 675 1430 verbum
700 1389 791 1440 ejus
816 1387 997 1429 infideli-

168 1443 252 1485 bus
270 1456 359 1485 nox
379 1449 456 1486 est.

224 1505 274 1557 R*-
313 1504 485 1547 Corona
522 1507 654 1547 aurea
693 1517 827 1558 super
863 1508 998 1557 caput

170 1562 276 1613 ejus:
302 1563 323 1586 *
351 1562 575 1615 Expressa
592 1562 718 1614 signo
740 1560 997 1610 sanctitatis,

168 1617 310 1669 gloria
323 1617 514 1668 honoris,
527 1623 571 1660 et
586 1631 700 1671 opus
716 1616 998 1660 fortitudinis.

171 1670 221 1722 V.
261 1675 478 1726 Quoniam
517 1674 773 1728 praevenisti
812 1687 912 1716 eum
953 1674 998 1715 in

168 1730 551 1774 benedictionibus
571 1730 827 1781 dulcedinis,
850 1733 997 1784 posui-

169 1788 227 1829 sti
252 1788 297 1829 in
325 1788 469 1841 capite
497 1789 587 1840 ejus
617 1790 827 1830 coronam
854 1787 910 1830 de
937 1787 996 1829 la-

168 1844 273 1897 pide
291 1844 503 1897 pretioso.
530 1845 764 1898 Expressa.

455 1916 607 1956 Lectio
630 1918 713 1956 viii.

215 1979 348 2027 taque
374 1975 421 2017 id
450 1975 571 2028 quod
599 1988 624 2016 a
653 1987 701 2016 se
728 1974 895 2017 dictum
920 1979 997 2025 est,

253 2044 352 2073 cum
382 2031 587 2074 libertate
618 2031 723 2073 fidei
756 2036 800 2073 et
831 2031 997 2073 confes-

170 2088 307 2129 sionis
339 2087 433 2129 vult
472 2100 570 2130 esse
605 2087 885 2140 loquendum.
929 2088 997 2130 Id-

170 2146 288 2186 circo
318 2157 417 2196 quae
449 2144 494 2185 in
526 2144 720 2186 tenebris
752 2144 870 2187 dicta
897 2149 998 2186 sunt

168 2200 402 2253 praedicari
420 2201 546 2253 jussit
563 2201 608 2242 in
626 2200 805 2243 lumine:
828 2206 877 2243 ut
898 2214 997 2254 quae

170 2259 342 2299 secreto
389 2257 559 2299 aurium
600 2260 837 2299 commissa
886 2263 998 2308 sunt,

170 2326 303 2367 super
319 2318 448 2364 tecta,
468 2314 515 2356 id
530 2318 608 2363 est,
629 2314 803 2356 excelso
817 2314 997 2367 loquen-

169 2370 280 2412 tium
318 2371 542 2423 praeconio
583 2370 827 2413 audiantur.
887 2371 997 2413 Con-

170 2429 335 2469 stanter
369 2427 484 2469 enim
514 2427 599 2469 Dei
633 2427 871 2480 ingerenda
897 2440 996 2478 cog-

169 2484 277 2526 nitio
303 2488 386 2534 est‚
419 2488 464 2526 et
489 2483 757 2537 profundum
783 2485 997 2527 doctrinae

324 2825 388 2850 Pars
403 2825 497 2850 Verna.

1051 256 1317 308 evangelicae
1366 259 1585 300 secretum
1628 257 1673 298 in
1717 256 1880 298 lumine

1051 313 1382 366 praedicationis
1408 313 1667 367 apostolicae
1686 313 1880 355 revelan-

1051 369 1174 412 dum:
1217 382 1307 412 non
1338 370 1544 412 timentes
1577 383 1672 420 008,
1718 369 1880 422 quibus

1051 439 1151 468 cum
1171 426 1227 468 sit
1244 426 1423 468 licentia
1441 428 1485 468 in
1505 428 1705 480 corpora,
1732 431 1881 468 tamen

1050 483 1095 524 in
1121 483 1311 524 animam
1335 484 1402 536 jus
1425 483 1595 524 nullum
1621 487 1704 524 est:
1733 482 1812 524 sed
1831 483 1880 524 ti-

1049 541 1220 582 mentes
1245 540 1395 593 potius
1414 541 1575 590 Deum,
1604 540 1675 581 cui
1698 539 1881 592 perden—

1051 596 1121 638 dae
1139 597 1184 638 in
1201 596 1401 648 gehenna
1421 601 1465 639 et
1485 597 1642 638 animae
1662 601 1705 638 et
1727 598 1881 649 corpo-

1050 653 1110 694 ris
1129 654 1187 695 sit
1204 655 1415 706 potestas.

1107 711 1155 751 R
1181 710 1267 752 Hic
1287 715 1355 752 est
1373 723 1477 752 vere
1496 710 1675 763 Martyr,
1705 709 1781 762 qui
1799 722 1881 762 pro

1051 766 1215 808 Christi
1250 767 1426 809 nomine
1463 767 1721 818 sanguinem
1754 778 1883 807 suum
1932 813 1933 817 Ἰ

1050 823 1181 866 fudit:
1209 826 1231 848 *
1267 825 1351 875 Qui
1386 824 1527 865 minas
1563 823 1757 876 judicum
1792 835 1882 864 non

1051 881 1211 932 timuit,
1239 894 1321 923 nec
1339 883 1527 923 terrenae
1547 880 1773 932 dignitatis
1791 879 1882 930 glo—

1050 937 1161 978 riam
1181 938 1395 990 quaesivit,
1423 937 1502 979 sed
1521 937 1579 979 ad
1598 937 1797 978 coelestia
1818 949 1882 978 re-

1051 1007 1137 1045 gna
1163 995 1376 1047 pervenit.
1416 989 1465 1040 Y.
1495 994 1670 1036 Justum
1699 993 1882 1036 deduxit

1050 1050 1266 1093 Dominus
1285 1064 1365 1104 per
1385 1051 1479 1092 vias
1498 1056 1654 1100 rectaS,
1675 1055 1720 1092 et
1739 1052 1883 1092 osten-

1051 1106 1115 1148 dit
1145 1107 1209 1149 illi
1240 1121 1424 1159 regnum
1455 1108 1550 1150 Dei.
1592 1107 1687 1158 Qui.
1731 1107 1884 1149 Gloria

1050 1164 1183 1206 Patri.
1220 1165 1317 1216 Qui.

1357 1230 1508 1271 Lectio
1530 1232 1580 1270 ix.

1053 1283 1253 1390 Nolite
1280 1293 1434 1334 timere
1463 1305 1540 1334 eos
1570 1292 1645 1344 qui
1675 1291 1884 1333 occidunt

1168 1362 1342 1402 corpus.
1385 1349 1545 1391 Nullus
1569 1349 1701 1400 igitur
1727 1350 1882 1401 corpo-

1051 1419 1149 1447 rum
1167 1408 1422 1448 nostrorum
1442 1418 1570 1447 casus
1592 1410 1659 1447 est
1679 1405 1883 1458 pertime-

1052 1463 1258 1513 scendus,
1286 1476 1429 1515 neque
1447 1462 1563 1504 ullus
1581 1460 1883 1504 interimendae

1052 1520 1194 1561 carnis
1255 1519 1551 1561 admittendus
1611 1524 1678 1560 est
1736 1517 1884 1560 dolor:

1053 1576 1229 1629 quando
1244 1589 1327 1629 pro
1347 1579 1516 1617 naturae
1536 1588 1628 1616 suae
1648 1580 1782 1627 atque
1801 1577 1883 1616 ori-

1051 1633 1163 1684 ginis
1186 1632 1440 1675 conditione
1465 1631 1678 1682 resoluta,
1712 1632 1756 1673 in
1784 1631 1883 1673 sub-

1051 1690 1257 1731 stantiam
1286 1689 1523 1743 spiritualis
1552 1689 1710 1730 animae
1742 1688 1882 1730 refun-

1052 1746 1191 1788 datur.
1235 1747 1292 1788 Et
1329 1747 1430 1799 quia
1474 1746 1687 1788 doctrinis
1719 1744 1883 1787 talibus

1052 1804 1338 1846 confirmatos
1363 1805 1542 1856 oportet
1570 1802 1754 1844 liberam
1782 1814 1882 1843 con-

1051 1860 1203 1902 fitendi
1239 1861 1324 1902 Dei
1370 1859 1534 1902 habere
1579 1859 1883 1908 constantiam,

1052 1917 1184 1959 etiam
1222 1916 1542 1967 conditionem,
1593 1929 1679 1968 qua
1715 1917 1882 1957 tenere-

1050 1987 1168 2025 mur,
1205 1973 1381 2026 adjecit:
1415 1976 1677 2025 negaturum
1706 1985 1754 2014 se
1783 1985 1883 2013 eum

1050 2031 1173 2072 Patri
1200 2031 1245 2071 in
1274 2030 1414 2081 coelis,
1453 2030 1527 2082 qui
1555 2042 1603 2071 se
1630 2028 1882 2070 hominibus

1051 2087 1096 2128 in
1122 2092 1241 2129 terra
1267 2089 1489 2139 negasset:
1522 2099 1622 2128 eum
1645 2097 1780 2138 porro
1806 2084 1882 2136 qui

1052 2144 1280 2186 confessus
1304 2157 1454 2186 coram
1476 2142 1727 2185 hominibus
1752 2154 1800 2183 se
1820 2141 1880 2182 fu-

1050 2203 1174 2251 isset,
1211 2213 1237 2242 a
1263 2214 1310 2242 se
1339 2201 1383 2241 in
1412 2199 1537 2242 coelis
1565 2197 1881 2240 confitendum:

1052 2257 1292 2311 qualesque
1319 2270 1400 2298 nos
1428 2256 1616 2298 nominis
1643 2255 1710 2296 sui
1743 2258 1881 2296 testes

1050 2313 1301 2356 hominibus
1334 2313 1586 2362 fuissemus,
1622 2311 1699 2353 tali
1730 2323 1811 2352 nos
1839 2323 1880 2351 a·

1050 2370 1143 2423 pud
1155 2371 1301 2412 Deum
1318 2371 1496 2411 Patrem
1515 2367 1769 2410 testimonio
1790 2367 1880 2419 ejus

1050 2430 1220 2469 usuros.

1110 2483 1170 2526 Te
1188 2484 1333 2525 Deum
1353 2481 1595 2524 laudamus.
1614 2481 1672 2522 15.

1619 2812 1670 2846 C*
