2028 2892
729 170 839 204 Feria
864 182 898 204 v.
926 172 962 204 in
988 172 1109 205 Coena
1134 173 1299 207 Domini.

207 260 509 301 Sanctuarium
518 264 642 301 tuum
652 262 851 311 Domine,
866 262 986 314 quod

156 315 441 357 firmaverunt
471 329 627 358 manus
659 322 758 358 tuae.
786 318 809 344 *
837 319 985 359 Domi-

157 384 239 413 nus
263 371 465 422 regnabit
488 372 532 412 in
557 375 770 414 aeternum
794 379 838 415 et
860 374 985 415 ultra.

207 428 436 478 Ingressus
454 434 520 470 est
535 429 650 470 enim
665 442 799 481 eques
814 430 985 471 Pharao

156 495 257 524 cum
281 483 482 525 curribus
508 489 552 526 et
577 485 798 537 equitibus
823 486 913 537 ejus
940 486 985 526 in

155 551 289 603 mare:
307 539 332 566 *
356 544 400 580 et
426 540 604 581 reduxit
632 554 765 593 super
793 554 870 583 eos
897 542 984 583 Do-

154 607 299 636 mmus
318 607 457 647 aquas
475 596 625 637 maris:

205 650 306 692 Filii
329 656 477 693 autem
493 652 632 693 Israel
654 653 986 695 ambulaverunt

154 719 236 759 per
254 707 420 749 siccum
438 708 463 735 *
480 709 525 749 in
544 708 691 751 medio
711 710 813 761 ejus,

206 782 306 821 Ant.
347 776 619 819 Exhortatus
660 791 707 819 es
742 778 787 818 in
822 779 984 820 virtute

154 836 240 882 tua,
261 836 305 874 et
322 832 367 873 in
386 833 625 875 refectione
644 838 797 875 sancta
810 838 885 875 tua
897 835 984 876 Do-

153 888 280 930 mine.

204 957 304 997 Ant.
343 955 530 998 Oblatus
562 963 629 999 est
656 958 758 1010 quia
786 959 882 1011 ipse
910 962 984 1002 νό-

153 1011 250 1063 luit,
279 1016 323 1054 et
345 1015 530 1065 peccata
552 1019 706 1056 nostra
723 1015 818 1067 ipse
837 1018 984 1068 porta-

153 1067 227 1109 vit.

411 1142 611 1182 Psalmus
630 1143 717 1181 148.

233 1206 394 1249 audate
426 1208 666 1250 Dominum
700 1209 756 1251 de
788 1209 926 1251 coelis:
960 1210 984 1235 *

254 1263 433 1305 laudate
453 1277 553 1305 eum
570 1265 614 1305 in
634 1265 829 1307 excelsis.

204 1319 404 1361 Laudate
420 1332 520 1361 eum
535 1333 688 1363 omnes
703 1321 862 1373 Angeli
879 1322 984 1372 ejus:

153 1374 373 1417 *laudate
392 1388 493 1417 eum
511 1389 664 1418 omnes
680 1377 864 1418 virtutes
882 1379 984 1429 ejus.

163 1448 170 1453 -
204 1430 404 1473 Laudate
430 1444 530 1472 eum
554 1431 622 1473 sol
646 1437 690 1474 et
712 1432 829 1473 luna:
847 1433 871 1458 *
894 1433 982 1473 lau-

154 1485 257 1528 date
283 1499 382 1528 eum
407 1499 559 1528 omnes
579 1488 735 1538 stellae,
761 1493 804 1530 et
826 1488 982 1529 lumen.

205 1542 405 1584 Laudate
439 1556 539 1585 eum
569 1543 671 1585 coeli
703 1544 932 1585 coelorum:
959 1545 982 1570 *

155 1603 199 1640 et
218 1611 346 1651 aquae
365 1611 535 1649 omnes,
562 1612 662 1651 quae
686 1612 818 1652 super
844 1600 982 1642 coelos

153 1659 265 1705 sunt,
283 1654 464 1697 laudent
482 1668 643 1697 nomen
661 1656 850 1697 Demini.

207 1711 319 1761 Quia
341 1711 437 1764 ipse
464 1711 590 1761 dixit,
619 1716 662 1753 et
687 1712 803 1754 facta
825 1717 941 1754 sunt:
959 1712 983 1738 *

153 1766 250 1819 ipse
269 1766 506 1817 mandavit,
526 1772 571 1808 et
589 1769 737 1809 creata
755 1773 867 1809 sunt.

208 1823 369 1864 Statuit
389 1836 440 1865 ea
458 1823 503 1864 in
523 1825 750 1874 aeternum,
776 1829 820 1865 et
843 1824 887 1864 in
906 1826 983 1865 sae-

154 1878 301 1920 culum
320 1879 483 1920 saeculi:
497 1879 522 1905 *
536 1881 811 1932 praeceptum
824 1880 983 1932 posuit,

155 1939 200 1976 et
216 1947 306 1976 non
323 1935 579 1988 praeteribit.

206 1990 406 2033 Laudate
436 1991 676 2033 D6minum
708 1991 763 2033 de
794 1996 928 2042 terra,
959 1992 984 2018 *

156 2046 382 2096 dracones
402 2051 446 2088 et
465 2060 616 2088 omnes
636 2047 795 2099 abyssi.

206 2103 338 2154 Ignis,
362 2104 542 2154 grando,
562 2104 646 2153 nix,
666 2103 840 2154 glacies,
861 2103 984 2154 spiri-

154 2163 226 2200 tus
239 2159 551 2211 procellarum:
565 2160 589 2186 *
605 2172 704 2211 quae
719 2159 884 2200 faciunt
898 2171 985 2200 ver-

154 2214 261 2256 bum
281 2216 389 2267 ejus:

206 2271 397 2321 Montes,
422 2274 465 2312 et
485 2283 636 2312 omnes
657 2271 807 2313 colles:
826 2270 985 2321 *ligna

155 2326 393 2382 fructifera,
413 2331 457 2368 et
476 2339 628 2368 omnes
647 2327 778 2368 cedri.

206 2382 381 2433 Bestiae,
398 2388 442 2424 et
457 2383 661 2424 universa
675 2384 853 2435 pecora:
862 2382 886 2407 *
897 2394 983 2422 ser-

155 2439 322 2490 penteS,
342 2443 386 2480 et
403 2438 607 2480 velueres
625 2440 843 2491 pennatae:

207 2495 354 2546 Reges
373 2499 519 2544 terrae,
540 2499 583 2536 et
602 2507 754 2535 omnes
773 2492 941 2545 populi:
960 2492 983 2518 *

155 2550 392 2602 principes,
416 2555 460 2592 et
483 2563 635 2591 omnes
658 2549 823 2601 judices
843 2553 983 2589 terrae.

207 2605 399 2647 Juvenes
426 2611 470 2647 et
496 2606 700 2657 virgines:
729 2616 855 2646 senes
883 2615 983 2643 cum

156 2660 397 2710 junioribus
415 2662 597 2704 laudent
614 2674 775 2702 nomen
791 2658 983 2700 Domini:

1038 263 1062 289 *
1091 263 1194 359 fluia
1222 264 1461 306 exaltatum
1492 271 1559 307 est
1586 279 1745 308 nomen
1773 269 1863 319 ejus

1039 331 1089 359 so
1123 331 1187 359 us.

1091 374 1318 416 Confessio
1344 377 1434 427 ejus
1459 389 1589 429 super
1613 378 1790 429 coelum,
1820 385 1863 421 et

1037 434 1217 471 terram:
1244 431 1268 456 *
1297 436 1340 472 et
1376 432 1583 474 exaltavit
1617 447 1753 476 cornu
1784 437 1861 488 po-

1038 486 1131 538 puli
1150 486 1228 527 sui.

1090 542 1291 594 Hymnus
1311 543 1513 584 omnibus
1533 546 1693 586 sanctis
1714 547 1820 597 ejus:
1838 547 1862 573 *

1037 597 1138 695 filliis
1148 598 1297 647 Israel,
1312 599 1478 651 p6pulo
1494 602 1863 654 appropinquanti

1038 666 1075 694 81
1107 668 1131 694 1.

1294 704 1491 743 Psalmus
1512 706 1598 743 149.

1036 753 1260 860 Cantate
1295 761 1487 805 Demino
1530 765 1747 806 canticum
1787 778 1861 807 no-

1129 829 1245 857 vum:
1281 818 1305 844 *
1341 817 1436 859 13118
1473 820 1563 871 ejus
1598 820 1642 860 in
1678 821 1863 862 ecclesia

1038 874 1301 914 sanctorum.

1088 928 1283 970 Laetetur
1310 930 1448 971 Israel
1475 931 1518 971 in
1547 944 1617 981 eo,
1659 932 1733 984 qui
1761 933 1862 975 feeit

1038 997 1151 1025 eum:
1171 986 1194 1011 *
1214 990 1258 1026 et
1275 985 1355 1026 filii
1373 986 1478 1027 Sion
1499 987 1717 1029 exsultent
1735 988 1779 1028 in
1798 1001 1861 1030 re-

1036 1053 1091 1091 ge
1110 1053 1202 1082 suo.

1088 1096 1289 1138 Laudent
1313 1110 1473 1139 nomen
1497 1099 1587 1150 ejus
1605 1100 1649 1139 in
1668 1099 1819 1141 choro:
1837 1100 1861 1126 *

1036 1152 1081 1192 in
1095 1155 1316 1204 tympano,
1333 1158 1376 1194 et
1389 1154 1597 1206 psalterio
1611 1155 1799 1207 psallant
1810 1155 1863 1196 ei:

1090 1208 1201 1258 Quia
1227 1208 1552 1261 beneplacitum
1580 1216 1646 1252 est
1673 1211 1861 1252 Domino

1036 1263 1080 1304 in
1099 1264 1266 1316 populo
1288 1278 1384 1306 suo:
1402 1266 1426 1291 *
1446 1271 1490 1307 et
1515 1266 1722 1307 exaltabit
1746 1279 1861 1307 man-

1037 1321 1186 1360 suetos
1207 1320 1250 1360 in
1271 1320 1467 1362 salutem.

1088 1375 1382 1418 Exsultabunt
1413 1377 1554 1418 saneti
1585 1377 1630 1417 in
1661 1377 1813 1427 gloria:
1837 1378 1862 1403 *

1035 1430 1302 1472 laetabuntur
1321 1432 1364 1472 in
1384 1432 1598 1474 cubilibus
1618 1433 1717 1473 suis.

1087 1486 1390 1529 Exaltationes
1414 1488 1499 1529 Dei
1524 1488 1568 1528 in
1591 1491 1766 1539 gutture
1790 1491 1860 1529 eo-

1034 1554 1146 1582 rum:
1164 1542 1188 1567 ¹⁸¹
1209 1547 1253 1583 et
1277 1542 1411 1593 gladii
1435 1543 1647 1596 ancipites
1667 1544 1711 1584 in
1729 1544 1859 1585 mani-

1034 1597 1117 1639 bus
1137 1599 1302 1639 eorum:

1087 1653 1160 1695 Ad
1186 1653 1431 1696 faciendam
1456 1654 1695 1697 vindictam
1719 1655 1763 1696 in
1788 1668 1858 1696 na-

1034 1708 1243 1750 tionibus:
1278 1710 1302 1736 *
1338 1710 1660 1763 increpatic'mes
1699 1712 1743 1752 in
1782 1714 1859 1764 po-

1034 1765 1161 1817 pulis.

1086 1820 1160 1862 Ad
1191 1820 1436 1871 alligandos
1471 1834 1598 1873 reges
1636 1825 1786 1864 eorum
1818 1823 1860 1863 in

1036 1875 1338 1928 compedibus:
1352 1876 1375 1902 *
1395 1881 1439 1918 et
1456 1878 1626 1919 nobiles
1646 1881 1799 1920 e6rum
1817 1878 1861 1918 in

1034 1932 1217 1973 manicis
1236 1932 1399 1974 ferreis.

1087 1989 1147 2030 Ut
1173 1988 1334 2029 faciant
1361 1989 1404 2029 in
1438 1989 1500 2030 eis
1527 1989 1732 2041 judicium
1760 2001 1858 2031 con-

1035 2046 1265 2096 scriptum:
1292 2044 1316 2069 *
1342 2044 1482 2095 gloria
1508 2045 1604 2087 haee
1631 2050 1698 2086 est
1727 2044 1859 2086 Omni-

1036 2099 1118 2141 bus
1137 2100 1299 2140 sanetis
1319 2101 1420 2151 ejus.

1290 2158 1487 2198 Psalmus
1507 2158 1598 2197 150.

1032 2212 1275 2316 Laudate
1320 2215 1557 2257 Deminum
1605 2215 1649 2255 in
1696 2214 1858 2257 sanctis

1141 2272 1246 2323 eJus:
1268 2272 1293 2299 *
1316 2271 1491 2312 laudate
1520 2283 1618 2311 eum
1645 2270 1689 2310 in
1715 2270 1857 2311 firma-

1035 2328 1184 2367 mento
1203 2327 1375 2367 virtutis
1395 2327 1495 2377 ejus.

1087 2382 1284 2423 Laudate
1309 2395 1407 2422 eum
1430 2381 1474 2420 in
1498 2380 1729 2422 virtutibus
1754 2381 1858 2432 ejus:

1035 2438 1059 2463 *
1082 2437 1259 2479 laudate
1285 2450 1383 2478 eum
1407 2435 1646 2477 secundum
1669 2436 1858 2478 multitu-

1036 2492 1182 2535 dinem
1199 2491 1506 2543 magnitudinis
1525 2491 1626 2542 ejus.

1085 2548 1284 2590 Laudate
1316 2560 1414 2588 eum
1448 2547 1492 2586 in
1529 2558 1639 2587 sono
1671 2546 1804 2588 tubae:
1833 2547 1857 2573 *

1034 2603 1210 2645 laudate
1227 2615 1324 2644 eum
1340 2603 1383 2642 in
1398 2601 1607 2652 psalterio
1624 2606 1668 2643 et
1682 2602 1857 2643 cithara.

1086 2658 1283 2700 Laudate
1324 2669 1424 2698 eum
1463 2657 1507 2697 in
1547 2659 1773 2709 tympano,
1813 2662 1856 2698 et
