2066 2904
209 182 256 227 [2]
549 182 758 215 Commune
787 180 1062 223 Apustolorum
1090 183 1196 211 extra
1222 184 1373 220 tempus
1399 177 1598 211 paschale.

261 277 519 318 Memeriam
537 275 642 317 fecit
660 275 923 317 mirabilium
940 277 1036 317 8110-

208 346 315 383 rum,
342 333 593 374 misericors
622 337 667 374 et
693 332 926 374 miserator
949 332 1037 373 Βό-

208 390 366 431 minus:
376 390 399 415 *
411 401 558 431 escam
574 388 699 430 dedit
713 387 968 430 timentibus
979 400 1036 429 se.

258 446 429 487 Memor
466 446 549 487 erit
585 445 629 486 in
662 445 873 486 saeculum
906 449 1035 486 testa-

206 502 342 544 menti
361 502 443 543 sui:
462 503 485 527 *
505 502 713 543 virtutem
733 503 917 554 eperum
938 502 1035 542 8110-

206 571 303 599 rum
322 558 599 600 annuntiabit
615 557 782 611 pepulo
803 570 898 599 suo:

256 614 316 656 Ut
350 614 425 657 det
460 614 545 655 illis
582 614 887 656 haereditatem
921 613 1034 655 Gen-

205 671 328 712 tium:
355 672 379 696 *
408 673 546 724 Opera
570 673 778 712 manuum
807 671 898 722 eius
925 669 1033 711 veri-

205 732 286 777 tas,
314 732 358 769 et
376 727 595 780 iudicium.

252 783 421 825 Fidelia
433 784 579 825 emnia
593 782 802 824 mandata
812 783 917 834 ejus:
933 794 1033 823 con-

204 839 378 881 firmata
396 840 439 880 in
459 839 670 881 saeculum
690 839 851 889 saeculi,
869 839 893 865 *
917 838 1034 880 facta

204 895 249 935 in
268 896 453 938 veritate
474 900 518 937 et
539 896 760 948 aequitate.

250 952 621 1005 Redemptienem
630 951 749 993 misit
759 951 927 1004 pepulo
939 964 1033 993 suo:

203 1008 227 1033 *
246 1008 470 1050 mandavit
494 1008 537 1048 in
560 1010 774 1050 aeternum
797 1009 1032 1050 testamen-

203 1068 297 1105 tum
315 1078 452 1106 suum.

256 1121 475 1171 Sanctum,
491 1127 535 1164 et
549 1121 746 1164 terribile
756 1134 917 1163 nomen
929 1122 1033 1173 ejus:

202 1178 225 1203 *
245 1177 417 1219 initium
439 1179 667 1231 sapientiae
692 1179 824 1220 timor
842 1178 1032 1219 Demini.

253 1234 511 1276 Intellectus
539 1235 681 1277 bonus
702 1235 906 1276 Omnibus
932 1235 1032 1276 faci-

202 1290 376 1332 entibus
392 1303 506 1333 eum:
521 1292 544 1318 *
561 1291 757 1333 laudatio
777 1292 868 1344 ejus
883 1297 1032 1334 manet

201 1346 246 1387 in
266 1347 475 1388 saeculum
498 1348 659 1389 saeculi.

259 1412 357 1453 Ant.
396 1413 605 1465 Majerem
638 1413 868 1455 caritatem
900 1426 1030 1455 nemo

201 1468 344 1518 habet,
373 1473 421 1510 ut
436 1469 626 1511 animam
642 1483 765 1511 suam
780 1475 918 1523 ponat
934 1470 1030 1523 quis

199 1537 282 1577 pro
301 1525 453 1567 amicis
471 1526 572 1567 suis.

256 1589 354 1629 Ant.
382 1591 467 1632 Vos
486 1591 616 1632 amici
634 1591 721 1632 mei
742 1591 860 1641 estiS‚
874 1591 898 1617 *
915 1591 952 1632 si
971 1591 1029 1633 fe-

201 1647 348 1688 ceritis
377 1659 475 1698 quae
503 1647 717 1699 praecipio
747 1647 888 1697 vobis,
922 1647 1030 1690 dicit

200 1703 425 1744 Deminus.

472 1780 666 1821 psalmus
695 1782 765 1821 111.

203 1842 409 1946 Beatus
429 1855 508 1903 vir,
538 1854 612 1906 qui
634 1854 759 1896 timet
777 1855 1030 1897 Deminum:

300 1910 324 1936 *
343 1911 387 1951 in
405 1910 624 1952 mandatis
644 1911 735 1962 ejus
754 1911 873 1953 volet
891 1912 1029 1954 nimis.

251 1966 415 2009 Potens
439 1967 484 2007 in
509 1972 627 2008 terra
646 1967 729 2009 erit
754 1980 902 2010 semen
922 1970 1029 2021 ejus:

201 2023 224 2048 *
242 2023 469 2074 generatio
491 2025 714 2065 recterum
732 2023 1028 2067 benedicetur.

253 2079 415 2130 Gleria,
443 2083 487 2121 et
514 2079 713 2121 divitiae
701 2094 746 2121 1n
770 2080 901 2123 domo
923 2082 1028 2134 ejus:

198 2135 281 2177 *et
299 2136 462 2187 justitia
481 2137 572 2188 ejus
591 2142 739 2178 manet
758 2137 801 2178 in
819 2138 1028 2180 saeculum

200 2192 360 2233 saeculi.

250 2248 465 2290 Exertum
494 2254 562 2291 est
589 2249 856 2294 intenebris
880 2251 1027 2293 lumen

200 2305 345 2346 rectis:
372 2305 396 2331 *
423 2305 686 2356 misericors,
715 2311 759 2348 et
782 2307 1026 2358 miserator,

199 2364 243 2401 et
260 2361 407 2411 justus.

250 2416 274 2456 J
276 2417 476 2459 ucundus
491 2418 624 2460 homo
642 2419 716 2471 qui
735 2419 967 2461 miseretur
982 2426 1027 2463 et

199 2473 674 2527 cemmodat‚disp6net
682 2477 909 2517 sermenes
921 2489 1025 2518 suos

199 2527 242 2568 in
269 2528 441 2579 judicio:
465 2531 489 2556 *
515 2532 618 2583 quia
638 2532 683 2572 in
703 2533 918 2574 aeternum
936 2546 1025 2574 non

199 2585 557 2628 commovebitur.

250 2640 301 2680 In
319 2643 530 2683 memoria
549 2645 714 2685 aeterna
734 2644 816 2686 erit
834 2645 986 2696 justus.
1001 2647 1024 2672 *

198 2695 253 2738 ab
273 2696 495 2739 auditic'me
513 2699 627 2740 mala
645 2713 733 2742 non
752 2701 933 2743 timebit.

1141 274 1351 316 Paratum
1367 287 1444 316 cor
1464 275 1555 326 ejus
1575 277 1756 329 sperare
1774 276 1819 318 in
1833 276 1921 318 De-

1089 330 1219 380 mino,
1247 330 1556 373 confirmatum
1581 337 1648 374 est
1672 345 1750 374 cor
1772 333 1879 385 ejus:
1898 334 1921 358 *

1090 399 1176 428 11011
1188 387 1540 430 commovebitur
1551 388 1693 431 donec
1704 389 1922 442 despiciat

1088 456 1288 485 1n1m1cos
1309 456 1425 485 suos.

1139 500 1375 553 Dispersit‚
1405 500 1528 544 dedit
1551 502 1835 556 pauperibus:
1862 503 1921 555 ju-

1088 556 1206 598 stitia
1218 558 1308 609 ejus
1318 562 1466 599 manet
1475 558 1519 599 in
1532 559 1744 601 saeculum
1759 558 1921 607 saeculi,

1087 613 1111 638 *
1132 625 1270 654 cornu
1288 614 1379 665 ejus
1400 614 1663 657 exaltabitur
1681 616 1726 657 in
1743 615 1895 667 gloria.

1140 670 1357 712 Peccator
1390 670 1577 722 videbit,
1619 676 1664 714 et
1695 672 1920 721 irascetur,

1088 725 1291 768 dentibus
1312 726 1402 767 suis
1422 727 1581 770 fremet
1599 733 1644 770 et
1662 728 1877 771 tabescet:
1895 729 1920 754 *

1087 781 1356 824 desiderium
1374 786 1662 836 peccaterum
1680 784 1855 838 peribit.

1146 848 1243 887 Ant.
1266 846 1354 890 Vos
1373 849 1502 890 amici
1519 849 1607 891 mei
1621 850 1738 900 estis,
1757 850 1795 891 si
1808 850 1920 892 fece-

1086 905 1180 947 ritis
1201 917 1300 957 quae
1319 906 1533 958 praecipio
1552 905 1691 962 vobis,
1711 905 1819 949 dicit
1831 907 1920 948 De-

1086 975 1240 1003 minus.

1147 1030 1180 1067 Α
1188 1033 1245 1068 nt.
1258 1027 1384 1069 Beati
1397 1027 1611 1081 pacifici‚*
1620 1027 1741 1071 beati
1753 1028 1920 1071 mundo

1087 1083 1240 1125 eorde:
1279 1084 1487 1136 queniam
1518 1084 1604 1138 ipsi
1631 1085 1776 1128 Deum
1802 1085 1919 1127 vide—

1085 1140 1206 1182 bunt

1360 1201 1559 1241 Psalmus
1586 1201 1663 1241 112.

1146 1267 1306 1310 audate
1333 1268 1460 1320 pueri
1495 1268 1752 1310 Deminum:
1779 1269 1804 1295 *
1830 1269 1918 1311 lau-

1190 1324 1293 1366 date
1312 1337 1475 1366 nomen
1493 1325 1683 1366 Demini.

1136 1381 1201 1422 Sit
1218 1394 1379 1423 nomen
1396 1381 1576 1423 Demini
1593 1381 1919 1434 benedictum,*

1085 1449 1140 1479 ex
1158 1437 1242 1479 1100
1261 1450 1387 1488 1111110,
1410 1442 1454 1480 et
1470 1450 1612 1491 usque
1629 1439 1675 1480 in
1695 1439 1919 1482 saeculum.

1136 1494 1178 1534 A
1202 1494 1307 1536 solis
1332 1498 1433 1536 ortu
1456 1507 1599 1548 usque
1621 1494 1680 1537 ad
1699 1497 1918 1547 occasum,

1083 1550 1344 1593 *laudabile
1362 1563 1525 1593 nomen
1543 1551 1736 1593 Demini.

1135 1607 1350 1649 Excelsus
1387 1620 1521 1661 super
1558 1621 1713 1651 omnes
1750 1609 1918 1652 Gentes

1083 1664 1312 1714 Deminus,
1331 1665 1355 1691 ²⁸¹
1384 1669 1428 1706 et
1455 1677 1588 1717 super
1610 1667 1750 1710 coelos
1777 1666 1919 1718 gloria

1085 1733 1188 1772 ejus.

1136 1777 1243 1828 Quis
1258 1777 1372 1819 sicut
1387 1777 1604 1821 Deminus
1618 1779 1741 1822 Deus
1754 1784 1916 1831 noster,

1085 1834 1160 1886 qui
1187 1833 1231 1874 in
1259 1833 1359 1875 altis
1386 1833 1574 1886 habitat,
1601 1837 1626 1864 *
1660 1841 1705 1879 et
1736 1836 1918 1879 humilia

1083 1890 1264 1943 respicit
1281 1890 1325 1931 in
1344 1890 1460 1932 coelo
1481 1895 1526 1933 et
1542 1892 1587 1933 in
1605 1892 1747 1935 terra?

1134 1947 1362 1989 Suscitans
1381 1959 1408 1988 a
1421 1951 1540 1989 terra
1553 1950 1744 2003 inopem,
1757 1950 1782 1979 *
1797 1954 1842 1992 et
1859 1949 1917 1993 de

1082 2005 1278 2046 stercore
1295 2004 1468 2055 erigens
1485 2008 1742 2059 pauperem:

1133 2061 1194 2103 Ut
1226 2060 1416 2102 collocet
1448 2073 1548 2103 eum
1580 2075 1680 2104 cum
1710 2063 1915 2117 principi-

1081 2117 1179 2168 bus,
1198 2119 1222 2145 *
1250 2130 1351 2159 cum
1369 2117 1642 2171 principibus
1664 2120 1820 2174 pepuli
1839 2120 1916 2162 sui.

1134 2174 1219 2224 Qui
1252 2173 1454 2216 habitare
1495 2175 1601 2217 facit
1641 2176 1836 2219 sterilem
1871 2177 1915 2218 in

1082 2230 1227 2280 domo,
1237 2231 1262 2258 *
1276 2234 1463 2272 matrem
1475 2231 1666 2274 filiorum
1680 2232 1916 2275 laetantem.

1138 2293 1238 2333 Ant.
1259 2291 1385 2333 Beati
1405 2292 1589 2344 pacifici,
1608 2292 1728 2336 beati
1747 2293 1914 2336 mundo

1080 2347 1231 2389 corde:
1269 2347 1477 2399 queniam
1510 2349 1597 2402 ipsi
1623 2349 1769 2392 Deum
1796 2350 1914 2392 vide-

1078 2403 1199 2446 bunt.

1136 2467 1237 2507 Ant.
1266 2467 1314 2506 In
1334 2465 1544 2517 patientia
1562 2470 1710 2508 vestra
1728 2466 1753 2494 *
1773 2466 1913 2519 possi-

1079 2519 1238 2562 debitis
1259 2521 1427 2562 animas
1444 2526 1627 2563 vestras.

1346 2589 1545 2629 Psalmus
1574 2589 1654 2629 116.

1082 2642 1291 2748 Eudate
1305 2647 1546 2689 Deminum
1560 2660 1714 2690 omnes
1730 2649 1911 2691 Gentes:

1180 2704 1204 2729 *
1222 2703 1400 2746 laudate
1420 2717 1520 2746 eum
1539 2717 1693 2748 omnes
1713 2705 1884 2759 pepuli:
