2066 2956
494 236 612 270 Aliud
638 236 811 270 Officium
837 238 871 271 S.
896 238 1059 271 Joannis
1084 238 1344 280 Ncpomuccni
1373 238 1476 271 Mart.

449 333 658 384 Hymnus.

216 401 244 428 n
262 385 480 440 profunda
497 386 639 428 noctis
657 386 811 428 umbra

233 444 290 486 Et
308 443 431 495 gravi
451 442 632 493 caligine

217 501 394 542 Lustrat
413 498 554 541 aedem
576 500 749 542 flamma
767 501 939 552 munda,

218 557 288 598 Sic
307 555 481 609 jubente
499 555 699 598 Numine.

169 620 308 661 Nocte
326 619 520 660 nascitur
538 619 562 659 J
564 621 738 670 oannes,

218 676 354 717 Astra
372 675 486 717 coelo
507 674 728 717 devolant:

216 732 360 774 Nocte
378 732 587 782 mergitur
605 732 630 773 J
633 734 807 783 oannes,

219 789 354 830 Astra
373 789 500 830 funus
520 790 743 842 apparant.

170 853 282 895 Hinc
301 864 378 894 cor
399 852 489 903 ejus
508 852 608 902 igne
628 852 817 903 flagrans

223 909 368 951 Fortis
386 908 472 949 urit
491 908 666 949 caritas:

218 966 334 1007 Hinc
354 964 408 1006 ab
429 965 519 1016 ejus
539 976 615 1006 ore
635 977 815 1005 manans

219 1023 330 1064 Mira
348 1021 497 1074 prodit
516 1021 720 1063 suavitas.

173 1086 296 1127 Nunc
315 1086 464 1125 amore
485 1096 560 1125 cor
578 1083 796 1126 bonerum

221 1141 294 1183 Ad
313 1141 498 1182 salutem
516 1140 744 1193 pertrahit:

220 1198 348 1239 Nunc
366 1198 524 1239 timere
544 1209 619 1238 cor
638 1197 852 1238 malerum

221 1254 262 1296 A
280 1254 478 1306 gehenna
497 1253 688 1295 retrahit.

174 1319 391 1370 Pauperes
412 1316 580 1359 solatur
600 1329 698 1366 aere,

222 1374 453 1416 Derelictis
474 1373 690 1415 subvenit:

224 1431 326 1473 Non
345 1430 446 1472 sinit
464 1431 602 1483 justos
622 1431 777 1482 jacere:

222 1488 394 1529 Damna
411 1486 540 1528 famae
558 1486 786 1539 praepedit.

175 1551 256 1592 Per
272 1551 296 1592 J
300 1549 451 1592 oannis
471 1549 757 1598 sanctitatem,

226 1607 263 1649 O
282 1607 413 1649 beata
431 1606 634 1655 Trinitas,

223 1663 442 1706 Mentibus
462 1662 518 1705 da
537 1662 783 1715 puritatem,

213 1720 370 1774 xCorde
391 1724 544 1770 regnet
563 1719 732 1761 caritas.
767 1718 919 1769 Amen.

381 1795 430 1834 In
458 1795 487 1833 Ι.
515 1795 737 1834 Nocturno.

200 1856 299 1898 Ant.
334 1855 428 1896 Erit
456 1854 603 1895 lumen
625 1853 763 1894 Israel
787 1854 831 1894 in
858 1853 972 1904 igne;

150 1918 195 1955 et
211 1916 387 1953 sanctus
407 1912 497 1964 ejus
516 1911 561 1951 in
578 1910 765 1959 flamma,
791 1908 972 1961 alleluja.

200 1968 262 2003 Ps.
290 1969 404 2004 trium
434 1969 719 2004 Nocturnorum
750 1968 795 2002 cle
826 1967 968 2002 Comm.

149 2017 263 2051 unius
287 2017 395 2051 Mart.
421 2015 491 2059 [39]

202 2060 253 2111 V.
287 2064 616 2106 Sacramentum
649 2060 763 2112 regis
790 2059 972 2102 abscen-

152 2119 255 2164 dere
273 2120 438 2162 bonum
455 2123 531 2169 est,
550 2117 731 2169 alleluja.
758 2120 807 2171 R„
827 2115 973 2168 Opera

152 2182 298 2219 autem
327 2176 412 2218 Dei
442 2174 638 2217 revelare
668 2172 984 2222 honorificum,·

152 2234 332 2286 alleluja.

300 2302 368 2342 De
388 2297 501 2340 libro
521 2294 828 2338 Ecclesiastici.

254 2363 404 2404 Lectio
425 2363 448 2402 i.
645 2361 746 2411 Cap.
761 2361 818 2399 21.
834 2373 867 2400 c.

157 2416 390 2480 altultus
423 2428 449 2456 a
478 2414 668 2478 fenestra
699 2410 902 2477 respiciet
929 2409 974 2450 in

156 2481 246 2558 ὃ
274 2465 972 2570 ffiuffabitfrssslffissiaffgssffi}

153 2585 400 2626 auscultare
419 2596 499 2636 per
519 2582 692 2624 estium:
718 2584 760 2621 et
779 2577 972 2632 prudens

153 2640 405 2692 gravabitur
429 2637 702 2681 contumelia.
736 2634 874 2677 Labia
897 2634 971 2674 im-

153 2696 433 2750 prudentium
452 2695 585 2737 stulta
602 2692 854 2734 narrabunt:
879 2702 971 2732 ver-

154 2754 211 2795 ba
226 2758 372 2794 autem
390 2751 669 2804 prudentium
687 2749 848 2791 statera
866 2759 971 2799 pon-

1748 231 1839 276 [375]

1018 329 1297 371 derabuntur.
1339 329 1389 370 In
1421 342 1496 371 ore
1521 329 1740 371 fatuorum
1764 341 1840 370 cor

1016 386 1204 427 illorum:
1228 391 1271 427 et
1292 387 1336 427 in
1355 384 1489 428 corde
1509 385 1770 438 sapientium
1790 397 1839 426 os

1016 442 1200 484 illerum.
1257 442 1373 483 Dum
1417 441 1637 483 maledicit
1680 441 1839 493 impius

1018 498 1255 547 diabolum,
1283 497 1504 540 maledicit
1531 498 1626 550 ipse
1654 497 1840 538 animam

1017 567 1150 595 suam.
1205 554 1392 596 Susurro
1425 553 1722 605 coinquinabit
1755 553 1840 593 ani-

1016 624 1132 651 mam
1151 623 1287 661 suam,
1309 615 1352 652 et
1370 611 1413 651 in
1434 609 1634 651 Omnibus
1654 608 1840 650 odietur:

1018 671 1062 707 et
1091 667 1164 718 qui
1194 679 1293 708 cum
1321 679 1373 707 eo
1402 666 1625 715 manserit,
1660 664 1840 706 odiesus

1016 723 1113 820 {ritz
1151 723 1310 764 tacitus
1344 727 1388 763 et
1422 723 1621 763 sensatus
1653 721 1839 762 honora-

1048 779 1144 820 itur.

1075 842 1124 893 R
1162 839 1387 881 Metuebat
1432 851 1509 880 rex
1547 838 1776 887 Joannem,
1819 843 1841 865 *

1019 896 1169 938 Sciens
1199 909 1296 937 eum
1325 895 1465 936 virum
1493 895 1651 945 justum
1678 899 1721 935 et
1746 906 1840 934 san-

1020 958 1154 1002 ctum,
1182 951 1364 1003 alleluja.
1407 947 1455 998 Y.
1480 950 1538 991 Et
1566 949 1842 991 custodiebat

1021 1022 1134 1058 eum,
1163 1007 1379 1050 etaudito
1406 1019 1459 1049 eo
1485 1007 1620 1048 multa
1643 1006 1841 1055 faciebat,

1020 1071 1064 1113 et
1082 1066 1266 1108 libenter
1285 1077 1383 1106 eum
1403 1062 1617 1106 audiebat.
1644 1063 1803 1105 Sciens.

1126 1143 1275 1183 Lectio
1297 1143 1335 1182 ii.
1501 1142 1602 1193 Cap.
1622 1143 1685 1181 28.
1707 1155 1740 1181 c.

1023 1203 1242 1308 Fagffli
1260 1206 1390 1259 plaga
1412 1206 1594 1248 livorem
1613 1205 1729 1246 facit:
1753 1204 1841 1256 pla-

1116 1277 1172 1315 ga
1206 1268 1351 1305 autem
1386 1263 1544 1313 linguae
1580 1263 1843 1303 comminuet

1022 1334 1133 1363 ossa.
1166 1319 1291 1361 Multi
1317 1319 1566 1361 ceciderunt
1590 1318 1633 1359 in
1657 1330 1732 1359 ore
1755 1317 1842 1368 gla-

1022 1377 1097 1427 dii,
1130 1375 1209 1418 sed
1240 1389 1327 1417 non
1359 1376 1421 1417 sic
1453 1375 1578 1427 quasi
1610 1374 1684 1426 qui
1715 1373 1842 1415 inter-

1020 1434 1163 1475 ierunt
1189 1445 1268 1485 per
1291 1432 1482 1483 linguam
1509 1443 1642 1471 suam.
1679 1430 1842 1471 Beatus

1023 1490 1096 1542 qui
1131 1493 1274 1530 tectus
1312 1492 1377 1529 est
1414 1500 1438 1528 a
1461 1486 1605 1537 lingua
1640 1498 1842 1537 nequam,

1023 1546 1097 1598 qui
1115 1545 1158 1585 in
1177 1542 1445 1585 iracundiam
1468 1542 1582 1583 illius
1601 1555 1688 1583 non
1706 1546 1841 1582 trans-

1021 1602 1114 1651 ivit,
1144 1606 1187 1642 et
1213 1601 1287 1653 qui
1312 1612 1399 1641 non
1425 1599 1603 1640 attraxit
1627 1599 1772 1650 jugum
1796 1596 1842 1637 il-

1021 1658 1120 1707 lius,
1149 1662 1192 1698 et
1216 1657 1261 1697 in
1278 1655 1461 1698 vinculis
1486 1656 1575 1707 ejus
1601 1667 1688 1695 non
1713 1659 1779 1695 est
1797 1653 1842 1694 li-

1022 1717 1163 1766 gatus:
1205 1715 1350 1765 iugum
1388 1711 1500 1753 enim
1535 1711 1663 1759 illius,
1699 1711 1845 1761 jugum

1023 1771 1210 1812 ferreum
1229 1774 1309 1811 est:
1329 1774 1371 1810 et
1386 1768 1606 1810 vinculum
1619 1767 1744 1816 illius,
1764 1768 1846 1806 vin-

1024 1827 1168 1869 culum
1214 1828 1375 1867 aereum
1421 1829 1497 1866 est.
1555 1823 1676 1864 Mors
1720 1821 1844 1871 illius,

1022 1896 1142 1925 mors
1170 1881 1450 1933 nequissima:
1483 1885 1527 1922 et
1553 1879 1670 1922 utilis
1697 1878 1844 1932 petius

1023 1940 1215 1981 infernus
1235 1950 1366 1990 quam
1383 1936 1469 1977 illa.

1076 2009 1126 2059 R.
1151 2004 1244 2044 Lex
1262 2001 1458 2044 veritatis
1480 2001 1560 2042 fuit
1583 2000 1626 2041 in
1649 2012 1724 2041 ore
1744 2000 1843 2051 ejus,

1025 2066 1068 2102 et
1094 2060 1298 2112 iniquitas
1323 2071 1411 2099 non
1439 2063 1506 2099 est
1528 2057 1703 2097 inventa
1724 2056 1768 2096 in
1786 2054 1844 2095 la-

1023 2117 1106 2158 biis
1140 2117 1244 2168 ejus:
1275 2115 1319 2155 in
1350 2126 1460 2166 pace
1493 2118 1536 2154 et
1566 2112 1609 2153 in
1638 2111 1844 2163 aequitate
1873 2111 1878 2114 ’

1025 2172 1264 2214 ambulavit
1304 2183 1487 2212 mecum:
1523 2174 1544 2197 *
1587 2168 1644 2209 Et
1682 2166 1843 2208 multos

1025 2228 1182 2270 avertit
1192 2227 1246 2270 ab
1257 2226 1495 2279 iniquitate,
1506 2223 1686 2276 alleluja.
1700 2220 1750 2270 V.
1764 2222 1843 2263 La-

1023 2284 1097 2327 bia
1146 2284 1260 2325 enim
1310 2281 1552 2323 sacerdetis
1597 2277 1845 2321 custedient

942 2352 944 2354 ’
1025 2340 1267 2389 scientiam,
1304 2343 1347 2380 et
1372 2337 1514 2388 legem
1540 2337 1762 2388 requirent
1789 2346 1843 2375 ex

1025 2409 1102 2438 ore
1121 2396 1221 2447 ejus.
1248 2395 1314 2436 Et.

1324 2453 1472 2493 Lectio
1493 2452 1546 2491 iii.

1027 2512 1401 2618 Perseverantia
1426 2517 1540 2558 illius
1564 2529 1652 2558 non
1676 2528 1843 2568 perma-

1119 2576 1254 2625 nebit,
1282 2574 1361 2616 sed
1386 2572 1600 2615 obtinebit
1623 2571 1716 2614 vias
1740 2571 1842 2623 inju-

1026 2636 1206 2675 storum:
1225 2635 1268 2673 et
1285 2630 1329 2670 in
1347 2630 1520 2670 flamma
1535 2641 1613 2669 sua
1627 2641 1715 2669 non
1729 2640 1843 2669 com-

1022 2690 1151 2732 buret
1165 2689 1311 2739 justos.
1331 2685 1415 2736 Qui
1431 2685 1678 2736 relinquunt
1691 2684 1843 2732 Deum,

1023 2744 1214 2787 incident
1239 2743 1284 2784 in
1310 2741 1446 2791 illam,
1475 2746 1519 2783 et
1547 2739 1773 2783 exardebit
1798 2739 1843 2779 in
