2066 2904
562 146 633 180 Die
660 146 716 179 lo.
741 145 841 186 Maii.
890 147 923 177 S.
953 143 1136 178 Antonini
1163 142 1291 184 Epis-0.
1319 149 1353 174 ct
1380 141 1488 174 (jons.
1811 132 1886 168 503

167 247 265 287 tore
293 242 567 290 Theodosio,
599 240 657 282 ad
686 239 914 281 coelestem
940 239 1000 280 vi-

168 305 259 342 tam
278 299 401 341 senio
421 297 647 341 confectus
665 295 879 346 migravit.

220 363 271 415 ΕΞ.
297 361 387 402 Iste
407 363 474 400 est
495 358 579 411 qui.
599 356 674 410 [71]

219 423 263 456 In
287 424 350 457 111.
371 423 571 457 Nocturno
596 418 767 453 Homilia
794 418 831 450 in
853 416 997 456 Evang.

172 471 247 504 Vos
276 467 371 503 estis
395 467 464 502 sal.
492 469 539 502 dc
565 466 767 502 Communi
788 465 999 499 Doctorum

171 519 198 552 1.
222 519 320 552 loco.
346 515 419 559 [81]

220 571 406 614 Vespera:
446 581 468 603 a
508 568 633 612 Capit.
679 567 725 600 de
768 577 873 609 sequ.
915 574 1000 598 cnm
1059 559 1163 599 4³⁴3:ss

168 629 364 653 commem.
389 628 503 662 praec.
528 621 564 651 ct
588 616 644 650 Ss.
668 615 823 658 Martyr.

434 705 518 746 Die
537 706 602 745 10.
620 703 734 754 Maii.

247 774 290 815 S.
309 772 553 814 Antonini
571 771 716 824 Episc.
738 774 780 810 et
801 767 921 809 Conf.

501 834 667 877 Duplex.

223 897 358 933 Omnia
393 896 439 930 dc
471 895 617 930 Comm.
651 892 759 927 Conf.
790 890 899 924 Pont.
930 890 1001 934 [66]

170 951 311 991 praeter
336 955 441 989 sequ.
465 944 525 986 (m.
550 946 574 976 t.
597 941 646 984 v.)

507 998 671 1041 Oratio.

239 1061 356 1103 ancti
374 1058 586 1101 Antonini
609 1057 799 1099 Domine
824 1056 1001 1098 Confes-

256 1117 368 1159 soris
392 1117 457 1159 tui
479 1120 611 1167 atque
630 1113 859 1156 Pontificis
878 1112 1001 1153 meri-

169 1173 226 1215 tis
254 1173 524 1226 adjuvemur:
556 1175 621 1220 ut,
650 1170 763 1212 sicut
786 1174 831 1211 te
855 1169 900 1209 in
925 1168 1002 1209 illo

168 1229 413 1271 mirabilem
432 1228 745 1282 praedicamus,
772 1226 834 1267 ita
857 1225 902 1266 in
921 1237 1002 1266 nos

169 1284 500 1328 misericordem
509 1285 644 1326 fuisse
654 1282 901 1335 gloriemur.
917 1282 1002 1322 Per

169 1342 407 1384 D6minum
425 1346 635 1384 nostrum.

224 1405 272 1439 Et
297 1405 336 1438 fit
361 1413 558 1438 commem.
583 1402 749 1446 praeced.

224 1461 323 1501 Ant.
350 1459 387 1499 O
405 1459 577 1500 Doctor
597 1456 773 1510 optime,
791 1454 1003 1497 Ecclesiae

172 1520 338 1558 sanctae
360 1515 525 1564 lumen,
552 1514 684 1555 beate
710 1512 913 1563 Gregori,
942 1510 1003 1553 di-

171 1575 286 1614 vinae
310 1571 419 1623 legis
444 1572 633 1620 amator,
660 1569 901 1622 deprecare
920 1580 1004 1620 pro

170 1628 298 1671 nobis
317 1627 476 1669 Filium
492 1627 588 1677 Dei,
607 1625 789 1677 alleluja.

225 1687 276 1739 V.
295 1689 469 1730 Justum
488 1686 672 1730 deduxit
690 1685 905 1727 Dominus
924 1697 1005 1737 per

171 1745 264 1786 vias
288 1749 449 1794 rectas,
477 1743 660 1795 alleluja.
703 1745 754 1796 R.
777 1743 835 1784 Et
861 1742 1004 1783 osten-

173 1799 237 1843 dit
255 1800 318 1842 illi
336 1813 520 1851 regnum
537 1800 632 1849 Dei,
653 1798 836 1850 alleluja.

229 1864 393 1905 Oratio.
421 1864 552 1910 Deus,
574 1860 660 1913 qui.
679 1860 780 1900 502.

226 1925 376 1959 Deinde
413 1924 470 1959 Ss.
504 1924 695 1958 Gordiani
733 1928 769 1957 et
803 1921 1006 1965 Epimachi

175 1973 396 2016 Martyrum.

228 2029 327 2070 Ant.
362 2027 458 2067 Lux
480 2026 698 2078 perpetua
722 2022 887 2064 lucebit
912 2035 1005 2063 san-

176 2082 256 2124 ctis
275 2081 362 2124 tuis
378 2081 577 2130 Domine,
597 2085 642 2122 et
660 2079 882 2121 aetemitas
900 2080 1006 2120 tem-

173 2151 345 2191 porum,
364 2137 547 2189 alleluia.

229 2195 280 2247 V.
296 2198 445 2240 Sancti
465 2202 509 2239 et
523 2196 624 2250 justi
638 2196 683 2237 in
696 2196 890 2237 Domino
905 2207 1006 2246 gau-

176 2255 293 2304 dete,
319 2254 502 2305 alleluja.
536 2256 588 2306 Rz.
609 2253 705 2294 Vos
731 2252 862 2304 elegit
884 2252 1008 2293 Deus

175 2311 219 2352 in
237 2310 543 2352 haereditatem
563 2309 656 2359 sibi,
676 2308 858 2361 alleluja.

512 2373 676 2415 Oratio.

176 2428 291 2535 Da
310 2435 562 2486 quaesumus
578 2434 858 2485 omnipotens
871 2432 1008 2473 Deus:

294 2494 344 2532 ut
385 2490 460 2541 qui
497 2489 730 2531 beatorum
764 2488 1009 2539 Martyrum

176 2547 351 2587 tubrum
379 2545 591 2587 Gordiani
617 2550 661 2587 et
683 2543 914 2598 Epimachi
939 2556 1008 2584 so-

142 2611 145 2613 ·
178 2601 336 2643 lemnia
355 2601 556 2652 colimus,
576 2604 729 2643 eorum
748 2599 869 2654 apud
886 2604 931 2641 te
950 2599 1009 2639 in-

178 2657 519 2700 tercessionibus
527 2656 1010 2709 adjuvemur.PerDfim.

1106 237 1149 271 In
1180 236 1207 270 1.
1240 236 1440 269 Nocturno
1475 235 1679 268 Lectiones
1711 234 1756 267 dc
1791 232 1888 266 Scri-

1054 289 1167 328 ptura
1194 290 1428 318 occurrente.

1289 345 1338 383 In
1358 345 1408 383 II.
1429 344 1654 382 Nocturno.

1359 401 1511 440 Lectio
1534 400 1586 438 iv.

1063 474 1180 507 ct*
1203 460 1422 508 ntoninus,
1437 458 1675 499 Florentiae
1690 457 1888 499 honestis

1065 513 1068 523 '
1168 514 1190 546 ³³³²
1220 514 1477 568 parentibus
1512 519 1657 563 natus,
1700 513 1755 554 ab
1791 513 1889 565 ipsa

1220 573 1307 624 jam
1324 571 1514 624 pueritia
1534 570 1758 621 egregium
1777 569 1888 610 futu-

1054 641 1115 669 rae
1147 628 1394 670 sanctitatis
1427 627 1652 680 specimen
1681 625 1889 667 exhibuit.

1054 685 1230 726 Annum
1268 697 1402 736 agens
1442 688 1616 725 sextum
1659 682 1889 731 decimum,

1053 740 1310 792 religi6nem
1343 740 1694 782 Praedicatorum
1726 738 1888 791 ample-

1053 810 1147 847 xus,
1167 797 1303 850 coepit
1323 796 1483 838 exinde
1502 795 1704 837 maximis
1722 794 1890 835 clarere

1053 853 1301 895 virtutibus.
1357 853 1459 894 Otio
1497 853 1764 905 perpetuum
1800 850 1889 892 bel-

1053 909 1144 950 lum
1170 909 1343 959 indixit,
1370 915 1475 963 post
1500 911 1765 950 nocturnum
1793 907 1889 948 bre-

1054 979 1154 1007 vem
1199 979 1402 1008 somnum
1452 965 1619 1018 primus
1664 963 1890 1005 matutinis

1054 1022 1261 1075 precibus
1295 1022 1464 1072 aderat,
1503 1021 1661 1074 quibus
1692 1020 1891 1073 persolu-

1053 1078 1125 1127 tis,
1158 1078 1376 1130 reliquum
1407 1084 1584 1130 tempus
1615 1077 1759 1119 noctis
1797 1089 1890 1118 ora-

1054 1134 1258 1186 tionibus,
1279 1140 1353 1177 aut
1373 1139 1493 1176 certe
1512 1134 1706 1183 lectioni,
1726 1139 1770 1175 et
1790 1133 1890 1174 scri-

1054 1191 1198 1243 ptioni
1235 1191 1447 1233 libr6rum
1481 1190 1718 1240 tribuebam
1766 1194 1810 1231 et
1854 1189 1891 1230 si

1057 1247 1233 1299 quando
1267 1248 1562 1301 importunior
1596 1246 1724 1288 fessis
1757 1259 1891 1287 mem-

1055 1304 1146 1346 bris
1189 1317 1370 1346 somnus
1419 1304 1672 1356 obreperet,
1719 1302 1777 1344 ad
1816 1315 1891 1355 pa-

1056 1363 1211 1402 rietem
1234 1361 1462 1414 paululum
1491 1360 1711 1402 declinato
1736 1359 1892 1411 capite,

1057 1430 1108 1458 ac
1126 1419 1343 1470 tantisper
1364 1416 1564 1458 discusso
1584 1428 1759 1464 somno,
1788 1427 1893 1455 mox

1058 1486 1206 1514 sacras
1226 1473 1396 1525 vigilias
1415 1472 1587 1514 avidius
1607 1470 1849 1524 repetebat.

1115 1530 1166 1581 Rv.
1186 1530 1340 1571 Inveni
1361 1528 1508 1571 David
1531 1540 1709 1569 servum
1737 1539 1894 1575 meum,

1058 1585 1158 1627 cleo
1185 1591 1339 1628 sancto
1365 1598 1465 1627 meo
1492 1585 1598 1626 unxi
1628 1596 1742 1625 eum:
1765 1583 1890 1623 *Ma-

1057 1655 1138 1683 nus
1161 1643 1275 1683 enim
1293 1655 1392 1684 mea
1412 1640 1694 1683 auxiliabitur
1716 1640 1772 1689 ei,
1792 1639 1893 1680 alle-

1057 1699 1154 1751 luja.
1194 1692 1242 1744 V.
1262 1698 1383 1740 Nihil
1402 1698 1608 1752 proficiet
1627 1696 1828 1738 inimicus
1850 1696 1895 1736 in

1059 1768 1128 1805 eo,
1151 1760 1194 1797 et
1212 1755 1328 1796 filius
1347 1755 1589 1807 iniquitatis
1608 1766 1697 1794 non
1716 1752 1896 1794 nocebit

1059 1812 1109 1852 ei.
1143 1811 1299 1853 Manus
1320 1812 1445 1853 enim.

1372 1866 1582 1906 Lectio'v.

1063 1918 1367 2024 Disciplinae
1404 1923 1617 1975 regularis
1655 1922 1723 1963 sui
1758 1922 1896 1974 ipsius

1165 1982 1470 2022 severissimus
1500 1981 1697 2027 exactor,
1726 1990 1896 2026 carnes,

1059 2037 1142 2078 nisi
1160 2037 1205 2078 in
1224 2037 1347 2088 gravi
1364 2034 1637 2087 aegritudine,
1656 2046 1896 2085 numquam

1061 2093 1163 2135 edit.
1199 2093 1357 2143 Humi,-
1381 2097 1458 2133 aut
1481 2092 1525 2132 in
1550 2090 1671 2132 nudo
1696 2089 1896 2131 tabulato

1060 2149 1266 2191 cubabat:
1287 2149 1428 2191 cilicio
1446 2160 1621 2200 semper
1635 2159 1751 2195 usuS‚
1772 2150 1816 2187 et
1836 2145 1896 2186 in-

1060 2205 1236 2247 terdum
1260 2218 1374 2247 zona
1402 2205 1545 2245 ferrea
1570 2202 1627 2244 ad
1652 2202 1799 2244 vivam
1825 2215 1895 2243 cu-

1060 2267 1152 2304 tem
1187 2262 1420 2311 incinctuS‚
1456 2260 1753 2310 virginitatem
1789 2259 1896 2299 inte-

1061 2319 1248 2369 gerrime
1281 2330 1456 2370 semper
1488 2315 1635 2358 coluit.
1675 2315 1727 2355 In
1762 2314 1896 2368 expli-

1063 2374 1215 2416 candis
1244 2374 1438 2416 consiliis
1460 2377 1596 2415 tantae
1621 2371 1897 2413 dexteritatis

1062 2431 1154 2481 fuit,
1172 2437 1221 2472 ut
1239 2430 1462 2472 communi
1482 2428 1628 2479 elogio
1648 2428 1898 2469 Antoninus
1955 2471 1958 2474 ,

1063 2486 1347 2528 consiliorum
1379 2485 1610 2527 diceretur.
1662 2482 1791 2525 Adeo
1824 2497 1896 2525 au-

1063 2548 1154 2585 tem
1188 2543 1234 2584 in
1269 2555 1322 2584 eo
1363 2541 1587 2582 humilitas
1624 2540 1798 2590 enituit,
1848 2545 1897 2582 ut

1064 2599 1196 2640 etiam
1215 2597 1440 2647 coenobiis,
1460 2609 1512 2638 ac
1530 2596 1769 2649 provinciis
1784 2608 1896 2649 prae-

1062 2655 1203 2697 fectus
1231 2653 1523 2706 abjectissima
1551 2653 1808 2695 monasterii
1835 2653 1896 2695 of-
