2066 2904
188 177 254 213 526
299 179 363 210 liitv
380 180 407 206 ῗῐι
422 184 436 209 ¹,
457 177 552 212 Maii.
580 177 612 207 S.
631 175 769 207 Felicis
790 174 811 206 l.
831 174 918 215 l'ap⁴
937 180 968 205 ct
989 173 1174 206 Mart-231.
1192 173 1291 212 Maii.
1318 174 1352 206 S.
1369 174 1529 215 Ans-*clau
1550 174 1717 207 Merit-iac
1735 174 1836 215 Virg.

190 277 233 313 et
259 272 354 323 ipse
386 276 490 323 post
516 270 712 319 veniens,
747 282 829 322 per
858 269 1018 310 amoris

189 327 254 368 sui
273 326 553 379 praesentiam
572 325 771 367 illustret.

239 385 301 423 ‘l'e
323 383 466 424 Deum
484 381 726 424 laudamus.
743 382 804 422 15.

452 478 536 519 Die
556 479 627 519 30.
645 477 758 530 Maji.

274 547 317 588 S.
335 546 515 588 Felicis
534 546 570 587 I.
588 547 717 596 Papae
739 550 780 583 ct
807 544 925 583 Mart.

241 610 306 649 Ad
339 610 568 660 Vesperas.
609 611 703 649 ⁴int,
740 608 834 647 Lux
861 606 1014 658 perpe-

188 669 263 705 tua
281 663 445 705 lucebit
464 663 627 705 sanctis
645 662 731 704 tuis
750 663 955 711 Demine,
975 666 1019 702 et

188 719 411 761 aeternitas
430 721 689 771 temporum,
709 718 892 769 alleluja.

241 777 287 826 δ”.
307 780 455 821 Sancti
474 785 518 821 et
536 779 636 831 justi
652 779 696 819 in
711 779 902 820 Domino
918 790 1017 829 gau-

189 836 307 886 dete,
333 836 516 887 alleluja.
552 837 598 886 Ix‘g.
627 836 722 876 Vos
747 835 878 886 elegit
895 834 1018 875 Deus

187 892 230 933 in
248 892 554 934 haereditatem
573 891 666 941 sibi,
687 890 869 943 alleluia.

522 952 685 992 Oratio.

233 1009 516 1050 nfirmitatem
546 1013 746 1049 nostram
774 1007 945 1060 respice
975 1021 1018 1049 o-

238 1067 488 1117 mnipotens
504 1065 639 1106 Deus:
658 1069 702 1106 et
723 1064 824 1116 quia
842 1064 1018 1116 pondus

187 1122 381 1174 propriae
401 1121 585 1163 actionis
606 1125 777 1171 gravat,
800 1119 919 1161 beati
938 1121 1017 1162 Fe-

187 1177 281 1219 licis
307 1178 512 1230 Martyris
538 1177 602 1219 tui
633 1182 766 1229 atque
789 1177 1018 1218 Pontifieis

187 1233 444 1275 intercessio
472 1234 666 1285 gloriesa
692 1245 774 1274 nos
802 1235 1019 1285 protegat.

187 1290 272 1331 Per
288 1290 535 1332 Deminum.

486 1352 636 1392 Lectio
659 1352 711 1391 iii.

199 1430 223 1453 μ
275 1406 363 1448 elix
385 1407 626 1456 Romanus,
652 1410 779 1458 patre
805 1405 1016 1447 Constan-

198 1460 201 1495 ῗ
218 1477 240 1497 ν
291 1463 365 1513 tio,
383 1462 621 1504 Aureliano
637 1463 904 1515 imperatere
915 1463 1019 1514 prae-

186 1519 266 1561 fuit
290 1519 511 1561 Ecclesiae.
550 1518 787 1560 Constituit
810 1523 860 1559 ut
883 1518 1018 1560 Missa

187 1588 319 1628 supra
338 1575 572 1617 memorias
592 1581 635 1617 et
655 1575 890 1628 sepulchra
904 1575 1017 1617 Mar-

186 1636 331 1683 tyrum
349 1631 657 1673 celebraretur.
686 1631 887 1682 Quicum
901 1644 1017 1673 men-

187 1700 234 1728 se
262 1687 498 1729 Decembri
524 1687 749 1729 habuisset
779 1687 1015 1729 ordinatio-

187 1756 264 1784 nes
290 1742 418 1792 duas,
447 1748 491 1785 et
515 1746 708 1785 creasset
731 1743 1017 1796 presbyteros

186 1811 361 1849 novem,
381 1799 594 1841 diaconos
615 1800 823 1852 quinque,
849 1802 1016 1852 episco-

187 1867 269 1907 pos
289 1868 369 1907 per
388 1854 562 1897 diversa
576 1856 674 1898 loca
691 1856 894 1908 quinque,
914 1869 1018 1897 mar·

186 1911 300 1963 tyrio
321 1914 575 1962 coronatus,
601 1912 671 1953 via
691 1912 872 1954 Aurelia
892 1925 1016 1965 sepe-

187 1966 290 2008 litur
309 1967 353 2007 in
370 1967 553 2009 basilica
573 1981 704 2020 quam
723 1982 748 2010 a
765 1981 813 2010 se
828 1968 1016 2010 aedifica-

186 2027 276 2064 tam
297 2022 533 2066 dedicarat.
560 2025 684 2066 Vixit
699 2026 742 2066 in
756 2025 1017 2078 pontificatu

187 2092 323 2120 annos
349 2079 471 2130 duos,
500 2093 672 2122 menses
694 2083 895 2133 quatuor,
922 2080 1017 2123 dies

187 2135 338 2185 viginti
357 2148 527 2177 novem.

243 2192 303 2232 Te
323 2191 465 2233 Deum
483 2192 724 2235 laudamus.
742 2193 803 2234 15.

243 2251 308 2291 Ad
340 2252 521 2293 Laudes.
564 2254 658 2295 Ant.
698 2253 818 2294 Fssiae
843 2253 1015 2294 Jerusa-

189 2305 291 2356 lem,
328 2311 492 2358 vem'te,
536 2314 579 2350 et
616 2309 763 2350 videte
800 2309 1017 2361 Martyres

191 2374 289 2402 cum
308 2364 493 2414 coronis,
514 2364 671 2416 quibus
692 2365 920 2406 coronavit
941 2378 1018 2407 eos

191 2416 405 2460 Dominus
423 2420 466 2460 in
487 2420 558 2462 die
579 2420 870 2462 solemnitatis
886 2426 930 2462 et
946 2421 1017 2462 lae-

191 2472 309 2522 titiae‚
329 2474 510 2526 alleluja,
530 2475 713 2528 alleluja.

244 2527 291 2576 Y.
333 2534 533 2577 Pretiosa
570 2537 613 2577 in
651 2538 894 2589 conspectu
931 2537 1017 2578 Do-

191 2588 312 2637 mini,
339 2589 519 2642 alleluja.
553 2594 600 2642 R.
627 2593 748 2634 Mors
767 2594 1019 2634 sanctorum

193 2644 294 2696 ejuS,
314 2645 496 2697 alleluja.

1338 268 1422 309 Die
1440 269 1499 309 31.
1518 267 1631 319 Maii.

1121 336 1165 377 S.
1182 335 1391 387 Angelae
1409 335 1631 378 Mericiae
1654 336 1858 385 Virginis.

1404 401 1569 445 Duplex.

1125 454 1261 489 Omnia
1287 456 1333 490 dc
1352 456 1555 491 Communi
1573 457 1775 500 virginum
1794 453 1902 498 [100]

1072 508 1213 544 practer
1237 505 1449 547 sequentia.

1410 560 1573 601 Oratio.

1157 628 1252 666 eus,
1298 617 1372 668 qui
1409 629 1573 658 novum
1609 628 1690 669 per
1724 615 1903 659 beetam

1176 672 1392 724 Angelam
1420 674 1645 714 sacrarum
1669 672 1903 725 Virginum

1071 728 1306 780 collegium
1322 729 1367 769 in
1385 728 1585 770 Ecclesia
1605 733 1683 771 tua
1701 728 1903 771 floresce-

1070 798 1118 827 re
1137 784 1330 827 voluisti:
1350 784 1407 827 da
1426 784 1567 835 nobis,
1587 785 1679 837 ejus
1697 785 1904 827 interces-

1071 842 1194 883 sione
1219 841 1428 892 angelicis
1446 840 1644 883 moribus
1663 843 1830 892 vivere3
1855 845 1904 883 ut

1070 898 1256 940 terrenis
1290 897 1495 939 omnibus
1527 897 1764 948 abdicatis,
1798 900 1903 949 gau·

1072 953 1154 996 diis
1164 954 1331 1007 perfrui
1345 956 1593 996 mereamur
1609 955 1796 996 aeternis.
1818 954 1904 995 Per

1070 1011 1310 1052 Dominum
1328 1015 1540 1053 nostrum.

1126 1074 1274 1108 Deinde
1300 1083 1434 1107 comm.
1460 1071 1495 1106 S.
1522 1070 1745 1105 I'etronillae
1770 1069 1875 1113 Virg.

1125 1126 1223 1165 Ant.
1244 1123 1394 1165 Simile
1413 1127 1481 1165 est
1494 1135 1677 1174 regnum
1692 1122 1906 1165 coelorum

1071 1179 1236 1220 hemini
1254 1180 1520 1230 negotiatori
1536 1180 1752 1233 quaerenti
1764 1179 1905 1222 bonas

1070 1237 1347 1286 margaritas:
1378 1236 1555 1278 inventa
1580 1249 1668 1278 una
1695 1236 1904 1288 pretiesa,

1071 1291 1195 1334 dedit
1225 1292 1373 1333 emnia
1410 1305 1507 1343 sua,
1549 1297 1593 1334 et
1631 1291 1906 1345 comparavit

1072 1361 1180 1399 eam,
1199 1348 1384 1401 alleluja.

1124 1403 1173 1455 X.
1216 1405 1388 1446 Diffusa
1424 1409 1492 1447 est
1523 1404 1667 1455 gratia
1697 1405 1743 1446 in
1774 1403 1903 1446 labiis

1070 1461 1172 1511 tuis,
1201 1461 1386 1514 alleluja.
1426 1466 1478 1517 R.
1500 1461 1745 1515 Propterea
1771 1460 1902 1503 bene·
1935 1504 1938 1509 ,

1074 1517 1184 1560 dixit
1201 1523 1247 1560 te
1265 1518 1388 1560 Deus
1405 1518 1450 1559 in
1469 1519 1697 1568 aeternum,
1720 1517 1904 1570 alleluja.

1409 1586 1573 1627 Oratio.

1069 1633 1289 1740 Exaudi
1320 1652 1403 1681 nos
1435 1639 1559 1680 Deus
1592 1638 1805 1680 salutaris
1830 1650 1904 1680 no-

1169 1700 1274 1737 ster:
1298 1701 1362 1746 ut,
1381 1695 1494 1738 sicut
1513 1694 1569 1736 de
1586 1694 1733 1737 beatae
1750 1694 1900 1737 Petro·

1070 1751 1188 1793 nsslae
1206 1752 1401 1803 Virginis
1424 1756 1513 1794 tuae
1538 1751 1776 1794 festivitate
1801 1762 1903 1802 gau-

1072 1806 1245 1857 demus,
1272 1808 1333 1850 ita
1356 1808 1443 1861 piae
1463 1806 1714 1849 devotionis
1733 1805 1903 1848 erudia-

1070 1877 1168 1905 mur
1187 1863 1360 1906 affectu.
1385 1864 1471 1905 Per
1489 1863 1739 1906 Deminum.

1126 1931 1167 1965 In
1199 1931 1225 1965 Ι.
1254 1932 1454 1965 Nocturno
1488 1930 1692 1966 Lectiones
1725 1930 1772 1965 de
1804 1929 1903 1965 Scri-

1071 1984 1183 2022 ptura
1210 1984 1442 2013 occurrente.

1296 2050 1345 2088 In
1373 2050 1424 2088 ΙΙ.
1453 2050 1678 2089 Nocturno.

1374 2118 1527 2159 Lectio
1548 2118 1601 2157 iv.
1644 2122 1646 2124 ’

1085 2194 1137 2238 εχ
1156 2193 1210 2244 χῖ
1229 2180 1357 2231 ngela
1392 2179 1589 2228 Merieia,
1633 2178 1903 2229 Decentiani,

1086 2230 1166 2304 ſsd!
1183 2240 1217 2306 χ
1244 2236 1518 2277 Veronensis
1547 2235 1751 2277 dioecesis
1779 2235 1902 2288 oppi-

1100 2302 1101 2305 ’
1246 2291 1324 2343 dc,
1360 2292 1417 2334 ad
1441 2292 1587 2334 lacum
1611 2292 1835 2333 Benacum
1858 2291 1903 2332 in

1072 2348 1238 2390 ditione
1265 2348 1438 2390 Veneta
1470 2348 1555 2401 piis
1588 2353 1687 2390 orta
1715 2347 1903 2400 parenti·

1071 2404 1170 2454 bus,
1199 2417 1224 2445 a
1247 2404 1389 2456 prima
1414 2407 1546 2447 aetate
1570 2403 1832 2455 virginitatis
1855 2403 1902 2444 li-

1070 2460 1192 2510 lium,
1222 2460 1343 2512 quod
1372 2463 1591 2514 perpetuo
1617 2463 1794 2502 servare
1818 2464 1903 2502 sta-

1071 2520 1227 2566 tuerat,
1246 2516 1401 2558 sedula
1415 2517 1565 2570 sepsit.
1593 2517 1664 2559 Ab
1680 2517 1799 2559 omni
1813 2530 1903 2559 mu-

1072 2572 1199 2614 liebri
1219 2574 1378 2614 ornatu
1398 2573 1658 2623 abh6rrens,
1684 2573 1905 2624 egregiam

1072 2629 1218 2670 vultus
1246 2629 1451 2678 formam,
1478 2629 1797 2682 pulchramque
1822 2642 1903 2671 cae-

1073 2685 1231 2726 seriem
1256 2684 1454 2726 studiose
1473 2685 1679 2735 foedavit,
1703 2691 1753 2728 ut
1775 2685 1903 2727 coele-
