2028 2892
197 178 262 214 372

662 178 726 209 lm·
753 183 779 210 (ὦ.
812 178 914 210 Febr

259 276 302 319 δ’.
335 274 490 327 Specie
523 278 598 315 tua
631 278 675 315 et
702 271 1025 326 pulchritudine

198 338 282 373 tua.
320 333 363 382 ll».
379 329 574 380 Intende,
594 332 807 383 praspere
823 328 1026 382 procede,

198 394 241 430 et
263 401 406 439 regna.
763 390 766 394 '

535 452 697 490 Oratio.

247 514 544 566 ndulgentiam
582 514 727 563 nobis,
776 515 1027 565 quaesumus

255 572 459 621 Domine,
486 571 615 613 beata
639 570 867 612 DorOthea
889 569 1027 620 Virgo

199 635 242 670 et
261 629 427 681 Martyr
445 627 664 681 imp16ret:
688 639 785 679 quae
805 625 884 667 tibi
903 630 1029 675 grata

199 698 374 738 semper
395 685 560 726 exstitit
576 690 619 725 et
631 683 788 724 merito
803 681 1029 730 castitatis,

201 748 244 783 et
276 748 364 783 tuae
397 741 672 794 professione
704 739 888 780 virtatis.
946 738 1030 779 Per

199 799 437 839 Do'minum
457 803 666 839 nostrum.

260 864 294 895 lu
324 864 344 896 l.
372 864 474 896 Not-r
506 864 704 897 litationi-⁴<
733 861 871 896 [fidelis
892 870 1028 895 sermo.

204 912 248 944 ilt-
277 913 409 945 mulum
435 913 634 945 (mummi
669 914 689 945 l.
720 913 810 944 lom»
838 909 911 953 [68]

436 982 482 1019 In
506 982 554 1019 ΙΙ.
578 982 799 1020 Nocturni).

509 1052 655 1091 Lectio
682 1051 729 1089 ix‘.

209 1203 235 1221 2²²⁴
274 1205 305 1226 ψ».

209 1210 247 1242 ‘²⁵
283 1224 319 1255 ³⁷³³
349 1231 597 1272 christianae
617 1230 720 1271 fidei
736 1228 1030 1277 sacramentis,

201 1288 507 1341 mysteriisque
534 1286 771 1336 excultum,
798 1295 854 1326 ea*
875 1285 1029 1326 sancti-

200 1345 305 1386 tatis
336 1344 434 1386 luce
462 1343 672 1385 Ecclesiae
704 1348 808 1384 tunc
840 1341 1030 1392 vagienti

202 1401 415 1443 effulsisse
441 1402 715 1453 compertum
742 1404 823 1448 est,
851 1403 900 1439 ut
919 1398 1031 1439 inter

202 1457 396 1509 ejusdem
425 1457 635 1498 Doet6ris
663 1455 870 1497 Gentium
904 1453 1030 1495 disei-

201 1514 330 1566 pulos
357 1514 565 1555 meruerit
595 1512 808 1566 cooptari.
855 1512 1031 1552 Ascitus

202 1572 245 1611 in
293 1576 462 1623 partem
510 1570 655 1611 oneris
692 1567 1031 1621 praedicationis,

203 1627 315 1669 adeo
332 1625 662 1678 evangelizandi
679 1624 848 1674 ardore,
869 1629 912 1666 et
928 1623 1031 1665 fide—

202 1684 323 1725 litate
343 1684 481 1724 Paulo
502 1682 668 1724 exstitit
687 1695 829 1731 carus,
855 1686 902 1722 ut
925 1681 1032 1733 ipse,

204 1753 302 1781 eum
348 1742 540 1781 venisset
579 1737 802 1780 Troadem
848 1741 1032 1790 propter

204 1796 491 1848 Evangelium
529 1795 705 1845 Christi,
741 1796 929 1837 testatus
967 1794 1032 1842 sit,

203 1867 290 1895 non
310 1853 515 1895 habuisse
534 1852 729 1904 requiem
750 1851 921 1904 spiritui
941 1862 1032 1898 suo,

205 1923 258 1952 eo
284 1909 404 1962 quod
428 1909 576 1950 Titum
607 1909 785 1950 fratrem
818 1921 944 1948 suum
974 1906 1033 1947 ibi

204 1980 293 2009 non
318 1966 545 2008 invenerit.
579 1966 635 2006 Et
663 1965 796 2018 paulo
824 1969 926 2017 post
945 1963 1032 2004 Ma-

205 2023 436 2066 cedoniam
461 2028 635 2076 petens,
665 2035 815 2063 rursus
841 2034 966 2062 suam
990 2020 1033 2060 in

205 2094 305 2122 eum
339 2080 566 2121 caritatem
599 2079 660 2120 ita
693 2077 911 2131 exprimit:
948 2075 1034 2118 Sed

207 2138 280 2190 qui
297 2136 550 2178 consolatur
565 2135 761 2184 humiles,
782 2133 1034 2176 consolatus

206 2199 272 2235 est
292 2206 373 2235 nos
392 2194 512 2234 Deus
531 2193 574 2233 in
595 2192 786 2233 adventu
805 2191 905 2232 Titi.

268 2252 311 2301 Ra
334 2250 485 2291 Inveni
511 2248 656 2290 David
681 2261 856 2289 servum
879 2260 1034 2297 meum,

208 2307 306 2348 oleo
355 2312 508 2348 saneto
559 2318 659 2347 meo
705 2305 807 2346 unxi
855 2317 966 2345 eum:
1016 2308 1032 2326 *

208 2363 362 2404 Manus
395 2364 510 2404 enim
543 2375 641 2404 mea
673 2360 951 2403 auxiliabitur
985 2361 1034 2401 ei.

217 2416 245 2455 V
293 2419 410 2460 Nihil
440 2419 643 2472 proficiet
671 2418 870 2459 inimicus
899 2417 941 2457 in
971 2429 1034 2465 eo,

210 2479 252 2515 et
276 2475 390 2516 filius
414 2475 655 2528 iniquitatis
679 2488 765 2515 non
789 2472 966 2515 nocebit
987 2473 1035 2514 ei.

210 2530 374 2571 Manus.

526 2588 671 2624 Lot-tim
697 2601 707 2622 x
725 2619 728 2622 ,

217 2627 549 2746 Quamobrem
569 2652 825 2695 Corinthum
844 2652 898 2693 ab
918 2651 1035 2704 Apo-

315 2709 429 2750 stolo
454 2710 627 2758 missus,
656 2723 707 2751 ea
734 2709 963 2761 sapientia,
993 2714 1036 2749 et

964 180 995 209 δ’,
1023 178 1098 209 ¹sill
1130 177 1250 219 lffDlsc,
1279 186 1309 209 [l
1340 179 1445 209 (Julll.

1076 271 1252 312 lenitate
1287 270 1517 321 legatic'mis
1561 269 1687 321 hujus
1725 272 1904 311 munere

1076 328 1250 369 functus
1269 332 1354 376 est,
1383 340 1482 379 quae
1508 326 1754 379 praesertim
1779 325 1834 367 de
1859 325 1904 366 fi-

1077 383 1238 425 delium
1266 384 1432 436 pietate
1458 383 1760 435 eleemosynas
1788 381 1904 424 colli-

1077 439 1241 491 gendas
1268 439 1324 481 ad
1353 438 1668 481 sublevandam
1695 438 1905 480 Ecclesiae

1078 496 1369 539 Hebraeorum
1388 496 1580 549 inOpiam
1599 495 1840 549 spectabat,
1858 500 1907 536 ut

1078 553 1330 595 Corinthios
1366 565 1455 594 non
1493 551 1635 594 solum
1667 552 1711 593 in
1744 551 1907 593 Christi

1078 610 1164 652 fide
1185 610 1466 659 continuerit,
1487 608 1567 651 sed
1586 609 1718 650 etiam
1738 607 1906 650 deside-

1078 668 1203 718 rium,
1241 667 1407 715 fletum,
1445 665 1769 708 aemulati6nem
1795 665 1907 706 inter

1079 738 1157 766 eos
1174 737 1257 777 pro
1276 723 1430 773 Paulo,
1451 723 1524 775 qui
1542 722 1642 764 illos
1662 722 1829 775 primus
1847 722 1907 762 in-

1080 782 1235 831 stituit,
1267 780 1533 822 excitaverit.
1583 777 1656 820 Ad
1688 778 1908 820 effunden-

1080 838 1184 880 dum
1211 838 1385 880 interim
1415 838 1526 879 inter
1555 836 1720 878 Gentes
1751 835 1909 887 linguis

1079 895 1276 948 locisque
1297 895 1526 936 distinctas
1550 892 1684 935 divini
1704 891 1828 934 verbi
1846 905 1909 934 se-

1079 965 1194 1003 men,
1218 952 1418 1005 pluribus
1436 956 1555 992 terra
1572 952 1769 1002 marique
1788 949 1910 990 itine-

1081 1009 1202 1051 ribus
1222 1009 1406 1058 releetis,
1425 1009 1672 1059 magnaque
1691 1006 1822 1047 animi
1841 1005 1910 1046 fir-

1081 1067 1234 1109 mitate
1270 1078 1351 1119 pro
1386 1065 1527 1107 crucis
1560 1062 1764 1116 trophaeo
1796 1062 1910 1104 curis

1081 1122 1394 1175 laboribusque
1420 1120 1668 1170 exantlatis,
1698 1118 1785 1160 una
1813 1132 1912 1160 cum

1083 1178 1194 1221 duce
1209 1179 1347 1221 Paulo
1365 1179 1508 1219 Cretae
1528 1176 1714 1218 insulam
1730 1175 1911 1228 appulit.

1083 1237 1192 1277 Cum
1224 1248 1358 1288 porro
1392 1235 1492 1276 huic
1522 1233 1720 1275 ecelesiae
1744 1234 1911 1285 episco-

1082 1306 1165 1345 pus
1190 1292 1244 1334 ab
1269 1293 1367 1345 ipso
1388 1290 1609 1344 Apostolo
1630 1288 1827 1331 delectus
1847 1301 1911 1330 es-

1083 1355 1168 1399 set,
1195 1348 1486 1391 dubitandum
1508 1360 1597 1389 non
1622 1351 1705 1396 est,
1735 1345 1838 1398 quin
1866 1345 1910 1385 in

1083 1419 1136 1448 eo
1151 1409 1331 1447 munere
1346 1406 1406 1446 ita
1424 1406 1622 1446 versatus
1638 1403 1705 1453 sit,
1720 1407 1778 1452 ut,
1793 1402 1912 1454 juxta

1076 1464 1220 1516 ipsius
1252 1462 1377 1503 Pauli
1409 1460 1699 1514 praeceptoris
1731 1458 1912 1508 mdnita,

1085 1522 1278 1573 seipsum
1302 1518 1544 1572 praebuerit
1569 1515 1817 1569 exemplum
1835 1514 1911 1556 bo-

1084 1579 1240 1618 narum
1267 1578 1450 1629 Operum
1474 1575 1517 1615 in
1543 1573 1759 1622 doctrina,
1782 1572 1827 1613 in
1851 1571 1912 1612 in-

1084 1634 1300 1685 tegritate,
1320 1633 1363 1673 in
1382 1631 1609 1683 gravitate.

1145 1706 1189 1756 lxss.
1221 1702 1354 1744 Posui
1385 1700 1647 1754 adiutorium
1676 1712 1810 1753 super
1835 1711 1912 1752 po-

1084 1762 1265 1809 tentem,
1311 1764 1354 1800 et
1399 1757 1588 1799 exaltavi
1631 1756 1819 1798 electum
1857 1754 1912 1797 de

1084 1816 1215 1870 plebe
1255 1828 1368 1857 mea:
1409 1815 1430 1835 *
1466 1814 1620 1872 Manus
1661 1813 1775 1855 enim
1815 1824 1914 1853 mea

1086 1872 1364 1914 auxiliabitur
1399 1872 1449 1913 ei.
1508 1870 1553 1914 λ’.
1588 1870 1742 1911 Inveni
1768 1867 1914 1910 David

1086 1943 1261 1972 servum
1291 1942 1456 1977 meum,
1491 1927 1590 1969 oleo
1625 1931 1778 1968 sancto
1813 1937 1912 1967 meo

1086 1987 1190 2028 unxi
1219 1999 1328 2027 eum.
1373 1985 1539 2026 Manus.

1388 2067 1534 2107 Lectio
1558 2067 1606 2105 x'i.

1134 2149 1267 2195 taque
1313 2147 1535 2193 tamquam
1580 2140 1757 2181 lucerna
1802 2139 1914 2181 inter

1148 2213 1241 2249 eOS,
1276 2199 1350 2251 qui
1376 2198 1419 2239 in
1442 2196 1705 2238 idololatriae
1730 2200 1774 2237 et
1796 2207 1912 2237 men-

1088 2256 1312 2298 daciorum
1339 2253 1549 2302 tenebris,
1582 2252 1717 2294 veluti
1748 2251 1791 2292 in
1823 2265 1911 2292 um-

1087 2313 1167 2354 bra
1185 2312 1340 2354 mortis
1359 2310 1586 2359 sedebant,
1611 2308 1832 2360 religionis
1855 2308 1913 2359 ju-

1087 2369 1167 2411 bar
1200 2367 1383 2410 diffudit.
1429 2366 1638 2408 Traditur
1671 2378 1770 2407 eum
1801 2364 1914 2405 inter

1087 2425 1330 2474 Dalmatas,
1364 2429 1412 2464 ut
1441 2423 1581 2464 crucis
1610 2421 1816 2463 vexillum
1844 2433 1913 2462 ex-

1087 2482 1281 2535 plicaret,
1303 2481 1479 2521 strenue
1497 2477 1775 2520 consudasse.
1803 2476 1914 2517 Tan-

1089 2540 1189 2580 dem
1213 2537 1468 2578 meritorum
1493 2541 1536 2577 et
1561 2534 1730 2576 dierum
1748 2532 1915 2585 plenus,

1090 2600 1246 2647 quarto
1271 2606 1403 2645 supra
1433 2591 1763 2642 nonagesimum
1791 2602 1915 2638 anno,

1088 2651 1229 2704 pridie
1247 2650 1398 2691 Nonas
1418 2649 1440 2689 J
1445 2647 1625 2697 anuarii,
1644 2648 1839 2700 preti6sa
1857 2646 1915 2697 ju-

1089 2710 1257 2750 storum
1288 2711 1429 2748 morte
1464 2703 1730 2747 obdormivit
1757 2703 1800 2744 in
1829 2703 1915 2743 Do-
