2066 2904
202 181 272 226 [14]

258 278 449 320 Calicem
468 277 671 319 salutaris
690 276 918 329 accipiam:
941 275 965 301 *
990 279 1033 316 et

203 347 362 377 nomen
382 334 561 375 Domini
579 332 809 375 invocabo.

255 391 373 432 Vota
400 402 498 432 mea
525 389 717 431 Domino
747 388 931 430 reddam
963 399 1032 428 co-

204 460 297 488 ram
322 447 441 488 omni
465 446 633 499 populo
660 446 766 498 ejus:
790 446 814 470 ¹⁶¹
837 444 1034 497 pretiosa

204 504 247 544 in
268 504 508 555 conspectu
527 502 707 544 Domini
724 514 845 543 mors
863 502 1032 542 sancto-

205 573 301 601 rum
322 560 428 610 ejus:

257 615 295 657 O
314 615 504 657 Domine
524 615 625 668 quia
644 627 725 665 ego
745 626 898 656 servus
917 618 1032 655 tuus:

203 673 227 698 *
248 685 330 723 ego
350 684 503 714 servus
522 677 637 721 tuus,
666 675 710 712 et
728 670 844 712 filius
863 670 1032 711 ancillae

204 733 304 770 tuae.

257 785 472 838 Dirupisti
490 784 662 826 vincula
685 796 797 825 mea:
820 783 844 809 ¹⁸¹
868 782 947 824 tibi
967 795 1032 823 sa-

206 840 414 882 crificabo
429 841 619 882 hostiam
637 839 790 889 laudiS,
811 844 855 881 et
873 851 1033 881 nomen

205 897 384 938 Domini
402 896 631 938 invocabo.

255 953 374 995 Vota
410 966 508 995 mea
539 952 731 993 Domino
770 951 953 993 reddam
989 951 1033 992 in

204 1011 444 1062 conspectu
468 1010 610 1051 omnis
635 1008 790 1062 populi
815 1009 920 1060 ejus:
942 1008 966 1033 *
989 1008 1033 1049 in

204 1066 326 1107 atriis
346 1065 503 1107 domus
520 1065 713 1114 Domini,
741 1065 785 1105 in
804 1064 951 1106 medio
970 1021 1034 1106 tuni

203 1122 458 1164 Jerusalem.

258 1190 354 1228 Ant.
383 1186 593 1238 Dirupisti
613 1186 709 1227 Dfie
729 1185 902 1227 vincula
920 1198 1033 1227 mea:

204 1242 284 1284 tibi
304 1242 561 1284 sacrificabo
581 1242 771 1284 hostiam
789 1241 942 1283 laudis.

252 1311 354 1372 ‘Ant
393 1309 556 1349 Euntes
587 1307 709 1349 ibant
735 1308 759 1333 *
787 1311 831 1349 et
859 1306 1033 1356 flebant,

204 1365 425 1406 m1ttentes
445 1364 611 1405 semina
629 1376 718 1405 sua.

465 1444 662 1484 Psalmus
684 1445 767 1483 125.

204 1510 278 1615 In
302 1511 599 1553 convertendo
619 1512 834 1553 Dominus
854 1512 1033 1564 captivi-

279 1569 416 1609 tatem
431 1568 551 1609 Sion:
575 1568 599 1594 *
624 1568 727 1610 facti
749 1581 898 1609 sumus
920 1569 1034 1611 sicut

204 1623 437 1665 consolati:

256 1680 381 1721 Tunc
396 1680 612 1733 repletum
627 1686 694 1722 est
708 1681 870 1732 gaudio
889 1694 939 1722 os
958 1694 1033 1722 no-

206 1741 359 1777 strum:
387 1737 410 1762 *
439 1741 483 1778 et
510 1737 656 1788 lingua
675 1742 827 1779 nostra
846 1737 1032 1779 exsulta—

203 1792 333 1833 tione.

256 1848 382 1890 Tunc
401 1848 547 1891 dicent
570 1850 683 1891 inter
703 1850 883 1892 Gentes:
901 1850 925 1876 *
944 1850 1033 1892 Ma-

204 1904 428 1969 gnificavit
469 1906 686 1947 Dominus
736 1906 881 1948 facere
934 1919 1033 1948 cum

206 1974 280 2002 eis.

257 2017 554 2068 Magnificavit
567 2018 784 2060 Dominus
799 2018 944 2061 facere
959 2032 1033 2061 no-

206 2074 392 2115 biscum:
410 2075 434 2100 *
453 2074 556 2116 facti
575 2087 725 2116 sumus
743 2074 956 2117 laetantes.

258 2130 475 2172 Converte
506 2130 695 2172 Domine
732 2131 1034 2184 captivitatem

207 2191 415 2237 nostram,
429 2187 453 2213 *
475 2187 587 2229 sicut
605 2191 779 2229 torrens
798 2188 842 2228 in
857 2187 1034 2230 Austro.

259 2243 342 2293 Qui
358 2244 572 2285 seminant
586 2244 631 2284 in
645 2243 847 2294 lacrimis,
862 2245 886 2270 *
905 2245 948 2285 in
963 2258 1033 2287 ex-

208 2298 441 2342 sultatione
459 2304 635 2342 metent.

259 2355 425 2397 Euntes
439 2355 561 2398 ibant
576 2361 620 2398 et
635 2355 809 2406 flebant,
822 2357 846 2382 *
866 2357 1034 2399 mitten-

210 2415 276 2452 tes
296 2412 459 2453 semina
479 2425 568 2454 sua.

260 2466 498 2510 Venientes
538 2473 684 2511 autem
721 2468 896 2510 venient
936 2482 1035 2511 curn

211 2522 514 2618 exsultatione,
533 2526 556 2550 ¹⁸¹
588 2527 818 2578 portantes
841 2527 1035 2578 manipu-

228 2590 278 2619 os
298 2591 410 2620 suos.

263 2637 360 2676 Ant.
380 2638 543 2682 Euntes
557 2641 678 2684 ibant
692 2647 736 2684 et
752 2641 926 2691 flebant,
941 2642 1035 2684 mit-

210 2695 351 2736 tentes
371 2696 534 2737 semina
555 2710 643 2739 sua.

535 188 744 219 Commune
772 185 1049 227 Apostolorum
1076 187 1184 216 extra
1211 188 1362 223 tempus
1387 179 1587 213 Paschale.

1138 275 1237 314 Ant.
1267 271 1552 313 Consortatus
1572 275 1639 312 est
1657 270 1681 296 *
1699 269 1917 323 principa-

1085 333 1155 369 tus
1176 329 1345 376 eorum‚
1380 332 1424 369 et
1442 327 1649 369 honorati
1668 330 1771 368 sunt
1789 326 1917 368 amici

1085 383 1148 425 tui
1165 384 1300 425 Deus.

1351 443 1546 483 l‘salmus
1568 444 1651 483 138.

1086 496 1322 602 Domine
1346 494 1548 549 probasti
1569 508 1656 546 me,
1689 500 1734 537 et
1757 508 1918 546 cogno-

1202 553 1302 595 visti
1327 565 1413 594 me:
1436 552 1460 578 *
1482 557 1532 594 tu
1555 552 1802 604 cognovisti
1830 564 1917 594 ses-

1086 609 1255 651 sionem
1282 621 1442 659 meam,
1478 613 1522 651 et
1549 609 1918 651 resurrectionem

1085 678 1240 707 meam.

1136 721 1398 764 Intellexisti
1416 721 1707 773 cogitationes
1725 733 1848 763 meas
1863 720 1918 763 de

1085 778 1229 830 longe:
1247 779 1271 804 *
1292 777 1494 819 semitam
1511 790 1671 827 meam,
1693 782 1737 819 et
1754 777 1919 819 funicu-

1084 834 1175 876 lum
1194 848 1341 877 meum
1359 833 1645 885 investigasti.

1136 891 1193 932 Et
1220 904 1374 933 omnes
1394 891 1488 932 vias
1513 903 1635 932 meas
1658 890 1919 944 praevidisti:

1084 948 1108 974 *
1141 948 1242 1000 quia
1273 960 1362 989 non
1402 952 1470 989 est
1506 959 1652 989 sermo
1689 947 1734 988 in
1772 947 1921 998 lingua

1085 1017 1194 1046 mea.

1136 1061 1252 1102 Ecce
1279 1060 1470 1102 Domine
1506 1065 1555 1102 tu
1591 1060 1838 1111 cognovisti
1874 1061 1919 1101 o·

1084 1118 1202 1158 mnia
1232 1117 1486 1169 novissima,
1520 1121 1565 1159 et
1592 1119 1787 1170 antiqua:
1813 1116 1838 1143 *
1869 1121 1919 1158 tu

1084 1174 1283 1215 formasti
1302 1186 1388 1224 me,
1416 1178 1461 1215 et
1478 1173 1668 1227 posuisti
1691 1185 1824 1226 super
1846 1185 1919 1233 me

1084 1243 1262 1272 manum
1281 1234 1414 1272 tuam.

1136 1286 1350 1329 Mirabilis
1382 1287 1499 1328 facta
1530 1291 1598 1329 est
1631 1286 1813 1328 scientia
1842 1290 1919 1328 tua

1085 1356 1139 1385 ex
1170 1356 1257 1385 me:
1289 1344 1313 1370 *
1346 1343 1596 1385 confortata
1628 1347 1713 1393 est,
1754 1347 1799 1385 et
1829 1355 1918 1384 non

1084 1402 1243 1453 potero
1264 1399 1322 1442 ad
1340 1413 1449 1442 eam.

1137 1458 1235 1507 Quo
1259 1456 1334 1499 ibo
1360 1469 1386 1498 a
1409 1456 1567 1510 spiritu
1588 1454 1690 1498 tuo?
1714 1455 1738 1482 *
1761 1459 1807 1498 et
1830 1467 1919 1508 quo

1084 1526 1110 1554 a
1128 1513 1240 1555 facie
1259 1518 1336 1555 tua
1354 1511 1542 1564 fugiam?

1136 1570 1182 1611 Si
1209 1569 1452 1612 ascendero
1476 1569 1521 1610 in
1545 1568 1723 1619 coelum,
1755 1573 1805 1611 tu
1830 1568 1918 1610 illic

1086 1639 1149 1724 eg:
1181 1626 1205 1652 *
1238 1627 1276 1668 si
1309 1625 1583 1669 descendero
1615 1626 1661 1667 in
1691 1625 1919 1675 infernum,

1085 1695 1110 1723 a
1144 1695 1201 1724 es.

1136 1739 1182 1781 Si
1210 1742 1443 1792 sumpsero
1471 1752 1639 1792 pennas
1666 1751 1788 1781 meas
1811 1737 1919 1780 dilu-

1086 1796 1201 1861 culo,
1229 1797 1253 1822 ²⁸¹
1283 1801 1327 1838 et
1350 1795 1610 1838 habitavero
1637 1795 1683 1837 in
1711 1794 1919 1838 extremis

1085 1865 1234 1894 mans:

1136 1909 1311 1951 Etenim
1333 1909 1438 1951 illuc
1455 1921 1611 1950 manus
1634 1913 1711 1950 tua
1729 1906 1920 1950 deducet

1085 1978 1169 2008 me:
1188 1966 1212 1991 *
1231 1970 1275 2008 et
1289 1965 1457 2008 tenebit
1474 1978 1546 2007 me
1565 1964 1749 2007 dextera
1767 1968 1854 2006 tua.

1136 2022 1195 2064 Et
1220 2021 1326 2064 dixi:
1359 2022 1566 2064 Forsitan
1594 2020 1791 2063 tenebrae
1818 2033 1919 2063 con-

1085 2078 1322 2121 culcabunt
1339 2092 1426 2121 me:
1444 2079 1468 2105 *
1488 2083 1533 2120 et
1550 2091 1641 2120 nox
1659 2077 1919 2119 illuminatio

1085 2148 1184 2178 mea
1203 2136 1247 2176 in
1267 2135 1435 2177 deliciis
1453 2135 1576 2178 meis·

1139 2192 1252 2242 Quia
1278 2191 1474 2234 tenebrae
1505 2204 1595 2234 non
1624 2190 1921 2233 obscurabun-

1086 2253 1158 2290 tur
1173 2261 1198 2290 a
1214 2253 1270 2299 te,
1290 2253 1335 2290 et
1353 2261 1444 2290 nox
1462 2248 1576 2290 sicut
1595 2247 1690 2290 dies
1709 2247 1920 2289 illumina-

1086 2305 1219 2347 bitur:
1240 2305 1264 2331 *
1292 2305 1406 2347 sicut
1432 2304 1630 2347 tenebrae
1658 2305 1761 2357 ejus,
1788 2304 1851 2346 ita
1877 2308 1922 2346 et

1086 2361 1233 2403 lumen
1253 2361 1356 2412 ejus.

1139 2417 1252 2468 Quia
1278 2422 1327 2459 tu
1354 2416 1595 2470 possedisti
1621 2429 1749 2459 renes
1780 2429 1922 2459 meos:

1087 2474 1111 2500 *
1145 2474 1379 2526 suscepisti
1411 2486 1482 2516 me
1517 2472 1573 2515 de
1607 2476 1735 2515 utero
1768 2473 1922 2515 matris

1087 2543 1210 2572 meae.

1141 2584 1398 2628 Confitebor
1415 2584 1509 2626 *tibi
1539 2585 1641 2638 quia
1668 2584 1922 2627 terribiliter

1088 2642 1394 2693 magnificatus
1413 2654 1476 2683 es:
1499 2642 1523 2667 *
1551 2641 1766 2683 mirabilia
1785 2643 1922 2694 opera

1089 2704 1174 2749 tua,
1195 2703 1239 2741 et
1258 2698 1401 2740 anima
1423 2710 1521 2740 mea
1536 2698 1764 2749 cognoscit
1783 2698 1922 2754 nimis.
