2066 2904
204 154 276 198 [86]

255 249 589 302 Apprehendite
626 248 919 301 disciplinam,
960 262 1031 290 ne-

204 305 380 357 quando
418 305 632 346 irascatur
667 305 902 355 Dominus,
930 306 954 331 *
988 310 1032 346 et

201 361 394 412 pereatis
414 360 469 402 de
488 361 559 402 via
579 362 701 412 justa.

254 416 363 457 Cum
388 417 602 458 exarserit
626 417 671 457 in
696 416 821 459 brevi
844 417 909 457 ira
929 417 1031 468 ejus,

201 473 224 497 *
243 472 361 514 beati
382 485 546 523 omneS,
567 473 642 524 qui
662 472 891 514 confidunt
907 472 951 512 in
967 485 1031 513 eo.

256 540 355 579 Ant.
401 539 563 579 Beatus
596 537 680 579 iste
716 542 911 585 sanctus,
957 537 1031 587 qui

201 593 395 634 confisus
411 599 478 635 est
494 593 537 633 in
551 593 756 642 Domino,
771 592 1032 645 praedicavit

200 651 473 701 praeceptum
518 649 713 698 Domini,
764 649 1031 690 constitutus

203 710 270 746 est
289 705 333 745 in
351 711 502 760 monte
522 710 676 746 sancto
698 706 801 756 ejus.

255 772 353 811 Ant.
382 771 448 810 'l‘u
475 783 522 811 es
549 770 689 821 gloria
716 782 828 819 mea,
855 770 879 795 *
906 774 955 810 tu
985 782 1031 810 es

201 827 434 877 susceptor
461 839 584 867 meus
608 826 813 867 Domine:
841 830 889 866 tu
916 825 1031 867 exal-

200 885 298 921 tans
319 886 451 933 caput
472 894 633 930 meum,
658 887 702 923 et
722 880 942 923 exaudisti
960 894 1031 923 me

201 935 256 977 de
276 943 426 978 monte
447 943 600 979 sancto
621 943 708 978 tuo.

487 1019 686 1059 Psalmus
710 1022 745 1060 3.

202 1082 435 1187 Domine
472 1088 578 1140 quid
617 1089 896 1142 multiplicati
931 1094 1032 1130 sunt

304 1145 378 1196 qui
403 1144 615 1185 tribulant
644 1145 737 1186 me?
766 1146 789 1170 *
816 1145 943 1186 multi
971 1146 1030 1185 in-

201 1204 384 1251 surgunt
405 1200 638 1241 adversum
659 1214 740 1242 me.

254 1256 381 1297 Multi
401 1256 552 1297 dicunt
572 1257 729 1297 animae
744 1269 870 1298 meae:
890 1258 913 1284 *
929 1257 1031 1298 Non

201 1317 268 1354 est
287 1311 406 1352 salus
423 1312 509 1364 ipsi
527 1312 571 1351 in
591 1312 688 1353 Deo
709 1314 810 1364 ejus.

251 1368 320 1408 Tu
369 1372 517 1408 autem
562 1368 753 1409 Domine
798 1370 1031 1420 susceptor

199 1436 324 1464 meus
345 1436 407 1473 es,
427 1424 451 1449 *
470 1424 610 1474 gloria
629 1437 744 1474 mea,
769 1429 812 1466 et
831 1424 1031 1465 exaltans

201 1485 334 1532 caput
352 1493 510 1523 meum.

251 1536 376 1577 Voce
402 1549 500 1577 mea
525 1536 582 1577 ad
608 1536 845 1577 Dominum
875 1536 1031 1577 clama-

199 1592 263 1632 vi:
294 1593 317 1617 *
351 1597 395 1633 et
427 1592 651 1633 exaudivit
686 1605 757 1633 me
788 1592 844 1634 de
881 1597 1032 1633 monte

200 1653 352 1689 sancto
381 1660 471 1689 suo.

251 1703 347 1754 Ego
369 1703 570 1753 dormivi,
598 1709 641 1745 et
666 1707 902 1756 soporatus
921 1717 1031 1745 sum:

200 1761 224 1786 *
244 1764 288 1800 et
314 1761 555 1810 exsurrexi,
583 1760 685 1811 quia
706 1760 923 1801 Dominus
941 1773 1031 1801 sus-

201 1815 319 1866 cepit
337 1828 417 1857 me.

252 1871 354 1912 Non
392 1871 558 1913 timebo
590 1872 727 1913 millia
762 1873 919 1925 populi
953 1872 1032 1914 cir-

202 1926 449 1968 cumdantis
474 1940 558 1968 me:
578 1930 601 1954 *
622 1932 808 1979 exsurge
833 1929 1032 1978 Domine,

201 1983 372 2024 salvum
392 1996 463 2024 me
483 1983 553 2024 fac
574 1984 696 2025 Deus
714 1997 851 2026 meus.

254 2038 472 2088 Quoniam
505 2044 554 2080 tu
590 2040 848 2091 percussisti
880 2052 1032 2081 omnes

201 2093 488 2136 adversantes
507 2094 614 2135 mihi
630 2096 723 2137 sine
738 2098 919 2136 causan*
931 2095 1031 2137 den-

202 2155 269 2191 tes
288 2153 575 2202 peccatorum
594 2151 854 2192 contrivisti.

254 2207 434 2247 Domini
454 2211 521 2248 est
546 2207 680 2248 salus:
697 2209 721 2234 *
741 2212 785 2248 et
805 2220 938 2260 super
957 2210 1031 2260 po-

203 2262 354 2314 pulum
372 2267 496 2304 tuum
515 2262 766 2305 benedictio
786 2268 872 2304 tua.

254 2319 350 2359 Ant.
396 2320 464 2360 Tu
501 2332 548 2360 es
580 2319 720 2370 gloria
757 2332 870 2369 mea,
903 2325 951 2361 tu
986 2333 1033 2362 es

205 2376 434 2426 susceptor
462 2388 586 2416 meus
611 2375 816 2416 Domine:
844 2380 892 2416 tu
918 2377 1032 2417 exal-

203 2433 300 2469 tans
318 2435 451 2482 caput
469 2443 631 2480 meum,
661 2436 705 2472 et
729 2431 946 2473 exaudisti
963 2445 1033 2474 me

205 2483 261 2525 de
272 2491 425 2544 monte
446 2492 599 2528 sancto
619 2492 709 2528 tuo.

254 2537 303 2583 Y.
334 2541 510 2583 Amavit
531 2554 631 2584 eum
649 2543 876 2593 Dominus
902 2548 946 2584 et
966 2557 1032 2585 or-

205 2595 325 2692 gavit
357 2608 466 2638 eum.
503 2598 550 2648 R.
587 2598 756 2641 Stolam
787 2598 940 2651 gloriae
974 2603 1032 2640 in—

237 2651 301 2692 uit
320 2664 446 2692 cums

650 154 859 187 Commune
886 155 1132 187 ‹lonfcssoris
1158 165 1233 188 non
1260 155 1469 189 l‘ontilicis.

1143 251 1271 292 Pater
1289 255 1451 292 noster.

1140 312 1385 353 Absolutio.
1408 310 1583 352 Exaudi
1601 310 1802 351 Domine.

1140 367 1190 417 V.
1213 369 1324 412 Jube
1354 370 1526 412 domne.

1140 432 1302 474 Bened.
1336 430 1657 473 Benedictione
1687 432 1915 483 perpetua.

1256 502 1325 541 De
1352 498 1467 540 libro
1492 499 1742 551 Sapientiae.

1190 561 1344 602 Lectio
1366 562 1389 601 i.
1494 561 1645 613 Cap.4.
1661 561 1701 602 b.
1717 566 1760 601 et
1776 563 1813 601 5.

1088 636 1124 673 ⁴:÷‹·
1160 637 1184 671 ιε»ῑ
1200 623 1325 660 ustus
1351 619 1387 660 si
1412 623 1556 660 morte
1574 622 1915 672 praeoccupatus

1089 639 1180 749 {M}
1212 674 1355 724 fuerit,
1382 675 1426 715 in
1453 675 1680 726 refrigerio
1708 675 1802 716 erit.
1842 676 1915 717 Se-

1096 724 1130 754 *ss
1148 729 1188 749 “⁶
1213 732 1367 771 nectus
1403 731 1518 772 enim
1551 730 1815 772 venerabilis
1849 735 1917 772 est

1085 797 1174 826 non
1193 785 1416 835 diuturna,
1442 799 1586 838 neque
1606 789 1822 828 annorum
1840 789 1917 828 nu-

1084 853 1208 882 mero
1229 845 1502 895 computata:
1528 843 1626 884 cani
1649 848 1798 884 autem
1815 848 1917 884 sunt

1086 909 1241 939 sensus
1258 897 1465 948 hominis,
1484 903 1527 940 et
1546 903 1656 940 aetas
1675 899 1917 940 senect1'1tis

1085 954 1175 995 vita
1199 954 1490 996 immaculata.
1525 955 1711 996 Placens
1732 955 1831 997 Deo
1857 955 1917 997 fa-

1086 1015 1183 1050 ctus
1213 1015 1280 1051 est
1309 1009 1515 1061 dilectus,
1550 1016 1594 1052 et
1621 1011 1775 1053 vivens
1802 1012 1918 1053 inter

1084 1068 1344 1117 peccatores
1364 1067 1604 1108 translatus
1629 1072 1708 1108 est.
1742 1067 1916 1120 Raptus

1086 1126 1152 1162 est
1174 1135 1229 1163 ne
1249 1122 1414 1163 malitia
1433 1125 1625 1164 mutaret
1645 1123 1918 1165 intellectum

1086 1178 1193 1229 ejus,
1227 1183 1302 1219 aut
1335 1191 1390 1220 ne
1422 1179 1545 1220 fictio
1574 1178 1802 1232 deciperet
1829 1180 1917 1221 ani-

1084 1246 1202 1274 mam
1223 1234 1350 1275 illius.
1378 1235 1630 1276 Fascinatio
1651 1235 1767 1276 enim
1785 1248 1917 1287 nuga-

1085 1289 1232 1331 citatis
1252 1289 1461 1332 obscurat
1471 1291 1601 1341 bona,
1617 1296 1661 1332 et
1670 1291 1917 1333 inconstan-

1085 1345 1146 1386 tia
1162 1347 1536 1399 concupiscentiae
1551 1347 1808 1389 transvertit
1823 1360 1918 1389 sen-

1085 1415 1182 1442 sum
1202 1403 1295 1444 sine
1314 1403 1491 1444 malitia.
1520 1403 1859 1445 Consummatus
1874 1404 1919 1444 in

1085 1457 1210 1499 brevi
1230 1459 1423 1511 explevit
1437 1461 1641 1512 tempora
1655 1459 1809 1501 multa:
1827 1459 1918 1512 pla-

1085 1514 1173 1555 cita
1202 1515 1318 1555 enim
1351 1521 1446 1557 erat
1474 1517 1572 1557 Deo
1606 1515 1750 1556 anima
1784 1515 1918 1557 illius:

1084 1575 1269 1622 propter
1289 1571 1374 1612 hoc
1392 1571 1650 1624 properavit
1665 1571 1855 1614 educere
1870 1571 1918 1612 il-

1085 1625 1176 1667 lum
1197 1625 1251 1667 de
1269 1626 1416 1668 medio
1435 1627 1727 1678 iniquitatum.

1139 1691 1190 1741 R.
1222 1687 1346 1738 Euge
1380 1700 1506 1729 serve
1539 1687 1656 1729 bone
1689 1693 1734 1730 et
1760 1687 1918 1739 fidelis,

1087 1742 1189 1794 quia
1214 1742 1259 1782 in
1284 1755 1427 1795 pauca
1450 1743 1571 1784 fuisti
1596 1743 1758 1794 fidelis,
1783 1757 1918 1798 supra

1085 1798 1223 1839 multa
1235 1803 1280 1839 te
1296 1801 1577 1840 constituam:
1587 1799 1611 1823 ¹⁸¹
1622 1800 1743 1841 Intra
1756 1800 1802 1840 in
1815 1804 1918 1852 gau-

1088 1853 1209 1895 dium
1227 1854 1407 1895 Domini
1427 1855 1502 1896 tui.
1530 1849 1582 1901 V.
1606 1855 1705 1897 Dfie
1724 1856 1919 1909 quinque

1085 1910 1251 1952 talenta
1283 1910 1507 1952 tradidisti
1538 1911 1664 1961 mihi,
1698 1924 1801 1954 ecce
1833 1913 1919 1954 alia

1087 1967 1280 2020 quinque
1302 1967 1633 2020 superlucratus
1654 1981 1761 2008 sum.
1785 1969 1919 2010 Intra.

1140 2026 1230 2067 Ben
1237 2027 1302 2068 ed.
1331 2027 1591 2079 Unigenitus
1609 2028 1695 2070 Dei
1712 2028 1860 2071 Filius.

1399 2090 1553 2132 Lectio
1575 2091 1615 2131 ii.

1173 2153 1295 2206 opuli
1323 2158 1472 2194 autem
1498 2153 1721 2203 videntes,
1757 2158 1803 2195 et
1829 2167 1919 2196 non

1190 2209 1497 2260 intelligentes,
1525 2221 1607 2250 nec
1634 2211 1852 2262 ponentes
1873 2211 1918 2251 in

1085 2264 1347 2317 praecordiis
1379 2265 1500 2306 talia:
1536 2265 1745 2317 quoniam
1775 2266 1920 2317 gratia

1086 2321 1170 2362 Dei
1198 2325 1242 2362 et
1265 2320 1570 2362 misericordia
1590 2325 1657 2362 est
1676 2321 1721 2362 in
1740 2326 1918 2363 sanctos

1087 2378 1192 2428 ejus,
1222 2381 1266 2418 et
1286 2378 1517 2429 respectus
1540 2377 1585 2417 in
1607 2377 1772 2418 electos
1790 2377 1919 2419 illius.

1088 2432 1362 2474 Condemnat
1392 2437 1539 2473 autem
1559 2433 1697 2484 justus
1715 2435 1918 2474 mortuus

1087 2490 1212 2530 vivos
1232 2489 1407 2541 impiOS,
1437 2493 1481 2530 et
1508 2489 1709 2539 juventus
1732 2489 1918 2530 celerius

1087 2547 1390 2587 consummata
1408 2544 1586 2595 longam
1604 2545 1741 2585 vitam
1760 2545 1918 2596 injusti.

1090 2601 1313 2643 Videbunt
1333 2601 1447 2642 enim
1468 2600 1601 2641 finem
1619 2600 1845 2652 sapientis,
1874 2606 1919 2643 et

1086 2669 1175 2698 non
1193 2656 1437 2708 intelligent
1460 2655 1566 2708 quid
1586 2657 1846 2707 cogitaverit
1861 2657 1918 2699 de
