2066 2956
233 190 323 234 [394]

346 286 531 331 Homih'a
557 284 693 326 sancti
720 284 951 334 Augustini

530 340 751 394 Episcopi.

237 410 350 440 Sci-m.
367 407 441 439 25¹1.
465 408 498 439 in
525 407 605 439 Nat.
625 409 658 439 S.
676 406 839 438 dominis
858 406 1052 448 Baptistae.

243 468 366 506 <4²:132
382 454 534 505 ngelus
570 464 675 494 vero
712 452 828 493 idem
865 451 960 503 ipse
998 450 1054 492 ad

242 509 247 548 θ’
270 505 368 566 fais?
399 512 579 552 Mariam
598 509 839 559 Virginem:
866 509 975 557 Ave,
994 507 1053 547 in-

271 562 349 595 1:25³>
401 568 503 619 quit,
522 566 662 617 gratia
679 565 822 617 plena:
840 563 1053 605 Dominus

231 631 389 674 tecum,
418 625 501 676 jam
526 628 670 664 tecum
696 627 776 670 est,
806 620 879 672 qui
904 620 985 661 erit
1011 619 1054 659 in

233 687 286 723 te.
314 682 396 722 Dic
415 679 519 721 mihi
538 691 654 730 ergo,
672 678 820 719 nuntie
835 677 929 726 Dei,
949 678 1053 727 quo-

232 736 365 779 modo
400 736 475 777 fiet
507 733 649 777 istud?
690 733 806 775 Vide
837 732 1055 783 Angelum

234 794 458 841 scientem,
495 791 613 832 illam
647 791 928 843 quaerentem,
967 801 1054 829 non

232 848 513 891 diffidentem.
556 847 667 897 Quia
693 858 796 896 ergo
823 844 933 886 vidit
958 857 1054 885 eam

234 907 517 958 quaerentem,
544 915 630 944 non
651 902 937 951 diffidentem,
966 913 1053 942 non

233 974 279 1003 se
298 961 473 1012 negavit
491 960 785 1000 instruentem.
812 957 930 999 Audi
951 959 1053 1009 quo-

231 1016 382 1059 modo:
411 1016 493 1058 erit
521 1015 745 1065 virginitas
771 1019 861 1064 tua,
889 1018 937 1055 tu
963 1018 1053 1055 tan-

233 1078 325 1114 tum
349 1072 478 1113 crede
502 1072 749 1119 veritatem,
778 1083 904 1111 serva
928 1070 1052 1121 virgi-

231 1129 421 1178 nitatem,
441 1128 591 1180 accipe
608 1127 911 1177 integritatem.
940 1127 1054 1176 Quo-

232 1186 347 1226 niam
369 1187 538 1235 integra
561 1189 627 1225 est
645 1183 755 1224 fides
773 1188 864 1232 tua,
891 1183 1054 1223 intacta

234 1241 314 1282 erit
334 1245 376 1282 et
395 1240 619 1291 integritas
643 1245 727 1281 tua.
760 1239 959 1291 Denique
984 1251 1061 1289 au-¹

234 1296 294 1347 di,
332 1296 553 1349 quemodo
588 1296 664 1337 fiet
700 1295 832 1336 istud:
868 1295 1054 1347 Spiritus

234 1358 407 1394 sanctus
426 1353 702 1405 superveniet
722 1353 766 1393 in
784 1357 838 1401 te,
858 1356 901 1393 et
918 1352 1054 1394 virtus

234 1409 446 1451 Altissimi
490 1408 769 1450 obumbrabit
811 1408 905 1458 tibi,
955 1409 1055 1461 quia

234 1465 320 1507 fide
360 1465 570 1517 cancipis,
617 1466 716 1517 quia
754 1463 974 1506 credendo
1012 1466 1055 1506 in

234 1524 374 1570 utero,
396 1534 483 1563 non
507 1520 838 1563 concumbendo
858 1521 1055 1563 habebis:

234 1579 468 1630 propterea
484 1576 604 1629 quod
617 1579 820 1618 nascetur
836 1577 890 1619 de
906 1583 950 1619 te
961 1578 1056 1619 San-

235 1639 351 1675 ctum
385 1633 613 1675 vocabitur
640 1633 774 1674 Filius
802 1634 895 1675 Dei.
942 1634 1055 1685 Quid

234 1702 298 1739 eS,
327 1702 424 1742 quae
448 1692 603 1743 postea
626 1690 819 1742 paritura
844 1688 912 1731 es?
941 1690 1056 1732 unde

234 1744 448 1787 meruisti?
464 1746 578 1787 unde
592 1746 677 1787 hoc
692 1745 922 1799 accepisti?
940 1747 1055 1789 unde

235 1802 310 1843 fiet
335 1803 378 1843 in
401 1808 460 1851 te,
494 1803 567 1854 qui
593 1802 695 1844 fecit
719 1801 786 1844 te?
826 1803 957 1854 unde,
994 1804 1054 1844 in-

237 1871 382 1910 quam,
426 1858 505 1900 tibi
547 1858 630 1900 hoc
666 1865 835 1901 tantum
870 1858 1055 1901 bonum?

235 1914 372 1965 Virgo
394 1928 451 1963 eS‚
471 1921 619 1957 sancta
639 1928 695 1965 eS,
715 1921 866 1957 votum
885 1917 1056 1967 vovisti3

236 1970 314 2012 sed
346 1971 545 2021 multum,
577 1971 695 2023 quod
726 1973 937 2023 meruisti,
969 1974 1056 2014 imo

236 2040 340 2069 vero
360 2028 553 2078 multum,
574 2028 693 2080 quod
713 2030 931 2082 accepisti.

290 2087 338 2136 K.
367 2083 457 2125 Sub
484 2090 606 2125 tuum
630 2084 884 2136 praesidium
909 2086 1054 2127 confu-

235 2139 375 2189 gimus
394 2140 729 2182 clementissima
748 2141 900 2192 Virgo,
925 2143 1055 2184 susci-

236 2207 292 2247 pe
306 2208 397 2245 nos,
416 2197 542 2237 unica
558 2209 660 2249 spes
675 2202 825 2238 nostra
840 2203 883 2239 et
896 2200 1056 2240 nostris

237 2250 454 2293 delectare
490 2252 708 2302 laudibuS,
738 2258 758 2281 *
793 2254 959 2304 Quibus
998 2256 1056 2295 in-

238 2306 352 2357 digni
386 2309 502 2349 omni
535 2315 578 2350 te
605 2309 734 2351 laude
763 2310 1057 2361 dignissimam

238 2363 550 2414 collaudemus,
575 2364 756 2417 alleluja.
804 2363 850 2413 N.
871 2367 1006 2408 Aufer
1033 2381 1057 2409 a

238 2419 364 2460 nobis
380 2421 629 2472 iniquitates
652 2427 843 2471 nostras,
867 2428 915 2464 ut
940 2423 1054 2474 digni

239 2478 441 2517 canamus
455 2476 532 2519 tibi
546 2477 696 2527 gleriae
711 2479 860 2520 melos.
881 2479 1056 2529 Quibus,

522 2534 671 2575 Lectio
694 2536 774 2574 viii.

331 2600 400 2629 am
425 2590 538 2631 unde
564 2590 647 2632 hoc
672 2591 889 2633 meruisti?
922 2593 991 2634 Fit
1015 2594 1056 2633 in

340 2650 399 2693 te,
432 2646 503 2696 qui
530 2647 631 2689 fecit
656 2653 714 2697 te;
747 2649 795 2689 fit
819 2649 862 2689 in
888 2654 948 2698 te,
979 2662 1057 2701 per

241 2713 369 2752 quem
388 2701 501 2742 facta
521 2715 581 2751 es3
600 2704 686 2745 imo
707 2717 811 2746 vero
830 2718 908 2757 per
929 2718 1057 2757 quem

631 196 698 229 Dic
724 198 753 228 ἓν.
779 195 894 228 Junii.
943 195 980 227 Β.
1009 194 1052 227 Μ.
1079 194 1120 226 V.
1146 193 1278 226 Matris
1304 192 1530 225 Gratiarum.

1106 284 1267 324 factum
1304 286 1372 323 est
1408 281 1567 323 coelum
1604 286 1648 323 et
1681 286 1813 331 terra,
1849 293 1930 333 per

1107 352 1237 391 quem
1263 338 1378 379 facta
1405 343 1506 379 sunt
1535 337 1696 387 emnia,
1735 337 1786 378 fit
1815 337 1859 378 in
1885 342 1931 379 te

1105 395 1303 437 Verbum
1322 394 1406 435 Dei
1423 406 1543 444 caro,
1563 392 1820 447 accipiendo
1839 405 1930 435 car-

1106 464 1222 500 nem,
1255 463 1342 491 non
1376 448 1615 491 amittendo
1649 449 1931 491 divinitatem.

1106 508 1161 548 Et
1179 506 1377 549 Verbum
1395 506 1584 559 jungitur
1603 506 1736 556 carni,
1761 511 1804 547 et
1822 507 1930 548 Ver-

1105 563 1210 605 bum
1229 562 1460 615 copulatur
1480 562 1608 612 carni,
1628 567 1671 604 et
1685 562 1808 614 hujus
1823 564 1932 605 tanti

1106 620 1295 671 conjugii
1322 619 1540 661 thalamus
1568 621 1719 660 uterus
1743 624 1860 670 tuus,
1888 626 1932 662 et

1106 676 1246 729 hujus,
1280 680 1472 728 inquam,
1503 675 1613 716 tanti
1645 676 1847 727 conjugii,
1885 675 1931 718 id

1106 738 1174 774 est
1196 732 1333 774 Verbi
1361 737 1404 773 et
1434 732 1577 773 carnis
1601 731 1819 773 thalamus
1841 734 1931 774 ute-

1106 802 1179 829 rus
1202 794 1317 830 tuus:
1351 788 1467 829 unde
1491 788 1587 840 ipse
1612 788 1808 840 Sponsus
1831 800 1930 841 pro-

1107 844 1223 887 cedit
1251 844 1306 886 de
1334 844 1527 886 thalamo
1555 856 1647 885 suo.
1690 844 1861 885 Invenit
1887 849 1931 886 te

1106 901 1331 951 Virginem
1354 902 1610 953 conceptus,
1637 899 1816 942 dimittit
1834 901 1930 942 Vir-

1106 958 1250 1009 ginem
1280 962 1418 998 natus.
1471 957 1560 998 Dat
1590 956 1931 1007 foecunditatem,

1106 1027 1193 1055 non
1218 1013 1333 1055 tollit
1358 1013 1661 1064 integritatem.
1697 1012 1825 1055 Unde
1851 1012 1932 1054 tibi

1106 1068 1211 1112 hoc?
1266 1070 1477 1111 Proterve
1513 1070 1740 1120 Virginem
1780 1068 1932 1111 videor

1106 1127 1392 1177 interrogare,
1436 1130 1479 1167 et
1522 1126 1646 1178 quasi
1681 1125 1931 1178 importune

1107 1195 1234 1223 aures
1269 1181 1540 1223 verecundas
1576 1182 1659 1223 ista
1694 1194 1792 1223 mea
1822 1195 1931 1224 voce

1107 1238 1294 1291 pulsare.
1334 1238 1423 1279 Sed
1450 1238 1579 1280 video
1607 1238 1834 1289 Virginem
1862 1251 1931 1280 ve-

1106 1295 1429 1345 recundantem,
1448 1299 1491 1336 et
1505 1299 1651 1336 tamen
1665 1294 1931 1347 responden-

1106 1357 1211 1402 tem,
1229 1365 1388 1404 meque
1407 1351 1725 1393 admonentem.
1762 1351 1932 1401 Quaeris

1107 1422 1132 1449 a
1150 1421 1230 1459 me,
1250 1407 1365 1450 unde
1383 1407 1489 1448 mihi
1508 1406 1614 1450 hoc?
1643 1407 1932 1450 Verecundor

1106 1465 1185 1507 tibi
1203 1464 1470 1518 respondere
1488 1464 1653 1506 bonum
1666 1477 1826 1506 meum:
1846 1465 1932 1506 An-

1107 1521 1191 1573 geli
1211 1522 1313 1563 audi
1331 1522 1469 1574 ipsius
1489 1521 1807 1570 salutatianem,
1827 1526 1870 1563 et
1889 1522 1933 1562 in

1106 1591 1176 1619 me
1200 1580 1389 1629 agnosce
1411 1583 1531 1620 tuam
1556 1578 1753 1619 salutem.
1793 1577 1933 1619 Crede

1108 1635 1178 1676 cui
1202 1633 1379 1676 credidi.
1421 1634 1549 1676 Unde
1575 1634 1681 1675 mihi
1706 1634 1791 1676 hoc
1818 1647 1932 1687 quae-

1107 1690 1188 1732 ris?
1219 1690 1415 1741 Angelus
1440 1690 1717 1743 respendeat.
1750 1691 1833 1732 Dic
1857 1691 1932 1731 mi-

1107 1747 1152 1788 hi
1171 1747 1356 1797 Angele,
1383 1747 1499 1788 unde
1518 1748 1669 1788 Mariae
1694 1746 1800 1789 hoc?
1837 1747 1934 1789 Jam

1109 1803 1214 1853 dixi,
1258 1816 1356 1845 cum
1402 1803 1601 1846 salutavi:
1653 1804 1749 1846 Ave
1793 1804 1934 1855 gratia

1108 1860 1248 1913 plena.

1163 1920 1213 1970 R.
1236 1917 1370 1958 Porta
1394 1917 1495 1958 coeli
1520 1922 1564 1959 et
1589 1916 1715 1959 stella
1734 1918 1867 1966 maris
1887 1930 1934 1959 es

1108 1974 1246 2024 Virgo
1270 1974 1425 2024 Maria,
1454 1974 1588 2025 Regis
1614 1974 1765 2016 aeterni
1783 1974 1934 2024 Mater,

1108 2035 1258 2081 gratos
1281 2031 1518 2073 nosredde
1536 2030 1647 2072 Filio
1666 2036 1759 2080 tuo,
1780 2032 1803 2054 *
1822 2032 1932 2082 Quia

1109 2087 1250 2128 omnis
1270 2087 1418 2138 virtus,
1439 2092 1483 2130 et
1503 2087 1647 2138 decor,
1667 2093 1711 2130 et
1727 2088 1864 2139 gloria
1881 2100 1934 2129 ex

1108 2148 1152 2185 te
1167 2142 1427 2195 resplendet,
1442 2144 1623 2197 alleluja.
1644 2140 1691 2191 Ns.
1711 2145 1780 2186 Tu
1794 2145 1934 2186 veniae

1109 2212 1228 2249 vena,
1247 2204 1295 2241 tu
1309 2202 1462 2251 gratiae
1477 2202 1628 2251 Mater,
1643 2206 1690 2243 tu
1707 2214 1808 2255 spes
1822 2214 1935 2242 mun-

1109 2256 1169 2306 di,
1207 2257 1365 2298 exaudi
1401 2271 1482 2299 nos
1520 2258 1759 2300 clamantes
1792 2257 1848 2300 ad
1879 2263 1934 2299 te.

1110 2313 1230 2362 Quia.
1260 2313 1410 2355 Gloria
1428 2315 1559 2356 Patri.
1587 2315 1708 2365 Quia.

1183 2376 1256 2410 Pro
1275 2375 1330 2410 Ss.
1348 2376 1476 2410 Primo
1496 2381 1531 2410 ct
1548 2376 1744 2410 Feliciano
1762 2376 1867 2411 Mart.

1410 2424 1562 2464 Lectio
1582 2424 1634 2463 ix.

1193 2482 1325 2523 rimus
1351 2486 1394 2524 et
1418 2482 1663 2524 Felicianus
1689 2483 1861 2532 fratres,
1890 2484 1931 2524 in

1140 2536 1187 2575 *vsi
1208 2540 1512 2591 persecutione
1523 2539 1787 2581 Diocletiani
1799 2546 1842 2581 et
1853 2540 1934 2581 Ma-

1108 2595 1284 2636 ximiani
1299 2596 1491 2638 accusati
1506 2595 1755 2637 christianae
1770 2596 1934 2648 religie-

1108 2651 1184 2700 nis,
1203 2651 1246 2692 in
1263 2652 1434 2693 vincula
1453 2652 1753 2704 conjiciuntur:
1774 2653 1931 2705 quibus

1110 2707 1256 2757 soluti,
1285 2708 1385 2750 inde
1410 2709 1650 2761 eripiuntur
1674 2708 1730 2751 ab
1750 2709 1932 2760 Angelo.
