2066 2956
189 200 280 244 [332]

455 293 523 329 Ad
547 292 750 329 Tertiam.

243 353 338 392 Ant.
370 349 427 390 Hi
447 355 557 391 sunt.

244 415 500 467 Capitulum.
529 414 718 455 Fratres:
741 411 951 454 Christus.
967 418 1012 453 ut

188 484 328 523 supra.
352 469 455 523 [331]

242 533 286 582 lx{·.
308 531 368 571 br.
408 529 651 572 Redemisti
675 541 756 570 nos
780 527 967 569 Do'mine
990 529 1012 551 *

190 589 240 629 In
258 588 465 639 sanguine
480 592 570 628 tuo.
597 584 853 627 Redemisti.
877 579 926 630 Υ.
949 582 1016 623 Ex

192 645 310 686 omni
329 644 456 693 tribu,
477 649 520 685 et
536 643 694 694 lingua,
715 647 758 683 et
774 639 952 694 populo,
973 643 1016 680 et

190 702 379 742 natiene.
406 701 456 741 In
471 700 691 750 sanguine.
719 697 872 739 Gloria
886 695 1016 737 Patri.

191 756 444 799 Redemisti.

240 812 289 863 3³⁷.
311 817 495 868 Sanguis
509 817 534 858 J
537 830 615 858 esu
635 814 795 858 Christi
809 813 906 855 Filii
922 813 1015 854 Dei.

189 874 238 925 R.
266 873 486 915 Emtindat
505 886 586 914 nos
605 872 660 914 ab
682 871 799 913 omni
818 872 1016 923 peccato.

469 951 536 987 Ad
561 950 747 987 Sextam.

241 1015 337 1054 Ant.
373 1011 476 1054 Ideo
497 1016 607 1053 sunt.

240 1079 499 1130 Capitulum.
775 1079 905 1121 Hebr.
924 1081 961 1120 9.

192 1139 274 1247 Si
292 1144 468 1193 sanguis
479 1142 711 1189 hircorum,
727 1145 771 1181 et
781 1142 1016 1191 taurorum,

281 1206 323 1242 et
347 1200 453 1241 cinis
476 1198 624 1240 vitulae
649 1198 855 1249 aspersus
879 1197 1015 1249 inqui-

190 1260 318 1298 natos
337 1254 578 1297 sanctificat
593 1253 649 1295 ad
665 1252 1017 1295 emundationem

191 1313 345 1355 carnis:
366 1317 528 1365 quanto
548 1310 687 1362 magis
707 1310 881 1360 sanguis
898 1309 1016 1351 Chri-

107 1400 116 1409 .
191 1371 262 1418 sti,
292 1369 365 1422 qui
392 1381 471 1421 per
495 1367 703 1420 Spiritum
729 1371 928 1407 sanctum
952 1379 1015 1407 se-

189 1429 424 1479 metipsum
478 1424 637 1466 obtulit
690 1422 1016 1464 immaculatum

190 1483 303 1532 Deo,
331 1480 584 1523 emundabit
609 1479 922 1521 conscientiam
942 1492 1015 1521 no-

190 1545 325 1580 stram
343 1538 398 1580 ab
418 1536 625 1590 operibus
642 1536 838 1585 mortuis,
858 1534 914 1577 ad
930 1548 1015 1577 ser-

190 1594 395 1636 viendum
414 1594 511 1635 Deo
531 1592 715 1634 viventi?

240 1656 289 1707 R:-
309 1655 371 1697 br·
403 1659 586 1711 Sanguis
605 1659 629 1699 J
632 1671 709 1700 esu
733 1656 894 1699 Christi
918 1657 1015 1698 Filii

191 1717 274 1757 Dei
287 1714 310 1737 *
328 1716 545 1757 Emundat
554 1728 646 1769 nos.
666 1714 860 1765 Sanguis.
875 1708 926 1761 ΥΙ.
945 1713 1016 1756 Ab

192 1772 309 1812 omni
327 1774 522 1824 peceato.
549 1769 772 1812 Emundat
791 1782 882 1811 nos.
910 1769 1015 1811 Glo-

192 1828 255 1869 ria
273 1828 402 1869 Patri.
429 1828 624 1878 Sanguis.

241 1874 290 1925 V·
314 1888 510 1929 Christus
531 1886 682 1929 dilexit
696 1899 789 1928 nos.
816 1885 867 1936 Rz.
886 1886 943 1928 Et
957 1886 1014 1927 la-

193 1944 254 1985 vit
273 1957 354 1986 nos
374 1944 415 1984 in
436 1944 643 1994 sanguine
665 1956 758 1984 suo.

466 2021 533 2057 Ad
556 2021 740 2057 Nonam.

244 2080 341 2120 Ant.
371 2078 507 2120 Beati.

243 2139 500 2191 Capitulum.
772 2144 904 2185 Hebr.
924 2147 962 2186 9.

193 2194 460 2299 Accipiens
480 2204 660 2256 Meyses
685 2203 938 2253 sanguinem
957 2203 1015 2243 vi-

302 2260 514 2309 tularum,
565 2266 608 2302 et
654 2259 874 2300 hircorum
919 2272 1017 2300 cum

195 2328 318 2368 aqua,
337 2322 380 2358 et
398 2316 496 2357 lana
512 2319 728 2366 coccinea,
748 2320 791 2357 et
806 2315 1017 2367 hyssopo:

194 2372 335 2423 ipsum
362 2385 538 2425 quoque
565 2372 739 2421 librum,
772 2377 815 2413 et
843 2384 1017 2412 omnem

196 2428 406 2480 populum
421 2429 615 2481 aspersit,
635 2428 799 2470 dicens:
818 2428 904 2469 Hic
923 2440 1016 2468 san-

195 2484 289 2533 guis
296 2485 559 2579 lgestamenti,
579 2484 700 2537 quod
718 2483 943 2525 mandavit
962 2483 1018 2525 ad

196 2552 276 2580 vos
339 2553 426 2581 eus.

247 2600 295 2651 R.
331 2600 390 2640 br.
432 2600 628 2642 Christus
661 2600 813 2642 dilexit
845 2613 941 2649 nOS,
975 2606 1018 2641 et

195 2654 300 2696 lavit
324 2668 404 2696 nos
422 2659 444 2683 *
467 2657 515 2696 In
541 2657 748 2707 sanguine
772 2669 863 2697 suo.
898 2655 1017 2697 Chri·

195 2716 299 2752 stus.
341 2707 388 2757 Y.
422 2711 477 2752 Et
505 2712 605 2753 feeit
632 2725 713 2754 nos
742 2724 940 2764 regnum,
974 2716 1017 2753 et

504 198 574 231 Die
598 199 627 230 Γι.
654 197 788 230 Martii.
836 198 870 230 S.
896 195 1059 229 Joannis
1084 195 1249 238 Josephi
1275 206 1295 229 a
1321 195 1442 230 Cruee
1468 195 1576 229 Conf.

1069 286 1324 329 sacerdOtes
1347 287 1460 336 Deo,
1489 291 1534 328 et
1556 286 1687 328 Patri.
1727 287 1778 327 In
1801 288 1896 327 san-

1067 343 1208 394 guine.
1239 343 1393 385 Glaria
1412 343 1543 385 Patri.
1572 342 1782 384 Christus.

1119 397 1173 448 V.
1188 400 1213 440 J
1215 400 1422 442 ustificati
1440 400 1483 447 in
1499 399 1707 451 sanguine
1725 397 1897 440 Christi.
1956 452 1963 456 .

1069 458 1119 498 R·.
1137 456 1255 498 Salvi
1275 457 1434 498 erimus
1454 456 1509 498 ab
1529 456 1595 497 ira
1612 469 1694 509 per
1710 455 1866 508 ipsum.

1270 529 1331 570 In
1357 529 1419 570 11.
1443 528 1694 579 vesperis.

1120 587 1223 629 Ant,
1252 586 1330 629 Ps.7
1355 585 1479 629 Capit.
1504 588 1542 619 et
1563 584 1703 625 van.
1730 588 1771 619 ut
1795 584 1834 619 in
1859 584 1898 627 1.,

1070 634 1168 678 [320]
1190 639 1227 670 et
1246 635 1334 669 loco
1351 634 1476 668 ultimi
1494 632 1567 667 dic.
1589 631 1652 667 Ps.
1671 631 1742 667 147.
1763 631 1900 668 Lauda

1068 682 1296 717 Jerusalem.
1321 682 1392 716 123.

1121 729 1170 780 V.
1203 735 1269 776 Te
1297 746 1402 784 ergo
1430 734 1698 786 quaesumus,
1727 732 1814 773 tuis
1840 732 1899 774 fa·

1069 791 1197 833 mulis
1230 790 1424 833 subveni.
1464 789 1517 841 Rz.
1552 790 1674 840 Quos
1701 788 1915 841 pretioso

1070 848 1279 899 sanguine
1301 846 1537 888 redemisti.

1120 903 1191 944 Ad
1220 904 1395 951 Magnis.
1434 903 1532 944 Ant.
1570 901 1801 944 Habebitis
1827 915 1898 943 au-

1069 966 1158 1003 tem
1191 960 1306 1002 hune
1337 960 1454 1002 diem
1485 960 1528 1001 in
1555 960 1901 1001 monumentum:

1071 1023 1114 1060 et
1134 1017 1413 1060 celebrabitis
1433 1030 1533 1059 eum
1551 1016 1792 1057 solemnem
1810 1016 1900 1057 Do-

1070 1075 1187 1116 mino
1198 1074 1242 1115 in
1251 1072 1606 1125 generationibus
1614 1072 1773 1114 vestris
1782 1072 1902 1114 cultu

1070 1132 1349 1184 sempiterno.

1120 1191 1167 1225 Et
1184 1191 1224 1225 fit
1242 1201 1437 1226 commem.
1454 1191 1579 1225 Feriae
1596 1201 1740 1226 oecurr.

1331 1256 1556 1282 *W.4,-Q>.4.
1581 1267 1644 1269 im—

1211 1316 1445 1380 FESTA
1480 1317 1756 1379 MARTII.

1406 1394 1541 1403 vro-W*

1324 1425 1408 1467 Die
1427 1426 1466 1466 5.
1484 1424 1642 1466 Martii.

1113 1490 1156 1531 S.
1175 1490 1206 1532 J
1209 1489 1388 1531 oannis
1410 1489 1440 1530 J
1442 1488 1620 1540 osephi
1643 1498 1675 1529 a
1699 1488 1856 1529 cruce

1340 1544 1627 1586 Confessoris.

1399 1607 1564 1651 Duplex.

1120 1660 1258 1695 Omnia
1279 1660 1326 1695 de
1344 1660 1550 1695 Communi
1565 1660 1676 1696 Coni.
1694 1669 1773 1695 non
1788 1659 1898 1695 Pont.

1071 1709 1142 1752 [84]
1164 1707 1305 1751 praeter
1329 1719 1434 1752 sequ.

1403 1761 1567 1802 Oratio.

1072 1812 1260 1918 DeUS,
1288 1818 1362 1869 qui
1389 1815 1568 1859 beatum
1596 1816 1810 1857 Joannem
1827 1814 1898 1855 Jo-

1187 1873 1373 1926 sephum
1419 1872 1727 1914 Confessorem
1775 1875 1899 1912 tuum

1070 1942 1150 1982 per
1177 1928 1336 1971 arduas
1363 1928 1656 1983 paupertatis,
1684 1926 1900 1969 humilita-

1068 1986 1135 2036 tis,
1167 1991 1211 2028 et
1237 1986 1462 2039 patientiae
1488 1985 1582 2027 vias
1611 1984 1783 2027 coelesti
1809 1983 1898 2036 glo-

1069 2042 1132 2083 ria
1164 2042 1423 2084 sublimasti:
1461 2040 1517 2083 da
1549 2041 1696 2091 nobis,
1730 2042 1899 2094 quaesu-

1068 2112 1180 2149 mus;
1199 2103 1247 2140 ut
1266 2111 1396 2141 carne
1415 2098 1679 2147 mortificati,
1699 2098 1789 2149 ejus
1806 2096 1898 2137 imi-

1068 2157 1211 2197 temur
1231 2154 1446 2208 exempla,
1478 2158 1521 2197 et
1543 2153 1714 2205 gaudiis
1733 2153 1899 2207 perfru-

1070 2213 1193 2253 amur
1213 2211 1398 2253 aeternis.
1425 2211 1510 2253 Per
1529 2210 1778 2252 Deminum.

1120 2273 1167 2307 Et
1191 2272 1232 2306 fit
1257 2281 1453 2306 commem.
1478 2271 1612 2306 Feriae.

1119 2320 1163 2354 In
1180 2320 1207 2355 Ι.
1224 2320 1423 2356 Nocturno
1444 2319 1650 2355 Lectiones
1666 2317 1810 2354 Beatus
1828 2317 1899 2354 vir.

1069 2369 1116 2403 de
1134 2368 1270 2403 eodem
1287 2368 1432 2403 Comm.
1448 2369 1480 2404 2.
1498 2369 1597 2404 loco.
1621 2367 1692 2411 [94]

1292 2430 1342 2468 In
1368 2430 1420 2470 ΙΙ.
1448 2430 1672 2470 Nocturno.

1370 2490 1523 2531 IAectiO
1542 2491 1596 2530 iV.

1074 2544 1293 2600 ’Ἶζβ
1322 2544 1444 2594 regni
1471 2543 1685 2596 Neapolis
1717 2544 1762 2585 in
1789 2542 1899 2585 urbe

1091 2599 1121 2659 j
1138 2597 1181 2659 ἷῐζξῑ
1208 2599 1327 2653 apud
1346 2600 1574 2641 AEnariam
1598 2599 1799 2650 insulam,
1823 2612 1898 2652 pa-

1100 2701 1102 2704 ,
1142 2655 1176 2676 ’“·’“
1207 2656 1403 2699 rentibus
1421 2655 1651 2697 nobilitate
1667 2656 1899 2707 sanguinis,

1069 2716 1328 2765 morumque
1342 2711 1564 2765 probitate
1576 2711 1899 2764 praestantibuS‚
