2066 2904
572 140 643 174 Die
670 140 719 173 17.
743 139 843 179 Maii.
892 140 926 172 S.
952 137 1154 172 Paschalis
1179 137 1328 180 Baylon
1357 136 1465 169 (lons.

217 237 265 271 Et
288 238 328 270 fit
354 246 550 270 commem.
575 234 741 278 praeced.

216 290 317 329 Ant.
354 287 532 329 Amavit
560 299 660 328 eum
686 284 922 333 Dominus,
950 288 995 326 et

82 360 85 362 ·
165 344 340 386 ornavit
359 356 472 386 eum:
495 342 656 383 stolam
678 340 831 393 gleriae
854 339 995 381 induit

166 413 284 450 eum,
312 404 357 441 et
384 399 441 440 ad
467 403 622 451 portas
649 396 844 449 paradisi
872 408 994 437 coro-

165 456 287 497 navit
305 468 415 505 eum,
435 454 618 506 alleluja.

166 507 224 560 V„
286 511 312 552 J
313 516 460 552 ustum
480 509 664 551 dednxit
681 508 897 564 Deminus
916 519 996 559 per

166 567 260 608 vias
279 571 441 616 rectas,
470 566 653 617 alleluja.
693 566 744 618 R.
771 564 829 605 Et
853 565 996 605 osten-

168 621 232 664 dit
249 622 313 664 illi
330 635 514 674 regnum
531 622 628 672 Dei,
642 620 830 672 alleluja.

220 688 261 722 In
293 688 319 722 Ι.
352 688 552 721 Nocturno
583 686 786 720 Lectiones
821 686 867 719 dc
898 685 995 719 Seri-

168 740 280 778 ptura
306 740 538 770 occurrente.

392 814 442 852 In
469 814 519 852 II.
548 813 771 851 Nocturno.

471 882 625 922 Lectio
647 882 699 920 iv.

217 972 237 994 ,2-
271 943 476 995 aschalis
507 943 695 995 Baylon,
732 942 1002 995 pauperibus

216 1035 230 1054 Α
255 1017 282 1052 -3
305 1000 478 1052 piisque
497 999 753 1052 parentibus
772 999 817 1039 in
836 998 1002 1051 Oppido

232 1053 282 1070 '
305 1056 458 1097 Turris
483 1056 726 1106 Formesae‚
752 1055 1003 1106 Seguntinae

173 1112 379 1154 dioecesis
402 1112 449 1153 in
472 1111 696 1163 Arag6nia
720 1117 866 1161 natus,
894 1124 920 1152 a
942 1113 1003 1153 te-

173 1168 290 1210 neris
310 1168 435 1209 annis
452 1168 581 1221 plura
597 1166 720 1209 dedit
734 1167 893 1209 futurae
909 1180 1003 1208 san-

174 1224 337 1266 ctitatis
364 1224 536 1265 indicia.
593 1223 784 1265 Sortitus
817 1223 1006 1264 animam

173 1279 346 1329 bonam,
366 1293 418 1321 ac
436 1292 583 1321 rerum
602 1279 847 1321 coelestium
862 1282 1005 1332 appri-

174 1348 244 1377 me
282 1335 542 1386 studiesam,
578 1335 829 1388 pueritiam,
873 1340 1006 1387 atque

177 1391 519 1433 adolescentiam
549 1391 594 1431 in
626 1391 772 1442 gregis
807 1391 1008 1432 custodia

176 1448 403 1498 transegit;
431 1460 563 1499 quam
585 1446 658 1488 ille
677 1447 855 1488 vivendi
878 1447 1006 1488 ratia-

176 1516 278 1545 nem
292 1503 394 1545 ideo
410 1505 634 1556 praecipue
649 1502 870 1554 diligebat,
889 1503 1009 1555 quod

177 1559 412 1601 humilitati
429 1559 649 1609 fovendae,
673 1572 726 1601 ac
744 1560 1008 1601 innocentiae

179 1615 496 1657 conservandae
523 1616 568 1656 in
594 1616 746 1669 primis
770 1615 921 1657 utilem
948 1620 1009 1656 at-

180 1684 264 1724 que
300 1675 598 1724 opportunam
629 1671 854 1723 judicaret.
902 1672 1009 1713 Erat

178 1727 222 1768 in
240 1727 359 1769 victu
376 1727 593 1778 medicus,
618 1728 663 1769 in
686 1728 886 1769 oratiene
905 1730 1009 1768 assi-

180 1782 309 1833 duus,
340 1786 550 1836 tantaque
581 1783 700 1837 apud
733 1786 928 1834 coaeVOS,
965 1788 1010 1825 et

180 1839 328 1880 socios
347 1839 535 1881 florebat
552 1839 831 1890 auctoritate,
852 1845 895 1881 et
914 1842 1009 1891 gra-

178 1895 254 1945 tia,
277 1899 326 1936 ut
344 1897 497 1937 cerum
515 1895 615 1937 lites
635 1897 922 1948 componenS,
947 1909 1009 1937 er-

180 1952 304 1992 retes
329 1951 570 2002 cerrigens,
597 1952 890 2003 ignorantiam
916 1955 1010 1993 6111-

182 2005 322 2056 diens,
347 2019 399 2048 ac
419 2007 634 2049 desidiam
654 2007 865 2057 excitans,
891 2007 1011 2049 velut

182 2062 376 2103 emnium
402 2075 579 2115 parens,
612 2067 656 2105 et
686 2065 896 2114 magister
922 2066 1010 2104 ma-

180 2118 300 2159 ximo
327 2117 475 2160 studio
501 2119 735 2169 coleretur,
767 2132 819 2160 ac
847 2121 1009 2160 amare-

179 2179 266 2215 tur:
289 2173 445 2216 beatus
470 2175 603 2216 etiam
625 2179 719 2217 tum
743 2187 770 2216 a
787 2175 1011 2227 plerisque

181 2229 440 2283 appellatus.

230 2305 280 2356 R.
314 2305 564 2346 Honestum
589 2304 695 2347 fecit
717 2305 840 2347 illum
862 2305 1011 2346 Demi-

180 2374 279 2412 nus,
299 2366 343 2403 et
361 2360 600 2402 custodivit
619 2373 720 2402 eum
738 2361 794 2403 ab
812 2361 1011 2411 inimicis,

182 2421 227 2459 et
250 2429 275 2458 a
304 2416 611 2458 seducteribus
639 2417 800 2458 tutavit
827 2416 963 2458 illum:
982 2416 1004 2439 ²*

181 2472 239 2514 Et
270 2471 393 2515 dedit
423 2472 486 2513 illi
520 2472 766 2514 claritatem
791 2474 1011 2522 aeternam,

101 2572 107 2575 ,
182 2527 363 2579 alleluja.
380 2523 430 2574 Y.
458 2528 484 2569 J
485 2533 631 2570 ustum
655 2528 838 2570 deduxit
860 2529 1011 2568 Demi-

183 2595 265 2624 nus
282 2594 363 2636 per
381 2584 474 2625 vias
492 2588 652 2633 rectaS,
678 2589 722 2626 et
741 2583 934 2626 ostendit
951 2583 1014 2624 illi

183 2650 366 2689 regnum
382 2640 477 2681 Dei.
503 2640 561 2681 Et
580 2638 713 2682 dedit.

1360 226 1513 266 Lectio
1535 239 1570 264 V.

1132 286 1179 327 ui
1195 297 1302 327 vero
1321 284 1366 325 in
1386 283 1566 333 saeculo,
1584 287 1702 324 terra
1720 293 1880 334 nempe

1144 341 1330 390 deserta,
1350 345 1394 382 et
1412 341 1638 392 inaquesa,
1657 338 1770 380 adeo
1790 337 1880 379 feli-

1047 399 1155 441 citer
1183 397 1454 446 adoleverat,
1491 396 1575 436 flos
1604 394 1882 443 convallium,

1046 455 1270 508 plantatus
1288 453 1333 493 in
1353 451 1487 494 domo
1506 451 1702 500 Demini,
1724 451 1883 491 mirum

1048 511 1212 562 ubique
1232 509 1395 562 sparsit
1419 507 1666 549 sanctitatis
1686 506 1883 548 oderem.

1048 567 1188 618 Igitur
1213 564 1440 607 Paschalis
1473 565 1652 616 arrepto
1684 563 1788 604 vitae
1819 575 1883 604 se-

1049 622 1236 664 verieris
1253 621 1473 670 instituto,
1503 624 1636 670 atque
1661 619 1705 659 in
1730 618 1884 660 Ordine

1050 679 1271 720 Minerum
1315 676 1547 718 strictioris
1589 674 1885 716 observantiae

1053 734 1433 776 Disealceaterum
1460 733 1716 784 cooptatus,
1745 730 1885 771 exsul-

1051 790 1162 833 tavit
1185 794 1235 832 ut
1262 789 1385 840 gigas
1409 787 1467 830 ad
1490 786 1752 829 currendam
1771 786 1887 827 viam

1053 860 1194 896 suam,
1222 849 1457 897 totumque
1478 856 1526 885 se
1543 843 1738 885 Demino
1760 855 1887 884 exco-

1052 903 1233 944 lendum
1269 901 1467 950 tradens,
1512 900 1608 942 dies
1644 901 1888 950 noctesque

1055 959 1294 1010 cogitabat,
1320 970 1407 1010 qua
1431 970 1478 998 se
1501 957 1672 998 ratione
1690 956 1830 1007 magis
1850 956 1891 997 ei

1053 1017 1284 1067 magisque
1303 1014 1612 1056 conformaret.
1639 1013 1709 1054 Ita
1727 1012 1891 1054 factum

1056 1077 1124 1113 est
1149 1071 1289 1120 brevi,
1323 1075 1372 1111 ut
1399 1082 1499 1111 eum
1524 1073 1751 1120 tamquam
1776 1071 1890 1110 sera-

1055 1127 1199 1180 phicae
1223 1126 1508 1180 perfectienis
1535 1125 1778 1177 exemplar,
1805 1125 1892 1177 ipsi

1058 1196 1235 1235 quoque
1280 1182 1588 1235 provectieres
1632 1181 1893 1223 imitandum

1058 1239 1142 1281 sibi
1172 1241 1487 1292 propenerent.
1533 1238 1638 1289 Ipse
1670 1242 1818 1279 autem
1849 1238 1894 1278 in

1057 1295 1212 1336 humili
1243 1294 1527 1336 servientium
1559 1292 1701 1344 gradu
1733 1293 1892 1334 consti-

1059 1355 1196 1401 tutus,
1222 1364 1270 1392 se
1289 1350 1410 1392 velut
1430 1350 1624 1391 omnium
1642 1350 1895 1402 peripsema

1058 1409 1279 1460 reputans,
1300 1406 1437 1448 ardua
1457 1418 1645 1458 quaeque
1666 1410 1710 1446 et
1724 1405 1895 1457 abjecta

1061 1465 1220 1506 domus
1238 1462 1497 1510 ministeria,
1521 1461 1657 1503 veluti
1676 1462 1768 1513 jure
1790 1474 1894 1513 quo-

1062 1519 1164 1562 dam
1186 1518 1401 1572 peculiari
1424 1517 1506 1559 sibi
1530 1517 1698 1566 debita,
1727 1530 1896 1558 summa

1062 1589 1163 1617 cum
1187 1575 1409 1616 hilaritate
1435 1572 1724 1625 suscipiebat,
1754 1578 1798 1614 et
1824 1586 1894 1615 ex-

1062 1632 1241 1674 ercebat
1285 1630 1546 1679 humilitate,
1593 1642 1644 1670 ac
1684 1630 1897 1681 patientia

1060 1689 1168 1741 pari.
1211 1688 1399 1729 Carnem
1426 1686 1600 1738 spiritui
1629 1685 1897 1738 quandeque

1061 1744 1268 1786 reluctari
1292 1744 1504 1785 nitentem
1528 1742 1616 1794 jugi
1639 1742 1896 1783 macerati&-

1061 1814 1117 1843 ne
1140 1800 1386 1848 afflictavit,
1413 1804 1546 1851 atque
1570 1799 1615 1838 in
1639 1799 1898 1840 servitutem

1062 1856 1249 1909 redegit,
1279 1856 1481 1909 spiritum
1499 1867 1606 1896 vero
1632 1855 1810 1896 assidua
1830 1855 1899 1895 sui

1063 1913 1355 1964 abnegatiene
1390 1911 1703 1953 ferventierem
1729 1911 1774 1951 in
1803 1910 1897 1952 dies

1063 1969 1122 2010 ad
1141 1969 1361 2010 anteriera
1380 1966 1658 2009 extendebat.

1111 2024 1163 2076 R.
1192 2024 1372 2066 Amavit
1392 2037 1492 2066 eum
1508 2023 1741 2071 Dominus,
1766 2027 1810 2063 et
1829 2035 1896 2063 or-

1063 2081 1186 2122 navit
1217 2093 1333 2122 eum:
1372 2080 1533 2121 stolam
1567 2078 1721 2129 gloriae
1755 2077 1898 2119 induit

1064 2135 1205 2187 eum,*
1228 2137 1286 2178 Et
1305 2136 1362 2178 ad
1385 2140 1539 2188 portas
1558 2134 1753 2203 paradisi
1773 2146 1896 2175 coro-

1063 2193 1185 2234 navit
1204 2205 1315 2241 eum,
1341 2192 1524 2243 alleluja.
1550 2191 1601 2236 W.
1629 2189 1778 2231 Induit
1797 2202 1898 2231 eum

1063 2248 1279 2290 Deminus
1302 2248 1484 2290 loricam
1507 2246 1629 2295 fidei,
1655 2251 1699 2287 et
1725 2246 1898 2288 ornavit

1064 2317 1176 2346 eum.
1202 2305 1260 2346 Et
1279 2303 1336 2346 ad
1354 2309 1519 2356 portas.

1366 2362 1517 2402 Lectio
1539 2361 1590 2400 vi.

1151 2418 1346 2469 eiparam
1363 2414 1606 2466 Virginem,
1626 2414 1748 2465 cujus
1768 2413 1896 2455 clien-
1953 2445 1955 2447 .

1164 2472 1266 2514 telae
1291 2485 1338 2513 se
1358 2471 1412 2512 ab
1432 2471 1609 2512 ineunte
1629 2471 1762 2511 aetate
1781 2469 1896 2511 dica-

1065 2533 1204 2578 verat,
1229 2533 1456 2579 tamquam
1474 2531 1661 2567 matrem
1681 2525 1897 2578 quotidia-

1066 2584 1134 2625 nis
1155 2583 1330 2626 colebat
1349 2582 1591 2634 obsequiis,
1619 2587 1751 2634 atque
1775 2582 1898 2623 filiali

1067 2640 1281 2682 exorabat
1299 2638 1471 2680 fiducia.
1507 2639 1648 2680 Porro
1674 2651 1779 2690 erga
1802 2651 1897 2679 san·

1625 2767 1691 2801 33*
