2066 2904
665 140 873 175 Commune
899 139 1144 174 Confessoris
1171 139 1375 173 pontificis.

171 240 375 283 decorem
413 238 661 293 imposuisti
702 251 834 291 super
877 251 990 279 eum:

170 297 357 350 posuisti
375 297 419 338 in
438 296 581 349 capite
598 296 688 347 ejus
708 296 916 336 coronam
935 294 990 336 de

169 353 316 407 lapide
333 353 540 406 pretioso.

224 412 320 452 Ant.
348 410 432 451 Hic
459 408 645 461 accipiet
672 409 695 435 *
724 407 988 449 benedictio-

168 480 267 509 nem
294 479 319 508 a
340 466 546 515 Domino,
575 469 617 506 et
644 463 989 506 misericordiam

169 536 194 565 a
217 523 315 565 Deo
343 522 522 564 salutari
547 534 641 563 suo:
670 521 771 573 quia
797 520 892 562 haec
921 526 987 562 est

167 579 389 632 generatio
412 578 698 631 quaerentium
715 577 961 619 Dominum.

436 643 628 683 Psalmus
656 645 718 684 23.

257 692 388 733 omini
421 696 486 733 est
514 697 648 741 terra,
686 696 729 733 et
759 691 985 744 plenitudo

169 693 252 799 D
270 750 376 801 ejus:
394 750 418 776 *
442 747 561 789 orbis
580 750 808 797 terrarum,
837 753 880 789 et
898 749 986 788 uni—

167 805 281 847 versi
301 805 374 857 qui
392 803 590 846 habitant
608 805 652 845 in
672 817 737 846 eo.

218 861 328 912 Quia
350 861 444 913 ipse
473 874 604 914 super
627 861 764 902 maria
789 861 986 904 fundavit

167 931 279 960 eum:
303 917 327 943 *
352 922 395 959 01
420 930 551 970 super
571 917 747 959 flumina
767 921 985 972 praepara-

167 974 229 1015 vit
248 987 357 1015 eum.

218 1031 324 1081 Quis
344 1029 551 1072 ascendet
568 1030 611 1071 in
629 1036 823 1073 montem
838 1030 945 1073 Dfii?
961 1033 984 1058 *

166 1092 240 1128 aut
256 1087 351 1139 quis
371 1086 502 1129 stabit
520 1087 563 1127 in
582 1087 681 1128 1000
700 1093 851 1130 sancto
873 1088 985 1141 ejus?

216 1144 431 1185 Innocens
480 1142 679 1185 manibus
730 1149 773 1186 et
823 1145 984 1188 mundo

166 1200 313 1250 corde,
337 1201 361 1226 *
390 1200 464 1252 qui
490 1212 577 1241 non
605 1201 774 1253 accepit
800 1201 843 1242 in
872 1215 984 1243 vano

166 1257 351 1298 animam
374 1269 511 1306 suam,
538 1269 619 1298 nec
642 1257 797 1308 juravit
817 1258 860 1299 in
879 1258 983 1300 dolo

165 1314 365 1366 proximo
386 1326 477 1355 suo.

216 1370 300 1412 Hic
341 1370 526 1422 accipiet
567 1369 917 1412 benedictionem
961 1385 986 1412 a

165 1426 369 1468 Domino:
382 1427 406 1454 *
421 1430 464 1467 01
482 1426 825 1468 misericordiam
845 1440 870 1468 a
888 1428 984 1469 Deo

166 1482 346 1524 salutari
365 1495 456 1524 suo.

216 1539 326 1580 Haec
353 1543 420 1580 est
447 1539 670 1590 generatio
701 1541 986 1592 quaerentium

166 1608 283 1644 eum,
318 1595 342 1621 *
385 1596 670 1647 quaerentium
712 1596 867 1639 faciem
902 1597 986 1639 Dei

165 1651 313 1693 Jacob.

215 1707 416 1750 Attollite
461 1713 613 1761 portas
653 1709 875 1762 principes
915 1722 984 1751 ve-

165 1768 292 1815 stras,
323 1769 367 1807 et
391 1764 620 1806 elevemini
642 1770 783 1818 portae
806 1768 984 1807 aeterna-

164 1820 245 1862 les:
263 1821 286 1847 *
306 1826 349 1863 et
367 1820 561 1863 introibit
579 1822 677 1863 Rex
695 1822 857 1873 gloriae.

217 1877 323 1928 Quis
349 1882 416 1919 est
434 1878 517 1920 iste
537 1879 634 1920 Rex
656 1877 830 1929 gloriae?
851 1881 875 1907 *
897 1879 984 1920 Do-

164 1934 305 1975 minus
332 1934 455 1976 fortis
486 1939 529 1976 et
563 1940 736 1987 potens:
771 1935 984 1977 Dominus

166 1994 324 2042 potens
342 1991 386 2031 in
401 1990 566 2043 praelio.

217 2046 417 2089 Attollite
456 2052 608 2100 portas
650 2048 869 2101 principes
913 2061 983 2090 ve-

166 2107 296 2153 stras,
337 2108 381 2145 et
417 2103 643 2146 elevemini
683 2109 824 2156 portae
861 2110 982 2147 aeter-

165 2159 303 2201 nales:
329 2161 352 2186 *
381 2165 424 2202 et
450 2159 645 2202 introibit
671 2161 768 2202 Rex
795 2161 955 2212 gloriae.

217 2217 322 2267 Quis
347 2221 413 2258 est
438 2217 521 2258 iste
540 2217 638 2258 Rex
659 2215 832 2268 gloriae?
852 2219 876 2245 *
898 2218 985 2259 Do-

165 2273 306 2314 minus
317 2273 524 2315 virtutum
533 2273 628 2325 ipse
638 2278 705 2315 est
715 2274 811 2315 Rex
822 2274 984 2325 gloriae.

220 2327 316 2367 Ant.
337 2329 418 2371 Hic
438 2330 623 2382 accipiet
636 2329 984 2372 benedictionem

167 2398 192 2426 a
206 2386 406 2435 Domino,
427 2390 470 2428 et
486 2386 830 2428 misericordiam
848 2400 873 2428 a
887 2388 983 2428 Deo

167 2441 344 2483 salutari
376 2455 470 2484 suo:
507 2443 607 2495 quia
639 2442 734 2484 haec
765 2448 831 2485 est
860 2456 985 2495 gene-

168 2498 278 2540 retio
299 2499 583 2551 quaerentium
600 2499 846 2541 Dominum.

218 2552 267 2602 W.
295 2555 364 2597 Tu
391 2568 437 2597 es
465 2555 671 2597 sacerdos
695 2557 738 2596 in
764 2558 986 2597 aeternum.

168 2612 217 2708 ἐς.
250 2610 499 2707 Ι810011111111111
532 2611 729 2654 ordinem
761 2612 986 2654 Melchise-

200 2677 249 2708 ec
282 2698 290 2707 .

1101 241 1226 280 Pater
1244 243 1405 280 noster.

1095 298 1337 339 Absolutio.
1368 299 1404 337 A
1426 294 1621 335 vinculis.

1096 350 1145 402 V.
1170 351 1281 393 Jube
1306 350 1478 392 domne.

1096 409 1254 452 Bened.
1293 406 1549 458 Evangelica
1566 406 1708 448 lectio.

1047 476 1196 518 Lectio
1224 475 1363 518 sancti
1380 475 1605 526 Evangelii
1627 476 1866 518 secundum

1320 532 1587 574 Matthaeum.

1148 597 1294 638 Lectio
1318 599 1381 638 vii.
1528 599 1627 650 Cap.
1644 600 1708 638 25.
1726 599 1762 639 b.

1038 652 1114 759 In
1132 657 1207 699 illo
1226 659 1439 709 tempore:
1460 654 1582 696 Dixit
1596 654 1620 694 J
1623 667 1722 695 esus
1742 654 1866 696 disci-

1103 714 1216 767 pulis
1238 714 1326 754 suis
1346 711 1601 766 parabolam
1620 710 1746 752 hanc:
1777 712 1866 753 Ho-

1038 783 1110 812 mo
1138 772 1322 824 peregre
1353 768 1656 822 proficiscens,
1694 768 1868 810 vocavit

1039 840 1190 869 servos
1219 839 1333 877 81108,
1362 831 1405 868 01
1431 824 1612 867 tradidit
1639 824 1723 865 illis
1752 824 1867 866 bona

1040 897 1128 925 sua.
1165 884 1221 925 Et
1239 883 1415 935 reliqua.

1088 952 1276 995 Homih'a
1296 952 1434 994 sancti
1454 951 1656 1003 Gregorii
1675 951 1819 1003 Papae.

1208 1015 1377 1050 Homilia
1402 1018 1431 1050 9.
1458 1017 1494 1050 in
1520 1016 1701 1060 Evangcl.

1055 1065 1430 1122 ζ’ἶζςς-,1001ω8ε111011
1448 1064 1682 1114 Evangelii,
1710 1065 1867 1106 fratres

1074 1111 1148 1191 111χέ
1176 1122 1405 1171 carissimi,
1451 1120 1635 1162 sollicite
1672 1120 1866 1163 conside·
1914 1119 1915 1123 ’

1041 1177 1148 1204 *⁴-
1176 1181 1273 1220 rere
1305 1191 1386 1220 nos
1419 1177 1644 1227 admonet,
1685 1191 1739 1220 ne
1775 1191 1866 1228 nos,

1040 1234 1113 1286 qui
1135 1235 1233 1288 plus
1258 1235 1414 1277 ceteris
1436 1235 1480 1275 in
1503 1234 1588 1275 hoc
1611 1234 1775 1276 mundo
1799 1248 1866 1276 ac-

1039 1294 1208 1343 cepisse
1243 1291 1407 1344 aliquid
1440 1291 1674 1341 cernimur,
1712 1291 1766 1333 ab
1796 1305 1865 1333 au-

1039 1350 1160 1390 ctore
1189 1348 1339 1390 mundi
1370 1348 1544 1400 gravius
1576 1347 1677 1389 inde
1709 1348 1866 1399 judice-

1038 1417 1145 1445 mur.
1199 1405 1307 1446 Cum
1344 1405 1458 1446 enim
1494 1406 1705 1455 augentur
1742 1404 1867 1454 dona,

1039 1461 1229 1503 rationes
1255 1461 1385 1503 etiam
1412 1466 1613 1502 crescunt
1642 1460 1867 1502 donorum.

1039 1517 1181 1559 Tanto
1211 1531 1315 1569 ergo
1349 1530 1446 1559 esse
1474 1516 1694 1566 humilior,
1736 1523 1867 1570 atque
1914 1518 1915 1522 ’

1038 1573 1095 1614 ad
1147 1574 1423 1616 serviendum
1475 1574 1571 1615 Deo
1622 1574 1868 1626 promptior

1040 1630 1222 1683 quisque
1243 1630 1375 1672 debet
1403 1643 1456 1672 ex
1483 1633 1674 1679 munere,
1704 1635 1866 1682 quanto

1038 1699 1085 1728 se
1114 1686 1418 1738 obligatiorem
1446 1699 1542 1729 esse
1575 1687 1790 1740 conspicit
1821 1688 1864 1728 in

1038 1743 1262 1786 reddenda
1282 1745 1460 1786 ratione.
1504 1744 1619 1785 Ecce
1638 1743 1770 1785 homo
1792 1745 1865 1797 qui

1038 1802 1220 1853 peregre
1247 1800 1554 1853 proficiscitur,
1583 1813 1733 1842 servos
1762 1814 1864 1842 suos

1039 1863 1181 1907 vocat,
1216 1859 1365 1909 eisque
1385 1856 1441 1899 ad
1459 1857 1683 1909 negotium
1701 1857 1864 1899 talenta

1038 1916 1232 1966 partitur.
1256 1914 1363 1961 Post
1381 1914 1565 1955 multum
1578 1927 1684 1955 vero
1699 1916 1864 1967 tempo-

1039 1970 1097 2011 ris
1123 1971 1347 2023 positurus
1379 1971 1591 2013 rationem
1625 1971 1865 2012 revertitur.

1038 2027 1158 2069 Bene
1209 2029 1442 2080 operantes
1491 2040 1573 2080 pro
1628 2029 1862 2080 apportato

1039 2082 1160 2124 lucro
1190 2087 1458 2134 remunerat,
1499 2097 1673 2125 servum
1702 2096 1807 2125 vero
1841 2097 1865 2125 a

1040 2138 1157 2182 bono
1186 2142 1320 2194 opere
1346 2142 1595 2194 torpentem
1623 2140 1808 2182 damnat.

1092 2202 1142 2254 R.
1167 2202 1344 2243 Amevit
1363 2215 1463 2243 eum
1482 2202 1706 2250 Dominus,
1735 2206 1778 2243 et
1799 2215 1864 2243 or-

1039 2257 1159 2299 navit
1195 2271 1309 2299 eum:
1349 2258 1507 2300 stolam
1540 2257 1692 2309 gloriae
1727 2257 1867 2301 induit

1041 2325 1149 2363 eum,
1170 2315 1191 2338 *
1213 2315 1270 2356 Et
1288 2314 1344 2356 ad
1362 2319 1513 2368 portas
1531 2313 1724 2367 paradisi
1743 2327 1864 2356 coro-

1040 2370 1159 2413 navit
1178 2383 1287 2412 eum.
1303 2366 1350 2417 Y.
1374 2370 1521 2412 Induit
1535 2383 1635 2412 eum
1649 2370 1864 2413 Dominus

1040 2424 1220 2470 loricam
1238 2427 1356 2477 fidei,
1387 2432 1430 2469 et
1449 2427 1617 2468 ornavit
1637 2439 1746 2468 eum.
1774 2428 1840 2470 Et.

1092 2491 1249 2532 Bened.
1280 2489 1410 2540 Cujus
1429 2488 1587 2530 festum
1606 2487 1799 2531 colimus.

1326 2556 1476 2596 Lectio
1496 2556 1576 2595 viii.

1129 2614 1195 2655 uis
1220 2616 1368 2665 itaque
1395 2613 1477 2654 iste
1507 2613 1639 2656 homo
1670 2620 1755 2666 est,
1793 2618 1866 2668 qui

1140 2672 1324 2722 peregre
1342 2669 1643 2722 proficiscitur,
1662 2671 1744 2713 nisi
1757 2672 1866 2714 Red-
