2066 2956
212 226 304 272 [136]

210 323 340 371 scitis,
356 323 457 374 quia
470 324 659 374 corpora
668 326 816 363 vestra
826 321 1038 374 templum

210 383 310 419 sunt
332 378 519 431 Spiritus
547 378 702 427 sancti,
736 378 810 430 qui
837 378 882 418 in
911 377 1038 419 vobis

210 433 299 476 est?
319 435 375 476 Et
390 434 501 483 ideo,
520 434 677 475 fratres
693 434 915 482 carissimi,
936 434 1038 485 quia

209 490 337 531 nullis
368 490 723 543 praecedentibus
761 490 926 531 meritis
957 503 1038 541 per

207 547 392 597 gratiam
416 547 501 588 Dei
533 547 772 587 meruimus
805 546 900 587 fieri
931 550 1036 587 tem-

208 602 328 654 plum
344 603 438 651 Dei,
459 607 670 655 quantum
685 604 921 655 possumus
937 615 1036 643 cum

207 659 345 710 ipsius
365 658 583 711 adjutorio
598 658 860 708 laboremus,
878 671 933 699 ne
948 658 1035 698 Do-

207 715 348 756 minus
377 719 526 756 noster
554 715 598 755 in
624 714 791 767 templo
820 726 917 761 suo,
950 713 1036 755 hoc

208 775 289 820 est,
322 771 366 810 in
398 770 523 812 nobis
555 771 661 823 ipsis
695 770 886 811 inveniat
916 769 1036 821 quod

207 826 360 867 oculos
379 839 471 867 suae
490 827 728 878 maiestatis
748 826 952 867 offendat.

261 885 307 935 lx'g.
338 882 577 924 Orantibus
603 883 646 923 in
670 883 770 923 loco
798 883 899 931 isto,
920 883 941 905 *
962 883 1033 923 Di-

205 941 329 980 mitte
355 941 539 992 peccata
564 938 717 991 papuli
743 939 806 980 tui
825 938 963 988 Deus,
992 944 1036 980 et

206 994 390 1036 ostende
410 995 472 1036 eis
487 995 602 1035 viam
616 995 788 1044 bonam,
808 1007 888 1047 per
904 1007 1035 1046 quam

206 1050 447 1100 ambulent,
479 1056 523 1092 et
556 1050 611 1092 da
643 1051 827 1101 gloriam
861 1051 904 1090 in
933 1051 1034 1092 loco

204 1107 302 1148 isto.
349 1103 394 1154 Υ.
425 1107 509 1157 Qui
538 1107 652 1158 regis
679 1107 817 1147 Israel
845 1106 1034 1157 intende,

207 1163 280 1214 qm·
317 1163 500 1204 deducis
533 1163 652 1204 velut
690 1176 819 1204 ovem
851 1163 1034 1215 Joseph,

206 1219 279 1270 qui
292 1219 421 1260 sedes
433 1231 565 1271 super
578 1218 823 1260 Cherubim.
838 1219 1034 1260 Dimitte.

266 1276 529 1316 Benedictio.
552 1275 753 1316 Christus
771 1277 1008 1327 perpetuae.

515 1333 665 1373 Lectio
690 1347 723 1371 v.

208 1384 336 1490 Sed
376 1386 674 1429 habitaculum
711 1387 860 1429 cordis
895 1388 1034 1429 nostri

296 1445 532 1484 evacuetur
559 1444 691 1493 vitiis,
724 1448 767 1485 et
799 1443 1035 1485 virtutibus

204 1498 443 1551 repleatur:
484 1499 714 1541 claudatur
753 1499 950 1549 diabolo,
992 1505 1036 1542 et

205 1554 428 1607 aperiatur
460 1555 650 1597 Christo:
691 1560 735 1597 et
771 1556 832 1597 ita
866 1556 1035 1598 labore-

205 1623 318 1659 mus,
358 1616 407 1652 ut
441 1611 568 1653 nobis
599 1611 817 1653 bonorum
851 1614 1036 1664 eperum

206 1666 403 1708 clavibus
452 1668 625 1719 januam
674 1668 796 1719 regni
842 1668 1035 1710 coelestis

206 1725 376 1774 aperire
398 1726 630 1775 possimus.
666 1724 786 1765 Sicut
811 1725 925 1766 enim
948 1738 1035 1766 ma-

205 1777 258 1818 lis
274 1778 493 1830 operibus,
510 1780 634 1831 quasi
651 1780 913 1832 quibusdam
927 1781 1035 1823 seris

206 1846 258 1875 ac
276 1834 485 1884 vectibus,
505 1835 607 1877 vitae
627 1836 753 1877 nobis
773 1838 900 1888 janua
920 1837 1034 1879 clau-

206 1889 338 1931 ditur:
363 1890 424 1931 ita
443 1890 610 1943 absque
630 1892 764 1934 dubio
783 1892 910 1934 bonis
931 1895 1032 1946 ope-

206 1945 326 1987 ribus
346 1949 550 1998 aperitur.
578 1948 634 1989 Et
652 1947 770 1997 ideo,
789 1949 946 1990 fratres
967 1962 1034 1991 ca-

207 2002 383 2051 rissimi,
438 2006 736 2056 unusquisque
787 2005 1037 2047 consideret
1116 1995 1160 2048 ’,χ

207 2058 519 2100 conscientiam
546 2072 685 2110 suam,
714 2065 757 2101 et
786 2061 962 2112 quando
989 2075 1037 2103 se

207 2113 356 2165 aliquo
399 2115 579 2157 crimine
621 2115 897 2159 vulneratum
939 2130 1034 2159 esse

208 2170 473 2221 cognoverit,
492 2171 615 2223 prius
636 2172 918 2222 orationibus,
937 2174 1036 2225 jeju-

207 2225 302 2276 niis,
322 2226 392 2267 vel
412 2226 702 2279 eleemosynis
721 2228 899 2270 studeat
916 2242 1036 2271 mun-

209 2281 314 2323 dare
332 2283 644 2324 conscientiam
660 2297 798 2333 suam;
818 2290 862 2326 et
876 2285 939 2326 sic
953 2286 1036 2327 Eu-

209 2336 458 2379 charistiam
477 2342 717 2391 praesumat
737 2343 949 2393 accipere.

262 2395 311 2445 R.
337 2393 375 2435 O
396 2407 527 2446 quam
546 2395 808 2437 metuendus
828 2401 895 2438 est
914 2397 1036 2439 locus

210 2447 305 2489 iste:
323 2452 343 2474 *
363 2450 481 2491 Vere
505 2463 593 2491 non
613 2456 680 2492 est
698 2450 769 2492 hic
794 2451 927 2501 aliud,
955 2454 1037 2494 nisi

210 2502 366 2545 domus
385 2505 478 2555 Dei,
498 2511 542 2547 et
560 2512 689 2558 porta
710 2507 821 2548 coeli.
852 2504 900 2555 Ns.
927 2509 1037 2550 Haec

211 2563 276 2599 est
304 2558 460 2601 domus
487 2562 665 2603 Domini
693 2563 876 2605 firmiter
903 2564 1036 2605 aedifi-

212 2615 327 2662 cata,
363 2614 473 2657 bene
505 2617 686 2659 fundata
714 2624 781 2660 est
808 2632 941 2671 supra
969 2620 1036 2660 fir-

211 2681 326 2710 mam
344 2675 524 2722 petram.
550 2674 678 2715 Vere.

267 2726 424 2766 Bencd.
457 2728 605 2777 Ignem
625 2730 691 2770 sui
710 2730 881 2771 amoris.

788 233 826 265 ln
856 233 1109 266 Dcdicationc
1136 232 1331 266 Ecclesiae.

1390 325 1542 367 Lectio
1564 326 1615 365 vi.

1090 377 1175 484 Si
1194 377 1309 418 enim
1329 378 1574 428 agnoscens
1593 380 1765 418 reatum
1785 390 1922 427 suum,

1178 435 1272 487 ipse
1298 447 1345 475 se
1373 446 1399 474 a
1424 432 1572 474 divino
1598 433 1726 475 altari
1754 432 1922 475 subtra-

1090 492 1218 541 xerit,
1242 492 1330 532 cito
1351 489 1408 531 ad
1426 489 1741 540 indulgentiam
1762 489 1922 531 divinae

1089 546 1404 589 misericordiae
1432 546 1669 598 perveniet.
1705 546 1817 596 Quia
1842 546 1921 587 sic-

1090 609 1148 654 ut,
1168 604 1243 655 qui
1261 616 1309 644 se
1330 601 1509 650 exaltat,
1528 600 1840 652 humiliabitur;
1861 602 1922 642 ita

1090 673 1114 701 e
1134 659 1374 708 contrario,
1404 657 1479 709 qui
1498 670 1546 698 se
1564 656 1780 707 humiliat,
1806 657 1920 699 exal-

1088 716 1263 757 tabitur.
1291 715 1376 765 Qui
1395 714 1521 762 enim,
1541 713 1654 754 sicut
1669 713 1770 763 dixi,
1789 715 1920 764 agno-

1090 785 1217 814 scens
1238 774 1409 813 reatum
1428 782 1572 818 suum,
1599 769 1695 821 ipse
1718 781 1766 810 se
1785 768 1921 810 humi-

1089 827 1188 869 liter
1213 827 1268 869 ab
1293 827 1421 868 altari
1439 825 1651 867 Ecclesiae
1675 837 1757 877 pro
1778 838 1921 867 emen-

1090 883 1269 925 dati6ne
1283 883 1386 924 vitae
1401 883 1630 924 removere
1645 881 1845 931 voluerit,
1863 881 1920 923 ab

1089 941 1255 981 aeterno
1275 939 1351 980 illo
1372 943 1415 980 et
1435 938 1607 979 coelesti
1626 937 1829 978 convivio
1849 950 1920 979 ex-

1089 995 1402 1037 communicari
1427 994 1602 1047 penitus
1626 1006 1717 1034 non
1738 993 1920 1035 timebit.

1143 1055 1193 1106 R.
1211 1052 1341 1092 Mane
1361 1063 1546 1101 surgens
1564 1049 1703 1091 Jacob
1723 1049 1921 1100 erigebat

1088 1107 1282 1160 lapidem
1300 1107 1343 1148 in
1362 1106 1548 1155 titulum,
1568 1105 1754 1147 fundens
1774 1105 1919 1147 eleum

1089 1163 1295 1216 desuper,
1330 1167 1482 1204 votum
1511 1162 1633 1203 vovit
1662 1161 1872 1203 Domino:
1898 1163 1922 1188 *

1088 1220 1206 1261 Vere
1225 1220 1350 1261 locus
1368 1219 1452 1260 iste
1472 1223 1650 1259 sanctus
1670 1223 1748 1267 est,
1774 1223 1818 1259 et
1836 1230 1919 1268 ego

1087 1275 1350 1317 nesciebam.
1378 1272 1428 1323 Y.
1452 1274 1650 1327 Cumque
1670 1273 1921 1325 evigilasset

1087 1332 1226 1374 Jacob
1247 1332 1303 1373 de
1323 1344 1490 1382 somno,
1509 1331 1580 1372 ait.
1608 1330 1737 1372 Vere.
1768 1329 1920 1371 Gloria

1087 1388 1219 1429 Patri.
1246 1388 1376 1429 Vere.

1302 1470 1351 1508 In
1379 1469 1450 1508 ΠΙ.
1479 1468 1704 1508 Nocturno.

1143 1539 1242 1578 Ant.
1273 1534 1359 1587 Qui
1386 1533 1555 1576 habitat
1579 1533 1604 1559 *
1631 1533 1676 1574 in
1703 1532 1921 1585 adjutorio
1952 1541 1957 1546 ¹

1088 1590 1321 1639 Altissimi‚
1345 1591 1389 1631 in
1411 1590 1689 1643 protectione
1711 1588 1797 1631 Dei
1820 1587 1922 1630 eceli

1089 1646 1446 1689 commorabitur.

1143 1710 1307 1751 Quando
1330 1710 1412 1743 haec
1433 1709 1521 1743 Ant.
1540 1709 1682 1743 dicitur
1698 1709 1863 1753 integra,
1888 1714 1926 1745 et

1090 1759 1147 1792 illi
1173 1769 1248 1792 non
1276 1758 1432 1791 additur
1456 1757 1493 1790 in
1518 1758 1591 1791 fine
1613 1754 1800 1799 Alleluia,
1831 1762 1922 1792 tunc

1091 1806 1275 1849 incipitur
1291 1805 1468 1839 Psalmus
1487 1805 1589 1838 idem
1607 1814 1628 1838 a
1646 1805 1817 1840 secundo
1831 1805 1924 1840 Ver-

1096 1865 1157 1887 su:
1186 1852 1299 1887 Dicet
1314 1851 1492 1887 Domino.

1360 1912 1560 1953 Psalmus
1580 1913 1653 1953 90.

1093 1995 1110 2018 ir
1125 1988 1192 1995 ””
1217 1979 1258 2020 ui
1284 1979 1455 2021 habitat
1479 1979 1523 2019 in
1549 1978 1766 2030 adjutorio
1790 1978 1922 2020 Altis-

1095 2065 1110 2092 *x
1119 2069 1123 2080 .
1229 2036 1337 2086 simi,
1348 2036 1371 2061 *
1381 2036 1425 2076 in
1439 2035 1715 2088 protecti6ne
1725 2035 1810 2076 Dei
1821 2034 1922 2076 coeli

1095 2100 1114 2115 *-
1132 2094 1173 2116 ³-
1230 2090 1586 2133 commorabitur.

1091 2168 1270 2273 Dicet
1296 2172 1505 2214 D6min0:
1531 2172 1772 2225 Susceptor
1799 2185 1923 2214 meus

1199 2242 1246 2270 es
1281 2234 1347 2278 tu,
1384 2234 1428 2270 et
1464 2229 1679 2279 refugium
1715 2241 1877 2271 meum:
1899 2229 1923 2254 ¹⁸¹

1090 2285 1212 2326 Deus
1230 2298 1355 2327 meus
1375 2284 1566 2337 sperabo
1586 2285 1629 2325 in
1650 2298 1761 2326 eum.

1142 2341 1360 2391 Quaniam
1396 2341 1492 2393 ipse
1529 2340 1733 2383 liberavit
1763 2353 1834 2382 me
1867 2340 1923 2382 de

1089 2396 1249 2449 laqueo
1282 2397 1552 2445 venantium,
1586 2397 1609 2422 *
1643 2401 1687 2438 et
1728 2409 1753 2437 a
1785 2396 1922 2438 verbo

1091 2455 1260 2505 aspero.

1142 2508 1343 2561 Scapulis
1368 2508 1459 2549 suis
1484 2507 1765 2549 obumbrabit
1783 2507 1879 2549 tibi:
1896 2507 1922 2534 *

1091 2570 1135 2606 et
1155 2564 1236 2606 sub
1255 2564 1410 2617 pennis
1430 2564 1522 2615 ejus
1541 2563 1752 2615 sperabis.

1142 2621 1277 2662 Scuto
1289 2619 1579 2661 circumdabit
1589 2624 1633 2660 te
1644 2619 1806 2661 veritas
1817 2620 1922 2672 ejus:

1090 2678 1113 2703 *
1133 2689 1221 2717 non
1240 2675 1415 2718 timebis
1435 2688 1461 2716 a
1479 2675 1637 2716 timore
1656 2679 1887 2726 nocturno,

1143 2734 1184 2773 A
1205 2734 1365 2785 sagitta
1382 2731 1559 2773 volante
1578 2731 1621 2772 in
1641 2731 1727 2782 die,
1747 2744 1772 2772 a
1790 2734 1922 2783 nego-
