2066 2904
435 151 507 185 Die
537 151 586 185 12.
606 150 708 193 Maji.
754 149 812 184 Ss.
836 149 964 192 Nerei,
990 148 1159 183 Achillei
1185 153 1222 183 ct
1245 149 1330 183 Soc.
1356 149 1578 193 Martyrum.

391 248 441 286 In
463 247 515 286 11.
538 246 762 286 Nocturno.

460 302 613 343 Lectio
635 302 689 342 iv.

228 362 232 363 ⁷
254 359 426 399 ‘ereus
441 362 485 399 et
498 357 724 398 Achilleus
738 357 906 407 fratres,
925 371 994 399 eu-

314 412 446 454 nachi
478 413 642 454 Flaviae
675 413 933 463 Domitillae,
971 427 996 455 a

205 463 238 480 ¹
259 470 291 492 ψ’
315 469 447 510 beato
472 470 605 510 Petro
637 483 724 510 una
756 482 856 510 cum
887 470 995 522 ipsa,

165 526 346 578 ejusque
369 530 509 567 matre
528 525 745 575 Plautina,
772 525 995 578 baptizati,

165 594 265 623 cum
296 582 537 623 Domitillae
570 585 907 634 persuasissent,
948 587 996 623 ut

165 638 460 689 virginitatem
488 651 612 679 suam
640 639 737 680 Deo
767 641 995 679 consecra—

164 699 242 743 ret,
262 693 316 735 ab
338 695 428 744 ejus
449 707 614 747 sponso
630 694 871 735 Aureliano
887 699 994 735 tam—

166 763 297 802 quam
317 751 554 792 Christiani
572 751 783 800 accusati,
807 750 864 792 ob
884 763 994 803 prae-

165 807 328 848 claram
351 806 456 848 fidei
480 807 803 857 confessionem
821 807 864 847 in
884 808 995 848 Pon-

163 863 269 905 tiam
304 863 490 904 insulam
526 863 790 915 relegantur:
827 863 902 905 ubi
939 864 996 905 ad

165 919 454 970 quaestis‘mem
472 921 631 961 iterum
650 920 814 969 vocati,
839 924 883 961 et
902 933 994 961 ver-

162 974 339 1017 beribus
355 976 469 1025 caesi,
486 988 593 1016 mox
607 975 891 1017 Tarracinam
906 989 997 1028 per-

164 1030 301 1080 ducti,
326 1044 351 1072 a
373 1031 567 1072 Minucio
591 1031 709 1072 Rufo
736 1031 926 1083 equuleo
952 1036 995 1073 et

164 1086 350 1127 flammis
378 1087 577 1137 cruciati,
607 1100 711 1128 'cum
740 1090 994 1129 constanter

163 1145 375 1193 negarent
403 1156 450 1184 se
478 1156 504 1184 a
531 1148 684 1185 sancto
712 1143 846 1185 Petro
875 1143 994 1196 Ape-

162 1198 277 1240 stolo
314 1197 584 1251 baptizatos,
628 1199 728 1240 ullis
763 1200 995 1240 tormentis

163 1255 262 1304 cogi
290 1267 439 1307 posse,
472 1259 520 1296 ut
546 1254 677 1296 ido‘lis
705 1255 994 1305 immolarent,

162 1311 305 1351 secari
324 1311 524 1364 permissi
544 1316 660 1352 sunt:
687 1324 874 1363 quorum
900 1314 992 1353 cor-

162 1378 273 1418 pora
291 1366 346 1408 ab
362 1367 574 1420 Auspicio
596 1369 749 1408 earum
765 1367 993 1419 discipulo,

163 1426 207 1463 et
241 1422 480 1464 Domitillae
526 1423 763 1464 educatore
806 1423 995 1464 Romam

163 1476 320 1528 delata,
340 1480 410 1520 via
428 1479 670 1521 Ardeatina
689 1479 863 1531 sepulta
882 1485 993 1521 sunt.

213 1538 267 1591 R.
293 1535 390 1576 Lux
411 1538 627 1588 perpetua
648 1535 811 1577 lucebit
830 1536 994 1577 sanctis

162 1591 249 1632 tuis
273 1592 478 1642 Domine,
501 1593 525 1618 *
554 1593 611 1634 Et
638 1593 862 1634 aeternitas
888 1594 994 1633 tem-

162 1659 335 1699 porum,
361 1647 548 1700 alleluja,
575 1647 758 1700 alleluja.
793 1643 844 1695 V.
864 1649 993 1690 Laeti-

162 1702 223 1744 tia
259 1704 526 1757 sempiterna
563 1705 646 1746 erit
683 1717 816 1757 super
849 1705 994 1757 capita

164 1761 330 1800 eorum:
357 1759 566 1811 gaudium
590 1765 633 1802 et
655 1760 994 1802 exsultationem

163 1813 436 1858 obtinebunt.
463 1816 521 1858 Et
540 1817 774 1858 aeternitas.

470 1871 624 1912 Lectio
643 1886 680 1912 v.

241 1926 357 1969 lavia
379 1928 606 1970 Domitilla
631 1928 755 1978 virgo
781 1928 993 1977 Romana,

250 1984 340 2025 Titi
360 1989 404 2025 et
418 1984 660 2025 Domitiani
678 1985 995 2037 imperatorum

163 2041 319 2094 neptis,
339 2054 438 2082 cum
456 2053 629 2081 sacrum
649 2041 910 2091 virginitatis
924 2053 994 2081 ve-

163 2098 309 2139 lamen
333 2110 359 2138 a
381 2095 516 2138 beato
539 2096 762 2137 Clemente
782 2097 904 2148 Papa
927 2109 994 2137 ac-

164 2156 366 2207 cepisset,
385 2152 440 2194 ab
456 2152 696 2194 Aureliano
712 2165 888 2204 sponso,
904 2152 996 2193 Titi

163 2210 330 2251 Aurelii
354 2208 547 2250 consulis
570 2208 677 2258 filio,
706 2208 854 2250 delata
874 2207 995 2260 quod

166 2266 411 2307 Christiana
432 2269 563 2315 esset,
592 2278 617 2306 a
635 2265 893 2306 Domitiano
918 2265 993 2304 im-

164 2325 369 2374 peratore
401 2322 444 2362 in
478 2322 666 2362 insulam
693 2321 895 2362 Pontiam
928 2325 996 2361 est

165 2378 417 2431 deportata,
444 2377 519 2418 ubi
545 2378 588 2417 in
614 2379 791 2418 carcere
816 2376 996 2427 longum

163 2435 421 2486 martyrium
447 2433 583 2474 duxit.
624 2434 814 2474 Demum
838 2433 994 2472 Tarra-

165 2492 307 2530 cinam
339 2489 550 2539 deducta,
581 2492 740 2531 iterum
774 2488 996 2530 Christum

166 2546 381 2595 confessa,
410 2558 510 2586 cum
529 2558 703 2597 semper
723 2544 995 2586 constantior

165 2603 408 2653 appareret,
425 2601 506 2643 sub
516 2602 705 2652 Traiano
717 2601 995 2653 imperatore,

164 2656 320 2708 judicis
338 2657 458 2708 jussu
474 2657 654 2698 incenso
674 2658 765 2707 ejus
781 2654 996 2704 cubiculo,

1811 150 1885 186 505

1045 258 1135 287 una
1154 244 1507 286 cumTheodora
1528 249 1572 285 et
1590 244 1884 297 Euphr6syna

1047 301 1292 352 virginibus
1312 306 1356 342 et
1371 301 1656 342 collactaneis
1672 301 1773 350 suis,
1793 301 1883 351 glo-

1047 357 1153 398 riosi
1170 357 1368 409 martyrii
1384 369 1561 398 cursum
1576 357 1775 406 confecit,
1794 357 1883 398 No-

1048 413 1114 454 nis
1140 413 1258 464 Maji:
1290 426 1475 465 quarum
1499 414 1691 464 cerpora
1714 415 1883 463 integra

1047 470 1236 518 inventa,
1257 482 1281 509 a
1302 468 1496 509 Caesario
1516 468 1717 509 Diacono
1738 469 1882 521 sepul-

1047 530 1093 567 ta
1112 531 1223 567 sunt.
1256 526 1353 566 Hac
1371 537 1479 566 vero
1500 524 1572 565 die
1593 523 1782 565 duorum
1802 525 1883 566 fra-

1046 588 1165 624 trum
1183 595 1235 623 ac
1249 581 1491 623 Domitillae
1512 583 1702 633 corpora
1722 594 1776 622 ex
1795 581 1882 623 dia-

1048 641 1175 680 conia
1208 638 1349 680 sancti
1372 637 1560 678 Adriani
1592 637 1722 677 simul
1746 642 1883 678 trans-

1047 694 1154 744 lata,
1182 695 1227 735 in
1251 695 1450 747 ipserum
1468 694 1713 745 Martyrum
1738 693 1882 734 basili-

1048 763 1156 800 cam,
1176 751 1291 793 tituli
1306 749 1533 799 Fasciolae,
1553 750 1757 791 restittita
1772 754 1884 791 sunt.

1098 809 1150 860 R.
1171 808 1223 848 In
1243 807 1382 848 servis
1403 807 1508 855 suis,
1527 805 1710 857 alleluja,
1725 811 1748 834 *
1773 806 1883 847 Con-

1049 863 1263 905 solabitur
1277 865 1410 912 Deus,
1431 862 1613 914 alleluja.
1640 861 1690 910 V.
1710 862 1735 902 J
1738 861 1884 903 udica-

1048 920 1113 961 bit
1131 920 1348 961 Deminus
1367 919 1583 972 pepulum
1603 931 1746 969 suum3
1778 924 1821 960 et
1840 919 1884 959 in

1050 977 1189 1018 servis
1209 977 1312 1018 suis.
1341 975 1663 1018 Consolabitur.

1348 1042 1503 1082 Lectio
1523 1041 1577 1081 vi.

1046 1091 1364 1197 Pancratius,
1383 1097 1427 1136 in
1445 1095 1637 1148 Phrygia
1656 1094 1793 1136 nebili
1812 1097 1883 1145 ge-

1142 1166 1246 1195 nere
1260 1158 1399 1203 natus,
1417 1165 1528 1205 puer
1547 1149 1885 1204 quatuordecim

1047 1212 1262 1251 annerum
1286 1211 1476 1250 Romam
1502 1208 1620 1250 venit
1644 1207 1882 1248 Diocletia-

1047 1279 1105 1307 no
1146 1272 1189 1308 et
1221 1266 1489 1307 Maximiano
1523 1263 1883 1316 imperatoribus:

1048 1322 1124 1364 ubi
1151 1336 1177 1363 a
1206 1323 1421 1363 Pontifice
1448 1322 1653 1362 Romano
1689 1319 1882 1371 baptiza-

1048 1384 1135 1429 tus,
1162 1384 1206 1420 et
1230 1379 1273 1419 in
1300 1378 1390 1419 fide
1414 1377 1653 1418 christiana
1672 1375 1882 1425 eruditus,

1049 1435 1106 1476 ob
1144 1434 1345 1476 eamdem
1381 1433 1514 1486 paulo
1547 1437 1651 1485 post
1683 1444 1881 1483 compre-

1048 1491 1227 1541 hensus,
1260 1504 1360 1532 cum
1390 1489 1473 1531 diis
1503 1488 1752 1530 sacrificare
1781 1500 1881 1528 con-

1047 1550 1213 1589 stanter
1232 1549 1464 1593 renuisset,
1494 1545 1606 1586 virili
1625 1543 1881 1585 fortitudine

1046 1603 1161 1645 datis
1181 1602 1437 1651 cervicibus,
1456 1602 1670 1642 illustrem
1685 1600 1882 1651 martyrii

1046 1661 1257 1701 coronam
1272 1662 1537 1700 consecutus
1553 1662 1634 1698 est:
1652 1657 1774 1708 cujus
1787 1668 1880 1697 cor-

1045 1729 1129 1768 pus
1151 1715 1368 1757 Octavilla
1391 1716 1591 1755 matr6na
1617 1718 1753 1754 noctu
1790 1715 1882 1752 sus-

1044 1772 1161 1822 tulit,
1195 1777 1238 1813 et
1271 1771 1503 1823 unguentis
1533 1769 1777 1811 delibutum
1811 1768 1881 1808 via

1046 1828 1226 1869 Aurelia
1246 1827 1458 1880 sepelivit.

1099 1890 1150 1942 R.
1176 1884 1300 1925 Filiae
1320 1882 1575 1925 Jerusalem.
1594 1881 1679 1934 [44]

1272 1965 1322 2003 In
1340 1964 1412 2003 111.
1432 1964 1657 2003 Nocturno.

1048 2023 1203 2064 Lectio
1228 2022 1369 2063 sancti
1389 2020 1617 2071 Evangelii
1641 2017 1881 2060 secundum

1352 2079 1576 2119 Joannem.

1152 2139 1304 2181 Lectio
1324 2139 1394 2181 vii.
1571 2139 1675 2189 Cap.
1694 2137 1732 2177 4.
1751 2136 1777 2177 f.

1046 2191 1123 2297 In
1142 2195 1217 2236 illo
1238 2197 1454 2247 tempore:
1479 2193 1587 2233 Erat
1614 2191 1793 2243 quidam
1818 2192 1882 2231 re-

1117 2252 1262 2303 gulus,
1291 2252 1413 2302 cujus
1438 2249 1553 2290 filius
1579 2246 1882 2288 infirmabatur

1049 2307 1367 2361 Capharnaum.
1394 2306 1452 2346 Et
1471 2304 1650 2356 reliqua.

1092 2376 1286 2420 Homilia
1304 2374 1446 2416 sancti
1468 2371 1674 2422 Gregorii
1691 2372 1839 2423 Papae.

1047 2443 1107 2477 Ex
1122 2443 1263 2478 Homil.
1280 2443 1336 2476 28.
1354 2441 1487 2475 habita
1503 2440 1542 2474 in
1554 2440 1727 2474 Basilica
1742 2440 1881 2474 horum

1091 2491 1149 2526 Ss.
1164 2491 1387 2534 Martyrum,
1404 2490 1444 2522 in
1462 2489 1525 2523 die
1541 2488 1685 2523 natalis
1702 2498 1845 2523 eorum.

1110 2542 1253 2595 *ufuid
1281 2546 1348 2583 est
1377 2539 1499 2591 quod
1525 2538 1702 2589 regulus
1730 2538 1881 2586 Demi-

1083 2595 1137 2650 ’,ιψὶ
1196 2611 1300 2639 num
1317 2601 1460 2646 rogat,
1485 2600 1534 2636 ut
1557 2594 1614 2636 ad
1633 2596 1725 2647 ejus
1744 2593 1883 2634 filium

1096 2650 1133 2680 ἶ
1152 2647 1172 2679 ³²³
1197 2654 1353 2701 veniat,
1374 2656 1417 2693 et
1432 2656 1581 2693 tamen
1595 2651 1658 2692 ire
1673 2651 1880 2702 corpora-

1609 2784 1651 2816 33
