2028 2892
171 188 216 224 34
650 182 690 215 In
716 181 839 214 Fastis
866 190 932 222 per
959 179 1105 211 Annum
1133 176 1180 210 ad
1210 176 1382 209 Primum.

224 283 270 333 Υ.
296 286 491 334 Exsurge
511 282 696 330 Christe,
720 278 875 331 adjuva
898 290 988 319 nos.

175 344 221 395 Rg.
254 343 310 384 Et
341 341 475 383 libera
506 351 587 380 nos
618 342 801 391 propter
833 346 989 376 nomen

175 406 304 442 tuum.

379 456 567 498 Tempore
586 452 777 487 Paschali:

226 515 273 564 R
298 512 357 553 br.
386 509 556 551 Christe
579 508 659 549 Fili
683 507 766 548 Dei
789 504 891 553 vivi,
916 502 990 543 mi-

175 569 319 610 serere
351 566 490 614 nobis,
528 568 547 588 *
581 563 779 614 Alleluia,
812 559 991 610 alleluja.

176 627 337 675 Repet.:
366 622 535 663 Christe
552 620 634 661 Fili
652 620 735 660 Dei
754 617 849 666 vivi,
862 616 990 676 ¹mise-

175 682 270 721 rere
289 678 424 727 nobis,
445 677 623 728 alleluja,
643 675 821 726 alleluja.
845 674 893 719 X.
910 671 992 722 Qui

175 735 399 778 surrexisti
433 748 456 775 a
489 733 680 774 mertuis.
718 732 763 782 R».
798 729 992 779 Alleluja‚

177 792 355 843 alleluja.
391 786 438 836 Y.
465 790 614 831 Gloria
638 788 770 837 Patri,
801 792 844 828 et
871 785 992 834 Filio,

177 854 220 890 et
247 847 423 901 Spiritui
452 851 613 888 sancto.
640 845 686 895 R.
715 843 884 885 Christe
912 841 993 882 Fili

176 905 258 946 Dei
286 904 386 953 vivi,
413 903 617 944 miserere
645 900 786 949 nobis,
813 898 993 949 aHeluja,

178 960 358 1011 alleluja.

226 1012 274 1063 Y.
302 1017 496 1066 Exsurge
516 1014 700 1062 Christe,
727 1012 880 1064 adjuva
903 1023 994 1059 nos,

179 1073 357 1124 alleluja.
383 1072 429 1123 Ru
461 1072 516 1112 Et
543 1070 678 1112 libera
706 1082 786 1111 nos
813 1072 994 1121 propter

178 1142 334 1171 nornen
353 1133 488 1177 tuum,
509 1126 687 1178 alleluja.

229 1195 250 1238 5
278 1194 350 1227 Sed
390 1194 424 1226 in
457 1194 552 1226 sesto
584 1191 834 1225 ils-censionis
860 1197 895 1224 ct
926 1200 992 1233 per

176 1250 291 1277 totam
317 1246 509 1275 metarum.
535 1252 576 1274 ac
604 1240 714 1273 etiam
739 1239 847 1272 Feria
871 1238 931 1271 VI.
957 1244 991 1271 et

176 1292 287 1324 Subb.
308 1297 393 1333 post
411 1289 594 1323 Octavam
612 1288 750 1322 dicitur

229 1338 276 1388 δ”.
307 1341 387 1391 Qui
417 1339 587 1381 scandis
616 1350 747 1391 super
767 1336 919 1378 sidera.
945 1338 992 1388 Rg.

179 1397 376 1449 Alleluja‚
396 1396 575 1447 alleluja.

230 1466 252 1510 5
266 1467 446 1500 Similiter
470 1466 504 1499 in
526 1467 620 1499 festo
641 1465 787 1499 Pentcc.
806 1475 925 1507 usquc
945 1463 991 1496 ad

176 1515 287 1548 sabb.
314 1525 476 1558 sequens·
502 1514 640 1548 dicitur

231 1562 277 1611 Y.
307 1566 388 1615 Qui
423 1564 549 1606 sedes
583 1563 637 1605 ad
666 1563 890 1615 dexteram
918 1563 996 1603 Pa-

179 1622 268 1662 tris.
301 1623 348 1674 R.
379 1620 577 1672 Alleluja,
605 1619 783 1671 alleluja.

232 1690 375 1724 Preces
415 1690 526 1735 Kyrie
551 1689 706 1724 eleison.
730 1701 814 1733 qua:
840 1702 914 1724 non
941 1692 995 1725 di-

180 1743 314 1772 cuntur
346 1738 380 1771 in
417 1738 562 1781 Duplic.
594 1748 661 1771 nec
695 1738 790 1772 infra
822 1739 900 1772 Oct.
933 1740 995 1773 ha-

180 1787 314 1819 bentur
338 1796 451 1829 supra
481 1786 515 1819 in
542 1786 749 1819 Dominica.
778 1785 831 1820 24.

235 1832 280 1883 δ”.
323 1837 537 1878 D6minus
568 1837 803 1879 vobiscum.
848 1839 894 1889 R.
944 1838 1000 1879 Et

184 1904 281 1934 cum
301 1893 455 1945 spiritu
473 1898 561 1934 tuo,

287 1958 481 1998 Oremus.
734 1959 894 1999 Oratio.

272 2019 414 2060 emine
446 2018 565 2060 Deus
599 2021 894 2072 omnipotens,
928 2020 1001 2072 qui

287 2075 343 2117 ad
372 2075 630 2128 principium
656 2074 781 2126 hujus
809 2074 893 2117 diei
921 2088 1001 2117 nos

184 2134 411 2186 pervenire
447 2131 604 2173 fecisti:
643 2136 719 2172 tua
756 2144 836 2172 nos
871 2131 1001 2174 hedie

187 2188 304 2230 salva
323 2188 497 2236 virtute3
521 2192 568 2229 ut
586 2188 628 2228 in
647 2187 728 2229 hac
749 2187 818 2229 die
838 2187 893 2229 ad
912 2188 1001 2229 nul-

186 2244 274 2286 lum
285 2244 549 2286 declinemus
559 2245 799 2296 peceatum,
810 2243 887 2285 sed
896 2257 1002 2285 sem-

187 2313 265 2353 per
292 2300 347 2341 ad
374 2306 492 2341 tuam
525 2300 728 2351 justitiam
761 2299 1002 2342 faciendam

189 2361 336 2397 nostra
353 2355 594 2408 procedant
612 2356 800 2408 eloquia,
820 2355 1002 2407 dirigan-

188 2417 258 2453 tur
278 2412 560 2462 cogitationes
580 2418 622 2453 et
642 2414 786 2464 Opera.
815 2412 899 2453 Per
916 2413 1003 2453 Do-

189 2467 350 2508 minum
370 2474 575 2509 nostrum.
607 2471 651 2522 R'-
673 2468 823 2509 Amen.

241 2520 287 2569 δ”,
330 2523 541 2565 Βόῐηὶῐιιιε
582 2524 818 2566 vobiscum.
867 2528 911 2578 Rg.
950 2525 1004 2566 Et

191 2591 288 2620 cum
309 2579 460 2631 spiritu
478 2585 566 2621 tuo.

243 2632 288 2733 ὲ.
301 2634 615 2678 Benedieamus
626 2636 826 2679 Domino.
848 2640 893 2690 R.
908 2636 1004 2678 Deo

189 2703 239 2743 gr
269 2691 360 2733 tias.

1092 265 1237 299 Deinde
1266 264 1301 297 in
1325 263 1454 297 Choro
1478 262 1616 302 legitur
1638 260 1862 303 Martyrolo-

1041 315 1151 355 gium.
1199 313 1243 346 Et
1274 311 1428 355 quando
1460 309 1624 343 dicenda
1649 313 1706 342 est
1734 307 1863 342 Prima

1042 362 1086 395 dc
1107 361 1144 394 13.
1165 360 1294 396 Maria.
1321 358 1559 402 praeponitur
1576 356 1750 391 Lectioni
1767 355 1864 390 Mar-

1042 408 1232 444 tvi·‹‘›10‘.‘,ii.

1058 448 1064 452 ⁵
1095 461 1232 495 Postea
1258 457 1594 493 Ilcbclomadarius
1621 456 1713 490 dicit

1097 508 1142 559 δ”.
1156 511 1354 552 Pretiesa
1368 509 1412 550 in
1427 508 1668 559 conspectu
1677 504 1865 546 Demini.

1048 572 1091 622 Rg.
1110 568 1230 609 Mors
1249 567 1500 608 sanctorum
1520 564 1621 615 ejus.

1096 627 1139 660 Et
1163 626 1337 659 absolute
1364 624 1445 657 sine
1469 621 1640 656 Oremus.

1377 673 1538 712 Oratio.

1045 726 1239 833 Sancta
1270 728 1426 776 Maria,
1460 730 1503 768 et
1535 736 1688 767 omnes
1719 722 1868 764 Sancti

1128 783 1400 827 intercedant
1427 795 1508 836 pro
1537 781 1665 823 nobis
1694 779 1751 825 ad
1778 779 1867 820 Do-

1043 843 1220 884 minum:
1256 847 1304 883 ut
1335 853 1416 882 nos
1447 840 1693 880 mereamur
1725 835 1780 878 ab
1814 847 1868 877 eo

1044 898 1237 951 adjuvari
1257 902 1300 939 et
1324 897 1497 946 salvari,
1524 895 1598 948 qui
1616 893 1723 935 vivit
1742 897 1786 935 et
1803 905 1868 934 re-

1043 960 1147 1007 gnat
1164 955 1207 996 in
1227 954 1387 995 saecula
1407 952 1679 994 saeculorum.

1100 1014 1144 1065 Rg.
1174 1011 1326 1052 Amen.

1099 1064 1146 1115 V.
1164 1068 1284 1109 Deus
1303 1067 1346 1108 in
1366 1065 1630 1118 adjuterium
1647 1076 1794 1105 meum
1806 1062 1868 1103 in-

1045 1124 1187 1166 tende.
1220 1126 1267 1177 Ra
1293 1123 1480 1164 Demine
1500 1121 1557 1163 ad
1575 1118 1870 1174 adjuvandum

1044 1194 1114 1223 me
1134 1181 1301 1223 festina.

1100 1243 1143 1276 Et
1168 1242 1307 1276 dicitur
1330 1246 1401 1275 ter:
1427 1241 1560 1274 ultimo
1584 1241 1741 1275 additur

1098 1289 1249 1331 (iloria
1266 1288 1396 1330 Patri.
1422 1288 1543 1329 Sicut
1562 1291 1666 1329 erat.

1111 1346 1238 1398 Kyrie
1271 1345 1445 1387 eleison.
1488 1344 1659 1386 Christe
1696 1341 1872 1384 eleison.

1056 1403 1183 1456 Kyrie
1203 1402 1376 1444 eleison.

1099 1460 1226 1501 Pater
1246 1464 1406 1500 noster.
1427 1466 1608 1501 secreto.

1101 1512 1147 1563 δ”.
1166 1516 1223 1557 Et
1242 1528 1296 1557 ne
1314 1528 1396 1556 nos
1415 1513 1597 1556 inducas
1611 1513 1656 1554 in
1669 1511 1872 1555 tentatie-

1049 1585 1157 1614 nem.
1184 1573 1232 1623 R«.
1255 1571 1341 1613 Sed
1359 1571 1496 1613 libera
1515 1583 1597 1612 nos
1616 1583 1642 1611 a
1658 1569 1787 1610 malo.

1100 1624 1149 1676 V.
1181 1628 1371 1681 Respice
1402 1628 1446 1668 in
1476 1639 1628 1669 servos
1655 1631 1757 1668 tuos
1784 1625 1873 1666 Do-

1049 1685 1180 1734 mine,
1208 1690 1251 1726 et
1273 1685 1317 1725 in
1336 1686 1471 1738 opera
1489 1689 1580 1733 tua,
1605 1687 1650 1725 et
1668 1681 1808 1733 dirige
1826 1680 1873 1722 fi-

1050 1741 1131 1782 lios
1151 1743 1312 1782 e6rum.
1342 1743 1388 1794 Rg.
1408 1741 1464 1782 Et
1484 1741 1539 1782 sit
1558 1738 1769 1793 splendor
1782 1737 1873 1779 Do·

1050 1797 1153 1838 mini
1167 1797 1250 1839 Dei
1268 1798 1406 1839 nostri
1422 1810 1554 1850 super
1568 1809 1662 1846 nos,
1681 1800 1725 1838 et
1739 1796 1875 1848 Opera

1050 1855 1255 1895 manuum
1287 1855 1536 1896 nostrarum
1573 1852 1711 1904 dirige
1744 1863 1876 1904 super

1051 1922 1148 1959 nOS‚
1182 1915 1225 1952 et
1252 1923 1363 1963 opus
1390 1912 1599 1952 manuum
1626 1910 1876 1951 nostrarum

1052 1965 1199 2018 dirige.

1103 2020 1149 2069 Y.
1173 2023 1323 2064 Gleria
1341 2023 1470 2064 Patri.
1498 2025 1547 2075 R.
1569 2022 1691 2064 Sicut
1709 2025 1813 2064 erat.

1156 2080 1353 2121 (iremus.
1608 2077 1770 2117 Oratio.

1052 2129 1295 2234 Dirigere
1324 2141 1367 2178 et
1395 2136 1688 2185 sanctificare,
1724 2137 1876 2186 regere

1156 2197 1200 2234 et
1217 2192 1460 2243 gubernare
1481 2192 1672 2243 dignare,
1687 2191 1876 2233 Demine

1054 2248 1173 2289 Deus
1188 2249 1283 2290 Rex
1303 2248 1403 2290 coeli
1419 2255 1463 2290 et
1478 2254 1619 2298 terrae,
1637 2247 1770 2290 hodie
1784 2259 1878 2288 cor-

1055 2303 1110 2345 da
1130 2310 1172 2346 et
1192 2306 1380 2357 corpora
1404 2310 1572 2355 nostra,
1597 2317 1766 2354 sensus,
1791 2315 1878 2345 ser-

1054 2362 1217 2410 m6nes,
1237 2366 1280 2402 et
1294 2366 1419 2402 actus
1434 2367 1610 2403 nostros
1624 2362 1667 2402 in
1681 2361 1778 2411 lege
1791 2365 1878 2409 tua,

1056 2421 1098 2458 et
1130 2417 1172 2457 in
1205 2416 1411 2469 operibus
1442 2417 1750 2459 mandatotum
1785 2417 1879 2458 tuo-

1057 2485 1165 2513 rum:
1189 2477 1236 2514 ut
1255 2472 1341 2521 hic,
1366 2478 1409 2514 et
1426 2473 1470 2514 in
1490 2475 1716 2523 aeternum,
1740 2477 1784 2514 te
1808 2485 1880 2514 au-

1056 2528 1248 2577 xiliante,
1268 2528 1375 2569 salvi
1396 2534 1439 2570 et
1457 2529 1582 2571 liberi
1601 2542 1697 2571 esse
1715 2530 1879 2571 merea-

1056 2598 1167 2634 mur,
1194 2584 1394 2626 Salvator
1417 2585 1580 2627 mundi:
1605 2586 1688 2636 Qui
1707 2586 1817 2627 vivis
1836 2589 1880 2627 et

1058 2653 1212 2691 regnas
1231 2641 1274 2681 in
1294 2640 1455 2682 saecula
1474 2641 1746 2683 saeculerum.

1112 2701 1156 2750 R„
1186 2697 1339 2739 Amen.
