2066 2956
241 199 331 243 [322]

701 194 972 235 l'ffctiosissimi
1002 200 1209 241 Sanguinis
1236 199 1276 233 l).
1303 199 1346 233 N.
1373 200 1404 233 J.
1431 199 1469 232 C.

546 296 749 345 Hymnus.

315 374 361 402 ra
380 362 489 412 justa
510 361 771 411 Conditeris,

331 417 475 459 Imbre
495 421 704 470 aquarum
724 417 904 466 vindice,

314 474 601 515 Criminesum
620 474 770 515 mersit
790 473 941 515 orbem

308 530 350 571 N
353 534 406 571 oe
426 531 467 571 in
488 543 588 572 arca
606 530 789 583 sospite:

309 587 418 629 Mira
435 588 613 629 tandem
632 588 697 628 vis
717 586 878 628 ameris

312 644 438 686 Lavit
457 644 608 686 orbem
628 644 846 695 sanguine.

267 717 369 758 Tam
389 717 551 759 salubri
570 724 686 760 terra
706 716 807 758 felix

312 774 497 826 Irrigata
516 775 674 827 pluvia,

313 830 427 872 Ante
447 831 582 884 spinis
603 844 700 883 quae
719 830 925 878 scatebat,

312 887 582 930 Germinavit
601 887 823 929 flosculos:

310 944 446 996 Inque
466 945 652 986 nectaris
672 946 875 996 saperem

310 999 539 1042 Transiere
559 1000 798 1053 absynthia.

264 1071 399 1114 Triste
419 1074 616 1124 protinus
636 1075 849 1115 venenum

308 1130 438 1170 Dirus
457 1131 608 1180 anguis
627 1130 784 1182 posuit,

309 1186 365 1227 Et
384 1188 561 1227 cruenta
579 1186 822 1227 belluarum

307 1242 447 1283 Desiit
467 1242 643 1284 ferocia:

308 1297 426 1339 Mitis
445 1298 559 1349 Agni
579 1298 790 1340 vulnerati

309 1354 418 1395 Haec
437 1354 516 1396 fuit
535 1354 728 1396 victeria.

259 1424 294 1463 O
315 1427 507 1469 scientiae
527 1430 726 1481 supernae

310 1483 508 1526 Altitudo
527 1484 753 1537 impervia!

308 1540 345 1581 O
366 1541 558 1582 suavitas
577 1541 751 1592 benigni

309 1596 595 1639 Praedicanda
614 1597 822 1650 pectoris!

306 1653 465 1695 Servus
485 1660 578 1696 erat
597 1660 738 1697 morte
757 1654 923 1706 dignus,

308 1710 403 1751 Rex
422 1710 500 1752 luit
518 1724 692 1763 poenam
714 1711 914 1764 optimus.

259 1780 439 1825 Quando
461 1783 600 1836 culpis
618 1787 911 1836 provocamus

307 1838 526 1881 Ultienem
544 1841 707 1892 judicis,

309 1895 433 1937 Tunc
451 1897 667 1949 loquentis
687 1900 970 1950 protegamur

307 1952 536 2002 Sanguinis
558 1954 807 2006 praesentia:

307 2008 603 2059 Ingruentium
621 2010 834 2052 maldrum

306 2064 429 2106 Tunc
447 2064 655 2107 recedant
675 2067 855 2117 agmina.

261 2137 320 2178 Te
339 2137 591 2191 redemptus
610 2139 758 2181 laudet
778 2139 896 2181 orbis

307 2193 441 2236 Grata
460 2208 637 2236 servans
656 2199 846 2246 munera,

307 2249 344 2290 Ο
365 2251 515 2292 salutis
536 2252 813 2304 sempiternae

307 2305 407 2347 Dux
427 2312 471 2348 et
490 2314 642 2350 auctor
661 2308 831 2361 inclyte,

310 2362 393 2411 Qui
413 2368 535 2405 tenes
554 2363 683 2406 beata
703 2377 836 2415 regna

308 2417 416 2459 Cum
434 2420 618 2462 Parente
638 2426 681 2463 et
699 2421 872 2474 Spiritu.
900 2421 1050 2463 Amen.

466 2517 512 2556 In
540 2518 569 2556 Ι.
595 2518 814 2558 Nocturno.

283 2595 376 2633 Ant.
402 2594 632 2648 Postquam
648 2599 935 2640 consummati
951 2605 1050 2641 sunt

234 2647 327 2689 dies
344 2654 456 2699 octo,
475 2657 521 2693 ut
536 2653 918 2696 circumcideretur
932 2669 1049 2707 puer,

232 2707 433 2746 vocatum
452 2713 518 2748 est
536 2722 691 2751 nomen
711 2712 801 2762 ejus
820 2712 844 2751 J
847 2724 958 2752 esus.

1402 294 1597 335 Psalmus
1617 297 1651 334 2.

1120 371 1156 408 ψ
1164 370 1340 426 Juare
1367 359 1634 401 fremuerunt
1654 359 1830 409 Gentes
1848 360 1872 387 *
1891 365 1935 401 et

1114 422 1121 459 k.
1253 416 1408 469 pepuli
1436 415 1633 458 meditati
1652 420 1752 458 sunt
1769 415 1934 457 inania?

1118 477 1120 484 ’
1159 470 1162 472 ’
1314 473 1560 514 Astiterunt
1584 485 1709 523 reges
1727 478 1870 522 terrae,
1890 477 1934 514 et

1108 529 1328 582 principes
1357 530 1653 571 convenerunt
1679 529 1722 570 in
1749 542 1883 570 unum
1910 529 1933 554 *

1109 583 1319 626 adversus
1354 585 1607 635 Dominum,
1644 590 1688 627 et
1721 584 1933 627 adversus

1109 640 1330 683 Christum
1357 642 1458 693 ejus.

1158 697 1469 750 Dirumpamus
1484 697 1657 738 vincula
1671 699 1837 739 earum:
1850 698 1875 725 *
1890 702 1934 739 et

1107 754 1387 806 projiciamus
1397 766 1423 795 a
1430 753 1558 795 nobis
1569 754 1715 806 jugum
1725 753 1932 806 ipserum.

1159 810 1243 860 Qui
1279 809 1449 851 habitat
1483 810 1526 850 in
1567 809 1692 851 coelis
1732 808 1933 851 irridebit

1108 879 1199 908 eos:
1213 868 1237 893 *
1253 871 1297 908 et
1311 866 1527 907 Deminus
1542 865 1829 908 subsannabit
1844 878 1933 908 eos.

1158 922 1283 964 Tunc
1301 923 1506 974 loquetur
1527 921 1584 964 ad
1604 934 1682 964 eos
1701 922 1746 963 in
1763 922 1829 963 ira
1843 935 1932 972 sua,

1106 979 1129 1004 *
1151 983 1194 1020 et
1212 979 1257 1019 in
1275 979 1423 1020 furere
1443 991 1523 1020 suo
1544 977 1826 1020 conturbabit
1845 979 1932 1020 eos'.

1157 1035 1252 1086 Ego
1271 1039 1417 1076 autem
1433 1035 1700 1077 constitutus
1717 1047 1815 1076 sum
1833 1034 1931 1077 Rex

1106 1090 1161 1132 ab
1181 1103 1233 1132 eo
1254 1104 1385 1143 super
1399 1092 1505 1133 Sion
1523 1096 1717 1133 montem
1732 1097 1932 1133 sanctum

1107 1148 1208 1199 ejus,
1228 1148 1251 1173 '⁸‘
1271 1147 1516 1200 praedicans
1535 1149 1807 1200 praeceptum
1830 1149 1931 1198 ejus.

1157 1203 1371 1245 Deminus
1404 1203 1515 1245 dixit
1543 1203 1601 1245 ad
1627 1216 1716 1245 me:
1742 1204 1766 1229 *
1794 1198 1929 1246 Filius

1105 1272 1228 1301 meus
1248 1272 1294 1301 es
1311 1265 1373 1310 tu,
1398 1273 1480 1312 ego
1498 1259 1630 1301 hedie
1649 1259 1779 1311 genui
1797 1264 1852 1301 te.

1156 1316 1338 1357 Postula
1358 1329 1383 1357 a
1401 1329 1487 1366 me,
1513 1321 1557 1358 et
1577 1315 1693 1358 dabo
1714 1315 1797 1359 tibi
1817 1316 1929 1358 Gen-

1104 1377 1172 1414 tes
1204 1372 1509 1414 haereditatem
1543 1377 1681 1422 tuam,
1708 1373 1732 1398 *
1759 1377 1804 1414 et
1830 1385 1928 1426 pos-

1105 1428 1347 1470 sessionem
1365 1434 1486 1470 tuam
1505 1429 1716 1470 terminos
1734 1433 1878 1471 terrae.

1157 1485 1303 1537 Reges
1332 1498 1408 1527 eos
1437 1485 1481 1526 in
1508 1485 1632 1537 virga
1657 1485 1812 1536 ferrea,
1835 1485 1860 1511 '⁸‘
1885 1490 1930 1527 et

1040 1542 1046 1547 ’
1105 1546 1330 1593 tamquam
1343 1554 1421 1583 vas
1436 1541 1559 1593 figuli
1574 1541 1823 1594 confringes
1840 1554 1929 1584 eos.

1155 1598 1212 1639 Et
1235 1611 1349 1639 nunc
1374 1611 1501 1650 reges
1526 1597 1773 1650 intelligite:
1791 1598 1815 1624 *
1835 1611 1928 1640 eru-

1105 1653 1256 1695 dimini
1276 1654 1350 1706 qui
1368 1654 1570 1706 judicatis
1589 1658 1761 1696 terram.

1155 1710 1325 1752 Servite
1349 1710 1541 1752 Demino
1567 1710 1612 1751 in
1637 1711 1810 1753 timere:
1835 1711 1860 1738 *
1884 1715 1928 1753 et

1105 1767 1322 1808 exsultate
1342 1767 1382 1808 ei
1399 1780 1498 1808 cum
1515 1769 1717 1809 tremere.

1155 1823 1488 1876 Apprehendite
1525 1823 1816 1877 disciplinam,
1855 1836 1927 1865 ne-

1105 1879 1279 1931 quando
1317 1880 1531 1922 irascatur
1564 1879 1798 1930 Dominus,
1826 1880 1851 1907 *
1883 1883 1927 1921 et

1103 1936 1294 1988 pereatis
1314 1936 1369 1978 de
1387 1937 1458 1979 via
1477 1938 1599 1990 justa.

1154 1992 1263 2033 Cum
1278 1993 1490 2035 exarserit
1510 1994 1554 2034 in
1568 1993 1693 2036 brevi
1709 1993 1774 2034 ira
1790 1993 1892 2045 eius,
1902 1992 1927 2018 *

1103 2047 1221 2089 beati
1241 2061 1404 2100 omneS,
1425 2050 1499 2102 qui
1518 2049 1746 2092 confidunt
1762 2049 1806 2090 in
1827 2061 1891 2091 eo.

1155 2117 1251 2158 Ant.
1274 2117 1508 2172 Postquam
1523 2118 1813 2161 consummati
1827 2123 1926 2160 sunt

1102 2172 1195 2215 dies
1210 2180 1322 2225 octo,
1342 2180 1389 2217 ut
1408 2175 1789 2218 circumcideretur
1807 2188 1926 2228 puer,

1103 2233 1307 2273 vocatum
1325 2237 1391 2274 est
1409 2245 1568 2274 nomen
1587 2233 1678 2285 ejus
1697 2232 1722 2274 J
1725 2245 1835 2274 esus.

1156 2300 1250 2340 Ant.
1287 2300 1441 2343 Factus
1460 2302 1504 2342 in
1523 2303 1695 2353 agonia,
1714 2301 1926 2354 prolixius

1102 2355 1268 2406 orabat,
1287 2362 1331 2399 et
1349 2357 1490 2400 factus
1510 2363 1577 2400 est
1592 2357 1727 2400 sudor
1742 2358 1832 2410 ejus
1847 2357 1924 2399 sic-

1103 2417 1150 2453 ut
1174 2418 1312 2464 guttae
1338 2414 1559 2465 sanguinis
1588 2413 1857 2457 decurrentis
1882 2414 1926 2455 in

1100 2472 1272 2510 terram.

1386 2530 1579 2594 l'salmus
1603 2534 1638 2570 3.

1100 2586 1333 2691 Demine
1370 2603 1475 2655 quid
1514 2604 1790 2657 multiplicati
1825 2611 1926 2648 sunt

1205 2659 1279 2710 qui
1303 2659 1513 2701 tribulant
1541 2660 1633 2701 me?
1661 2661 1685 2687 *
1711 2662 1838 2703 multi
1865 2662 1924 2703 in·

1102 2717 1284 2765 surgunt
1303 2714 1535 2757 adversum
1555 2729 1636 2757 me.
