2066 2904
213 170 291 215 [50]

634 175 843 206 Commune
873 173 1078 214 Martyrum
1104 177 1274 214 tempore
1303 172 1490 206 l‘uschuli.

213 270 341 312 Aliae
351 269 612 311 Lectiones
621 280 715 320 pro
725 270 1040 320 martyribus

355 333 595 375 Tempore
630 332 885 366 Paschali

439 399 485 436 In
510 399 558 436 ΙΙ.
582 399 803 437 Nocturno.

213 464 277 503 l')e
309 461 508 515 Epistola
541 462 681 504 sancti
706 462 913 515 Cypriani
940 462 1040 514 Epi·

266 519 390 571 scopi
409 523 453 560 et
471 518 677 571 Martyris
697 518 754 560 ad
772 519 988 570 Martyres

445 580 489 617 et
511 575 807 617 Confesseres.

465 640 542 673 Lib.
559 640 589 673 2.
607 640 726 682 Epist.
745 642 773 671 li.

511 697 658 737 Lectio
681 697 729 735 iv.

221 757 233 787 ἕ
280 754 468 804 simbus
493 767 576 805 ego
599 767 680 796 vos
704 753 907 795 laudibus
929 757 1039 807 prae-

247 805 299 864 ξωῑ·
326 854 334 867 A
357 810 517 861 dicem,
549 811 774 852 fortissimi
800 809 1038 863 Martyres?

215 870 236 889 ’ὼ
254 864 295 891 5²-
356 867 492 909 robur
507 867 700 920 pectoris
718 867 864 917 vestri,
884 873 928 909 et
942 881 1038 920 per-

211 924 503 965 severantiam
536 923 658 973 fidei,
694 936 781 976 quo
811 925 1039 977 praecenio

210 980 333 1021 vocis
359 979 589 1022 exernem?
623 980 866 1022 Tolerastis
898 994 1039 1034 usque

210 1035 266 1078 ad
285 1037 706 1078 consummatienem
729 1037 882 1088 gleriae
902 1037 1039 1079 duris—

209 1093 363 1134 simam
396 1094 700 1145 quaestienem:
732 1107 814 1135 nec
847 1095 1039 1136 cessistis

209 1150 445 1203 suppliciis,
466 1150 546 1192 sed
564 1150 691 1192 vobis
709 1151 857 1203 petius
877 1151 1038 1204 suppli-

209 1207 276 1247 cia
312 1209 548 1248 cesserunt.
601 1207 754 1249 Finem
795 1207 1039 1258 doloribus,

210 1276 340 1315 quem
359 1265 578 1305 tormenta
600 1276 689 1305 non
710 1263 889 1315 dabant,
915 1267 1038 1306 core·

207 1333 277 1361 nae
303 1319 527 1362 dederunt.
564 1320 757 1362 Laniena
780 1321 957 1371 gravior
982 1321 1038 1363 ad

208 1376 294 1418 hoc
314 1376 389 1418 diu
407 1377 725 1429 perseveravit,
750 1390 838 1419 non
858 1382 906 1419 ut
925 1382 1038 1419 stan-

207 1437 298 1474 tem
318 1432 452 1474 fidem
477 1433 700 1486 dejiceret,
729 1433 809 1475 sed
831 1438 878 1475 ut
902 1434 1038 1476 homi-

207 1502 286 1532 nes
297 1490 381 1531 Dei
396 1489 453 1531 ad
463 1490 607 1532 Deum
623 1490 818 1532 velecius
833 1493 1038 1533 mitteret.

258 1547 305 1597 R!-
336 1546 434 1587 Lux
457 1549 672 1599 perpetua
690 1547 856 1589 lucebit
876 1548 1038 1590 sanctis

206 1603 292 1643 tuis
320 1603 527 1653 Demine‚
547 1608 567 1628 *
598 1604 654 1645 Et
683 1604 905 1645 aeternitas
932 1606 1037 1646 tem-

207 1671 381 1711 porum,
406 1659 595 1712 alleluja,
621 1660 804 1713 alleluia.
835 1655 881 1706 (V.
908 1661 1037 1703 Laeti-

207 1715 269 1756 tia
306 1716 573 1768 sempiterna
611 1717 692 1758 erit
728 1730 861 1770 super
893 1719 1038 1771 capita

209 1773 375 1812 eorum:
402 1772 609 1824 gaudium
634 1778 677 1814 et
702 1773 1037 1816 exsultationem

209 1827 478 1870 obtinebunt.
505 1829 573 1871 Et.
613 1842 621 1847 ·

518 1902 664 1942 Lectio
689 1918 721 1942 v.

300 1959 380 2001 idit
400 1959 619 2002 admirans
634 1961 917 2014 praesentium
931 1962 1036 2003 mul-

314 2015 458 2058 titudo
483 2017 663 2059 coeleste
685 2020 921 2070 certamen,
948 2031 1036 2060 cer-

207 2075 354 2114 tamen
364 2073 460 2123 Dei,
474 2076 697 2116 certamen
708 2075 914 2127 spiritale,
926 2078 1035 2128 pra'e-

205 2128 311 2171 lium
340 2129 517 2185 Christi:¹
556 2133 731 2172 stetisse
764 2144 917 2173 servos
947 2132 1036 2184 ejus

205 2198 315 2227 voce
334 2185 484 2236 libera,
502 2191 651 2228 mente
670 2187 935 2241 incorrupta,
955 2189 1036 2230 vir-

206 2244 300 2283 tute
321 2241 478 2292 divina,
500 2243 599 2284 telis
621 2243 799 2296 quidem
819 2245 1035 2287 saeculari-

205 2297 288 2339 bus
307 2298 460 2348 nudos,
482 2299 561 2341 sed
576 2300 708 2341 armis
723 2300 828 2342 fidei
842 2301 1035 2343 ardentis

206 2356 411 2397 armatos.
448 2356 670 2398 Steterunt
697 2357 804 2399 torti
830 2361 1035 2411 torquen-

206 2409 322 2452 tibus
342 2411 559 2454 fortiores:
587 2418 631 2455 et
655 2413 883 2466 pulsantes
907 2427 958 2456 ac
978 2415 1035 2456 la-

206 2466 376 2508 niantes
396 2469 590 2519 ungulas,
610 2469 786 2522 pulsata
804 2483 855 2511 ac
875 2470 1035 2513 laniata

206 2522 402 2565 membra
416 2525 622 2567 vicerunt.
642 2526 1035 2579 Inexpugnabilem

205 2577 339 2620 fidem
359 2583 567 2632 superare
586 2595 673 2624 non
688 2583 833 2635 petuit
847 2584 1034 2625 saeviens

208 2633 283 2675 diu
305 2634 436 2687 plaga
457 2641 659 2690 repetita,
687 2640 885 2691 quamvis
904 2645 1034 2693 rupta

206 2693 421 2743 compage
437 2695 652 2735 viscerum
665 2698 976 2748 torquerentur
991 2697 1034 2738 in

1094 266 1233 307 servis
1262 266 1346 308 Dei
1373 267 1458 319 jam
1482 280 1570 309 non
1595 266 1811 318 membra,
1845 267 1924 309 sed

1094 321 1285 364 vulnera.
1325 323 1512 366 Fluebat
1541 324 1733 374 sanguis,
1763 324 1838 376 qui
1862 325 1923 365 in-

1094 378 1296 421 cendium
1329 381 1649 433 persecutionis
1678 382 1924 432 exstingue-

1093 440 1170 485 ret,
1193 436 1267 488 qui
1287 436 1485 478 flammas
1505 441 1549 478 et
1567 437 1691 488 ignes
1711 436 1924 488 gehennae

1092 491 1285 542 glorieso
1307 495 1464 535 cruore
1487 496 1665 547 sopiret.

1141 550 1190 602 Rg.
1212 549 1265 590 In
1284 549 1424 592 servis
1443 550 1544 600 suis,
1564 549 1748 603 alleluja,
1763 553 1784 574 *
1813 551 1923 594 Con-

1093 605 1307 648 solabitur
1331 607 1471 657 Deus,
1500 606 1684 660 alleluja.
1717 605 1766 655 V.
1803 608 1923 650 Judi-

1092 661 1211 704 cabit
1230 662 1445 704 Dominus
1470 663 1685 716 pepulum
1708 677 1852 716 suum,
1880 670 1924 707 et

1092 718 1136 759 in
1156 719 1294 761 servis
1313 719 1416 761 suis.
1446 719 1768 762 Consolabitur.

1391 791 1543 831 Lectio
1565 791 1617 831 vi.

1211 850 1339 902 quale
1369 851 1479 893 illud
1509 851 1591 894 fuit
1623 852 1923 906 spectaculum

1210 907 1416 958 Demino‚
1438 921 1568 961 quam
1579 908 1775 960 sublime,
1792 923 1924 963 quam

1092 975 1315 1014 magnum,
1346 978 1478 1017 quam
1501 965 1587 1007 Dei
1614 966 1754 1008 eculis
1781 979 1923 1008 sacra-

1092 1021 1241 1062 mento
1281 1033 1332 1063 ac
1371 1020 1609 1064 devotiene
1645 1022 1794 1065 mssitis
1832 1023 1923 1076 ejus

1093 1079 1339 1130 acceptum:
1377 1078 1490 1119 sicut
1527 1078 1740 1132 scriptum
1777 1084 1845 1122 est
1879 1080 1924 1122 in

1092 1133 1293 1184 Psalmis,
1330 1135 1495 1187 Spiritu
1527 1141 1680 1178 sancto
1714 1136 1924 1189 loquente

1093 1185 1149 1227 ad
1181 1199 1263 1227 nos
1295 1187 1464 1239 pariter
1493 1193 1537 1229 et
1563 1190 1787 1230 monente:
1821 1190 1923 1232 Pre-

1091 1242 1207 1284 tiosa
1252 1248 1318 1284 est
1362 1243 1406 1284 in
1457 1246 1699 1298 conspectu
1742 1246 1923 1287 Demini

1091 1312 1211 1340 mors
1226 1300 1442 1352 justerum
1457 1301 1558 1353 ejus.
1584 1301 1786 1344 Pretiesa
1800 1315 1921 1346 mors
2002 1311 2009 1329 ’

1091 1355 1188 1397 haec
1208 1361 1285 1407 est,
1306 1369 1405 1409 quae
1425 1357 1530 1399 emit
1545 1358 1923 1402 imm0rtalitatem

1091 1412 1234 1464 pretio
1262 1413 1329 1454 sui
1355 1414 1593 1466 sanguinis;
1623 1427 1723 1467 quae
1751 1417 1924 1470 accepit

1092 1471 1302 1510 corenam
1322 1469 1378 1511 de
1398 1472 1775 1514 consummatione
1789 1473 1922 1515 virtti-

1090 1525 1158 1567 tis.
1193 1526 1335 1576 Quam
1353 1526 1482 1568 laetus
1504 1527 1594 1569 illic
1613 1527 1811 1571 Christus
1830 1529 1923 1580 fuit,

1093 1595 1224 1635 quam
1247 1582 1390 1624 libens
1412 1584 1458 1625 in
1480 1583 1644 1627 talibus
1668 1586 1808 1627 servis
1831 1587 1922 1629 suis

1092 1644 1136 1681 et
1161 1640 1391 1692 pugnavit,
1421 1645 1466 1682 et
1492 1641 1600 1683 vicit
1623 1644 1850 1695 protector
1874 1643 1922 1685 fi-

1092 1695 1174 1746 dei,
1186 1695 1295 1738 dans
1306 1696 1588 1739 credentibus
1598 1702 1781 1750 tantum,
1798 1712 1924 1752 quan·

1091 1757 1185 1794 tum
1214 1766 1262 1794 se
1299 1753 1441 1795 credit
1471 1757 1632 1807 capere
1666 1755 1741 1808 qui
1772 1756 1922 1798 sumit:

1092 1810 1321 1851 certamini
1349 1823 1429 1852 suo
1458 1810 1613 1862 adfuit,
1646 1811 1922 1866 praeliateres

1092 1871 1224 1919 atque
1252 1869 1496 1909 asserteres
1525 1868 1593 1910 sui
1619 1869 1809 1911 neminis
1831 1871 1921 1912 ere-

1091 1923 1165 1973 xit,
1185 1923 1504 1975 corroboravit,
1523 1925 1743 1968 animavit.
1768 1926 1826 1968 Et
1847 1927 1923 1980 qui

1090 1992 1172 2032 pro
1188 1979 1318 2022 nobis
1332 1985 1520 2023 mortem
1535 1982 1672 2024 semel
1686 1983 1804 2034 vicit,
1819 1996 1923 2025 sem-

1090 2049 1170 2089 per
1189 2037 1324 2079 vincit
1341 2038 1387 2078 in
1405 2037 1546 2080 nobis.

1138 2093 1187 2145 R.
1221 2094 1345 2136 Filiae
1363 2094 1617 2138 Jerusalem.
1636 2096 1721 2150 [44]

1308 2168 1358 2207 In
1377 2167 1449 2207 111.
1469 2167 1692 2207 Nocturno.

1086 2237 1244 2280 Lectio
1270 2238 1412 2280 sancti
1430 2238 1659 2290 Evangelii
1677 2239 1922 2283 secundum

1392 2295 1418 2336 J
1421 2296 1619 2338 oannem.

1188 2353 1341 2395 Lectio
1363 2355 1430 2395 vii.
1627 2354 1731 2407 Cap.
1751 2355 1808 2394 15.

1087 2410 1165 2518 In
1183 2415 1259 2457 illo
1277 2418 1492 2469 tempore:
1510 2417 1635 2459 Dixit
1650 2418 1676 2459 J
1678 2431 1779 2460 esus
1794 2418 1919 2460 disci-

1160 2472 1275 2525 pulis
1304 2473 1410 2514 suis:
1445 2474 1542 2525 Ego
1571 2487 1669 2515 sum
1691 2475 1810 2525 vitis,
1837 2488 1921 2517 vos

1088 2528 1309 2581 palmites:
1338 2530 1413 2582 qui
1431 2535 1579 2572 manet
1596 2531 1642 2571 in
1660 2543 1746 2581 me,
1773 2536 1818 2573 et
1835 2545 1918 2584 ego

1091 2586 1132 2626 in
1165 2598 1238 2636 eo,
1278 2585 1351 2627 hic
1381 2586 1467 2628 fert
1498 2587 1686 2629 fructum
1716 2588 1919 2630 multum:

1089 2642 1192 2694 quia
1215 2642 1308 2684 sine
1331 2655 1402 2684 me
1427 2642 1532 2684 nihil
1555 2644 1743 2696 potestis
1762 2645 1918 2687 facere.

1087 2699 1144 2740 Et
1163 2698 1341 2752 reliqua.
