2028 2892
179 195 252 232 330

182 293 410 345 ceptorum
450 290 629 332 Domini
673 295 717 331 et
759 287 1010 330 Salvatoris.

181 349 282 390 Hoc
318 348 506 401 primum
542 347 748 396 seientes,
786 343 907 396 quod
939 345 1010 385 ve-

180 405 299 446 nient
330 405 374 445 in
406 404 655 446 novissimis
684 401 839 444 diebus
867 401 910 442 in
938 399 1010 442 de-

182 461 385 514 ceptione
413 461 630 510 illusores,
660 460 778 512 juxta
805 457 1009 510 proprias

181 517 557 570 concupiscentias
573 515 857 563 ambulantes,
873 513 1010 555 dieen-

179 579 263 616 tes:
286 574 372 616 Ubi
392 580 460 616 est
483 573 734 627 promissio,
758 576 832 612 aut
852 569 1010 612 adven-

179 636 251 672 tus
275 629 389 683 ejus?
414 643 468 672 ex
491 643 578 682 quo
603 629 719 671 enim
740 633 888 681 patres
910 625 1009 668 dor-

179 687 382 737 mierunt,
406 687 551 728 omnia
570 686 633 727 sic
651 685 934 738 perseverant
953 682 1008 724 ab

180 743 303 785 initio
340 747 564 785 creaturae.
618 742 746 783 Latet
782 740 896 781 enim
931 752 1009 780 eos

180 800 267 842 hoc
311 800 532 850 volentes,
578 798 699 851 quod
741 796 842 839 eoeli
886 800 1009 837 erant

182 857 322 910 prius,
355 862 398 899 et
429 862 566 906 terra,
598 855 654 897 de
686 866 820 906 aqua,
854 858 897 894 et
929 865 1009 905 per

181 926 341 965 aquam
369 916 614 956 consistens
636 911 722 953 Dei
748 910 903 952 verbo:
929 921 1009 962 per

181 982 280 1022 quae
306 970 378 1012 ille
403 976 507 1012 tunc
531 968 718 1011 mundus
746 979 861 1019 aqua
889 966 1008 1007 inun—

181 1026 311 1069 datus
328 1027 468 1080 periit.
498 1026 609 1068 Coeli
627 1029 783 1073 autem,
803 1023 879 1075 qui
895 1035 1010 1064 nunc

180 1088 291 1133 sunt,
311 1089 354 1126 et
367 1089 485 1125 terra
501 1082 659 1124 eodem
672 1081 809 1123 verbo
825 1079 1010 1132 repositi

181 1145 291 1191 sunt,
314 1140 402 1191 igni
422 1139 634 1181 reservati
652 1138 697 1179 in
716 1136 832 1179 diem
851 1135 1009 1188 judicii,

181 1201 225 1238 et
245 1196 503 1249 perditionis
522 1196 757 1248 impiorum
774 1193 1008 1234 hominum.

234 1260 284 1310 Rv-
308 1262 415 1304 Post
433 1262 694 1315 passionem.
721 1260 821 1301 320.

491 1339 642 1379 Lectio
664 1339 700 1378 ii.

180 1405 373 1512 Unum
398 1427 504 1456 vero
529 1413 616 1456 hoc
642 1425 731 1454 non
756 1412 893 1454 lateat
917 1424 1009 1462 vos,

291 1471 513 1521 carissimi,
533 1470 636 1523 quia
653 1482 765 1511 unus
781 1468 876 1510 dies
891 1467 1011 1521 apud

180 1529 417 1570 Dominum
437 1528 549 1570 sicut
565 1526 683 1568 mille
702 1525 813 1575 anni,
833 1530 877 1567 et
893 1524 1011 1566 mille

181 1585 282 1626 anni
309 1585 421 1626 sicut
448 1583 543 1626 dies
568 1596 692 1625 unus.
735 1581 838 1623 Non
864 1580 1011 1623 tardat

180 1642 395 1683 Dominus
414 1641 751 1693 promissionem
770 1651 908 1688 suam,
931 1638 1011 1679 sic-

181 1704 229 1740 ut
252 1697 431 1751 quidam
455 1698 719 1739 existimant:
748 1694 828 1737 sed
845 1695 1010 1747 patien-

180 1760 247 1797 ter
262 1754 353 1806 agit
366 1759 549 1807 propter
562 1766 654 1803 vos,
668 1752 823 1794 nolens
837 1751 1010 1803 aliquos

181 1813 340 1864 perire,
364 1810 444 1852 sed
463 1823 614 1852 omnes
633 1808 691 1851 ad
709 1807 1011 1862 poenitentiam

182 1867 352 1909 reverti.
392 1865 610 1908 Adveniet
634 1870 781 1907 autem
804 1863 899 1905 dies
922 1863 1011 1904 Do-

181 1924 287 1964 mini
305 1928 353 1965 ut
371 1923 452 1964 fur:
471 1923 515 1963 in
533 1935 620 1974 quo
641 1921 742 1964 coeli
759 1933 918 1971 magno
934 1922 1011 1960 irn-

182 1986 288 2032 petu
314 1979 544 2029 transient,
572 1978 787 2020 elementa
812 1989 917 2018 vero
944 1989 1011 2018 ca-

182 2036 275 2077 lore
295 2035 529 2085 solventur,
547 2040 664 2076 terra
683 2039 830 2076 autem
849 2038 892 2074 et
911 2045 1010 2084 quae

182 2092 225 2133 in
241 2093 336 2145 ipsa
353 2097 454 2134 sunt
472 2093 618 2144 opera,
636 2092 882 2132 exurentur.
902 2089 1011 2130 Cum

182 2149 312 2200 igitur
330 2148 428 2190 haec
449 2148 593 2190 omnia
613 2145 895 2189 dissolvenda
914 2146 1010 2195 sint,

183 2205 336 2257 quales
357 2207 535 2258 oportet
558 2217 639 2246 vos
663 2216 759 2245 esse
783 2203 827 2243 in
849 2203 1011 2243 sanctis

183 2261 600 2311 conversationibus,
617 2265 661 2302 et
675 2258 923 2313 pietatibus,
940 2271 1010 2300 ex-

183 2321 450 2370 spectantes,
480 2323 523 2360 et
550 2318 840 2371 properantes
868 2315 910 2355 in
938 2314 1011 2356 ad-

183 2376 359 2416 ventum
373 2374 459 2416 diei
469 2374 656 2423 Domini,
670 2385 750 2426 per
766 2384 896 2423 quem
911 2371 1010 2413 coeli

183 2429 386 2472 ardentes
427 2430 670 2478 solventur,
715 2434 759 2470 et
797 2427 1011 2469 elementa

184 2485 294 2536 ignis
315 2486 471 2528 ardore
490 2483 740 2529 tabescent?
769 2484 923 2525 Novos
941 2497 1011 2525 ve-

184 2554 234 2582 ro
259 2542 412 2591 coelos,
436 2549 480 2585 et
499 2556 658 2584 novam
680 2547 841 2584 terram
862 2543 1010 2582 secun-

185 2596 289 2639 dum
306 2601 521 2650 promissa
538 2600 675 2653 ipsius
692 2599 1009 2650 exspectamus,

183 2653 225 2693 in
246 2653 404 2704 quibus
422 2656 583 2707 justitia
601 2655 781 2697 habitat.

243 2713 293 2764 R'·
314 2719 464 2760 Omnis
487 2717 768 2772 pulchritudo
787 2718 885 2759 Dfii.
910 2718 1009 2759 320.

738 196 835 229 Infra
863 198 1045 229 Octavam
1074 197 1101 229 A
1110 197 1335 230 mensionis.

1367 294 1517 334 Lectio
1539 294 1593 333 iii.

1064 343 1295 449 Propter
1319 347 1440 401 quod
1464 348 1676 390 carissimi
1696 347 1794 389 haec
1817 360 1888 389 ex-

1163 407 1432 458 spectantes,
1467 405 1653 456 satagite
1684 404 1887 446 immacu-

1059 461 1147 511 lati,
1167 466 1211 503 et
1228 461 1425 503 inviolati
1445 461 1485 503 ei
1503 461 1685 503 inveniri
1703 461 1748 501 in
1766 473 1889 514 pace.

1061 518 1117 560 Et
1138 518 1315 560 Domini
1340 518 1480 560 nostri
1503 517 1888 569 longanimitatem,

1061 574 1247 616 salutem
1266 574 1547 616 arbitremini:
1567 574 1679 616 sicut
1698 579 1742 615 et
1761 575 1890 615 caris-

1061 631 1195 672 simus
1220 631 1354 673 frater
1378 635 1528 673 noster
1551 630 1712 671 Paulus
1738 632 1890 671 secun-

1061 686 1165 729 dum
1179 687 1327 730 datam
1342 687 1426 729 sibi
1441 687 1699 740 sapientiam
1714 686 1890 739 scripsit

1060 744 1197 795 vobis,
1217 745 1330 786 sicut
1344 750 1388 786 et
1402 744 1446 784 in
1462 743 1664 785 omnibus
1678 742 1890 796 epistolis,

1060 801 1245 854 loquens
1258 802 1302 842 in
1317 801 1380 842 eis
1395 799 1451 842 de
1464 799 1543 850 his,
1558 800 1602 841 in
1615 799 1774 852 quibus
1789 804 1890 841 sunt

1061 857 1265 910 quaedam
1292 857 1486 900 difficilia
1513 856 1754 905 intellectu,
1789 868 1890 908 quae

1059 914 1244 965 indocti,
1289 919 1333 957 et
1370 913 1596 956 instabiles
1635 912 1890 966 depravant,

1060 971 1173 1013 sicut
1195 977 1239 1013 et
1263 972 1432 1013 ceteras
1450 970 1714 1023 Scripturas,
1741 967 1799 1010 ad
1821 981 1890 1010 su-

1061 1041 1132 1069 am
1150 1028 1347 1081 ipsorum
1367 1025 1669 1080 perditionem.
1696 1025 1792 1067 Vos
1812 1024 1891 1076 igi-

1059 1090 1130 1126 tur
1162 1085 1317 1126 fratres
1349 1082 1632 1137 praescientes
1660 1079 1890 1131 custodite,

1060 1154 1114 1182 ne
1132 1140 1428 1193 insipientium
1445 1140 1592 1181 errore
1611 1136 1803 1180 traducti
1817 1150 1890 1179 ex-

1061 1196 1216 1239 cidatis
1230 1209 1257 1238 a
1269 1196 1450 1250 propria
1465 1195 1681 1236 firmitate.
1697 1193 1890 1236 Crescite

1060 1266 1166 1295 vero
1183 1254 1227 1294 in
1243 1253 1394 1305 gratia,
1414 1258 1458 1294 et
1476 1252 1520 1292 in
1539 1250 1789 1302 cognitione
1802 1250 1891 1292 Do-

1060 1310 1164 1351 mini
1177 1310 1326 1360 nostri,
1343 1315 1386 1351 et
1399 1307 1639 1351 Salvatoris
1653 1308 1677 1348 J
1680 1320 1758 1349 esu
1772 1306 1891 1348 Chri-

1061 1367 1127 1408 sti.
1162 1366 1255 1420 Ipsi
1273 1366 1413 1417 gloria
1432 1370 1476 1407 et
1494 1376 1624 1415 nunc,
1649 1369 1693 1406 et
1709 1364 1755 1404 in
1774 1362 1893 1406 diem

1061 1423 1329 1465 aeternitatis.
1357 1422 1509 1463 Arnen.

1116 1488 1165 1539 Rg.
1189 1483 1395 1526 Exaltare
1413 1481 1614 1524 Domine.
1640 1481 1740 1523 320.

1291 1567 1340 1606 In
1365 1567 1415 1606 11.
1441 1566 1664 1607 Noeturno.

1064 1629 1130 1669 De
1157 1629 1367 1670 Sermone
1396 1627 1534 1669 sancti
1558 1625 1719 1668 Leonis
1744 1625 1891 1678 Papae.

1102 1693 1159 1726 Ex
1176 1692 1292 1727 Serm.
1309 1693 1339 1726 2.
1358 1692 1405 1727 de
1423 1692 1664 1728 Ascensione
1682 1691 1848 1727 Domini.

1364 1755 1516 1796 Lectio
1536 1755 1589 1794 iv.

1173 1812 1277 1855 uod
1304 1815 1451 1865 itaque
1476 1810 1788 1864 Redemptoris
1814 1824 1891 1853 no-

1068 1854 1148 1927 ssffi
1203 1870 1281 1912 stri
1310 1871 1596 1922 conspicuum
1623 1867 1721 1918 fuit,
1754 1867 1798 1908 in
1825 1881 1892 1909 sa-

1070 1924 1144 1951 Q
1205 1928 1425 1968 eramenta
1435 1925 1649 1968 transivit:
1663 1930 1707 1966 et
1721 1929 1770 1966 ut
1778 1922 1891 1966 fides

1062 1982 1344 2024 excellentior
1364 1988 1480 2024 esset
1498 1995 1551 2023 ac
1569 1981 1745 2031 firmior,
1763 1980 1892 2022 visio-

1062 2039 1105 2079 ni
1126 2038 1326 2081 doetrina
1349 2038 1576 2088 successit,
1601 2038 1722 2090 cujus
1743 2042 1892 2079 aucto-

1062 2095 1235 2137 ritatem
1263 2095 1462 2148 supernis
1491 2094 1731 2135 illuminata
1758 2091 1892 2135 radiis

1062 2151 1332 2194 credentium
1394 2149 1529 2193 corda
1594 2151 1892 2202 sequerentur.

1062 2209 1189 2250 Hanc
1235 2207 1368 2250 fidem
1415 2207 1671 2249 ascensione
1715 2205 1892 2247 Domini

1062 2270 1250 2315 auctam,
1275 2270 1319 2306 et
1339 2264 1526 2317 Spiritus
1552 2262 1691 2305 sancti
1712 2265 1891 2303 munere

1062 2321 1331 2371 roboratam,
1359 2334 1447 2362 non
1472 2319 1660 2369 vincula,
1677 2331 1777 2360 -non
1800 2320 1892 2360 car—

1062 2390 1199 2427 ceres,
1223 2390 1311 2418 non
1331 2376 1498 2426 exsilia,
1523 2388 1610 2417 non
1630 2375 1782 2425 fames,
1803 2386 1893 2415 non

1061 2434 1182 2485 ignis,
1202 2446 1289 2474 non
1303 2432 1489 2474 laniatus
1505 2432 1704 2481 ferarum,
1723 2443 1804 2472 nec
1821 2442 1892 2471 ex-

1063 2491 1221 2543 quisita
1246 2489 1603 2542 persequentium
1627 2485 1900 2529 crudelitati-

1061 2547 1143 2589 bus
1167 2545 1383 2599 supplicia
1405 2546 1664 2586 terruerunt.
1698 2543 1785 2583 Pro
1808 2541 1891 2583 hac

1062 2603 1149 2645 fide
1175 2616 1256 2656 per
1288 2602 1538 2643 universum
1565 2598 1775 2641 mundum
1802 2611 1890 2639 non

1062 2660 1204 2702 solum
1222 2659 1317 2709 viri,
1341 2657 1420 2700 sed
1443 2658 1574 2699 etiam
1594 2656 1782 2698 feminae:
1809 2668 1892 2697 nec

1060 2722 1229 2759 tantum
1255 2715 1457 2769 impubes
1482 2714 1625 2767 pueri,
1654 2711 1733 2754 sed
1759 2712 1891 2754 etiam
