2066 2956
561 196 627 229 nic
658 196 702 228 16.
729 195 844 228 Junii.
891 198 925 229 S.
951 196 1114 229 somnis
1142 195 1333 229 Francisci
1363 195 1476 237 Regis
1503 195 1610 229 (jons.

568 289 732 329 Oratio.

325 367 418 404 euS‚
453 353 679 395 humilium
716 353 947 403 celsitudo,
985 353 1059 405 qui

328 411 503 453 beatam
536 410 800 451 Germanam
832 409 1058 460 Virginem

234 474 353 510 tuam
377 467 571 508 caritatis
595 471 638 507 et
656 466 878 518 patientiae
898 466 1058 508 decore

234 523 448 566 excellere
477 522 748 576 disposuisti:
775 524 865 574 ejus
893 522 1059 563 meritis

235 586 278 623 et
306 580 620 622 intercessione
649 579 856 629 concede3
891 584 939 621 ut
968 592 1058 620 cru-

234 651 329 679 cem
348 636 503 689 jugiter
522 636 725 686 ferentes,
744 641 787 677 te
808 648 981 688 semper
1000 634 1060 677 di-

234 694 368 745 ligere
385 692 618 734 valeamus.
645 692 729 733 Per
748 692 996 733 Deminum.

290 758 356 798 Ad
392 758 523 798 Laud.
572 759 669 800 Ant.
715 757 863 799 Simile
897 762 964 799 est
997 769 1060 798 re-

235 829 368 867 gnum
387 815 599 857 coelorum
617 813 783 855 homini
799 813 1062 865 negotiateri

238 872 449 925 quaerenti
467 871 606 913 bonas
625 873 897 922 margaritas:
917 871 1060 911 inven-

235 935 280 971 ta
307 941 392 970 una
419 928 624 981 pretiosa,
651 927 772 969 dedit
800 927 944 969 emnia
972 939 1060 976 sua,

237 990 280 1027 et
300 984 571 1037 comparavit
591 996 698 1033 eam,
718 984 900 1036 alleluja.

288 1038 337 1089 Y.
377 1044 550 1086 Diffusa
587 1048 655 1085 est
689 1044 829 1096 gratia
859 1045 903 1085 in
935 1043 1061 1086 labiis

236 1102 339 1151 tuis,
367 1101 548 1153 alleluja.
590 1102 639 1153 R.
667 1101 908 1154 Propterea
933 1100 1062 1142 bene-

239 1158 347 1200 dixit
382 1163 427 1199 te
458 1158 579 1199 Deus
617 1157 661 1197 in
695 1159 920 1207 aeternum,
962 1156 1061 1197 alle-

239 1214 335 1267 luja.

296 1277 365 1317 Ad
390 1277 443 1317 ΙΙ.
462 1277 594 1328 Vesp.
628 1278 726 1318 Ant.
768 1278 876 1319 Veni
901 1291 1063 1331 sponsa

241 1334 411 1385 Christi,
428 1335 579 1387 accipe
599 1336 816 1385 coronam,
835 1348 963 1387 quam
983 1334 1063 1375 tibi

240 1391 453 1432 Dominus
481 1391 748 1443 praeparavit
774 1392 818 1432 in
842 1393 1063 1441 aeternum,

241 1447 423 1499 alleluia.

292 1500 339 1551 Y
369 1508 540 1550 Diffusa
558 1513 635 1550 est.
652 1512 699 1547 ut
720 1519 862 1558 supra.

499 1603 581 1645 Die
602 1605 661 1644 16.
681 1604 705 1644 J
707 1604 806 1645 unii.

293 1672 336 1713 S.
354 1672 384 1713 J
387 1672 563 1713 oannis
585 1673 838 1714 Francisci
860 1673 1012 1723 Regis

510 1729 793 1769 Confessoris.

284 1797 450 1840 Duplex.
476 1799 542 1831 sed
569 1799 616 1832 ad
642 1799 796 1833 modum
820 1799 1014 1842 Simplicis

523 1848 777 1882 recolendum.

293 1905 361 1946 Ad
383 1907 412 1946 Ι.
432 1906 472 1946 V
476 1919 563 1958 esp.
598 1908 694 1948 Ant.
732 1907 942 1950 Similabo
967 1921 1066 1950 eum

244 1963 338 2005 viro
370 1964 573 2017 sapienti,
612 1964 685 2016 qui
722 1963 958 2007 aedificavit
990 1964 1065 2007 do-

1109 304 1229 332 mum
1271 303 1393 332 suam
1422 299 1565 343 'supra
1604 294 1795 342 petram,
1835 286 1935 328 alle-

1110 348 1208 400 luja.

1164 406 1213 456 V.
1236 407 1416 449 Amavit
1435 419 1534 449 eum
1551 406 1778 455 Dominus,
1803 407 1847 446 et
1869 416 1935 445 or-

1111 465 1231 506 navit
1251 477 1360 515 eum,
1380 463 1563 516 alleluJa.
1593 466 1643 517 R,
1661 461 1828 504 Stolam
1847 461 1936 513 glo-

1111 522 1188 563 riae
1207 520 1348 564 induit
1367 534 1476 571 eum,
1497 519 1678 572 alleluja.

1444 583 1607 624 Oratio.

1203 653 1297 690 eus,
1330 639 1403 691 qui
1433 638 1490 680 ad
1522 637 1734 691 plurimos
1760 649 1843 691 pro
1871 649 1936 678 sa-

1206 696 1298 738 lute
1317 696 1559 737 animarum
1576 693 1861 747 perferendos
1880 692 1938 733 la-

1114 753 1246 795 beres
1290 752 1469 795 beatum
1507 751 1532 792 J
1535 753 1723 793 oannem
1765 750 1939 791 Franci-

1115 823 1236 851 scum
1266 809 1574 851 Confessorem
1603 812 1726 849 tuum
1753 804 1941 848 mirabili

1115 867 1298 908 caritate
1324 870 1367 908 et
1390 866 1552 906 invicta
1575 863 1787 917 patientia
1813 862 1940 905 deco-

1115 923 1236 965 rasti:
1275 921 1469 964 concede
1500 920 1733 975 propitius3
1769 924 1817 961 ut
1849 920 1940 971 ejus

1115 980 1327 1032 exemplis
1351 978 1568 1028 instructi,
1595 983 1639 1020 et
1666 975 1940 1018 intercessio-

1113 1036 1240 1078 nibus
1261 1035 1413 1089 adjuti,
1440 1037 1617 1077 aeternae
1636 1035 1739 1077 vitae
1758 1032 1942 1086 praemia

1115 1095 1445 1145 consequamur.
1472 1092 1557 1133 Per
1575 1091 1823 1133 Deminum.

1167 1158 1236 1199 Ad
1254 1158 1437 1199 Laudes.
1459 1159 1557 1199 Ant.
1580 1159 1703 1209 Euge
1723 1167 1848 1197 serve
1866 1153 1942 1195 bo-

1114 1226 1168 1255 ne
1196 1218 1239 1255 et
1263 1213 1422 1264 fidelis,
1457 1214 1558 1266 quia
1589 1213 1632 1254 in
1655 1224 1798 1266 pauca
1823 1209 1942 1252 fuisti

1116 1270 1274 1320 fidelis,
1299 1284 1433 1323 supra
1449 1270 1586 1312 multa
1603 1275 1648 1311 te
1668 1270 1942 1317 constituam,

1115 1328 1228 1370 intra
1247 1327 1291 1367 in
1309 1327 1519 1378 gaudium
1537 1326 1716 1368 Demini
1738 1325 1819 1375 tui,
1843 1323 1942 1366 alle-

1115 1384 1212 1437 luja.

1166 1438 1216 1490 V-
1236 1445 1260 1486 J
1262 1449 1409 1486 ustum
1428 1442 1612 1486 deduxit
1629 1442 1844 1484 Deminus
1862 1453 1943 1495 per

1116 1502 1209 1544 vias
1234 1506 1394 1551 rectas,
1423 1500 1605 1552 alleluja.
1640 1502 1691 1554 R.
1717 1499 1775 1541 Et
1801 1498 1942 1540 osten-

1118 1558 1182 1601 dit
1199 1558 1262 1600 illi
1280 1571 1462 1610 regnum
1479 1557 1573 1607 Dei,
1593 1556 1776 1608 alleluja.

1170 1621 1239 1663 Ad
1269 1623 1322 1662 II.
1350 1622 1483 1674 Vcsp.
1526 1623 1624 1664 Ant.
1664 1621 1751 1663 Hic
1778 1620 1844 1663 vir
1871 1618 1943 1662 de-

1118 1680 1306 1733 spiciens
1320 1679 1530 1722 mundum
1544 1683 1588 1721 et
1597 1679 1781 1727 terrena,
1796 1676 1943 1719 trium-

1118 1737 1274 1790 phans,
1301 1736 1475 1778 divitias
1498 1735 1613 1777 coelo
1639 1732 1837 1776 cendidit
1855 1745 1944 1783 ore,

1118 1805 1260 1842 manu,
1279 1792 1460 1845 alleluja.

1168 1847 1216 1898 V.
1237 1853 1262 1894 J
1263 1858 1410 1895 ustum
1430 1851 1612 1894 deduxit
1630 1849 1845 1892 Deminus
1863 1861 1944 1902 per

1118 1909 1210 1951 vias
1237 1914 1396 1959 rectas,
1423 1908 1604 1960 alleluja.
1640 1909 1689 1960 R.
1718 1906 1775 1947 Et
1801 1907 1942 1947 osten-

1119 1965 1182 2007 dit
1204 1965 1266 2006 illi
1285 1979 1468 2017 regnum
1486 1965 1581 2015 Dei,
1601 1962 1784 2015 alleluja.
