2028 2892
759 162 929 196 Sabbato
955 162 1004 195 ad
1027 162 1263 197 Matutinum.

210 254 366 307 Posuit
384 253 564 294 flumina
582 254 627 294 in
643 254 879 296 desertum:
898 258 923 284 *
942 261 987 298 et

160 308 303 351 exitus
321 311 535 361 aquarum
552 309 596 350 in
615 309 744 352 sitim.

210 365 392 407 Terram
431 366 702 408 fructiferam
735 368 779 408 in
807 369 984 420 salsugi-

157 433 269 471 nem,
275 422 301 449 *
309 434 335 462 a
343 421 512 463 malitia
522 421 881 465 inhabitantium
870 438 914 465 1n
923 438 984 466 ea.

208 477 364 518 Pesuit
384 477 637 519 desertum
626 492 670 519 1n
687 484 841 531 stagna
849 483 984 548 aqua-

158 546 269 574 rum.
286 534 311 560 *
331 538 375 575 et
398 538 562 575 terram
585 534 679 576 sine
705 548 820 587 aqua
847 536 891 576 in
913 538 982 577 ex-

156 589 245 631 itus
263 590 488 641 aquarum.

208 645 266 687 Et
293 645 530 687 collocavit
557 645 647 687 illic
676 647 932 689 esurientes:
959 649 983 675 *

157 705 202 742 et
225 701 548 744 constituerunt
571 702 796 744 civitatem
816 704 983 746 habita-

156 757 301 799 tionis.

208 813 266 855 Et
285 813 613 856 seminaverunt
633 827 781 867 agros,
802 820 845 857 et
863 817 983 868 plan-

155 869 361 911 taverunt
386 872 551 911 vineas:
573 873 597 898 *
619 876 663 913 et
682 872 880 913 fecerunt
898 872 982 913 fru-

117 958 123 962 .
157 924 277 967 ctu'm
295 925 549 967 nativitatis.

206 981 265 1023 Et
282 981 511 1024 benedixit
531 982 610 1032 eis,
638 987 683 1024 et
702 983 983 1035 multiplicati

155 1042 257 1079 sunt
274 1038 454 1078 nimisz*
465 1043 509 1079 et
522 1039 712 1090 jumenta
729 1041 882 1080 eorum
894 1052 982 1081 non

155 1093 404 1135 minoravit.

205 1149 264 1193 Et
290 1149 421 1202 pauci
448 1149 554 1191 facti
581 1155 701 1192 sunt:
719 1152 744 1179 *
764 1156 808 1193 et
834 1153 982 1193 vexati

153 1210 255 1247 sunt
288 1218 314 1246 a
348 1205 633 1248 tribulatione
664 1207 901 1257 malorum,
939 1213 982 1248 et

154 1260 320 1303 dolore.

205 1317 357 1359 Effusa
367 1323 435 1360 est
445 1319 716 1371 contemptio
727 1331 808 1371 sup
813 1331 859 1360 er
866 1320 980 1370 prin-

153 1373 290 1426 cipes:
304 1375 329 1401 *
345 1378 389 1415 et
408 1377 555 1416 errare
573 1375 678 1416 fecit
697 1387 775 1416 eos
791 1375 836 1415 in
850 1374 980 1423 invio,

154 1434 199 1471 et
217 1442 308 1471 non
326 1429 371 1471 in
389 1431 470 1472 via.

203 1485 261 1526 Et
285 1485 453 1538 adjuvit
477 1489 719 1539 pauperem
738 1486 794 1528 de
816 1486 980 1538 inopia:

153 1541 177 1568 *
195 1545 240 1582 et
258 1542 410 1594 posuit
427 1542 542 1584 sicut
562 1554 669 1584 oves
688 1542 886 1583 familias.

203 1597 433 1639 Videbunt
449 1598 572 1648 recti,
591 1603 636 1640 et
655 1598 936 1640 laetabuntur:
956 1599 980 1625 *

154 1657 198 1694 et
237 1654 380 1695 omnis
423 1654 630 1706 iniquitas
671 1654 889 1707 oppilabit
928 1666 979 1695 os

153 1721 290 1750 suum.

206 1764 314 1814 Quis
333 1765 508 1818 sapiens
528 1770 573 1808 et
591 1765 813 1807 custodiet
827 1764 945 1806 haec?
956 1765 979 1791 *

151 1824 196 1861 et
207 1820 346 1862 intelli
379 1826 423 1862 et
436 1821 761 1863 misericordias
776 1820 977 1862 Domini?

204 1873 304 1914 Ant.
375 1877 477 1918 isita
494 1889 576 1918 nos
595 1877 784 1918 Demine
803 1876 848 1917 in
867 1876 976 1917 salu-

150 1932 236 1973 tari
253 1936 344 1974 tuo.

205 1986 305 2027 Ant.
334 1986 593 2030 Confitebor
611 1988 815 2030 Demino.

408 2044 608 2084 Psalmus
628 2044 719 2083 107.

236 2101 409 2142 aratum
427 2113 505 2142 cor
527 2113 673 2141 meum
692 2099 827 2149 Deus,
854 2101 976 2151 para-

245 2160 340 2197 tum
367 2168 445 2197 cor
472 2168 632 2197 meum:
653 2156 678 2183 *
697 2154 904 2204 cantabo,
933 2159 977 2195 et

149 2211 336 2264 psallam
354 2212 400 2252 in
417 2212 559 2262 gloria
577 2223 686 2252 mea.

201 2268 402 2318 Exsurge
446 2267 586 2318 gleria
629 2279 745 2316 mea,
790 2268 976 2316 exsurge

149 2322 417 2375 psalterium,
438 2327 483 2364 et
502 2322 684 2364 cithara:
702 2323 727 2350 *
745 2325 976 2372 exsurgam

151 2378 356 2420 diluculo.

203 2434 459 2475 Confitebor
487 2433 569 2475 tibi
596 2433 640 2473 in
664 2433 841 2485 populis
864 2433 975 2472 Dfie:

150 2490 174 2517 *
194 2494 238 2531 et
255 2489 443 2542 psallam
460 2489 542 2530 tibi
558 2489 603 2529 in
621 2488 882 2529 nationibus.

203 2545 316 2595 Quia
334 2558 491 2596 magna
511 2549 578 2586 est
597 2557 730 2596 super
749 2543 886 2584 coelos
899 2544 975 2583 mi-

151 2600 394 2642 sericordia
411 2601 589 2642 tua:*et
604 2612 743 2651 usque
762 2598 819 2639 ad
836 2598 975 2640 nubes

151 2656 314 2698 veritas
334 2660 424 2697 tua:

1089 258 1296 300 Exaltare
1325 273 1455 312 super
1483 262 1620 303 coelos
1647 263 1783 312 Deus,
1819 268 1862 304 et

1039 326 1171 365 super
1190 327 1364 356 omnem
1387 322 1549 358 terram
1571 318 1709 369 glotia
1728 322 1820 359 tua:
1837 321 1861 345 *

1038 374 1087 410 ut
1105 369 1345 412 liberentur
1364 371 1513 414 dilecti
1529 374 1603 414 tui.

1089 425 1267 467 Salvum
1294 427 1362 469 fac
1391 428 1572 470 dextera
1598 434 1687 479 tua,
1717 435 1760 472 et
1788 444 1858 472 ex-

1037 481 1140 522 audi
1159 495 1243 523 me:
1259 484 1283 510 *
1296 483 1416 525 Deus
1436 484 1607 526 locutus
1623 491 1690 527 est
1706 486 1750 527 in
1765 499 1858 527 san-

1037 541 1110 578 cto
1130 550 1226 578 suo·

1089 593 1344 644 Exsultabo,
1359 601 1402 637 et
1413 597 1604 639 dividam
1615 598 1857 651 Sichimam‚

1036 650 1118 690 *et
1132 650 1378 692 convallem
1396 652 1778 697 tabernaculorum
1797 657 1856 698 di-

1035 705 1201 746 metiar.

1087 761 1211 802 Meus
1244 768 1311 804 est
1344 763 1530 815 Galaad,
1563 770 1606 807 et
1637 779 1759 808 meus
1792 774 1858 810 est

1035 816 1274 859 Manasses·
1292 821 1315 846 *
1335 824 1378 860 et
1397 820 1608 872 Ephra'im
1635 824 1856 876 susceptio

1036 873 1193 925 capitis
1211 875 1308 915 mei.

1086 929 1199 971 Juda
1235 943 1314 971 rex
1349 943 1488 972 meus:
1519 933 1543 959 *
1569 932 1701 974 Moab
1734 933 1855 975 lebes

1035 985 1130 1036 spei
1156 998 1278 1027 meae.

1087 1041 1139 1081 In
1160 1041 1403 1082 Idumaeam
1430 1044 1663 1085 extendam
1691 1044 1854 1086 calcea-

1034 1098 1228 1137 mentum
1250 1110 1409 1138 meum:
1428 1099 1452 1125 *
1471 1099 1577 1140 mihi
1603 1099 1853 1151 alienigenae

1034 1153 1163 1193 amici
1180 1153 1285 1194 facti
1303 1158 1414 1195 sunt.

1087 1208 1194 1259 Quis
1234 1208 1424 1250 deducet
1454 1222 1524 1251 me
1556 1210 1601 1251 in
1632 1211 1854 1252 civitatem

1034 1262 1268 1305 munitam?
1297 1266 1321 1291 *
1349 1265 1445 1316 quis
1475 1265 1664 1308 deducet
1690 1280 1760 1308 me
1788 1280 1854 1308 us-

1035 1333 1119 1372 que
1138 1320 1183 1360 in
1201 1319 1463 1361 Idumaeam?

1084 1376 1241 1417 Nonne
1256 1380 1304 1416 tu
1314 1376 1445 1425 Deus,
1462 1377 1535 1428 qui
1551 1377 1749 1429 repulisti
1762 1391 1853 1428 nos,

1033 1433 1057 1459 *
1076 1437 1120 1473 et
1138 1444 1227 1473 non
1251 1431 1391 1472 exibis
1411 1432 1531 1473 Deus
1555 1434 1599 1475 in
1617 1433 1852 1474 virtutibus

1031 1485 1217 1529 nostris?

1083 1544 1152 1584 Da
1170 1542 1297 1584 nobis
1316 1543 1524 1584 auxilium
1539 1543 1594 1585 de
1609 1544 1850 1585 tribulatio-

1031 1612 1103 1641 ne:
1121 1601 1146 1626 *
1164 1599 1266 1651 quia
1283 1612 1395 1640 vana
1415 1599 1530 1640 salus
1550 1599 1749 1640 hominis.

1083 1656 1136 1695 In
1163 1655 1259 1696 Deo
1287 1655 1495 1696 faciemus
1515 1655 1736 1696 virtutem:
1760 1656 1783 1681 *
1808 1662 1851 1697 et

1031 1711 1127 1763 ipse
1155 1710 1212 1752 ad
1238 1710 1420 1751 nihilum
1445 1710 1634 1752 deducet
1652 1710 1849 1752 inimicos

1031 1771 1218 1808 nostros.
1227 1782 1235 1789 ·

1290 1809 1487 1850 Psalmus
1507 1810 1597 1848 108.

1033 1861 1199 1966 Deus
1219 1877 1393 1919 laudem
1411 1890 1553 1919 meam
1573 1889 1627 1918 ne
1649 1878 1850 1918 tacueris:

1133 1935 1157 1961 *
1179 1933 1281 1985 quia
1298 1945 1348 1974 os
1365 1932 1623 1985 peccatoris,
1643 1937 1686 1974 et
1705 1945 1755 1973 os
1775 1933 1848 1974 do-

1029 1988 1113 2029 losi
1131 2001 1262 2041 super
1280 2001 1351 2030 me
1370 1990 1569 2040 apertum
1588 1992 1664 2029 est.

1080 2044 1239 2085 Locuti
1259 2049 1360 2085 sunt
1374 2043 1606 2085 adversum
1620 2055 1689 2084 me
1703 2042 1847 2094 lingua

1029 2099 1195 2150 dolesa,
1213 2105 1256 2141 et
1275 2099 1548 2141 sermonibus
1565 2098 1654 2139 edii
1670 2098 1846 2139 circum-

1030 2155 1246 2197 dederunt
1272 2168 1357 2196 me:
1378 2156 1402 2182 *
1421 2159 1465 2196 et
1492 2155 1847 2206 expugnaverunt

1028 2224 1099 2252 me
1117 2211 1266 2262 gratis.

1079 2267 1166 2307 Pro
1192 2279 1244 2307 eo
1269 2270 1317 2307 ut
1341 2278 1411 2307 me
1436 2264 1678 2315 diligerent,
1706 2262 1846 2304 detra-

1027 2321 1191 2363 hebant
1209 2321 1332 2362 mihi:
1351 2323 1375 2348 *
1394 2332 1473 2371 ego
1492 2323 1638 2360 autem
1655 2318 1846 2360 orabam.

1079 2378 1136 2419 Et
1150 2379 1391 2429 posuerunt
1404 2375 1636 2416 adversum
1650 2386 1720 2415 me
1733 2374 1846 2415 mala

1027 2445 1109 2485 pro
1139 2432 1284 2473 bonis:
1317 2434 1341 2459 *
1373 2436 1415 2472 et
1451 2429 1600 2471 odium
1629 2441 1711 2481 pro
1743 2429 1845 2470 dile-

1028 2488 1174 2529 ctione
1194 2500 1302 2528 mea.

1080 2543 1306 2584 Constitue
1342 2553 1473 2593 super
1510 2552 1609 2581 eum
1644 2541 1844 2591 peccato-

1028 2611 1136 2640 rem:
1161 2600 1185 2625 *
1212 2603 1256 2639 et
1284 2596 1483 2639 diabolus
1511 2599 1599 2636 stet
1625 2607 1650 2636 a
1679 2594 1844 2636 dextris

1028 2655 1129 2705 ejus.
