2028 2892
159 314 183 340 *
209 319 254 356 et
276 315 493 358 Deminus
519 319 740 362 exaudiet:
770 323 990 374 clamabis

160 375 204 413 et
222 370 354 414 dicet:
381 373 499 416 Ecce
520 374 686 417 adsum.

494 442 659 483 Oratio.

246 509 335 547 eus,
356 499 430 550 qui
443 499 688 543 Ecclesiam
706 506 827 544 tuam
847 506 989 546 annua
1054 508 1126 563 fg*

274 553 654 609 Quadragesimali
681 558 988 603 observatiene

154 608 378 660 purificas:
411 617 579 664 praesta
605 614 781 656 familiae
809 621 913 667 tuae,
940 621 989 659 ut

155 665 277 716 quod
296 679 322 707 a
339 671 385 708 te
405 667 604 711 obtinere
619 670 879 714 abstinendo
893 674 987 714 niti-

152 724 239 771 tur,
269 721 356 764 hoc
382 723 512 766 bonis
540 727 749 778 operibus
778 731 986 780 exsequa-

153 781 235 818 tur.
270 778 357 820 Per
373 779 613 823 Deminum
634 788 844 826 nostrum.

381 868 408 871 -.
516 861 698 884 moed
723 875 747 876 Π

396 935 673 988 Dommea
704 939 743 989 Ι.

270 1011 325 1051 in
364 1012 862 1065 Quadragesima.

204 1083 245 1118 Si
262 1084 335 1119 hac
353 1085 426 1128 die,
444 1091 480 1120 et
497 1086 536 1120 in
554 1087 642 1122 aliis
656 1088 872 1124 Dominicis
885 1089 983 1130 Qua-

152 1130 383 1176 dragesimae
401 1139 578 1169 occurrat
593 1136 750 1171 Festum
762 1137 918 1181 Duplex
935 1149 983 1172 ex

151 1180 363 1224 majoribus
388 1182 449 1216 vel
473 1183 636 1225 alicuius
654 1184 836 1219 Doctoris
854 1186 982 1221 Eccle-

151 1227 231 1271 siae,
250 1230 481 1265 transfertur
497 1231 536 1264 in
551 1238 774 1275 sequentem
791 1234 893 1268 diem
906 1234 982 1269 Du-

150 1275 243 1319 plici
270 1278 333 1311 ‘vel
359 1277 613 1322 Semiduplici
638 1291 717 1315 non
746 1282 980 1325 impeditam.

148 1324 206 1358 De
230 1325 318 1359 aliis
335 1326 568 1370 Duplicibus
591 1333 628 1362 et
648 1329 695 1363 de
713 1329 981 1374 Semiduplici—

148 1372 221 1407 bus
239 1373 281 1407 fit
298 1378 446 1409 tantum
461 1378 740 1412 comemoratio
755 1378 793 1411 in
808 1379 979 1423 utrisque

149 1419 334 1464 Vesperis
353 1428 389 1456 et
406 1423 617 1465 Laudibus,
635 1429 675 1459 ut
693 1426 835 1460 dicitur
851 1427 889 1460 in
906 1427 980 1461 Ru-

147 1468 254 1503 brica
292 1469 339 1503 de
378 1473 812 1507 commemorationibus
853 1479 889 1508 et
932 1476 978 1509 de

146 1516 419 1552 Translatione
446 1519 658 1554 Festorum.
706 1522 807 1556 Aliis
840 1523 978 1557 diebus

146 1563 464 1607 Quadragesimae
477 1577 600 1611 usque
617 1568 667 1602 ad
681 1570 865 1612 majorem
877 1570 978 1605 Heb-

145 1611 353 1647 domadam
382 1614 414 1648 si
440 1621 615 1650 occurrat
640 1617 796 1652 Festum
823 1618 977 1662 Duplex

145 1660 206 1694 vel
223 1660 490 1705 Semiduplex,
519 1664 561 1698 fit
577 1664 625 1699 de
643 1675 689 1699 eo
708 1676 793 1700 eum
815 1676 977 1701 comme-

144 1709 359 1743 moratione
387 1715 424 1744 et
447 1711 497 1746 ix.
521 1712 703 1747 Lectione
731 1714 778 1748 de
805 1714 975 1749 Homilia

143 1755 277 1791 Feriae.
311 1757 368 1791 De
386 1758 637 1802 Simplicibus
656 1771 811 1805 quoque
834 1763 874 1796 fit
896 1768 976 1797 tan-

142 1807 222 1838 tum
240 1808 566 1845 commemoratio,
594 1812 633 1842 ut
651 1808 689 1842 in
706 1809 886 1844 Rubricis
904 1811 974 1845 Ge-

142 1852 350 1888 nei-alibus.

184 1907 258 1943 Per
275 1913 394 1945 totam
413 1911 605 1954 Quadrag.
624 1912 662 1945 in
682 1912 807 1946 feriali
825 1912 973 1957 Officio,

141 1954 254 1991 Feria
286 1957 331 1991 ΙΙ.
365 1958 506 1992 dicitur
542 1958 648 1994 Offlc.
684 1960 972 1998 Defunctorum.

141 2002 253 2038 Feria
279 2005 341 2039 IV.
368 2006 548 2040 dicuntur
572 2007 718 2041 Psalmi
745 2008 972 2050 Graduales,

140 2050 254 2085 Feria
266 2052 329 2086 VI.
344 2053 499 2097 Septem
515 2054 661 2089 Psalmi
678 2055 972 2090 Poenitentiales

140 2108 225 2132 cum
262 2099 444 2141 Litaniis‚
484 2106 742 2146 praeterquam
769 2103 813 2136 .in
846 2103 971 2137 Feriis

140 2147 297 2188 majoris
321 2148 607 2184 Hebdomadae:
639 2161 726 2194 quae
752 2151 880 2184 omnia
906 2151 971 2185 ha-

140 2193 278 2229 bentur
295 2195 331 2229 in
351 2196 424 2231 fine
441 2197 643 2232 Breviarii.

306 2263 395 2304 Ad
419 2265 810 2307 matutinum.

193 2330 316 2371 Invit.
337 2331 438 2371 Non
453 2331 511 2372 sit
524 2331 651 2373 vobis
668 2345 828 2373 vanum
842 2345 971 2373 mane

142 2383 327 2435 surgere
341 2390 443 2427 ante
462 2386 620 2428 lucem:
635 2391 656 2414 *
683 2388 793 2437 Quia
811 2390 970 2440 promi-

141 2440 197 2481 sit
215 2441 433 2483 Deminus
452 2445 663 2484 corenam
680 2443 970 2495 vigilantibus

192 2504 260 2543 Ps.
279 2505 450 2557 Venite,
471 2508 749 2549 exsultemus.
767 2510 805 2549 2.

190 2570 401 2622 Hymnus.
438 2571 505 2612 Ex
537 2585 661 2613 more
695 2571 825 2613 docti.
850 2576 896 2612 ut
924 2572 986 2624 in⁴

138 2625 268 2667 Psalt.
300 2627 338 2667 2.

180 2685 279 2723 Ant..
304 2687 364 2721 Ps.
383 2694 419 2721 et
436 2684 519 2728 ῩῩ.
540 2689 586 2722 de
605 2688 721 2722 Psalt.
746 2692 776 2725 3.

714 167 915 203 Dominiea
941 170 967 204 l.
993 170 1319 214 Quadragesimae.

213 263 286 305 Ad
299 264 472 316 Magnis.
493 266 591 307 Ant.
611 265 736 306 Tunc
754 265 991 317 invocabis,
1043 280 1045 282 ·

1277 268 1326 307 In
1353 270 1383 308 Ι.
1411 270 1631 311 Nocturno.

1044 327 1110 366 De
1142 327 1342 378 Epistola
1375 330 1566 372 secunda
1597 331 1717 373 beati
1746 333 1869 375 Pauli

1170 383 1379 435 Apostoli
1398 385 1455 427 ad
1479 386 1738 430 Corinthios.

1200 442 1352 484 Lectio
1373 445 1395 484 i.
1559 448 1660 499 Cap.
1676 450 1711 488 6.

1123 504 1180 544 ’κζῑ7
1202 495 1466 547 diuvantes
1494 504 1639 541 autem
1667 500 1865 542 exhorta-

1213 566 1310 594 mur
1333 567 1388 595 ne
1410 555 1454 595 in
1473 557 1658 596 vacuum
1681 558 1866 607 gratiam

1064 629 1068 630 ν
1160 617 1161 620 ’
1212 609 1297 650 Dei
1333 611 1567 663 recipiatis.
1622 612 1698 653 Ait
1735 613 1865 654 enim:

1040 663 1261 717 Tempore
1289 668 1473 719 accepto
1504 667 1704 709 exaudivi
1730 674 1789 718 te,
1822 675 1865 711 et

1039 720 1084 760 in
1104 720 1175 762 die
1194 721 1349 763 salutis
1369 722 1514 774 adjuvi
1533 728 1587 764 te.
1619 724 1734 765 Ecce
1751 738 1864 766 nunc

1038 781 1212 829 tempus
1227 778 1510 831 acceptabile,
1524 792 1627 821 ecce
1642 793 1755 821 nunc
1771 780 1864 822 dies

1039 832 1204 874 salutis.
1229 834 1403 875 Nemini
1418 835 1572 877 dantes
1588 835 1719 877 ullam
1733 837 1863 878 offen-

1039 889 1220 939 sionem,
1258 896 1305 932 ut
1332 904 1420 933 non
1447 892 1719 944 vituperetur
1744 893 1863 933 mini-

1038 946 1218 986 sterium
1243 952 1455 988 nostrum:
1493 948 1571 989 sed
1594 948 1637 988 in
1662 948 1863 990 emnibus

1038 1001 1323 1044 exhibeamus
1341 1007 1637 1057 nosmetipsos
1656 1005 1768 1045 sicut
1780 1005 1863 1046 Dei

1036 1058 1260 1101 ministros
1280 1060 1322 1100 in
1342 1060 1478 1102 multa
1494 1061 1712 1113 patientia,
1731 1061 1774 1101 in
1790 1061 1861 1101 tri-

1036 1113 1348 1166 bulatienibus,
1375 1118 1419 1157 in
1440 1116 1791 1166 necessitatibus,
1820 1117 1862 1157 in

1036 1172 1262 1222 angustiis,
1290 1173 1334 1213 in
1354 1173 1511 1225 plagis,
1538 1173 1582 1213 in
1603 1172 1862 1222 carceribus,

1034 1226 1079 1266 in
1099 1227 1397 1278 seditienibus,
1419 1229 1463 1269 in
1478 1228 1714 1277 laberibus,
1743 1229 1785 1268 in
1803 1229 1861 1270 vi-

1034 1283 1164 1334 giliis,
1201 1285 1245 1325 in
1272 1285 1456 1337 jejuniis,
1494 1285 1536 1325 in
1567 1285 1781 1334 castitate,
1818 1285 1861 1324 in

1034 1340 1226 1390 scientia,
1245 1341 1288 1381 in
1307 1341 1646 1392 longanimitate,
1665 1341 1708 1381 in
1722 1341 1859 1381 suavi-

1033 1397 1140 1446 tate,
1168 1397 1211 1436 in
1230 1397 1393 1449 Spiritu
1413 1402 1582 1446 sancto,
1610 1397 1652 1437 in
1679 1397 1859 1437 caritate

1032 1465 1120 1493 non
1154 1452 1274 1502 ficta,
1315 1453 1358 1493 in
1393 1452 1528 1494 verbo
1565 1453 1777 1501 veritatis,
1814 1453 1858 1492 in

1032 1508 1195 1550 virtate
1222 1509 1325 1559 Dei,
1372 1521 1452 1561 per
1480 1521 1600 1549 arma
1627 1508 1801 1559 justitiae
1832 1521 1857 1548 a

1032 1563 1209 1614 dextris,
1237 1570 1281 1606 et
1301 1578 1326 1605 a
1345 1565 1540 1614 sinistris,
1567 1577 1646 1616 per
1664 1564 1857 1615 gleriam,

1032 1624 1077 1661 et
1095 1620 1424 1671 ignobilitatem,
1452 1633 1531 1673 per
1555 1621 1783 1669 infamiam,
1813 1625 1856 1660 et

1030 1676 1193 1718 bonam
1220 1678 1395 1718 famam:
1428 1682 1476 1718 ut
1504 1676 1776 1725 seducto'reS,
1813 1681 1856 1739 et

1030 1735 1222 1783 veraces,
1238 1734 1349 1775 sicut
1365 1733 1438 1785 qui
1456 1732 1604 1783 ignati,
1619 1736 1663 1773 et
1678 1731 1855 1782 cegnitlz

1031 1790 1156 1842 quasi
1179 1791 1431 1839 morientes,
1462 1793 1506 1830 et
1529 1801 1631 1830 ecce
1656 1788 1854 1851 vivimus:

1029 1850 1079 1887 ut
1119 1847 1340 1898 castigati,
1384 1850 1428 1887 et
1462 1857 1550 1886 non
1586 1843 1853 1885 mortificat1:

1031 1902 1154 1954 quasi
1181 1903 1345 1952 tristes,
1378 1913 1552 1953 semper
1580 1905 1725 1941 autem
1751 1911 1851 1949 gau-

1029 1957 1199 2000 dentes:
1232 1959 1344 1999 sicut
1370 1959 1564 2008 egentes,
1596 1955 1757 1996 multos
1779 1967 1850 2018 au-

1027 2017 1117 2054 tem
1135 2014 1472 2066 locupletantes:
1505 2017 1727 2063 tamquam
1746 2009 1851 2050 mh1l

1026 2069 1249 2119 habentes,
1278 2074 1322 2111 et
1341 2069 1486 2110 emnia
1506 2066 1791 2120 possidentes.

1080 2128 1130 2168 R.
1165 2126 1282 2167 Ecce
1308 2138 1422 2166 nunc
1450 2130 1623 2176 tempus
1651 2122 1847 2172 accepta-

1026 2181 1128 2231 bile,
1157 2194 1260 2223 ecce
1283 2194 1398 2223 nunc
1421 2180 1514 2222 dies
1539 2178 1705 2219 salutis:
1733 2189 1847 2217 eom-

1024 2237 1282 2279 mendemus
1314 2238 1606 2287 nosmetipsos
1638 2233 1681 2272 in
1712 2231 1848 2273 multa

1023 2294 1250 2345 patientia,
1283 2294 1326 2333 in
1351 2292 1514 2344 iejuniis
1533 2289 1698 2337 multis,
1717 2287 1847 2328 *Per

1024 2362 1143 2390 arma
1175 2349 1349 2400 justitiae
1377 2346 1548 2388 virtutis
1575 2344 1669 2385 Dei.
1710 2343 1759 2388 ll.
1795 2343 1846 2382 In

1025 2404 1226 2446 amnibus
1251 2403 1530 2445 exhibeamus
1553 2401 1846 2450 nosmetipsos

1023 2462 1136 2502 sicut
1160 2461 1244 2501 Dei
1267 2460 1504 2505 ministros,
1542 2456 1584 2495 in
1611 2454 1748 2495 multa
1771 2465 1845 2505 pa-

1021 2517 1184 2566 tientia,
1210 2516 1254 2556 in
1272 2513 1436 2566 jejuniis
1454 2511 1610 2552 multis.
1637 2510 1732 2550 Per.

1327 2571 1478 2611 Lectio
1495 2570 1535 2609 ii.

1104 2641 1125 2668 s
1151 2631 1348 2668 nostrum
1374 2627 1496 2676 patet
1523 2621 1579 2663 ad
1603 2633 1682 2661 vos
1711 2632 1736 2660 o
1763 2619 1842 2660 Co-

1124 2681 1280 2731 rinthii,
1305 2693 1380 2721 cor
1399 2683 1597 2720 nostrum
1616 2675 1843 2717 dilatatum
