2028 2892
179 194 223 231 76
719 190 828 224 Furia
855 190 986 233 quinta
1013 188 1059 222 ad
1086 186 1322 220 Matutinum.

232 291 344 342 Quia
363 288 502 331 zelavi
527 299 658 340 super
678 286 863 337 iniquos,
887 285 911 311 *
928 295 1001 335 pa-

183 360 276 390 cem
304 346 587 399 peccat6rum
614 341 779 384 videns.

234 407 344 458 Quia
379 418 466 447 non
503 409 569 447 est
607 404 834 455 respectus
870 398 1002 440 morti

183 466 347 506 eorum:
366 465 390 490 *
411 467 454 504 et
474 461 793 503 firmamentum
811 457 855 497 in
874 455 1002 509 plaga

182 522 342 562 eorum.

232 581 283 621 In
311 579 463 621 labore
490 577 714 619 hominum
739 588 826 617 non
850 578 961 621 sunt,
980 574 1003 599 *

184 642 227 679 et
263 649 362 678 cum
397 633 646 676 hominibus
685 645 772 673 non
815 629 1002 680 flagella-

182 694 362 735 buntur:

233 754 342 795 Ideo
358 752 498 794 tenuit
509 763 586 793 eos
601 749 815 803 superbia,
826 750 850 775 *
861 747 1004 800 operti

185 815 285 852 sunt
302 809 532 861 iniquitate
552 812 595 849 et
614 806 839 859 impietate
858 817 946 846 sua.

235 870 406 912 Prodiit
445 868 569 921 quasi
601 881 653 909 ex
687 867 817 919 adipe
851 865 1004 916 iniqui-

184 932 253 969 tas
281 928 447 968 eorum:
480 927 503 951 *
530 924 795 966 transierunt
826 922 870 964 in
906 920 1004 962 affe-

185 988 304 1026 ctum
331 981 486 1024 cordis.

236 1043 559 1095 Cogitaverunt,
584 1046 627 1083 et
650 1040 788 1082 locuti
811 1044 912 1080 sunt
935 1051 1005 1080 ne-

186 1100 380 1152 quitiam:
404 1100 428 1126 *
456 1098 733 1151 iniquitatem
758 1097 803 1137 in
833 1095 1006 1139 excelso

186 1156 320 1198 locuti
349 1160 460 1197 sunt.

237 1218 483 1259 Posuerunt
505 1215 550 1256 in
568 1214 727 1256 eoelum
753 1227 803 1256 os
823 1228 965 1256 suum:
984 1215 1007 1239 *

188 1281 230 1318 et
249 1274 396 1326 lingua
418 1274 568 1314 e6rum
589 1271 791 1313 transivit
813 1272 857 1312 in
881 1275 1007 1312 terra.

238 1335 346 1377 Ideo
366 1334 645 1376 convertetur
668 1332 858 1385 populus
885 1345 1008 1373 meus

187 1393 272 1434 hic:
295 1393 319 1418 *
343 1396 386 1433 et
410 1389 504 1432 dies
526 1388 643 1442 pleni
665 1389 940 1431 invenientur
965 1389 1009 1429 in

188 1462 261 1492 els.

239 1506 294 1547 Et
309 1504 526 1546 dixerunt:
538 1501 770 1553 Quomodo
784 1502 866 1544 scit
877 1503 1009 1553 Deus,

189 1564 212 1589 ²⁸¹
241 1566 284 1603 et
312 1560 349 1602 si
377 1565 443 1602 est
471 1558 652 1601 scientia
680 1559 724 1599 in
752 1558 949 1601 excelso?

239 1623 355 1664 Eece
386 1620 471 1673 ipsi
498 1623 770 1673 peccatores,
803 1625 846 1661 et
878 1619 1009 1661 abun-

190 1679 345 1720 dantes
381 1678 425 1720 in
458 1676 638 1727 saeeulo‚
674 1679 697 1704 *
730 1676 1011 1718 obtinuerunt

191 1734 376 1776 divitias.

242 1795 299 1836 Et
326 1794 433 1836 dixi:
468 1794 586 1845 Ergo
614 1793 708 1835 sine
736 1805 867 1835 causa
894 1793 1011 1845 justi-

192 1851 319 1893 ficavi
348 1863 422 1892 cor
453 1862 614 1900 meum,
649 1850 673 1875 *
710 1854 754 1891 et
786 1849 873 1891 lavi
900 1850 1013 1891 inter

192 1908 446 1948 innocentes
474 1919 627 1947 manus
654 1919 788 1947 meas:

244 1965 300 2005 Et
327 1963 387 2005 fui
416 1962 659 2014 flagellatus
686 1967 780 2004 tota
810 1962 892 2012 die,
919 1964 942 1990 *
971 1968 1014 2004 et

193 2019 424 2072 castigatio
452 2031 549 2060 mea
576 2019 619 2059 in
647 2019 883 2060 matutinis.

244 2080 289 2122 Si
309 2079 522 2122 dicebam:
549 2079 750 2121 NarrAbo
773 2080 849 2121 sic:
869 2081 893 2107 *
913 2092 1014 2121 ecee

194 2137 415 2178 natit'mem
446 2135 635 2177 filiorum
662 2138 837 2177 tuorum
868 2149 1015 2188 repro-

194 2193 305 2235 bavi

248 2252 563 2295 Existimabam
612 2257 660 2293 ut
705 2254 1015 2303 cognoscerem

195 2309 292 2359 hoc,
318 2311 341 2337 *
369 2309 494 2351 labor
522 2313 588 2350 est
618 2313 717 2349 ante
744 2321 830 2350 me:

247 2370 400 2411 Donec
441 2370 597 2411 intrem
634 2369 676 2409 in
714 2369 1016 2411 Sanetuarium

196 2426 296 2467 Dei:
319 2428 340 2451 *¹
364 2431 406 2468 et
435 2426 671 2477 intelligam
698 2425 741 2466 in
769 2426 1017 2467 novissimis

198 2495 359 2523 eorum.

250 2542 562 2584 Venimtamen
584 2547 768 2595 propter
792 2542 920 2584 dolos
943 2556 1018 2595 po-

200 2599 323 2640 suisti
344 2599 420 2640 eis:
439 2599 462 2624 *
482 2598 676 2650 dejecisti
697 2612 774 2640 eos
796 2598 899 2640 dum
919 2599 1018 2641 alle-

200 2657 413 2696 varentur.

252 2711 484 2762 QuOmodo
518 2711 617 2753 facti
651 2716 751 2754 sunt
779 2712 821 2752 in
851 2711 1019 2754 desola-

1053 280 1230 328 tionem,
1257 275 1406 318 subito
1439 273 1707 316 defecerunt:
1733 271 1759 297 *
1786 283 1883 324 per-

1055 338 1197 378 ierunt
1224 337 1409 387 propter
1441 329 1719 382 iniquitatem
1747 340 1883 369 suam.

1106 391 1242 434 Velut
1265 388 1483 432 somnium
1501 385 1773 437 surgentium
1794 385 1883 426 Do-

1054 450 1186 499 mine,
1212 449 1237 475 *
1264 447 1308 499 in
1336 445 1515 487 civitate
1543 447 1620 484 tua
1646 441 1883 493 imaginem

1056 507 1254 560 ipsorum
1281 503 1339 545 ad
1364 500 1548 542 nihilum
1574 498 1760 550 rediges.

1108 562 1221 613 Quia
1230 560 1547 602 inflammatum
1558 560 1625 598 est
1639 567 1717 597 cor
1726 567 1884 605 meum,

1057 624 1100 662 et
1120 631 1246 661 renes
1265 616 1351 658 mei
1371 612 1631 657 commutati
1651 616 1768 654 sunt:
1790 612 1814 637 *
1840 617 1885 654 et

1058 688 1139 728 ego
1167 674 1225 716 ad
1251 672 1434 715 nihilum
1461 670 1669 712 redactus
1697 681 1811 719 sum,
1839 673 1884 710 et

1056 731 1232 774 nescivi.

1108 789 1168 831 Ut
1200 789 1438 841 jumentum
1465 784 1608 825 factus
1641 795 1738 824 sum
1765 781 1886 835 apud

1057 852 1115 888 te:
1143 847 1167 872 *
1196 850 1240 887 et
1268 856 1349 895 ego
1379 853 1552 894 semper
1579 844 1736 882 tecum.

1109 900 1310 944 Tenuisti
1340 911 1517 941 manum
1545 897 1773 939 dexteram
1798 908 1885 937 me-

1058 973 1146 1001 am:
1171 963 1215 1001 et
1236 958 1281 999 in
1306 955 1534 998 voluntate
1558 958 1635 995 tua
1663 951 1886 995 deduxisti

1057 1030 1138 1066 me,
1164 1017 1187 1043 *
1212 1019 1256 1057 et
1275 1027 1374 1056 cum
1393 1011 1534 1064 gloria
1553 1009 1788 1063 suscepisti
1804 1021 1886 1051 me.

1111 1071 1227 1124 Quid
1255 1071 1371 1113 enim
1397 1068 1504 1110 mihi
1530 1072 1596 1110 est
1622 1067 1668 1108 in
1695 1065 1835 1108 coelo?
1862 1065 1887 1092 *

1061 1135 1103 1172 et
1131 1143 1155 1171 a
1182 1134 1227 1171 te
1256 1126 1363 1181 quid
1390 1125 1511 1167 volui
1539 1136 1672 1177 super
1698 1121 1887 1166 terram?

1111 1185 1284 1228 Defecit
1299 1196 1402 1226 caro
1417 1195 1526 1232 mea,
1541 1185 1585 1223 et
1599 1193 1677 1223 cor
1690 1192 1852 1222 meum:
1863 1179 1888 1205 *

1060 1244 1180 1285 Deus
1195 1241 1342 1284 cordis
1359 1239 1456 1289 mei,
1475 1243 1518 1280 et
1531 1251 1636 1291 pars
1652 1249 1752 1280 mea
1766 1236 1888 1278 Deus

1060 1300 1104 1341 in
1133 1301 1355 1341 aeternum.

1113 1356 1225 1407 Quia
1249 1367 1363 1404 ecce,
1387 1353 1463 1405 qui
1490 1352 1697 1403 elongant
1721 1363 1769 1392 se
1787 1363 1814 1392 a
1833 1354 1890 1399 te,

1061 1412 1280 1466 peribunt:
1307 1412 1331 1437 *
1358 1409 1592 1464 perdidisti
1621 1420 1786 1458 omnes,
1815 1406 1891 1460 qui

1061 1469 1330 1511 fornicantur
1357 1467 1436 1509 abs
1462 1471 1518 1508 te.

1114 1526 1221 1567 Mihi
1256 1529 1401 1566 autem
1433 1522 1661 1565 adhaerere
1687 1521 1786 1563 Deo
1813 1519 1891 1562 bo-

1062 1596 1166 1624 num
1187 1587 1267 1624 est:
1287 1582 1310 1607 *
1331 1583 1499 1634 ponere
1517 1580 1563 1621 in
1582 1578 1774 1621 Domino
1792 1577 1891 1619 Deo

1063 1653 1188 1692 spem
1214 1651 1373 1680 meam:

1115 1696 1175 1738 Ut
1211 1695 1463 1736 annuntiem
1496 1706 1649 1735 omnes
1679 1691 1892 1746 praedica-

1063 1753 1207 1795 tiones
1230 1756 1339 1801 tuas
1358 1752 1382 1779 *
1403 1751 1447 1792 in
1474 1750 1617 1803 portis
1645 1749 1749 1791 filiae
1776 1748 1893 1790 Sion.

1335 1810 1532 1851 Psalmus
1560 1810 1623 1851 73.

1157 1871 1175 1907 t
1191 1865 1296 1918 quid
1305 1866 1427 1908 Deus
1441 1863 1641 1918 repulisti
1655 1863 1699 1904 in
1714 1862 1860 1904 finem:
1870 1862 1895 1889 *

1193 1923 1330 1964 iratus
1366 1927 1433 1964 est
1469 1922 1591 1963 furor
1624 1925 1727 1962 tuus
1762 1930 1894 1972 super

1067 1992 1173 2021 oves
1200 1981 1378 2032 pascuae
1404 1978 1516 2021 tuae?

1118 2036 1287 2078 Memor
1307 2041 1401 2078 esto
1422 2032 1777 2087 congregationis
1794 2036 1895 2082 tuae,

1066 2094 1088 2119 *
1118 2106 1248 2145 quam
1276 2091 1514 2145 possedisti
1542 2090 1598 2132 ab
1626 2089 1762 2132 initio.

1118 2149 1362 2191 Redemisti
1406 2149 1575 2201 virgam
1622 2145 1895 2188 haereditatis

1066 2211 1169 2247 tuae:
1196 2207 1219 2231 *
1244 2219 1371 2247 mons
1394 2205 1508 2255 Sion,
1536 2205 1580 2245 in
1610 2216 1699 2256 quo
1727 2201 1895 2244 habita·

1068 2263 1123 2304 sti
1151 2263 1195 2303 in
1220 2275 1285 2304 eo.

1119 2319 1239 2360 Leva
1271 2331 1425 2360 manus
1457 2323 1556 2360 tuas
1589 2318 1634 2359 in
1666 2315 1896 2372 superbias

1070 2377 1221 2416 eorum
1258 2375 1301 2415 in
1336 2375 1485 2416 finem:
1521 2376 1544 2401 *
1580 2380 1743 2426 quanta
1776 2371 1896 2414 mali-

1069 2434 1228 2482 gnatus
1257 2436 1323 2472 est
1350 2431 1549 2473 inimicus
1576 2431 1621 2472 in
1650 2429 1818 2474 sancto!

1120 2488 1176 2529 Et
1195 2487 1369 2538 gloriati
1387 2493 1487 2529 sunt
1505 2488 1580 2539 qui
1600 2488 1788 2530 oderunt
1801 2491 1860 2529 te:
1873 2487 1898 2513 *

1071 2545 1111 2584 in
1141 2543 1287 2585 medio
1316 2543 1606 2586 solemnitatis
1633 2550 1733 2586 tuae.

1121 2601 1368 2642 Posuerunt
1393 2601 1516 2651 signa
1537 2614 1626 2651 sua,
1649 2601 1788 2653 signa:
1809 2601 1832 2626 *
1855 2604 1898 2641 et

1071 2669 1157 2697 non
1199 2658 1499 2708 cognoverunt
1541 2658 1653 2699 sicut
1694 2658 1737 2698 in
1779 2656 1898 2699 exitu

1072 2726 1202 2766 super
1231 2726 1458 2754 summum.
1650 2713 1653 2716 ’
