2060 2886
822 841 1228 922 IGNATIUS

212 959 418 994 DIVINA
445 958 862 994 MISERATIONE
892 958 966 992 ET
995 957 1163 993 SEDIS
1194 957 1591 993 APOSTOLICAE
1622 959 1848 994 GRATIA

546 1035 924 1083 EPISCOPUS
956 1038 1513 1085 RATISBONENSIS

752 1118 1036 1158 PATRIOIUS
1062 1117 1312 1157 ROMANUS

291 1200 335 1234 SS.
348 1201 379 1234 D.
391 1202 422 1234 N.
436 1201 551 1235 LEONIS
565 1202 616 1235 PP.
628 1203 694 1236 XIII.
707 1202 890 1236 PRAELATUS
906 1203 1110 1236 DOMESTICUS
1127 1204 1167 1236 ET
1184 1202 1277 1236 SOLIO
1292 1203 1411 1236 PONTIF
1413 1203 1479 1236 ICIO
1494 1203 1663 1237 ASSISTENS
1677 1208 1713 1235 otc.
1725 1209 1762 1235 otc.

420 1278 564 1300 OMNLBUS
578 1278 640 1299 HAS
655 1278 811 1299 LITTERAS
827 1277 951 1300 VISURIS
967 1277 1118 1299 SALUTEM
1132 1278 1173 1298 ET
1188 1277 1454 1299 BENEDICTIONEM
1469 1278 1488 1298 A
1504 1277 1638 1299 DOMINO.

385 1397 392 1407 ,
432 1374 497 1398 11111
519 1375 542 1399 a
564 1363 737 1400 Romano
761 1365 944 1401 Pontifice
967 1366 1124 1401 Urbano
1148 1366 1248 1400 VIH.
1273 1366 1464 1400 decretum
1487 1366 1550 1409 sit,
1573 1376 1619 1401 ne
1643 1377 1665 1400 a
1689 1370 1865 1411 typogra—

283 1451 300 1468 „7
330 1461 332 1463 ‚
364 1449 373 1452 ⁷,
453 1420 543 1464 phis
566 1421 805 1456 Breviarium
829 1422 1041 1457 Romanum
1069 1422 1306 1466 imprimatur
1335 1426 1370 1456 et
1399 1422 1437 1456 in
1459 1422 1582 1456 lucem
1605 1423 1751 1466 edatur,
1784 1423 1864 1457 sine

215 1522 216 1525 Ἰ
267 1458 404 1531 ζ’γῗζᾶ
452 1477 607 1512 licentia
631 1487 751 1522 eaque
779 1478 818 1512 in
846 1478 999 1523 scriptis
1024 1479 1178 1514 obtenta
1203 1479 1250 1513 ab
1275 1478 1476 1513 Ordinatio
1503 1478 1593 1513 loci:
1621 1479 1702 1513 Nos
1726 1479 1863 1513 dilecto

215 1536 258 1583 §M
282 1519 404 1583 ζ”μῖ-ςῐ
453 1531 554 1568 Filio
576 1533 719 1568 Nostro
742 1534 939 1569 Friderico
962 1535 1104 1578 Pustet,
1128 1534 1162 1569 S.
1179 1534 1289 1569 Sedis
1312 1535 1550 1578 Apostolicae
1572 1545 1719 1569 necnon
1739 1534 1773 1569 S.
1792 1535 1864 1569 Rit.

216 1587 219 1589 ’
260 1589 265 1590 ’
452 1589 773 1634 Congregationis
796 1590 1058 1634 Typographo
1083 1595 1120 1626 et
1136 1591 1368 1635 Bibliopolae
1384 1590 1654 1625 Ratisbonensi
1675 1590 1866 1624 licentiam

188 1643 363 1679 dedimus
386 1645 483 1680 illud
504 1645 757 1690 imprimendi,
781 1650 818 1681 et
839 1646 882 1681 R.
899 1647 939 1681 P.
964 1646 1202 1690 Georgium
1228 1647 1422 1682 Schober
1446 1646 1485 1682 C.
1507 1646 1563 1681 Ss.
1585 1646 1638 1689 R.
1661 1646 1865 1681 Censorem

185 1699 379 1745 Nostrum,
404 1701 688 1746 deputavimus,
713 1703 779 1746 qui
803 1702 977 1746 diligenti
1001 1703 1174 1737 examine
1197 1703 1370 1738 instituto
1398 1712 1510 1737 novae
1533 1702 1644 1745 hujus
1668 1702 1863 1745 Breviarii,

186 1755 227 1790 in
248 1756 285 1791 4⁰
308 1760 350 1791 ut
373 1757 518 1801 dicunt,
550 1762 587 1793 et
607 1758 648 1792 in
671 1763 834 1802 quatuor
856 1763 984 1802 partes
1009 1759 1217 1802 distributi,
1241 1759 1420 1793 editionis
1444 1758 1491 1792 ab
1516 1758 1649 1792 eodem
1671 1757 1864 1792 Friderico

185 1812 319 1848 Pustet
339 1814 568 1858 perpulchre
597 1819 792 1850 exornatae
815 1815 1085 1859 integritatem,
1113 1814 1444 1857 omnimodamque
1467 1823 1551 1848 cum
1575 1813 1754 1856 editione,
1777 1822 1863 1856 quae

187 1868 340 1904 decreto
363 1869 398 1905 S.
421 1870 465 1905 R.
489 1871 529 1906 C.
554 1871 601 1906 de
630 1871 691 1906 die
716 1871 765 1906 12.
787 1871 1020 1915 Septembris
1048 1870 1138 1906 1885
1163 1870 1218 1911 uti
1245 1871 1375 1915 typica
1403 1870 1515 1905 fuerit
1545 1870 1748 1912 declarata,
1779 1879 1863 1903 con-

187 1925 404 1961 sonantiam
426 1928 702 1971 comprobaret.

338 1982 550 2027 Postquam
571 1988 696 2019 autem
719 1984 859 2019 fuimus
882 1994 930 2018 ex
951 1984 1055 2018 illius
1072 1982 1253 2019 Censoris
1273 1981 1490 2016 testimonio
1511 1980 1712 2023 informati,
1734 1990 1863 2014 secun-

187 2036 276 2072 dam
305 2038 418 2082 hanc,
450 2050 564 2084 quam
594 2051 774 2075 vernam
803 2044 957 2083 vocant,
987 2039 1175 2074 Breviarii
1204 2037 1366 2073 Romani
1395 2041 1546 2085 partem?
1570 2046 1655 2071 cum
1684 2035 1861 2070 editionis

186 2093 328 2138 typicae
347 2098 456 2138 parte
470 2106 589 2131 verna
610 2096 660 2131 ad
677 2096 859 2131 amussim
880 2095 1122 2139 concordare,
1140 2104 1320 2130 excusam
1340 2093 1590 2128 libentissime
1607 2091 1861 2148 adprobamus

187 2150 471 2195 evulgandique
493 2152 687 2187 licentiam
709 2152 955 2196 impertimur.

340 2207 385 2242 In
408 2217 569 2251 quorum
591 2208 706 2243 fidem
727 2208 798 2242 has
820 2207 857 2242 N
859 2210 983 2242 ostras
1005 2208 1168 2250 litteraS,
1195 2216 1310 2241 manu
1327 2205 1469 2240 Nostra
1492 2202 1726 2246 subscriptas
1750 2205 1861 2245 atque

186 2262 323 2306 majori
346 2263 489 2299 Nostro
513 2264 648 2308 Sigillo
671 2264 848 2307 munitas,
872 2264 1047 2308 expediri
1067 2263 1259 2307 jussimus,

343 2332 577 2376 Ratisbonae,
602 2333 664 2368 die
686 2333 716 2368 7.
739 2332 867 2367 Martii
892 2332 994 2367 1888.

604 2482 680 2541 ῆι-
705 2454 982 2564 {imaus
1024 2445 1148 2557 957.)
1194 2457 1518 2571 AWQ.

1084 2631 1144 2664 Dr.
1165 2629 1222 2664 Fr.
1244 2629 1336 2664 XaV.
1357 2627 1515 2667 Leitner,
1537 2629 1654 2661 Secret.
