2028 2892
590 178 659 211 Dit-
690 178 735 211 17.
763 178 918 220 Aprilis.

189 275 269 318 sed
293 289 392 317 cum
411 275 735 325 magnificentia
753 277 1020 326 congruente

189 338 331 375 totum
369 331 620 374 declaravit.
665 332 815 374 Nolite
850 332 1021 382 timere,

175 389 354 439 dicens,
380 388 435 431 ab
457 389 508 430 iis
530 389 605 441 qui
624 388 830 431 occidunt
849 401 1021 441 corpus,

190 446 380 487 animam
408 451 554 487 autem
581 458 669 487 non
696 450 883 498 possunt
909 447 1021 487 occi-

190 502 309 544 dere:
337 502 417 545 sed
436 502 601 555 potius,
628 502 803 544 Timete
828 514 927 543 eum
948 502 1022 553 qui

189 565 339 613 potest
371 565 415 602 et
447 560 636 601 animam
664 564 709 601 et
735 572 897 611 corpus
924 560 1021 611 per-

191 617 295 659 dere
324 617 367 658 in
393 616 652 668 gehennam:
683 616 727 656 in
756 615 1022 657 contrarium

190 679 367 716 vertens
387 676 650 722 sermenem,
676 673 740 715 uti
764 685 940 725 semper
964 672 1022 713 fa-

192 731 262 773 cit.
296 730 411 782 Quid
438 731 554 773 enim
581 730 663 772 sibi
685 727 802 772 vult?
839 729 1023 770 Timetis

190 794 389 838 mortem,
407 787 597 839 ideoque
617 786 674 829 ad
690 785 1022 839 praedicandum

191 845 417 896 segnieres
437 842 566 886 estis?
595 843 683 885 Sed
706 843 789 885 hac
814 842 869 885 de
891 855 1024 884 causa

190 902 338 954 petius
356 900 616 954 praedicate,
645 900 748 953 quia
766 905 954 941 mortem
972 901 1022 941 ti-

190 958 329 1000 metis.
356 957 473 999 Illud
492 957 607 999 enim
626 970 729 999 vere
745 970 825 998 vos
841 970 867 998 a
880 962 1024 998 morte

191 1015 359 1068 eripiet.
393 1014 508 1056 Nam
531 1014 705 1056 etiamsi
722 1026 804 1055 vos
823 1014 1022 1055 interem—

166 1072 310 1124 pturi
338 1076 456 1121 sunt,
487 1071 715 1113 melierem
746 1075 890 1112 tamen
925 1083 1022 1123 par-

189 1134 279 1170 tem
298 1141 386 1170 non
407 1127 687 1181 separabunt,
707 1127 879 1169 etiamsi
898 1126 943 1169 id
958 1132 1022 1168 to-

190 1186 247 1227 tis
267 1185 432 1227 viribus
453 1187 677 1226 conentur.
711 1183 821 1226 Ideo
846 1196 935 1225 non
961 1183 1022 1225 di-

190 1243 267 1285 xit:
293 1242 499 1283 Animam
522 1246 669 1283 autem
691 1254 780 1283 non
799 1241 1023 1290 occidunt3

193 1299 290 1350 sed,
314 1299 416 1340 Non
441 1303 630 1352 possunt
655 1296 870 1339 occidere.
909 1297 1024 1338 Nam

191 1356 363 1398 etiamsi
408 1356 560 1406 velint,
607 1368 697 1397 non
741 1353 1022 1407 separabunt.

189 1414 346 1466 Itaque
375 1413 412 1454 si
439 1412 705 1466 supplicium
730 1412 878 1461 times,
911 1410 1020 1452 illud

189 1470 319 1522 longe
347 1470 524 1521 gravius
552 1469 671 1511 time.
719 1467 884 1518 Viden,
918 1469 1023 1520 quo-

189 1526 325 1569 modo
361 1540 450 1568 non
487 1528 738 1579 promittat,
778 1538 824 1566 se
860 1525 961 1566 illos
999 1538 1023 1565 a

190 1590 332 1627 morte
355 1584 643 1626 liberaturum
668 1595 784 1633 esse,
813 1581 892 1623 sed
911 1581 1023 1623 mori

188 1642 421 1694 permittit,
446 1641 613 1692 majera
635 1639 871 1690 largiturus
892 1651 1023 1691 quam

191 1698 228 1739 si
245 1698 292 1740 id
310 1711 398 1739 non
417 1694 718 1751 permitteret?
738 1696 889 1746 Longe
909 1695 1023 1737 enim

192 1756 329 1807 majus
349 1760 416 1796 est
435 1753 622 1796 suadere
641 1758 690 1795 ut
707 1765 828 1794 mors
848 1754 1023 1805 sperna-

191 1817 272 1862 tur,
294 1825 426 1864 quam
445 1825 470 1853 a
488 1816 631 1853 morte
651 1813 815 1852 eruere.

246 1869 311 1911 Te
330 1869 475 1911 Deum
493 1868 734 1910 laudamus.
752 1868 811 1908 15.

248 1942 306 1975 Ad
335 1942 450 1974 Laud.
483 1949 570 1984 post
604 1952 799 1975 commem.
832 1941 953 1974 Furia:
985 1941 1019 1974 in

193 1990 384 2030 Quadrata
410 1991 450 2023 iit
475 2000 608 2023 comm.
634 1991 689 2023 ὃς.
716 1990 934 2033 Martyrum.

248 2047 346 2086 Ant.
366 2046 517 2090 Vestri
535 2046 683 2100 capilli
698 2046 856 2099 capitis
872 2058 1025 2087 omnes

195 2105 412 2147 numerati
432 2109 547 2146 sunt:
570 2103 708 2145 nolite
726 2104 895 2145 timere:
919 2102 1027 2144 mul-

193 2164 249 2204 tis
264 2162 520 2229 passeribus
539 2161 746 2202 meliores
766 2160 873 2202 estis
891 2173 983 2201 vos.

247 2218 294 2263 V.
322 2218 617 2260 Exsultabunt
644 2217 784 2259 sancti
807 2217 852 2257 in
876 2216 1026 2268 gleria.

199 2277 243 2327 lxffn
266 2275 553 2318 Laetabuntur
572 2276 617 2316 in
637 2273 854 2317 cubilibus
874 2274 974 2315 suis.

384 2336 604 2386 Tempore
634 2333 841 2374 Paschali.

251 2398 347 2437 Ant.
383 2397 477 2440 Lux
501 2398 718 2451 perpetua
741 2396 906 2438 lucebit
932 2409 1026 2438 san-

197 2456 279 2497 ctis
294 2455 382 2497 tuis
397 2455 597 2505 Domine,
617 2459 660 2497 et
679 2453 903 2495 aeternitas
922 2455 1027 2495 tem-

195 2525 365 2565 porum,
385 2512 569 2565 alleluja.

248 2561 297 2611 V·
317 2569 465 2611 Sancti
486 2574 530 2611 et
546 2568 647 2622 justi
663 2569 707 2609 in
720 2567 911 2609 Domino
926 2580 1027 2617 gau-

198 2625 315 2675 dete,
344 2626 526 2678 alleluja.
558 2625 607 2675 R„
636 2626 733 2668 Vos
758 2624 888 2675 elegit
906 2624 1027 2666 Deus

197 2683 240 2724 in
260 2682 564 2724 haereditatem
584 2682 678 2732 sibi,
698 2681 880 2734 alleluia.

967 178 1001 210 S.
1025 176 1175 209 Aniceti
1203 176 1319 218 l’a'pac
1346 183 1381 210 ct
1406 176 1511 210 Mart.

1310 276 1395 318 Die
1413 276 1472 318 17.
1490 275 1669 329 Aprilis.

1178 353 1221 395 S.
1239 352 1438 395 Aniceti
1458 353 1590 405 Papae
1611 359 1654 394 ct
1672 353 1796 394 Mart.

1306 427 1386 468 Ad
1408 427 1673 478 vesperas.

1124 490 1220 530 Ant.
1266 489 1354 532 Iste
1382 495 1559 532 sanctus
1587 503 1668 543 pro
1696 490 1792 542 lege
1819 488 1903 532 Dei

1076 547 1143 589 sui
1171 547 1356 590 certavit
1382 560 1522 599 usque
1547 546 1605 590 ad
1629 555 1831 598 mortem,
1860 552 1904 590 et

1076 617 1102 645 a
1142 604 1288 646 verbis
1333 603 1567 656 impierum
1612 617 1700 646 non
1743 604 1903 646 timuit:

1077 660 1282 703 fundatus
1312 661 1426 702 enim
1454 666 1548 703 erat
1576 674 1709 714 supra
1734 661 1904 703 firmam

1075 723 1257 770 petram.
1379 749 1381 751 .

1124 778 1174 830 Y.
1213 778 1367 820 Gleria
1402 783 1447 820 et
1480 777 1650 819 honere
1683 779 1905 820 coronasti

1077 848 1177 877 eum
1211 835 1412 878 Domine.
1460 839 1510 889 Rg.
1547 835 1605 876 Et
1641 835 1905 877 constituisti

1077 905 1176 934 eum
1196 906 1329 945 super
1348 895 1485 945 opera
1499 893 1706 933 manuum
1720 893 1904 932 tuarum.

1254 961 1474 1013 Tempore
1504 963 1713 1004 Paschali.

1133 1028 1227 1067 Ant.
1257 1026 1351 1070 Lux
1378 1030 1594 1081 perpetua
1621 1026 1786 1070 lucebit
1810 1040 1905 1068 san-

1078 1086 1159 1128 ctis
1178 1086 1264 1127 tuis
1280 1085 1479 1135 Domine,
1497 1090 1541 1126 et
1558 1084 1780 1126 aeternitas
1797 1085 1904 1125 tem-

1076 1155 1245 1196 porum,
1273 1141 1456 1194 alleluJa.

1128 1205 1178 1256 V.
1225 1208 1373 1250 Sancti
1411 1213 1455 1248 et
1493 1207 1595 1260 justi
1633 1207 1676 1248 in
1713 1206 1905 1247 Demino

1076 1264 1280 1316 gaudete,
1317 1263 1497 1316 alleluja.
1560 1265 1610 1316 Rg.
1641 1264 1738 1306 Vos
1774 1263 1904 1314 elegit

1076 1322 1198 1364 Deus
1218 1322 1261 1363 in
1280 1320 1586 1364 haereditatem
1605 1320 1703 1371 sibi,
1722 1319 1906 1372 alleluja.

1412 1404 1575 1445 Oratio.

1165 1489 1242 1517 eus
1268 1475 1341 1528 qui
1364 1486 1446 1516 nos
1464 1473 1584 1515 beati
1601 1471 1776 1515 Aniceti
1794 1472 1906 1514 Mar-

1170 1532 1280 1585 tyris
1295 1532 1358 1574 tui
1375 1536 1509 1584 atque
1524 1530 1749 1572 Pontificis
1764 1531 1907 1571 annua

1077 1589 1354 1632 solemnitate
1368 1588 1580 1630 laetificas:
1599 1586 1794 1629 concede
1807 1598 1907 1640 pro-

1076 1647 1226 1700 pitius3
1259 1651 1306 1695 ut
1339 1645 1461 1697 cujus
1487 1644 1684 1686 natalitia
1711 1643 1907 1694 cOIimus,

1077 1703 1132 1746 de
1151 1702 1348 1755 ejusdem
1367 1702 1499 1744 etiam
1512 1701 1791 1754 protectione
1804 1713 1906 1751 gau-

1077 1760 1269 1803 deamus.
1296 1760 1381 1801 Per
1399 1759 1648 1800 Dominum.

1379 1840 1532 1881 Lectio
1553 1840 1609 1880 iii.

1132 1963 1137 1965 ,
1159 1934 1167 1947 ³
1187 1919 1355 1960 nicetus
1365 1916 1787 1969 SyruS,imperat6re
1795 1917 1907 1960 Mar-

1119 1974 1177 2015 'stus
1204 1988 1257 2017 co
1276 1973 1458 2016 Aurelio
1474 1974 1712 2023 Antonino,
1730 1974 1908 2027 praefuit

1077 2032 1300 2074 Ecclesiae.
1335 2031 1565 2082 Decrevit,
1592 2043 1647 2072 ne
1670 2031 1819 2073 clerici
1837 2043 1908 2074 co-

1077 2102 1194 2130 mam
1221 2091 1447 2130 nutrirent.
1489 2088 1731 2141 Quinquies
1757 2100 1908 2130 mense

1078 2145 1314 2188 Decembri
1358 2145 1580 2187 ordinavit
1622 2144 1908 2198 presbyteros

1079 2202 1234 2246 decem
1266 2207 1310 2244 et
1342 2206 1530 2255 septem,
1564 2201 1775 2244 diaconos
1804 2203 1906 2253 qua-

1077 2264 1196 2310 tuor,
1234 2261 1473 2312 episcopos
1502 2271 1581 2312 per
1609 2258 1782 2300 diversa
1809 2258 1908 2300 loca

1079 2329 1250 2358 novem.
1281 2316 1405 2358 Vixit
1428 2316 1471 2357 in
1492 2315 1752 2368 pontificatu
1770 2327 1908 2356 annos

1080 2378 1195 2424 octo,
1213 2385 1385 2414 menses
1402 2377 1515 2422 octo,
1535 2371 1629 2414 dies
1643 2371 1797 2422 viginti
1814 2373 1910 2424 qua-

1078 2436 1190 2472 tuor.
1230 2429 1419 2482 Propter
1450 2428 1611 2470 Christi
1637 2428 1772 2470 fidem
1797 2441 1908 2470 mar-

1079 2486 1192 2540 tyrio
1221 2487 1474 2535 coronatus,
1509 2484 1708 2537 sepultus
1743 2489 1810 2526 est
1838 2484 1909 2525 via

1079 2543 1225 2597 Appia
1244 2543 1288 2583 in
1308 2542 1579 2592 coemeterio,
1608 2541 1729 2594 quod
1751 2543 1909 2594 postea

1081 2600 1247 2642 Callisti
1293 2599 1564 2652 appellatum
1610 2603 1691 2646 est,
1736 2597 1908 2640 decimo

1081 2658 1235 2709 quinto
1254 2655 1479 2698 Kalendas
1496 2655 1644 2708 Maias.

1133 2718 1197 2759 Te
1216 2717 1361 2759 Deum
1381 2715 1624 2759 laudamus.
1651 2717 1710 2758 15.
