2028 2892
612 197 712 229 Infra
740 195 1030 229 Ile-belomadam
1058 193 1106 226 iii.
1133 191 1458 233 Quadragesimae.

376 294 562 331 Feria
597 293 842 341 Quarta.

254 350 378 384 Hodie
404 350 474 383 dic.
501 349 641 382 l‘salmi
668 348 893 382 (iraduales.

203 407 350 449 Lectio
374 407 513 448 sancti
532 405 758 457 Evangelii
782 402 1020 446 secundum

477 462 744 505 Matthaeum.

304 526 454 565 Lectio
477 525 498 563 i.
740 525 841 573 Cap.
862 523 919 561 15.

244 599 271 626 n
297 585 371 626 illo
400 587 616 637 tempore:
645 584 939 624 Accesserunt
964 580 1020 622 ad

257 642 281 682 J
284 655 406 684 esum
426 642 480 682 ab
497 642 521 681 J
525 640 782 692 erosolymis
802 638 956 680 scribae
977 643 1020 679 et

197 698 411 751 pharisaei,
432 697 640 739 dicentes:
659 697 804 746 Quare
819 694 1019 747 discipuli

198 755 260 796 tui
274 754 652 805 transgrediantur
667 751 949 794 traditi6nem
965 763 1022 792 se-

198 809 390 852 niorum?
419 811 475 852 Et
494 810 672 862 reliqua.

292 884 480 927 Homilia
509 883 648 926 sancti
675 882 932 935 Hieronymi

478 940 741 993 Prestteri.

204 999 283 1033 Lib.
308 999 336 1032 2.
363 999 570 1031 Comment.
596 998 633 1030 in
660 1007 740 1039 cap.
768 996 815 1028 15.
842 994 1022 1028 Matthaei.

207 1074 224 1149 {³
239 1071 282 1110 »μ
298 1055 375 1149 l'ra
411 1054 728 1107 pharisaeorum
765 1053 1022 1095 scribarum-

220 1113 232 1141 f:
252 1112 279 1151 Ἂ-
332 1124 416 1163 que
442 1111 634 1152 stultitia.
669 1111 753 1152 Dei
776 1110 934 1151 Filium
960 1112 1023 1150 ar-

199 1173 346 1218 guunt,
370 1180 503 1220 quare
522 1167 747 1208 hominum
765 1167 1023 1209 traditiunes

202 1229 246 1265 et
264 1226 488 1277 praecepta
507 1236 594 1265 non
614 1228 773 1265 servet:
791 1224 892 1265 Non
911 1223 1024 1265 enim

200 1279 348 1322 lavant
382 1293 535 1321 manus
572 1294 690 1330 suas,
731 1294 830 1322 cum
867 1293 1024 1333 panem

201 1336 476 1378 manducant.
512 1336 684 1387 Manus,
712 1337 757 1378 id
785 1342 852 1379 est
879 1339 1024 1390 opera,

201 1405 289 1434 non
318 1394 516 1446 corporis
544 1394 716 1445 utique,
761 1393 840 1435 sed
868 1393 1025 1434 animae

201 1449 401 1491 lavandae
426 1455 542 1499 sunt,
575 1454 623 1491 ut
647 1450 724 1492 fiat
752 1450 795 1491 in
823 1450 908 1491 illis
932 1463 1025 1491 ver-

201 1506 306 1548 bum
328 1506 422 1548 Dei.
458 1507 560 1559 Ipse
583 1511 728 1548 autem
753 1506 1026 1559 respondens

204 1563 263 1604 ait
289 1562 387 1603 illis:
415 1563 558 1613 Quare
587 1568 630 1605 et
657 1575 734 1604 vos
764 1562 1026 1614 transgredi·

204 1619 307 1660 mini
326 1619 579 1661 mandatum
594 1620 677 1662 Dei
695 1625 878 1673 propter
897 1619 1026 1661 tradi-

205 1675 368 1717 tionem
420 1675 633 1717 vestram?
687 1677 861 1717 Falsam
913 1676 1027 1718 calu-

206 1732 369 1772 mniam
388 1745 491 1773 vera
515 1733 800 1785 responsione
821 1734 1027 1775 confutat.

208 1787 331 1837 Cum,
357 1788 513 1840 inquit,
535 1802 615 1830 vos
634 1795 816 1842 propter
833 1789 1027 1832 traditio-

206 1856 306 1885 nem
341 1843 565 1886 heminum
596 1848 820 1898 praecepta
850 1847 1029 1888 Domini

207 1899 451 1952 negligatis3
479 1914 613 1953 quare
641 1901 879 1955 discipulos
905 1916 1028 1945 meos

207 1956 453 2007 arguendos
471 1958 650 2010 putatis,
671 1958 790 2011 quod
810 1959 1028 2001 seniOrum

207 2013 323 2064 jussa
355 2014 688 2066 parvipendant,
724 2020 772 2057 ut
803 2016 886 2057 Dei
920 2017 1029 2058 scita

208 2068 478 2111 custodiant?
522 2070 572 2110 R
601 2071 768 2114 Merito.
788 2073 874 2113 163.

517 2140 667 2181 Lectio
690 2140 729 2180 ii.

208 2201 373 2308 Nam
387 2209 507 2251 Deus
524 2208 647 2251 dixit:
665 2210 846 2253 Honora
861 2217 1030 2264 patrem

322 2270 365 2308 et
383 2270 581 2307 matrem:
607 2270 666 2315 et,
692 2267 774 2317 Qui
798 2267 1030 2311 maledixe-

210 2323 265 2363 rit
289 2322 419 2375 patri,
446 2322 517 2364 vel
539 2323 683 2372 matri,
711 2328 852 2365 morte
876 2325 1030 2366 moria-

210 2383 289 2420 tur.
331 2379 426 2420 Vos
458 2384 604 2421 autem
637 2378 795 2421 dicitis:
831 2380 1030 2430 Quicum-

211 2447 296 2486 que
313 2434 472 2477 dixerit
486 2436 612 2488 patri,
632 2435 701 2477 vel
715 2436 856 2477 matri:
875 2437 1032 2479 Munus

212 2491 519 2544 quodcumque
539 2496 607 2533 est
624 2504 678 2533 ex
696 2504 782 2540 me,
806 2491 883 2533 tibi
904 2494 1032 2545 prod-

211 2548 307 2589 erit:
344 2553 387 2589 et
414 2560 501 2588 non
530 2548 837 2590 honorificabit
864 2555 1033 2601 patrem

212 2616 348 2653 suum,
367 2609 441 2645 aut
459 2610 642 2646 matrem
658 2618 789 2646 suam.
818 2605 972 2647 Honor
991 2607 1033 2647 in

211 2660 448 2712 Scripturis
480 2674 567 2702 non
603 2666 771 2703 tantum
802 2661 845 2702 in
879 2661 1033 2703 saluta·

212 2715 401 2757 ti6nibus
460 2722 503 2757 et
561 2717 716 2759 officiis
769 2717 1033 2769 deferendis,

1074 291 1282 340 quantum
1301 286 1345 327 in
1364 282 1664 335 eleemosyniS‚
1683 293 1735 322 ac
1752 283 1899 322 mune-

1074 357 1169 385 rum
1204 342 1428 385 oblatione
1462 341 1657 382 sentitur.
1704 337 1900 386 Honora,

1073 400 1212 452 inquit
1232 397 1490 452 Apostolus,
1515 395 1686 445 viduas,
1711 407 1810 446 quae
1829 405 1900 435 ve-

1073 469 1120 498 re
1144 456 1288 498 viduae
1314 459 1424 496 sunt.
1459 453 1545 494 Hic
1568 452 1711 494 honor
1737 450 1898 492 donum

1073 513 1337 564 intelligitur.
1373 511 1430 552 Et
1454 510 1498 551 in
1522 509 1609 550 alio
1635 508 1751 550 loco:
1776 508 1899 548 Pres-

1073 570 1216 622 byoeri
1253 568 1417 622 duplici
1456 567 1625 608 honore
1656 562 1899 606 honorandi

1073 631 1188 676 sunt,
1213 626 1402 667 maxime
1427 623 1501 677 qui
1523 622 1726 664 laberant
1745 621 1789 662 in
1807 632 1901 662 ver-

1072 683 1131 724 bo
1169 688 1213 725 et
1248 682 1449 724 doctrina
1475 680 1570 722 Dei.
1613 679 1671 720 Et
1700 690 1780 731 per
1815 676 1902 718 hoc

1073 739 1326 781 mandatum
1345 737 1542 791 jubemur
1559 735 1666 778 bovi
1679 733 1902 777 trituranti

1074 808 1124 837 os
1142 808 1230 837 non
1250 794 1470 837 claudere:
1489 798 1534 836 et
1554 792 1711 843 dignus
1726 792 1784 832 sit
1799 802 1902 843 ope-

1074 853 1214 894 rarius
1232 850 1436 894 mercede
1455 863 1545 892 sua.

1130 909 1181 960 R.
1202 909 1325 950 Dixit
1343 907 1512 949 Ruben.
1532 907 1620 948 163.

1378 968 1531 1010 Lectio
1551 967 1606 1008 iii.

1078 1021 1401 1126 Praeceperat
1419 1025 1652 1074 Duminus,
1677 1021 1749 1065 vel
1771 1021 1903 1064 imbe-

1171 1083 1385 1132 cillitates,
1407 1081 1478 1124 vel
1497 1083 1662 1130 aetates,
1680 1078 1752 1121 vel
1769 1081 1904 1132 penu-

1077 1141 1163 1181 rias
1182 1141 1413 1193 parentum
1432 1137 1732 1187 considerans,
1756 1139 1806 1176 ut
1827 1133 1905 1176 filii

1076 1197 1353 1247 honorarent,
1374 1196 1505 1238 etiam
1523 1195 1568 1236 in
1586 1195 1689 1236 vitae
1707 1193 1904 1234 necessa-

1076 1253 1151 1294 riis
1186 1251 1500 1302 ministrandis,
1545 1252 1752 1304 parentes
1789 1260 1905 1290 suos.

1078 1311 1203 1351 Hanc
1222 1308 1653 1362 providentissimam
1666 1305 1752 1348 Dei
1763 1305 1907 1356 legem

1078 1367 1276 1408 volentes
1310 1365 1468 1407 scribae
1503 1370 1546 1406 et
1572 1362 1780 1417 pharisaei
1806 1360 1906 1402 sub-

1078 1425 1260 1473 vertere,
1279 1427 1327 1464 ut
1346 1422 1619 1475 impietatem
1634 1419 1715 1462 sub
1729 1418 1906 1460 numine

1079 1480 1256 1533 pietatis
1271 1478 1538 1528 inducerent,
1553 1477 1797 1519 docuerunt
1810 1475 1907 1528 pes-

1079 1537 1213 1578 simos
1232 1535 1361 1585 filios,
1382 1540 1431 1577 ut
1451 1535 1488 1576 si
1509 1534 1605 1588 quis
1625 1546 1691 1583 ea,
1716 1543 1815 1584 quae
1833 1543 1907 1584 pa-

1079 1593 1275 1634 rentibus
1303 1591 1530 1634 offerenda
1557 1595 1675 1640 sunt,
1709 1589 1808 1630 Deo
1834 1599 1907 1630 vo-

1080 1651 1182 1691 vere
1201 1648 1406 1698 voluerit,
1431 1648 1506 1700 qui
1524 1659 1655 1689 verus
1679 1650 1748 1687 est
1769 1648 1907 1698 pater,

1081 1705 1246 1747 oblatio
1261 1705 1438 1746 Dumini
1453 1705 1741 1757 praeponatur
1754 1702 1908 1754 paren-

1080 1768 1173 1804 tum
1191 1761 1457 1803 muneribus:
1484 1760 1555 1802 vel
1580 1764 1699 1802 certe
1725 1758 1810 1811 ipsi
1834 1769 1908 1810 pa-

1080 1821 1238 1868 rentes,
1259 1831 1357 1871 quae
1372 1818 1470 1859 Deo
1490 1817 1748 1859 consecrata
1762 1815 1909 1856 cerne-

1080 1875 1200 1926 bant,
1227 1887 1281 1916 ne
1302 1874 1516 1925 sacrilegii
1535 1873 1699 1916 crimen
1717 1872 1907 1913 incurre-

1081 1937 1195 1982 rent,
1227 1931 1514 1981 declinantes,
1548 1931 1744 1982 egestate
1776 1926 1907 1969 confi-

1081 1989 1319 2031 ciebantur.
1351 1989 1501 2041 Atque
1518 1987 1580 2029 ita
1598 1985 1749 2035 fiebat,
1765 1989 1815 2026 ut
1834 1982 1907 2025 ob-

1081 2046 1187 2088 latio
1243 2045 1485 2087 liberorum
1542 2043 1624 2085 sub
1677 2041 1908 2084 occasione

1082 2103 1235 2156 templi
1254 2108 1299 2144 et
1316 2103 1411 2153 Dei,
1430 2102 1474 2143 in
1493 2100 1774 2143 sacerd6tum
1787 2097 1909 2139 lucra

1082 2160 1270 2201 cederet.

1137 2218 1186 2257 R·.
1211 2216 1564 2259 Lamentabatur.
1583 2216 1670 2256 163.

1134 2273 1206 2314 Ad
1227 2273 1388 2314 Bened.
1415 2273 1515 2314 Ant.
1543 2271 1704 2314 Audite
1726 2274 1770 2311 et
1786 2266 1908 2310 intel-

1083 2329 1202 2381 ligite
1220 2330 1243 2355 *
1263 2329 1537 2379 traditiOnes,
1562 2341 1671 2381 quas
1693 2325 1910 2368 Duminus

1084 2385 1205 2428 dedit
1222 2386 1359 2428 nobis.

1420 2432 1583 2473 Oratio.

1084 2483 1301 2588 Praesta
1339 2494 1484 2544 nobis,
1530 2496 1782 2546 quaesumus
1821 2492 1909 2533 Do-

1182 2551 1314 2592 mine:
1356 2557 1405 2592 ut
1443 2550 1707 2592 salutaribus
1742 2549 1909 2601 jejuniis

1086 2606 1255 2657 eruditi,
1280 2620 1305 2648 a
1324 2607 1466 2648 noxiis
1487 2619 1662 2660 quoque
1681 2605 1795 2647 vitiis
1814 2605 1909 2646 abs-

1085 2664 1287 2713 tinentes,
1319 2664 1676 2716 propitiationem
1702 2667 1824 2704 tuam
1851 2661 1909 2702 fa-

1087 2720 1209 2761 cilius
1233 2720 1528 2773 impetremus.
1560 2721 1646 2762 Per
1663 2719 1910 2762 Dominum.
