2066 2904
521 153 594 187 Die
616 152 668 186 25.
693 151 795 193 Maii.
842 151 877 185 S.
902 151 1082 195 Gregorii
1106 150 1188 185 VH.
1212 150 1332 194 Papae
1356 155 1393 185 et
1417 151 1526 186 Conf.

173 260 273 289 eum
291 247 507 288 Dominus
524 245 707 286 loricam
726 243 846 294 fidei,
871 248 915 286 et
938 257 1004 285 or-

172 303 294 345 navit
318 316 428 344 eum.
464 303 521 343 Et
540 301 596 343 ad
614 306 779 354 portas.

472 373 625 414 Lectio
646 374 699 413 vi.

249 439 410 479 umque
434 439 486 468 ea
508 428 712 478 tempora
730 427 846 468 vitiis
866 427 1005 468 crimi-

262 483 479 535 nibusque
498 481 814 532 redundarent,
841 487 885 524 et
910 496 1003 524 cru-

150 540 284 582 entis
312 538 575 580 factionibus
605 538 649 578 in
676 538 821 588 Italia,
858 538 1004 580 divina

168 596 450 646 humanaque
494 595 640 636 omnia
684 597 902 647 permixta
939 608 1003 636 es-

171 657 282 702 sent,
306 650 604 693 Bernardinus
622 650 755 692 urbes
775 656 908 702 atque
928 654 1003 703 op-

170 709 275 761 pida
304 711 587 758 concursans,
614 708 659 747 in
686 708 862 749 nomine
887 708 1004 757 Jesu,

172 778 303 817 quem
327 777 502 816 semper
524 764 569 804 in
595 776 671 805 ore
697 769 740 805 et
758 764 802 803 in
821 766 1004 816 pectore

170 820 369 871 gerebat,
398 819 640 872 collapsam
659 820 888 872 pietatem,
915 832 1003 860 mo-

171 879 330 928 resque
361 875 498 917 verbo
532 881 576 918 et
608 876 812 928 exemplo
845 889 1004 927 magna

172 945 226 974 ex
247 938 374 985 parte
397 933 601 974 restituit:
627 945 714 984 quo
738 932 902 973 factum
926 937 1004 981 est,

169 994 218 1030 ut
263 988 492 1041 praeclarae
536 989 736 1030 civitates
778 1001 877 1029 eum
921 988 1003 1030 sibi

170 1047 429 1097 episcopum
449 1057 474 1085 a
492 1044 671 1085 Summo
692 1044 907 1086 Pontifice
926 1058 1003 1096 po-

170 1101 397 1143 stularent:
423 1099 543 1152 quod
567 1100 640 1141 ille
665 1114 822 1141 munus
842 1101 1004 1143 invicta

169 1156 414 1198 humilitate
452 1157 806 1198 constantissime
842 1157 1003 1207 rejecit.

170 1213 373 1264 Denique
399 1213 466 1254 vir
488 1212 573 1254 Dei
597 1212 820 1253 immensis
844 1212 1002 1254 labori-

169 1268 252 1310 bus
281 1267 536 1318 exhaustus,
568 1268 716 1310 multis
743 1271 1003 1320 magnisque

171 1324 300 1366 editis
332 1324 571 1373 miraculis,
611 1324 734 1365 libris
767 1325 898 1365 etiam
930 1324 1002 1376 pie

171 1379 391 1431 docteque
412 1380 684 1432 conscriptis,
704 1393 803 1421 cum
819 1380 1003 1421 vixisset
1060 1383 1068 1405 ²
1097 1398 1117 1423 μ
1139 1400 1150 1421 ε

170 1448 308 1477 annos
340 1448 418 1477 sex
449 1448 501 1476 ac
534 1438 777 1486 sexaginta,
818 1436 861 1476 in
894 1435 1003 1477 urbe

171 1491 333 1543 Aquila
356 1491 399 1531 in
422 1491 619 1532 Vestinis
643 1491 776 1532 beato
801 1491 887 1532 fine
912 1491 1002 1543 qui-

172 1547 270 1588 evit.
300 1547 440 1596 Quem
458 1547 585 1588 novis
599 1547 644 1587 in
660 1546 753 1588 dies
769 1549 1001 1588 coruscan-

170 1607 260 1644 tem
271 1603 416 1654 signis,
436 1615 551 1643 anno
564 1607 670 1655 post
682 1603 851 1644 obitum
863 1608 1002 1652 sexto,

170 1658 381 1700 Nicolaus
421 1659 597 1710 quintus
628 1659 834 1700 Pontifex
866 1659 1000 1700 Maxi-

169 1727 266 1810 mills
301 1714 345 1754 in
380 1716 633 1756 sanctorum
669 1718 899 1756 numerum
937 1717 1000 1756 re-

169 1774 217 1811 tu
235 1770 279 1812 it.

220 1827 271 1879 Rz.
298 1826 389 1867 Iste
408 1825 553 1867 homo.
572 1826 656 1878 [89]

219 1887 263 1922 In
287 1888 352 1922 111.
374 1888 575 1923 Nocturno
598 1888 772 1922 Homilia
796 1888 835 1921 in
852 1888 998 1931 Evang.

167 1936 268 1971 Ecce
280 1947 364 1971 nos.
381 1936 429 1970 de
444 1936 588 1971 Comm.
604 1936 745 1970 Abbat.
766 1935 793 1969 1.
807 1936 906 1970 loco.
929 1939 1000 1982 [97]

434 2023 518 2064 Die
536 2025 604 2064 25.
623 2024 735 2075 Maji.

195 2090 239 2130 S.
259 2090 489 2140 Gregorii
506 2091 615 2132 VII.
634 2091 769 2140 Papae
788 2093 832 2129 et
852 2089 972 2129 Conf.

500 2150 666 2194 Duplex.

220 2206 359 2241 Omnia
393 2206 441 2240 de
470 2206 616 2241 Comm.
645 2206 755 2241 Conf.
784 2206 894 2240 Pont.
930 2211 999 2255 [66]

167 2259 309 2298 praeter
331 2264 438 2298 sequ.

499 2305 664 2346 Oratio.

167 2365 332 2471 Deus
355 2371 400 2411 in
418 2377 462 2413 te
483 2373 754 2424 sperantium
773 2374 1000 2424 fortitudo,

269 2427 344 2478 qui
380 2426 561 2468 beatum
593 2428 855 2479 Gregorium
891 2431 999 2471 Con-

169 2482 381 2523 fessorem
412 2487 537 2524 tuum
568 2488 701 2535 atque
729 2485 1000 2535 Pontificem,

168 2550 252 2589 pro
275 2537 440 2579 tuenda
459 2538 672 2580 Ecclesiae
691 2540 897 2582 libertate
916 2542 998 2581 vir-

167 2595 262 2633 tute
286 2595 548 2635 constantiae
572 2594 808 2637 roborasti:
843 2596 900 2637 da
924 2610 998 2638 no—

167 2648 235 2689 bis
255 2649 346 2700 ejus
365 2650 584 2702 exemplo,
610 2656 654 2692 et
671 2651 996 2702 intercessione,

1828 147 1894 182 517

1059 244 1205 285 omnia
1242 242 1522 284 adversantia
1559 243 1732 284 fortiter
1764 256 1890 296 supe-

1058 302 1167 341 rare.
1202 300 1287 340 Per
1306 299 1557 340 Dominum.

1106 361 1154 395 Et
1174 361 1215 395 fit
1237 362 1333 395 com.
1356 361 1392 395 S.
1408 361 1557 396 Urbani
1578 362 1604 396 Ι.
1629 363 1697 405 Pp.
1720 367 1756 396 et
1779 363 1886 396 Mart.

1108 413 1208 453 Ant.
1242 412 1341 452 Lux
1365 413 1581 463 perpetua
1605 412 1770 454 lucebit
1796 426 1890 454 san-

1058 468 1141 508 ctis
1159 468 1245 509 tuis
1259 467 1462 516 Domine,
1482 472 1526 508 et
1545 468 1768 509 aeternitas
1785 470 1891 510 tem-

1058 537 1228 576 porum,
1249 523 1432 575 alleluja.

1106 583 1157 630 V.
1178 580 1326 621 Sancti
1346 586 1391 621 et
1407 580 1507 631 justi
1523 581 1567 620 in
1582 581 1774 622 Domino
1790 594 1891 631 gau-

1059 636 1177 685 dete,
1204 636 1386 688 alleluja.
1420 639 1471 691 R.
1498 637 1594 677 Vos
1615 636 1748 687 elegit
1767 638 1890 678 Deus

1057 693 1101 732 in
1120 693 1427 734 haereditatem
1447 693 1540 742 sibi,
1562 692 1746 745 alleluja.

1389 763 1555 804 Oratio.

1057 814 1171 919 Da
1192 821 1443 870 quaesumus
1460 822 1740 872 omnipotens
1755 820 1892 860 Deus:

1163 880 1212 916 ut
1240 876 1316 927 qui
1342 875 1461 917 beati
1488 876 1658 918 Urbani
1686 876 1892 927 Martyris

1057 931 1119 972 tui
1144 935 1277 983 atque
1295 932 1523 973 Pontificis
1550 933 1761 973 solemnia
1789 932 1891 973 coli-

1057 1000 1169 1037 mus,
1190 989 1281 1039 ejus
1301 987 1420 1040 apud
1438 994 1483 1030 te
1502 988 1891 1031 intercessionibus

1057 1044 1323 1096 adjuvemur.
1351 1045 1436 1086 Per
1455 1045 1705 1086 Dominum.

1106 1117 1149 1150 In
1178 1117 1205 1151 Ι.
1236 1118 1435 1151 Nocturno
1474 1116 1680 1150 Lectiones
1714 1116 1761 1149 de
1790 1115 1888 1149 Scri-

1054 1169 1167 1208 ptura
1192 1171 1427 1199 occurrente.

1288 1239 1338 1277 In
1366 1239 1417 1277 II.
1441 1238 1666 1277 Noeturno.

1358 1307 1510 1347 Lectio
1532 1306 1586 1345 iv.

1174 1368 1388 1417 regorius
1412 1367 1535 1419 Papa
1559 1368 1791 1418 septimus,
1819 1370 1889 1407 an-

1089 1420 1183 1479 {QQ
1205 1427 1277 1464 tea
1297 1423 1644 1472 Hildebrandus,
1668 1423 1826 1464 Suanae
1847 1424 1891 1463 in

1116 1478 1181 1506 *Α
1205 1480 1381 1520 Etruria
1399 1484 1539 1529 natus,
1559 1478 1770 1528 doctrina,
1795 1492 1889 1519 san-

1056 1536 1224 1586 ctitate,
1254 1538 1462 1586 omnique
1491 1535 1702 1576 virtutum
1729 1536 1890 1585 genere

1056 1605 1155 1633 cum
1186 1592 1339 1644 primis
1371 1591 1548 1641 nobilis,
1582 1591 1766 1632 mirifice
1799 1591 1890 1631 uni-

1056 1650 1229 1689 versam
1257 1648 1341 1689 Dei
1372 1647 1608 1688 illustravit
1635 1647 1890 1688 Ecclesiam.

1057 1705 1167 1745 Cum
1191 1704 1403 1757 parvulus
1430 1704 1486 1744 ad
1512 1703 1625 1744 fabri
1648 1703 1766 1754 ligna
1786 1702 1887 1744 edo-

1053 1761 1184 1802 lantis
1195 1759 1345 1813 pedes,
1360 1761 1446 1812 jam
1458 1760 1703 1801 litterarum
1715 1759 1888 1809 inscius,

1053 1816 1237 1866 luderet,
1258 1829 1313 1857 ex
1332 1816 1505 1868 rejectis
1525 1822 1671 1857 tamen
1692 1818 1887 1866 segmen-

1053 1873 1110 1914 tis
1135 1873 1208 1913 illa
1233 1872 1437 1913 Davidici
1464 1872 1679 1914 elementa
1707 1872 1889 1914 oraculi:

1053 1929 1365 1970 Dominabitur
1387 1942 1413 1969 a
1433 1929 1543 1969 mari
1562 1942 1703 1980 usque
1723 1929 1779 1970 ad
1800 1942 1887 1969 ma-

1053 1997 1116 2026 re:
1132 1997 1237 2025 casu
1254 1985 1468 2026 formasse
1483 1987 1695 2034 narratur,
1711 1998 1887 2025 manum

1052 2040 1179 2092 pueri
1198 2040 1409 2081 ductante
1428 2041 1630 2090 Numine,
1652 2054 1740 2092 quo
1760 2040 1887 2091 signi-

1053 2096 1270 2145 ficaretur,
1290 2097 1382 2148 ejus
1398 2096 1493 2137 fore
1512 2097 1826 2149 amplissimam
1843 2097 1887 2137 in

1052 2152 1217 2194 mundo
1242 2153 1562 2194 auctoritatem.
1600 2154 1789 2194 Romam
1814 2153 1886 2194 de-

1053 2207 1155 2249 inde
1169 2209 1396 2260 profectus
1410 2208 1491 2250 sub
1502 2209 1780 2261 protectione
1792 2223 1886 2250 san-

1054 2264 1113 2305 cti
1130 2264 1250 2306 Petri
1270 2264 1483 2305 educatus
1504 2269 1582 2305 est.
1609 2265 1635 2305 J
1636 2266 1791 2306 uvenis
1806 2266 1886 2307 Ec-

1053 2320 1200 2362 clesiae
1229 2320 1479 2362 libertatem
1507 2334 1532 2361 a
1556 2321 1680 2362 laicis
1705 2324 1886 2374 oppres-

1053 2387 1163 2426 sam,
1189 2389 1241 2418 ac
1267 2376 1535 2428 depravatos
1553 2377 1885 2419 Ecclesiastico-

1053 2443 1151 2472 rum
1168 2445 1315 2473 mores
1334 2431 1635 2473 vehementius
1656 2432 1822 2484 dolens,
1842 2435 1885 2475 in

1054 2486 1330 2529 Cluniacensi
1366 2488 1653 2538 monasterio,
1690 2489 1765 2531 ubi
1803 2490 1884 2531 sub

1051 2543 1203 2593 regula
1223 2543 1363 2584 sancti
1382 2542 1611 2584 Benedicti
1631 2546 1886 2586 austerioris

1051 2598 1154 2640 vitae
1179 2599 1459 2640 observantia
1486 2611 1539 2639 eo
1568 2601 1771 2652 tempore
1797 2604 1884 2642 ma-

1051 2653 1167 2695 xime
1203 2654 1398 2705 vigebat,
1441 2655 1647 2697 monachi
1684 2656 1884 2698 habitum
