2028 2892
785 183 983 217 Dominica
1009 185 1046 217 in
1071 185 1194 219 Albis.

141 271 210 310 De
241 270 441 322 Epistola
467 270 586 312 beati
613 273 738 314 Pauli
765 275 971 326 Apostoli

366 325 423 367 ad
449 326 746 370 Colossenses.

243 394 395 435 Lectio
416 396 438 434 i.
707 398 807 449 Cap.
828 400 863 437 3.

145 449 256 502 fxi
289 452 625 492 consurrexistis
655 465 754 493 cum
781 453 969 496 Christo:

145 465 236 562 §Q
259 517 357 556 quae
374 519 548 547 sursum
563 512 664 548 sunt
680 510 874 560 quaerite,
893 510 969 551 ubi

148 543 235 590 D),
256 560 454 602 Christus
492 567 558 613 est
594 564 638 604 in
672 563 854 606 dextera
884 566 969 607 Dei

140 616 315 657 sedens:
349 630 447 668 quae
482 631 654 660 sursum
687 625 788 661 sunt
815 622 968 674 sapite,

140 684 229 712 non
266 685 365 724 quae
402 686 533 725 super
570 679 743 716 terram.
806 677 969 718 Mortui

140 728 255 768 enim
275 729 397 778 estis,
426 735 470 771 et
492 731 583 771 vita
607 736 756 772 vestra
781 737 848 774 est
873 733 967 774 abs-

139 783 318 824 condita
337 797 437 825 cum
457 785 632 828 Christo
650 787 694 827 in
713 788 822 829 Deo.
859 789 968 830 Cum

141 838 341 880 Christus
375 843 644 893 apparuerit,
684 843 774 885 vita
805 850 967 886 vestra:

138 898 244 935 tunc
269 900 313 936 et
336 909 417 937 vos
448 898 719 949 apparebitis
744 911 844 940 cum
867 901 966 952 ipso

136 950 180 990 in
198 951 349 1001 gloria.
370 952 635 995 Mortificate
651 966 755 1005 ergo
769 956 967 997 membra

137 1011 293 1056 vestra,
310 1020 409 1059 quae
425 1013 526 1049 sunt
541 1022 675 1061 super
691 1015 864 1052 terram:
883 1012 966 1053 for-

136 1062 417 1113 nicationem,
452 1065 788 1116 immunditiam,
828 1067 966 1109 libidi-

136 1130 252 1167 nem,
286 1121 687 1171 concupiscentiam
714 1122 889 1172 malam,
922 1128 966 1164 et

136 1174 380 1224 avaritiam,
411 1188 509 1227 quae
538 1181 605 1217 est
632 1177 965 1219 simulacrorum

136 1230 341 1271 servitus:
383 1236 568 1283 propter
610 1245 708 1284 quae
744 1235 865 1276 venit
901 1235 966 1275 ira

135 1285 221 1327 Dei
245 1299 378 1338 super
406 1287 522 1328 filios
550 1288 885 1331 incredulitatis:
920 1290 965 1330 in

136 1341 294 1392 quibus
319 1347 363 1383 et
386 1355 466 1383 vos
492 1342 751 1385 ambulastis
770 1345 964 1396 aliquan-

136 1396 205 1447 do,
227 1410 327 1438 cum
345 1398 551 1439 viveretis
569 1399 615 1439 in
632 1399 729 1440 illis.

185 1470 236 1522 R.
278 1466 475 1518 Angelus
514 1467 694 1508 Domini
735 1467 965 1510 descendit

135 1520 190 1562 de
210 1522 335 1571 coelo,
355 1526 399 1563 et
417 1522 633 1564 accedens
652 1523 840 1565 revolvit
857 1524 962 1577 lapi-

134 1576 251 1626 dem,
280 1582 324 1619 et
346 1590 480 1629 super
506 1591 605 1619 eum
628 1579 756 1629 sedit,
786 1584 830 1621 et
854 1580 964 1621 dixit

133 1633 402 1674 mulieribus:
433 1638 455 1661 *
487 1634 635 1675 Nolite
667 1635 837 1676 timere:
869 1636 962 1677 scio

133 1689 248 1730 enim
298 1689 401 1740 quia
450 1690 706 1732 crucifixum
752 1691 962 1743 quaeritis:

132 1745 217 1796 jam
243 1745 446 1786 surrexit:
474 1748 635 1795 venite,
664 1751 708 1787 et
731 1746 878 1788 videte
901 1747 961 1788 lo-

132 1812 241 1849 cum,
260 1799 335 1841 ubi
353 1801 524 1852 positus
546 1806 640 1842 erat
657 1802 883 1851 Dominus,
904 1803 961 1843 al-

131 1855 270 1907 leluja.
305 1853 355 1904 W.
380 1857 438 1897 Et
456 1857 730 1899 introeuntes
749 1859 793 1898 in
811 1871 961 1899 monu-

131 1914 342 1961 mentum,
367 1911 570 1953 viderunt
588 1914 789 1964 juvenem
809 1913 960 1955 seden-

130 1972 221 2008 tem
252 1969 296 2008 in
328 1967 511 2018 dextris,
554 1970 814 2020 coopertum
847 1969 960 2010 stola

131 2023 334 2073 candida,
362 2028 406 2064 et
432 2023 767 2076 obstupuerunt:
800 2026 874 2076 qui
899 2024 959 2065 di-

129 2078 193 2120 xit
211 2078 307 2119 illis.
333 2079 482 2121 Nolite
501 2080 666 2121 timere.

442 2158 594 2198 Lectio
614 2159 653 2198 ii.

223 2233 308 2261 unc
336 2226 482 2262 autem
510 2221 718 2273 deponite
743 2226 787 2262 et
810 2234 889 2262 vos
914 2224 957 2262 o-

233 2276 366 2316 mnia:
380 2277 500 2325 iram,
510 2277 862 2327 indignationem,
877 2289 957 2317 ma·

129 2331 280 2381 litiam,
309 2331 643 2384 blasphemiam,
671 2337 845 2384 turpem
869 2344 955 2372 ser-

128 2388 303 2428 monem
323 2387 378 2428 de
398 2400 474 2428 ore
492 2393 652 2428 vestro.
672 2388 820 2428 Nolite
839 2400 954 2428 men-

128 2442 200 2483 tiri
217 2443 413 2492 invicem,
434 2443 728 2495 exspoliantes
746 2455 824 2483 vos
839 2444 953 2483 vete-

128 2510 221 2538 rem
241 2497 464 2539 hominem
483 2511 582 2539 cum
601 2498 772 2539 actibus
792 2498 890 2546 suis,
912 2502 955 2538 et

127 2553 357 2595 induentes
376 2566 539 2594 novum
555 2567 664 2603 eum,
686 2555 760 2605 qui
774 2555 953 2594 renova-

128 2612 199 2648 tur
225 2609 270 2649 in
298 2610 566 2660 agnitionem
589 2609 827 2650 secundum
849 2609 952 2648 ima-

1781 191 1848 226 269

1022 289 1110 318 non
1143 283 1210 319 est
1238 279 1438 331 Gentilis,
1471 288 1514 324 et
1540 284 1735 334 Judaeus,
1769 287 1846 327 cir-

1023 334 1244 383 cumcisiO,
1263 340 1306 376 et
1319 339 1594 388 praeputium,
1612 340 1846 391 Barbarus,

1023 393 1067 429 et
1084 389 1261 440 Scytha,
1290 403 1457 442 servus,
1486 398 1529 435 et
1552 394 1675 436 liber:
1703 396 1782 437 sed
1802 399 1845 437 o-

1021 444 1153 493 mnia,
1181 450 1224 486 et
1248 446 1292 485 in
1317 447 1518 489 omnibus
1537 449 1744 492 Christus.
1778 453 1845 492 In-

1023 498 1142 541 duite
1178 513 1258 541 vos
1296 514 1401 552 ergo
1441 504 1554 545 sicut
1590 505 1716 547 electi
1751 507 1845 556 Dei,

1021 555 1176 604 sancti,
1209 561 1252 597 et
1284 556 1449 607 dilecti,
1483 562 1651 602 viscera
1682 562 1844 603 miseri-

1021 610 1196 660 cordiae,
1211 611 1534 664 benignitatem,
1549 615 1845 668 humilitatem,

1020 666 1294 717 modestiam,
1308 669 1578 720 patientiam:
1594 675 1846 724 supportan-

1020 725 1088 762 tes
1107 723 1304 773 invicem,
1325 729 1369 765 et
1389 724 1601 767 donantes
1620 727 1846 770 vobismet-

1019 777 1142 828 ipsis,
1163 778 1199 818 si
1219 780 1315 830 quis
1336 779 1546 822 adversus
1566 782 1755 834 aliquem
1773 783 1844 824 ha-

1020 832 1096 873 bet
1130 834 1367 885 querelam:
1403 836 1518 878 sicut
1555 843 1598 879 et
1628 839 1844 880 Dominus

1021 887 1201 930 donavit
1220 890 1355 940 vobis,
1374 891 1435 932 ita
1455 897 1498 933 et
1515 905 1605 934 vos.

1105 977 1123 995 ν.
1153 954 1348 1004 Angelus
1374 955 1551 997 Domini
1576 957 1750 999 locutus
1777 965 1843 1001 est

1018 1021 1063 1048 m
1111 1008 1289 1059 ieribus,
1322 1010 1485 1052 dicens:
1518 1013 1658 1062 Quem
1690 1015 1843 1065 quaeri-

1018 1062 1099 1104 tis?
1120 1077 1174 1104 an
1193 1065 1217 1105 J
1220 1077 1343 1106 esum
1362 1067 1579 1117 quaeritis?
1603 1069 1687 1119 jam
1706 1072 1843 1111 surre-

1018 1119 1096 1160 xit:
1132 1124 1153 1146 *
1181 1121 1356 1172 Venite,
1390 1126 1434 1163 et
1464 1123 1625 1174 videte,
1658 1125 1842 1177 alleluja,

1019 1174 1199 1227 alleluja.
1239 1173 1287 1223 Y.
1313 1177 1338 1217 J
1340 1190 1462 1218 esum
1487 1179 1679 1230 quaerifis
1704 1181 1841 1221 Naza-

1018 1232 1170 1272 renum
1204 1233 1482 1273 crucifixum?
1519 1236 1724 1285 surrexit,
1755 1249 1842 1277 non

1019 1291 1086 1327 est
1103 1286 1184 1328 hic.
1212 1288 1381 1339 Venite,
1403 1294 1446 1330 et
1463 1289 1619 1331 videte.

1319 1370 1468 1409 Lectio
1490 1371 1542 1409 iii.

1086 1448 1196 1487 uper
1220 1437 1366 1477 omnia
1389 1442 1533 1479 autem
1551 1439 1662 1489 haec,
1688 1443 1840 1484 carita-

1101 1496 1191 1532 tem
1209 1491 1379 1541 habete,
1396 1493 1515 1544 quod
1535 1500 1601 1535 est
1620 1497 1839 1538 vinculum

1015 1547 1311 1598 perfectionis:
1337 1552 1380 1589 et
1403 1561 1491 1600 pax
1516 1549 1676 1592 Christi
1699 1553 1838 1594 exsul-

1015 1607 1079 1643 tet
1102 1603 1146 1642 in
1172 1603 1378 1644 cordibus
1403 1605 1576 1654 vestris,
1610 1606 1654 1646 in
1684 1620 1769 1659 qua
1795 1613 1839 1649 et

1015 1659 1161 1699 vocati
1177 1659 1280 1699 estis
1294 1659 1338 1699 in
1353 1671 1439 1700 uno
1456 1662 1655 1712 corpore:
1670 1669 1714 1704 et
1727 1664 1839 1714 grati

1016 1715 1169 1754 estote.
1202 1714 1399 1755 Verbum
1423 1715 1583 1757 Christi
1607 1717 1772 1760 habitet
1795 1720 1838 1759 in

1015 1769 1141 1810 vobis
1160 1769 1448 1821 abundanter,
1471 1772 1515 1811 in
1537 1774 1654 1813 omni
1671 1775 1837 1826 sapien-

1014 1825 1084 1874 tia,
1103 1825 1325 1875 docentes,
1341 1831 1385 1867 et
1400 1830 1725 1870 commonentes
1742 1843 1837 1871 vos-

1013 1883 1240 1932 metipSOS,
1259 1881 1454 1933 psalmis,
1473 1882 1660 1934 hymnis,
1679 1889 1723 1925 et
1741 1887 1836 1926 can-

1013 1937 1110 1978 ticis
1143 1937 1461 1988 spiritualibus,
1492 1938 1537 1978 in
1567 1940 1708 1989 gratia
1739 1953 1835 1981 can-

1012 1994 1156 2033 tantes
1201 1993 1244 2032 in
1289 1992 1495 2034 cordibus
1532 1995 1691 2035 vestris
1726 1995 1834 2036 Deo.

1013 2048 1167 2097 Omne,
1193 2047 1500 2100 quodcumque
1517 2049 1662 2090 facitis
1679 2050 1723 2090 in
1743 2063 1833 2091 ver-

1011 2102 1069 2144 bo
1089 2108 1164 2144 aut
1181 2104 1225 2144 in
1250 2106 1400 2156 opere,
1427 2105 1571 2145 omnia
1594 2105 1639 2145 in
1659 2105 1833 2146 nomine

1010 2158 1188 2199 Domini
1206 2159 1231 2199 J
1234 2171 1311 2200 esu
1331 2159 1506 2208 Christi,
1525 2160 1687 2210 gratias
1706 2162 1831 2210 agen-

1010 2218 1077 2254 tes
1095 2215 1192 2255 Deo
1213 2219 1257 2255 et
1274 2215 1395 2255 Patri
1413 2227 1492 2265 per
1509 2214 1662 2265 ipsum.

1065 2278 1115 2328 R.
1127 2278 1236 2318 Cum
1250 2280 1477 2319 transisset
1487 2277 1728 2327 sabbatum,
1741 2278 1830 2319 Ma-

1008 2334 1073 2372 ria
1090 2333 1365 2383 Magdalene,
1386 2337 1428 2373 et
1445 2332 1581 2372 Maria
1599 2332 1623 2372 J
1626 2333 1768 2382 acobi,
1787 2339 1830 2375 et

1007 2387 1181 2429 Salome
1201 2389 1396 2429 emerunt
1415 2389 1620 2436 aromata,
1641 2389 1662 2411 *
1683 2388 1741 2429 Ut
1758 2401 1829 2430 ve-

1007 2444 1177 2484 nientes
1204 2446 1414 2503 ungerent
1442 2442 1466 2481 J
1469 2454 1609 2491 esum,
1645 2443 1828 2495 alleluja,

1007 2498 1188 2549 alleluja.
1248 2494 1295 2539 V·
1329 2498 1386 2537 Et
1420 2496 1548 2537 valde
1584 2510 1711 2540 mane
1742 2512 1829 2540 una

1007 2553 1289 2594 sabbatorum
1307 2552 1483 2592 veniunt
1503 2551 1561 2593 ad
1578 2557 1828 2595 monumen-

993 2613 1109 2657 tum,
1129 2613 1227 2649 orto
1245 2609 1329 2658 jam
1348 2606 1451 2647 sole.
1481 2607 1550 2647 Ut.
1580 2608 1731 2650 Gloria
1748 2610 1826 2649 Pa-

127 2663 273 2713 ginem
293 2665 398 2715 ejus,
423 2665 498 2716 qui
521 2665 685 2705 creavit
703 2664 835 2704 illum.
867 2662 953 2704 Ubi
1004 2663 1072 2703 tri.
1100 2663 1168 2704 Ut.

282 2804 346 2828 Pars
361 2804 455 2829 Verna.

1557 2790 1620 2823 18*
