2028 2892
162 203 236 238 288
565 201 984 234 lunzzllebdonuuhun
1016 200 1048 232 ii
1078 199 1270 242 post(]ct
1300 200 1469 233 Pascha2

162 299 246 351 ipsi
263 299 532 350 exspectant,
551 295 918 338 resurrectionem
934 293 995 334 fu-

162 358 305 396 turam
325 354 554 404 justarum,
579 357 623 394 et
646 352 907 403 iniquarum.
945 350 995 390 In

162 410 247 451 hoc
266 415 309 451 et
328 410 424 462 ipse
445 409 603 451 studeo
619 408 712 449 sine
729 405 994 448 offendiculo

162 467 475 508 conscientiam
499 465 663 506 habere
688 462 746 505 ad
768 464 926 511 Deum,
951 467 996 503 et

162 522 218 564 ad
239 522 438 564 hemines
457 534 642 574 semper.

220 587 264 635 K-
292 582 490 624 Christus
510 585 756 633 resurgens.
782 579 876 621 267.

478 658 684 697 I.ccth›it

163 718 316 823 Post
331 735 469 764 annos
484 727 630 763 autem
644 721 792 773 plures
809 719 994 760 eleeme-

266 791 396 830 synas
420 779 615 819 facturus
639 778 683 817 in
707 781 884 827 gentem
906 787 992 815 me-

162 848 243 883 am,
262 835 372 884 veni,
393 839 437 876 et
456 834 712 882 oblationes,
733 836 777 873 et
796 835 911 872 vota.
942 831 993 870 In

163 891 321 943 quibus
344 891 603 932 invenerunt
621 902 691 930 me
713 887 994 941 purificatum

161 947 205 988 in
231 947 414 999 templo:
442 959 530 987 non
555 959 655 987 cum
679 944 822 993 turba,
850 955 994 995 neque

162 1016 260 1044 cum
291 1002 492 1044 tumultu.
547 1001 736 1053 Quidam
765 1005 911 1042 autem
940 1013 994 1041 ex

162 1059 268 1100 Asia
291 1058 448 1108 Juda'ei,
477 1071 588 1111 quos
614 1058 850 1110 oportebat
875 1055 995 1109 apud

161 1121 206 1157 te
225 1120 391 1168 praesto
412 1128 520 1164 esse,
541 1119 584 1156 et
603 1116 812 1156 accusare
832 1114 868 1154 si
889 1112 993 1165 quid

162 1171 376 1213 haberent
395 1171 630 1213 adversum
648 1183 732 1212 me:
752 1175 827 1211 aut
845 1170 891 1210 hi
909 1169 995 1221 ipsi

163 1227 310 1268 dicant
327 1228 363 1268 si
380 1227 486 1279 quid
501 1228 761 1268 invenerunt
775 1227 818 1267 in
833 1238 904 1267 me
918 1226 993 1266 ini-

163 1284 342 1335 quitatis
363 1296 462 1324 cum
484 1288 597 1325 stem
616 1284 660 1324 in
685 1283 887 1332 concilio,
910 1282 995 1323 nisi

164 1339 219 1381 de
242 1352 328 1380 una
346 1339 429 1381 hac
453 1339 733 1381 solummodo
759 1351 884 1388 voce,
909 1351 996 1390 qua

163 1395 349 1436 clamavi
373 1396 487 1437 inter
511 1409 588 1437 eos
615 1401 750 1437 stans:
779 1395 995 1445 Queniam

163 1451 218 1492 de
251 1452 573 1493 resurrectiene
605 1454 880 1493 mortuarum
912 1463 994 1502 ego

163 1507 333 1558 judicor
352 1507 484 1549 hedie
504 1520 529 1547 a
548 1507 686 1549 vobis.

218 1573 262 1621 Ιςι.
291 1567 489 1609 Surrexit
506 1573 670 1620 pastor.
697 1568 795 1609 270.

466 1644 692 1683 Ῐ,υυῖὴ]ἰὶἰ

250 1706 389 1747 istulit
408 1710 553 1747 autem
573 1705 673 1747 illos
692 1705 829 1755 Felix,
849 1708 996 1748 certis-

267 1762 376 1803 sime
395 1762 537 1803 sciens
556 1761 611 1803 de
630 1762 699 1802 via
716 1762 810 1812 hac,
830 1761 995 1804 dicens:

162 1818 273 1859 Cum
297 1818 500 1859 tribunus
524 1818 679 1869 Lysias
706 1817 995 1867 descenderit,

162 1873 339 1916 audiam
366 1886 457 1915 vos.
497 1874 722 1926 Jussitque
751 1874 996 1915 centurioni

163 1929 388 1971 custodire
408 1942 518 1979 eum,
541 1934 585 1971 et
603 1929 766 1971 habere
786 1930 995 1981 requiem,

162 1998 244 2027 nec
272 1998 537 2038 quemquam
562 1985 617 2027 de
643 1986 734 2027 suis
759 1985 995 2038 prohibere

161 2042 409 2084 ministrare
433 2042 483 2083 ei.
521 2042 631 2083 Post
655 2042 824 2094 aliquot
849 2047 996 2083 autem

164 2098 258 2139 dies
293 2098 474 2139 veniens
508 2098 632 2139 Felix
669 2110 768 2139 cum
801 2098 995 2139 Drusilla

163 2156 301 2195 uxere
320 2166 415 2204 sua,
438 2166 537 2206 quae
557 2159 651 2195 erat
670 2153 841 2203 Judatea,
866 2156 994 2196 voca-

162 2210 224 2251 vit
237 2210 434 2259 Paulum,
454 2214 498 2251 et
516 2209 684 2252 audivit
704 2210 758 2251 ab
776 2222 830 2251 eo
850 2210 994 2261 fidem,

163 2278 262 2317 quae
291 2271 359 2308 est
386 2266 430 2306 in
455 2265 676 2307 Christum
699 2266 723 2307 J
727 2279 861 2307 esum.
898 2267 994 2308 Dis—

162 2324 346 2374 putante
374 2327 521 2364 autem
549 2322 624 2363 illo
654 2322 709 2364 de
736 2323 919 2373 justitia,
951 2328 995 2364 et

164 2378 378 2428 castitate,
404 2383 448 2419 et
468 2378 524 2420 de
546 2377 706 2430 jud1'cio
726 2378 886 2427 futuro,
909 2384 994 2420 tre-

163 2433 376 2475 mefactus
413 2433 537 2475 Felix
574 2433 823 2486 respondit:
864 2435 995 2485 Quod

163 2501 278 2530 nunc
297 2490 461 2540 attinet,
482 2489 608 2531 vade:
627 2492 828 2542 tempore
847 2496 995 2532 autem

164 2549 418 2596 opportuno
447 2548 670 2587 accersam
697 2551 760 2587 te:
793 2546 921 2587 simul
950 2552 995 2589 et

163 2613 356 2651 sperans,
377 2601 496 2653 quod
515 2602 701 2654 pecunia
718 2602 757 2643 ei
775 2602 953 2643 daretur
969 2616 994 2644 a

163 2656 311 2706 Paulo,
333 2663 516 2709 propter
537 2658 657 2710 quod
678 2663 722 2700 et
741 2658 994 2710 frequenter

163 2713 392 2754 accersens
408 2725 518 2764 eum,
535 2714 800 2766 loquebatur
815 2726 915 2755 cum
931 2727 994 2756 eo.

1048 293 1200 335 Biefiio
1221 298 1375 335 autem'
1388 294 1577 346 expleto,
1597 294 1768 346 accepit
1784 306 1878 335 suc·

1048 352 1271 392 cessorem
1301 350 1426 391 Felix
1456 351 1657 392 Pertium
1687 350 1879 391 Festum.

1047 406 1216 447 Volens
1257 411 1403 448 autem
1444 407 1629 457 gratiam
1664 408 1880 459 praestare

1046 463 1071 503 J
1074 461 1214 504 udaeis
1234 462 1368 511 Felix,
1393 463 1569 515 reliquit
1587 463 1772 504 Paulum
1791 463 1880 504 vin-

1047 523 1177 560 ctum.

1104 579 1164 618 Te
1184 576 1328 617 Deum
1347 575 1589 627 laudamus.
1609 575 1668 616 15.

1103 638 1172 679 Ad
1208 638 1364 678 Bencd.
1397 639 1493 678 Ant.
1533 638 1600 677 Tu
1631 635 1755 677 solus
1784 648 1880 688 per-

1049 694 1224 743 egrinus
1240 705 1298 742 es,
1318 694 1342 720 *
1357 697 1401 734 et
1414 705 1502 733 non
1519 691 1681 733 audisti
1695 691 1750 733 de
1765 692 1790 732 J
1793 704 1882 741 esu,

1050 748 1275 800 quemodo
1304 748 1581 790 tradiderunt
1608 761 1709 789 eum
1736 748 1780 788 in
1808 747 1881 789 da-

1048 804 1317 846 mnatienem
1335 803 1513 846 mortis?
1534 803 1716 855 alleluja.

1106 868 1174 909 Ad
1200 868 1372 915 Magnis.
1401 869 1499 913 Ant.
1531 864 1649 905 Alias
1676 877 1783 905 oves
1808 863 1882 906 ha-

1050 921 1151 971 beo,
1175 921 1198 947 *
1219 934 1319 973 quae
1343 933 1432 962 non
1457 925 1558 962 sunt
1578 934 1632 962 ex
1652 920 1738 961 hoc
1762 920 1882 962 ovili:

1052 982 1095 1019 et
1126 977 1223 1019 illas
1256 979 1435 1030 opertet
1464 990 1534 1019 me
1565 976 1806 1027 adducere,
1839 981 1883 1018 et

1049 1028 1205 1075 vo'cem
1222 1047 1367 1075 meam
1385 1033 1579 1075 audient:
1599 1037 1643 1075 et
1655 1033 1733 1075 fiet
1747 1047 1881 1074 unum

1049 1091 1174 1141 ovile,
1194 1095 1238 1132 et
1256 1103 1367 1131 unus
1386 1094 1551 1143 pastor,
1572 1089 1754 1141 alleluja.

1280 1211 1442 1247 Feria
1475 1210 1652 1247 Sexta.

1147 1276 1213 1315 De
1241 1272 1429 1314 Actibus
1458 1271 1789 1325 Apostolerum.

1173 1344 1324 1383 Lectio
1346 1344 1368 1383 i.
1576 1343 1678 1394 Cap.
1697 1344 1763 1382 25.

1050 1407 1258 1509 -estus
1276 1415 1382 1454 ergo
1399 1415 1499 1443 cum
1514 1404 1708 1444 venisset
1723 1401 1768 1442 in
1782 1413 1882 1454 pro-

1153 1459 1355 1509 vinciam,
1382 1464 1486 1511 post
1513 1458 1709 1500 triduum
1734 1459 1882 1499 ascen-

1049 1515 1112 1557 dit
1128 1516 1151 1556 J
1155 1515 1449 1567 eroselymam
1468 1527 1494 1556 a
1509 1514 1722 1556 Caesarea.
1749 1513 1882 1556 Adie-

1049 1576 1240 1624 runtque
1277 1584 1377 1613 eum
1417 1571 1642 1624 principes
1678 1570 1882 1612 sacerde-

1048 1634 1153 1678 tum,
1173 1633 1217 1670 et
1235 1629 1366 1681 primi
1383 1629 1407 1669 J
1410 1627 1651 1677 udae6rum,
1670 1627 1881 1670 adversus

1047 1684 1249 1725 Paulum:
1277 1689 1321 1726 et
1346 1683 1563 1735 rogabant
1589 1696 1703 1733 eum,
1731 1688 1882 1736 postu-

1048 1740 1190 1781 lantes
1221 1740 1407 1791 gratiam
1439 1739 1652 1781 adversus
1682 1752 1801 1789 eum,
1833 1744 1883 1781 ut

1048 1796 1218 1848 juberet
1239 1795 1424 1849 perduci
1444 1808 1545 1837 eum
1564 1795 1609 1836 in
1628 1795 1881 1846 Jerusalem,

1048 1851 1228 1894 insidias
1253 1851 1486 1894 tendentes
1509 1857 1558 1893 ut
1582 1852 1882 1894 interficerent

1050 1921 1148 1950 eum
1172 1909 1215 1949 in
1238 1909 1318 1950 via.
1355 1909 1513 1950 Festus
1535 1913 1683 1950 autem
1700 1910 1881 1960 respen-

1049 1965 1115 2007 dit
1134 1965 1301 2006 servari
1321 1964 1504 2006 Paulum
1524 1965 1568 2005 in
1589 1965 1806 2005 Caesarea:
1834 1977 1881 2006 se

1049 2026 1196 2063 autem
1214 2021 1429 2063 maturius
1449 2021 1762 2073 profecturum.
1798 2021 1882 2071 Qui

1049 2090 1155 2128 ergo
1189 2078 1231 2118 in
1260 2077 1387 2119 vobis
1417 2077 1507 2128 (ait)
1535 2079 1741 2129 potentes
1770 2082 1881 2126 sunt,

1050 2133 1370 2175 descendentes
1392 2133 1532 2183 simul,
1556 2133 1593 2174 si
1613 2133 1732 2186 quod
1752 2137 1819 2174 est
1838 2133 1880 2174 in

1048 2190 1143 2231 viro
1163 2189 1338 2239 crimen,
1358 2192 1567 2230 accusent
1588 2202 1699 2231 eum.

1105 2254 1153 2303 Rg.
1178 2250 1355 2292 Virtute
1375 2263 1544 2300 magna.
1571 2251 1665 2291 262.

1366 2322 1514 2361 Lectio
1537 2322 1572 2361 ii.

1051 2378 1361 2482 Demoratus
1382 2386 1530 2422 autem
1552 2381 1664 2421 inter
1687 2392 1764 2421 eos
1784 2379 1880 2422 dies

1156 2448 1245 2477 non
1273 2437 1462 2489 amplius
1491 2449 1623 2488 quam
1650 2441 1772 2485 octo,
1805 2441 1880 2477 aut

1048 2491 1213 2540 decem,
1234 2491 1463 2534 descendit
1479 2493 1737 2541 Caesaream,
1757 2497 1801 2533 et
1821 2492 1879 2532 al-

1047 2552 1142 2589 tera
1162 2547 1234 2588 die
1253 2547 1367 2589 sedit
1385 2561 1468 2600 pro
1487 2547 1710 2597 tribunali,
1735 2552 1779 2588 et
1798 2548 1879 2599 jus-

1049 2604 1105 2645 sit
1128 2603 1311 2644 Paulum
1338 2603 1510 2645 adduci.
1547 2604 1631 2654 Qui
1657 2616 1757 2644 cum
1782 2616 1878 2655 per-

1049 2659 1207 2700 ductus
1223 2665 1350 2708 esset,
1370 2660 1753 2701 circumsteterunt
1768 2672 1879 2709 eum,

1049 2715 1123 2767 qui
1160 2715 1216 2757 ab
1250 2715 1524 2767 Jeroselyma
1559 2715 1879 2757 descenderant
