<?xml version="1.0" encoding="UTF-8"?>
<!DOCTYPE html PUBLIC "-//W3C//DTD XHTML 1.0 Transitional//EN"
    "http://www.w3.org/TR/xhtml1/DTD/xhtml1-transitional.dtd">
<html xmlns="http://www.w3.org/1999/xhtml" xml:lang="en" lang="en">
 <head>
  <title>
</title>
<meta http-equiv="Content-Type" content="text/html;charset=utf-8" />
  <meta name='ocr-system' content='tesseract 3.04.00' />
  <meta name='ocr-capabilities' content='ocr_page ocr_carea ocr_par ocr_line ocrx_word'/>
</head>
<body>
  <div class='ocr_page' id='page_1' title='image "./p2breviariumroma00cathuoft_0394.png"; bbox 0 0 2028 2892; ppageno 0'>
   <div class='ocr_carea' id='block_1_1' title="bbox 748 185 1341 219">
    <p class='ocr_par' dir='ltr' id='par_1_1' title="bbox 748 185 1341 219">
     <span class='ocr_line' id='line_1_1' title="bbox 748 185 1341 219; baseline -0.002 0"><span class='ocrx_word' id='word_1_1' title='bbox 748 186 847 219; x_wconf 76' lang='lat' dir='ltr'>lnfru</span> <span class='ocrx_word' id='word_1_2' title='bbox 875 190 1056 219; x_wconf 19' lang='lat' dir='ltr'>(Vh-taram</span> <span class='ocrx_word' id='word_1_3' title='bbox 1087 185 1341 219; x_wconf 78' lang='lat' dir='ltr'>l&#39;entecostes.</span> 
     </span>
    </p>
   </div>
   <div class='ocr_carea' id='block_1_2' title="bbox 194 287 1022 681">
    <p class='ocr_par' dir='ltr' id='par_1_2' title="bbox 194 287 1022 623">
     <span class='ocr_line' id='line_1_2' title="bbox 198 287 1022 341; baseline -0.006 -9"><span class='ocrx_word' id='word_1_4' title='bbox 198 291 279 341; x_wconf 93' lang='lat' dir='ltr'>Qui</span> <span class='ocrx_word' id='word_1_5' title='bbox 297 289 542 338; x_wconf 83' lang='lat' dir='ltr'>crediderit,</span> <span class='ocrx_word' id='word_1_6' title='bbox 561 294 605 331; x_wconf 92' lang='lat' dir='ltr'>et</span> <span class='ocrx_word' id='word_1_7' title='bbox 618 288 868 341; x_wconf 83' lang='lat' dir='ltr'>baptizatus</span> <span class='ocrx_word' id='word_1_8' title='bbox 883 287 1022 333; x_wconf 81' lang='lat' dir='ltr'>fuerit,</span> 
     </span>
     <span class='ocr_line' id='line_1_3' title="bbox 196 343 1020 397; baseline -0.006 -9"><span class='ocrx_word' id='word_1_9' title='bbox 196 347 341 388; x_wconf 86' lang='lat' dir='ltr'>salvus</span> <span class='ocrx_word' id='word_1_10' title='bbox 370 346 466 395; x_wconf 90' lang='lat' dir='ltr'>erit,</span> <span class='ocrx_word' id='word_1_11' title='bbox 495 346 681 397; x_wconf 79' lang='lat' dir='ltr'>alleluja,</span> <span class='ocrx_word' id='word_1_12' title='bbox 709 344 893 396; x_wconf 76' lang='lat' dir='ltr'>alleluJa,</span> <span class='ocrx_word' id='word_1_13' title='bbox 922 343 1020 384; x_wconf 92' lang='lat' dir='ltr'>alle-</span> 
     </span>
     <span class='ocr_line' id='line_1_4' title="bbox 195 400 1021 455; baseline -0.005 -11"><span class='ocrx_word' id='word_1_14' title='bbox 195 404 290 455; x_wconf 82' lang='lat' dir='ltr'>luja.</span> <span class='ocrx_word' id='word_1_15' title='bbox 328 400 375 450; x_wconf 52' lang='grc' dir='ltr'>δ”.</span> <span class='ocrx_word' id='word_1_16' title='bbox 407 404 458 444; x_wconf 91' lang='lat' dir='ltr'>In</span> <span class='ocrx_word' id='word_1_17' title='bbox 483 403 657 444; x_wconf 75' lang='lat' dir='ltr'>nemine</span> <span class='ocrx_word' id='word_1_18' title='bbox 679 414 779 443; x_wconf 91' lang='lat' dir='ltr'>meo</span> <span class='ocrx_word' id='word_1_19' title='bbox 804 400 1021 442; x_wconf 85' lang='lat' dir='ltr'>daemonia</span> 
     </span>
     <span class='ocr_line' id='line_1_5' title="bbox 195 457 1020 513; baseline -0.006 -11"><span class='ocrx_word' id='word_1_20' title='bbox 195 461 383 513; x_wconf 85' lang='lat' dir='ltr'><strong>ejicient.</strong></span> <span class='ocrx_word' id='word_1_21' title='bbox 420 460 578 511; x_wconf 87' lang='lat' dir='ltr'>linguis</span> <span class='ocrx_word' id='word_1_22' title='bbox 614 459 849 511; x_wconf 88' lang='lat' dir='ltr'>loquentur</span> <span class='ocrx_word' id='word_1_23' title='bbox 885 457 1020 506; x_wconf 89' lang='lat' dir='ltr'>novis,</span> 
     </span>
     <span class='ocr_line' id='line_1_6' title="bbox 194 513 1021 570; baseline -0.006 -12"><span class='ocrx_word' id='word_1_24' title='bbox 194 518 420 570; x_wconf 89' lang='lat' dir='ltr'>serpentes</span> <span class='ocrx_word' id='word_1_25' title='bbox 465 516 631 558; x_wconf 92' lang='lat' dir='ltr'>tollent.</span> <span class='ocrx_word' id='word_1_26' title='bbox 704 515 799 565; x_wconf 94' lang='lat' dir='ltr'>Qui.</span> <span class='ocrx_word' id='word_1_27' title='bbox 868 513 1021 554; x_wconf 72' lang='lat' dir='ltr'>(iloria</span> 
     </span>
     <span class='ocr_line' id='line_1_7' title="bbox 194 573 474 623; baseline 0 -9"><span class='ocrx_word' id='word_1_28' title='bbox 194 574 324 615; x_wconf 88' lang='lat' dir='ltr'>Patri.</span> <span class='ocrx_word' id='word_1_29' title='bbox 379 573 474 623; x_wconf 92' lang='lat' dir='ltr'>Qui.</span> 
     </span>
    </p>

    <p class='ocr_par' dir='ltr' id='par_1_3' title="bbox 248 637 797 681">
     <span class='ocr_line' id='line_1_8' title="bbox 248 637 797 681; baseline -0.005 -2"><span class='ocrx_word' id='word_1_30' title='bbox 248 641 403 681; x_wconf 77' lang='lat' dir='ltr'>Bcned.</span> <span class='ocrx_word' id='word_1_31' title='bbox 444 637 511 679; x_wconf 69' lang='lat' dir='ltr'>Ad</span> <span class='ocrx_word' id='word_1_32' title='bbox 531 637 797 679; x_wconf 89' lang='lat' dir='ltr'>societatem.</span> 
     </span>
    </p>
   </div>
   <div class='ocr_carea' id='block_1_3' title="bbox 185 722 1019 2248">
    <p class='ocr_par' dir='ltr' id='par_1_4' title="bbox 494 722 715 762">
     <span class='ocr_line' id='line_1_9' title="bbox 494 722 715 762; baseline -0.005 -1"><span class='ocrx_word' id='word_1_33' title='bbox 494 722 642 762; x_wconf 74' lang='lat' dir='ltr'>Lectio</span> <span class='ocrx_word' id='word_1_34' title='bbox 663 722 715 760; x_wconf 83' lang='lat' dir='ltr'>iii.</span> 
     </span>
    </p>

    <p class='ocr_par' dir='ltr' id='par_1_5' title="bbox 189 784 1019 889">
     <span class='ocr_line' id='line_1_10' title="bbox 189 784 1019 889; baseline -0.005 -62"><span class='ocrx_word' id='word_1_35' title='bbox 189 784 359 889; x_wconf 83' lang='lat' dir='ltr'>Arius</span> <span class='ocrx_word' id='word_1_36' title='bbox 397 784 583 827; x_wconf 91' lang='lat' dir='ltr'>credidit</span> <span class='ocrx_word' id='word_1_37' title='bbox 626 787 886 832; x_wconf 82' lang='lat' dir='ltr'>creaturam,</span> <span class='ocrx_word' id='word_1_38' title='bbox 932 796 1019 824; x_wconf 92' lang='lat' dir='ltr'>non</span> 
     </span>
    </p>

    <p class='ocr_par' dir='ltr' id='par_1_6' title="bbox 185 840 1019 2248">
     <span class='ocr_line' id='line_1_11' title="bbox 297 840 1019 892; baseline -0.007 -7"><span class='ocrx_word' id='word_1_39' title='bbox 297 856 395 885; x_wconf 92' lang='lat' dir='ltr'>eum</span> <span class='ocrx_word' id='word_1_40' title='bbox 431 842 564 884; x_wconf 81' lang='lat' dir='ltr'>traxit</span> <span class='ocrx_word' id='word_1_41' title='bbox 598 842 743 883; x_wconf 91' lang='lat' dir='ltr'>Pater:</span> <span class='ocrx_word' id='word_1_42' title='bbox 790 840 891 892; x_wconf 90' lang='lat' dir='ltr'>quia</span> <span class='ocrx_word' id='word_1_43' title='bbox 931 852 1019 881; x_wconf 89' lang='lat' dir='ltr'>non</span> 
     </span>
     <span class='ocr_line' id='line_1_12' title="bbox 192 897 1019 950; baseline -0.006 -8"><span class='ocrx_word' id='word_1_44' title='bbox 192 900 441 942; x_wconf 83' lang='lat' dir='ltr'>considerat</span> <span class='ocrx_word' id='word_1_45' title='bbox 460 899 646 947; x_wconf 89' lang='lat' dir='ltr'>Patrem,</span> <span class='ocrx_word' id='word_1_46' title='bbox 668 897 742 950; x_wconf 85' lang='lat' dir='ltr'>qui</span> <span class='ocrx_word' id='word_1_47' title='bbox 756 897 913 938; x_wconf 90' lang='lat' dir='ltr'>Filium</span> <span class='ocrx_word' id='word_1_48' title='bbox 930 909 1019 937; x_wconf 92' lang='lat' dir='ltr'>non</span> 
     </span>
     <span class='ocr_line' id='line_1_13' title="bbox 192 952 1016 1009; baseline -0.006 -10"><span class='ocrx_word' id='word_1_49' title='bbox 192 956 331 999; x_wconf 90' lang='lat' dir='ltr'>credit</span> <span class='ocrx_word' id='word_1_50' title='bbox 346 955 573 1009; x_wconf 84' lang='lat' dir='ltr'>aequalem.</span> <span class='ocrx_word' id='word_1_51' title='bbox 602 953 716 1005; x_wconf 91' lang='lat' dir='ltr'>Quid</span> <span class='ocrx_word' id='word_1_52' title='bbox 733 954 852 1004; x_wconf 86' lang='lat' dir='ltr'>dicis,</span> <span class='ocrx_word' id='word_1_53' title='bbox 873 966 899 995; x_wconf 96' lang='lat' dir='ltr'>o</span> <span class='ocrx_word' id='word_1_54' title='bbox 916 952 1016 994; x_wconf 86' lang='lat' dir='ltr'>Ari?</span> 
     </span>
     <span class='ocr_line' id='line_1_14' title="bbox 191 1010 1017 1065; baseline -0.005 -10"><span class='ocrx_word' id='word_1_55' title='bbox 191 1013 307 1065; x_wconf 90' lang='lat' dir='ltr'>Quid</span> <span class='ocrx_word' id='word_1_56' title='bbox 335 1013 444 1055; x_wconf 92' lang='lat' dir='ltr'>dicis</span> <span class='ocrx_word' id='word_1_57' title='bbox 473 1010 701 1054; x_wconf 80' lang='lat' dir='ltr'>haeretice?</span> <span class='ocrx_word' id='word_1_58' title='bbox 736 1010 841 1063; x_wconf 92' lang='lat' dir='ltr'>quid</span> <span class='ocrx_word' id='word_1_59' title='bbox 868 1010 1017 1063; x_wconf 87' lang='lat' dir='ltr'>loque-</span> 
     </span>
     <span class='ocr_line' id='line_1_15' title="bbox 190 1066 1017 1120; baseline -0.005 -9"><span class='ocrx_word' id='word_1_60' title='bbox 190 1069 272 1112; x_wconf 88' lang='lat' dir='ltr'>ris?</span> <span class='ocrx_word' id='word_1_61' title='bbox 314 1069 430 1120; x_wconf 87' lang='lat' dir='ltr'>Quid</span> <span class='ocrx_word' id='word_1_62' title='bbox 459 1074 526 1111; x_wconf 88' lang='lat' dir='ltr'>est</span> <span class='ocrx_word' id='word_1_63' title='bbox 554 1066 775 1110; x_wconf 90' lang='lat' dir='ltr'>Christus?</span> <span class='ocrx_word' id='word_1_64' title='bbox 812 1067 929 1117; x_wconf 90' lang='lat' dir='ltr'>Non,</span> <span class='ocrx_word' id='word_1_65' title='bbox 958 1067 1017 1108; x_wconf 91' lang='lat' dir='ltr'>in-</span> 
     </span>
     <span class='ocr_line' id='line_1_16' title="bbox 191 1124 1018 1180; baseline -0.005 -12"><span class='ocrx_word' id='word_1_66' title='bbox 191 1127 301 1180; x_wconf 91' lang='lat' dir='ltr'>quit,</span> <span class='ocrx_word' id='word_1_67' title='bbox 330 1127 451 1168; x_wconf 91' lang='lat' dir='ltr'>Deus</span> <span class='ocrx_word' id='word_1_68' title='bbox 476 1138 623 1175; x_wconf 90' lang='lat' dir='ltr'>verus,</span> <span class='ocrx_word' id='word_1_69' title='bbox 655 1124 733 1166; x_wconf 93' lang='lat' dir='ltr'>sed</span> <span class='ocrx_word' id='word_1_70' title='bbox 759 1137 888 1177; x_wconf 89' lang='lat' dir='ltr'>quem</span> <span class='ocrx_word' id='word_1_71' title='bbox 917 1124 1018 1165; x_wconf 88' lang='lat' dir='ltr'>fecit</span> 
     </span>
     <span class='ocr_line' id='line_1_17' title="bbox 189 1181 1017 1226; baseline -0.006 0"><span class='ocrx_word' id='word_1_72' title='bbox 189 1185 310 1226; x_wconf 89' lang='lat' dir='ltr'>Deus</span> <span class='ocrx_word' id='word_1_73' title='bbox 338 1196 479 1225; x_wconf 87' lang='lat' dir='ltr'>verus.</span> <span class='ocrx_word' id='word_1_74' title='bbox 515 1183 616 1223; x_wconf 92' lang='lat' dir='ltr'>Non</span> <span class='ocrx_word' id='word_1_75' title='bbox 643 1187 687 1223; x_wconf 93' lang='lat' dir='ltr'>te</span> <span class='ocrx_word' id='word_1_76' title='bbox 714 1181 847 1223; x_wconf 79' lang='lat' dir='ltr'>traxit</span> <span class='ocrx_word' id='word_1_77' title='bbox 872 1181 1017 1222; x_wconf 90' lang='lat' dir='ltr'>Pater:</span> 
     </span>
     <span class='ocr_line' id='line_1_18' title="bbox 188 1238 1016 1289; baseline -0.006 -6"><span class='ocrx_word' id='word_1_78' title='bbox 188 1254 277 1283; x_wconf 93' lang='lat' dir='ltr'>non</span> <span class='ocrx_word' id='word_1_79' title='bbox 297 1241 411 1282; x_wconf 91' lang='lat' dir='ltr'>enim</span> <span class='ocrx_word' id='word_1_80' title='bbox 426 1239 677 1281; x_wconf 79' lang='lat' dir='ltr'>intellexisti</span> <span class='ocrx_word' id='word_1_81' title='bbox 690 1238 876 1287; x_wconf 88' lang='lat' dir='ltr'>Patrem,</span> <span class='ocrx_word' id='word_1_82' title='bbox 896 1238 1016 1289; x_wconf 91' lang='lat' dir='ltr'>cujus</span> 
     </span>
     <span class='ocr_line' id='line_1_19' title="bbox 189 1294 1016 1348; baseline -0.004 -10"><span class='ocrx_word' id='word_1_83' title='bbox 189 1298 346 1339; x_wconf 89' lang='lat' dir='ltr'>Filium</span> <span class='ocrx_word' id='word_1_84' title='bbox 373 1309 518 1348; x_wconf 86' lang='lat' dir='ltr'>negas.</span> <span class='ocrx_word' id='word_1_85' title='bbox 555 1294 687 1336; x_wconf 89' lang='lat' dir='ltr'>Aliud</span> <span class='ocrx_word' id='word_1_86' title='bbox 717 1294 903 1346; x_wconf 84' lang='lat' dir='ltr'>cogitas,</span> <span class='ocrx_word' id='word_1_87' title='bbox 930 1306 1016 1335; x_wconf 92' lang='lat' dir='ltr'>non</span> 
     </span>
     <span class='ocr_line' id='line_1_20' title="bbox 189 1350 1014 1406; baseline -0.006 -10"><span class='ocrx_word' id='word_1_88' title='bbox 189 1359 257 1396; x_wconf 92' lang='lat' dir='ltr'>est</span> <span class='ocrx_word' id='word_1_89' title='bbox 279 1354 374 1406; x_wconf 91' lang='lat' dir='ltr'>ipse</span> <span class='ocrx_word' id='word_1_90' title='bbox 393 1353 542 1395; x_wconf 85' lang='lat' dir='ltr'>Filius:</span> <span class='ocrx_word' id='word_1_91' title='bbox 571 1365 653 1394; x_wconf 90' lang='lat' dir='ltr'>nec</span> <span class='ocrx_word' id='word_1_92' title='bbox 676 1364 701 1392; x_wconf 90' lang='lat' dir='ltr'>a</span> <span class='ocrx_word' id='word_1_93' title='bbox 720 1352 851 1393; x_wconf 88' lang='lat' dir='ltr'>Patre</span> <span class='ocrx_word' id='word_1_94' title='bbox 874 1350 1014 1392; x_wconf 90' lang='lat' dir='ltr'>trahe-</span> 
     </span>
     <span class='ocr_line' id='line_1_21' title="bbox 187 1406 1016 1461; baseline -0.004 -9"><span class='ocrx_word' id='word_1_95' title='bbox 187 1411 263 1461; x_wconf 89' lang='lat' dir='ltr'>ris,</span> <span class='ocrx_word' id='word_1_96' title='bbox 289 1423 371 1452; x_wconf 91' lang='lat' dir='ltr'>nec</span> <span class='ocrx_word' id='word_1_97' title='bbox 394 1410 449 1452; x_wconf 88' lang='lat' dir='ltr'>ad</span> <span class='ocrx_word' id='word_1_98' title='bbox 469 1410 627 1451; x_wconf 89' lang='lat' dir='ltr'>Filium</span> <span class='ocrx_word' id='word_1_99' title='bbox 651 1407 848 1450; x_wconf 89' lang='lat' dir='ltr'>traheris.</span> <span class='ocrx_word' id='word_1_100' title='bbox 884 1406 1016 1449; x_wconf 88' lang='lat' dir='ltr'>Aliud</span> 
     </span>
     <span class='ocr_line' id='line_1_22' title="bbox 188 1463 1014 1517; baseline -0.005 -8"><span class='ocrx_word' id='word_1_101' title='bbox 188 1474 254 1510; x_wconf 93' lang='lat' dir='ltr'>est</span> <span class='ocrx_word' id='word_1_102' title='bbox 278 1468 391 1509; x_wconf 89' lang='lat' dir='ltr'>enim</span> <span class='ocrx_word' id='word_1_103' title='bbox 410 1467 562 1517; x_wconf 91' lang='lat' dir='ltr'>Filius,</span> <span class='ocrx_word' id='word_1_104' title='bbox 591 1465 709 1507; x_wconf 87' lang='lat' dir='ltr'>aliud</span> <span class='ocrx_word' id='word_1_105' title='bbox 734 1464 854 1517; x_wconf 91' lang='lat' dir='ltr'>quod</span> <span class='ocrx_word' id='word_1_106' title='bbox 880 1469 928 1506; x_wconf 88' lang='lat' dir='ltr'>tu</span> <span class='ocrx_word' id='word_1_107' title='bbox 954 1463 1014 1506; x_wconf 88' lang='lat' dir='ltr'>di-</span> 
     </span>
     <span class='ocr_line' id='line_1_23' title="bbox 187 1521 1014 1566; baseline -0.006 0"><span class='ocrx_word' id='word_1_108' title='bbox 187 1525 260 1566; x_wconf 91' lang='lat' dir='ltr'>cis.</span> <span class='ocrx_word' id='word_1_109' title='bbox 305 1524 519 1566; x_wconf 85' lang='lat' dir='ltr'>Photinus</span> <span class='ocrx_word' id='word_1_110' title='bbox 548 1522 669 1565; x_wconf 90' lang='lat' dir='ltr'>dicit:</span> <span class='ocrx_word' id='word_1_111' title='bbox 697 1523 844 1563; x_wconf 91' lang='lat' dir='ltr'>Homo</span> <span class='ocrx_word' id='word_1_112' title='bbox 872 1521 1014 1562; x_wconf 90' lang='lat' dir='ltr'>solum</span> 
     </span>
     <span class='ocr_line' id='line_1_24' title="bbox 187 1578 1014 1631; baseline -0.006 -8"><span class='ocrx_word' id='word_1_113' title='bbox 187 1587 254 1623; x_wconf 90' lang='lat' dir='ltr'>est</span> <span class='ocrx_word' id='word_1_114' title='bbox 273 1581 484 1631; x_wconf 91' lang='lat' dir='ltr'>Christus,</span> <span class='ocrx_word' id='word_1_115' title='bbox 508 1593 597 1622; x_wconf 93' lang='lat' dir='ltr'>non</span> <span class='ocrx_word' id='word_1_116' title='bbox 617 1586 683 1621; x_wconf 92' lang='lat' dir='ltr'>est</span> <span class='ocrx_word' id='word_1_117' title='bbox 703 1585 746 1621; x_wconf 91' lang='lat' dir='ltr'>et</span> <span class='ocrx_word' id='word_1_118' title='bbox 764 1579 896 1619; x_wconf 93' lang='lat' dir='ltr'>Deus.</span> <span class='ocrx_word' id='word_1_119' title='bbox 931 1578 1014 1628; x_wconf 84' lang='lat' dir='ltr'>Qui</span> 
     </span>
     <span class='ocr_line' id='line_1_25' title="bbox 187 1634 1015 1687; baseline -0.006 -7"><span class='ocrx_word' id='word_1_120' title='bbox 187 1639 250 1680; x_wconf 89' lang='lat' dir='ltr'>sic</span> <span class='ocrx_word' id='word_1_121' title='bbox 276 1637 431 1687; x_wconf 90' lang='lat' dir='ltr'>credit,</span> <span class='ocrx_word' id='word_1_122' title='bbox 465 1650 554 1678; x_wconf 93' lang='lat' dir='ltr'>non</span> <span class='ocrx_word' id='word_1_123' title='bbox 583 1638 712 1678; x_wconf 90' lang='lat' dir='ltr'>Pater</span> <span class='ocrx_word' id='word_1_124' title='bbox 745 1649 844 1677; x_wconf 93' lang='lat' dir='ltr'>eum</span> <span class='ocrx_word' id='word_1_125' title='bbox 871 1634 1015 1677; x_wconf 84' lang='lat' dir='ltr'>traxit.</span> 
     </span>
     <span class='ocr_line' id='line_1_26' title="bbox 186 1690 1013 1746; baseline -0.006 -10"><span class='ocrx_word' id='word_1_126' title='bbox 186 1695 326 1746; x_wconf 92' lang='lat' dir='ltr'>Quem</span> <span class='ocrx_word' id='word_1_127' title='bbox 352 1694 484 1736; x_wconf 82' lang='lat' dir='ltr'>traxit</span> <span class='ocrx_word' id='word_1_128' title='bbox 507 1692 660 1735; x_wconf 88' lang='lat' dir='ltr'>Pater?</span> <span class='ocrx_word' id='word_1_129' title='bbox 698 1692 827 1733; x_wconf 94' lang='lat' dir='ltr'>Illum</span> <span class='ocrx_word' id='word_1_130' title='bbox 854 1691 927 1743; x_wconf 88' lang='lat' dir='ltr'>qui</span> <span class='ocrx_word' id='word_1_131' title='bbox 953 1690 1013 1732; x_wconf 93' lang='lat' dir='ltr'>di-</span> 
     </span>
     <span class='ocr_line' id='line_1_27' title="bbox 187 1747 1013 1793; baseline -0.006 -1"><span class='ocrx_word' id='word_1_132' title='bbox 187 1751 260 1793; x_wconf 89' lang='lat' dir='ltr'>cit:</span> <span class='ocrx_word' id='word_1_133' title='bbox 285 1751 354 1792; x_wconf 91' lang='lat' dir='ltr'>Tu</span> <span class='ocrx_word' id='word_1_134' title='bbox 374 1764 421 1792; x_wconf 92' lang='lat' dir='ltr'>es</span> <span class='ocrx_word' id='word_1_135' title='bbox 442 1750 640 1792; x_wconf 92' lang='lat' dir='ltr'>Christus</span> <span class='ocrx_word' id='word_1_136' title='bbox 659 1749 795 1790; x_wconf 91' lang='lat' dir='ltr'>Filius</span> <span class='ocrx_word' id='word_1_137' title='bbox 814 1748 898 1789; x_wconf 91' lang='lat' dir='ltr'>Dei</span> <span class='ocrx_word' id='word_1_138' title='bbox 916 1747 1013 1788; x_wconf 89' lang='lat' dir='ltr'>vivi.</span> 
     </span>
     <span class='ocr_line' id='line_1_28' title="bbox 186 1804 1014 1853; baseline -0.004 -4"><span class='ocrx_word' id='word_1_139' title='bbox 186 1808 375 1849; x_wconf 89' lang='lat' dir='ltr'>Ramum</span> <span class='ocrx_word' id='word_1_140' title='bbox 402 1806 587 1848; x_wconf 90' lang='lat' dir='ltr'>viridem</span> <span class='ocrx_word' id='word_1_141' title='bbox 621 1804 817 1847; x_wconf 88' lang='lat' dir='ltr'>ostendis</span> <span class='ocrx_word' id='word_1_142' title='bbox 843 1804 934 1853; x_wconf 85' lang='lat' dir='ltr'>ovi,</span> <span class='ocrx_word' id='word_1_143' title='bbox 971 1809 1014 1846; x_wconf 87' lang='lat' dir='ltr'>et</span> 
     </span>
     <span class='ocr_line' id='line_1_29' title="bbox 185 1860 1011 1915; baseline -0.005 -10"><span class='ocrx_word' id='word_1_144' title='bbox 185 1863 320 1906; x_wconf 86' lang='lat' dir='ltr'>trahis</span> <span class='ocrx_word' id='word_1_145' title='bbox 339 1863 467 1904; x_wconf 91' lang='lat' dir='ltr'>illam.</span> <span class='ocrx_word' id='word_1_146' title='bbox 502 1863 650 1904; x_wconf 87' lang='lat' dir='ltr'>Nuces</span> <span class='ocrx_word' id='word_1_147' title='bbox 673 1865 812 1915; x_wconf 72' lang='lat' dir='ltr'>paero</span> <span class='ocrx_word' id='word_1_148' title='bbox 837 1860 1011 1903; x_wconf 90' lang='lat' dir='ltr'>demon-</span> 
     </span>
     <span class='ocr_line' id='line_1_30' title="bbox 186 1916 1011 1970; baseline -0.006 -8"><span class='ocrx_word' id='word_1_149' title='bbox 186 1922 393 1969; x_wconf 87' lang='lat' dir='ltr'>strantur,</span> <span class='ocrx_word' id='word_1_150' title='bbox 422 1926 465 1961; x_wconf 86' lang='lat' dir='ltr'>et</span> <span class='ocrx_word' id='word_1_151' title='bbox 483 1919 683 1961; x_wconf 81' lang='lat' dir='ltr'>trahitur:</span> <span class='ocrx_word' id='word_1_152' title='bbox 711 1923 755 1960; x_wconf 90' lang='lat' dir='ltr'>et</span> <span class='ocrx_word' id='word_1_153' title='bbox 780 1916 899 1970; x_wconf 93' lang='lat' dir='ltr'>quod</span> <span class='ocrx_word' id='word_1_154' title='bbox 919 1929 1011 1958; x_wconf 89' lang='lat' dir='ltr'>cur-</span> 
     </span>
     <span class='ocr_line' id='line_1_31' title="bbox 186 1974 1012 2027; baseline -0.005 -9"><span class='ocrx_word' id='word_1_155' title='bbox 186 1977 252 2027; x_wconf 92' lang='lat' dir='ltr'>rit,</span> <span class='ocrx_word' id='word_1_156' title='bbox 271 1976 471 2025; x_wconf 76' lang='lat' dir='ltr'>trahitur,</span> <span class='ocrx_word' id='word_1_157' title='bbox 491 1975 679 2017; x_wconf 87' lang='lat' dir='ltr'>amando</span> <span class='ocrx_word' id='word_1_158' title='bbox 699 1974 900 2023; x_wconf 77' lang='lat' dir='ltr'>trahitur,</span> <span class='ocrx_word' id='word_1_159' title='bbox 921 1974 1012 2014; x_wconf 92' lang='lat' dir='ltr'>sine</span> 
     </span>
     <span class='ocr_line' id='line_1_32' title="bbox 186 2029 1013 2086; baseline -0.006 -11"><span class='ocrx_word' id='word_1_160' title='bbox 186 2033 365 2075; x_wconf 84' lang='lat' dir='ltr'>laesi6ne</span> <span class='ocrx_word' id='word_1_161' title='bbox 401 2032 600 2086; x_wconf 86' lang='lat' dir='ltr'>corporis</span> <span class='ocrx_word' id='word_1_162' title='bbox 627 2031 829 2080; x_wconf 85' lang='lat' dir='ltr'>trahitur,</span> <span class='ocrx_word' id='word_1_163' title='bbox 867 2029 1013 2072; x_wconf 89' lang='lat' dir='ltr'>cordis</span> 
     </span>
     <span class='ocr_line' id='line_1_33' title="bbox 186 2087 1012 2138; baseline -0.005 -7"><span class='ocrx_word' id='word_1_164' title='bbox 186 2090 359 2132; x_wconf 90' lang='lat' dir='ltr'>vinculo</span> <span class='ocrx_word' id='word_1_165' title='bbox 379 2089 575 2132; x_wconf 78' lang='lat' dir='ltr'>trahitur.</span> <span class='ocrx_word' id='word_1_166' title='bbox 602 2088 645 2130; x_wconf 90' lang='lat' dir='ltr'>Si</span> <span class='ocrx_word' id='word_1_167' title='bbox 667 2099 771 2138; x_wconf 87' lang='lat' dir='ltr'>ergo</span> <span class='ocrx_word' id='word_1_168' title='bbox 791 2087 888 2136; x_wconf 89' lang='lat' dir='ltr'>ista,</span> <span class='ocrx_word' id='word_1_169' title='bbox 914 2099 1012 2138; x_wconf 85' lang='lat' dir='ltr'>quae</span> 
     </span>
     <span class='ocr_line' id='line_1_34' title="bbox 186 2144 1011 2197; baseline -0.005 -10"><span class='ocrx_word' id='word_1_170' title='bbox 186 2147 299 2189; x_wconf 93' lang='lat' dir='ltr'>inter</span> <span class='ocrx_word' id='word_1_171' title='bbox 326 2146 505 2188; x_wconf 86' lang='lat' dir='ltr'>delicias</span> <span class='ocrx_word' id='word_1_172' title='bbox 532 2150 576 2187; x_wconf 91' lang='lat' dir='ltr'>et</span> <span class='ocrx_word' id='word_1_173' title='bbox 600 2144 853 2197; x_wconf 87' lang='lat' dir='ltr'>voluptates</span> <span class='ocrx_word' id='word_1_174' title='bbox 880 2145 1011 2185; x_wconf 89' lang='lat' dir='ltr'>terre-</span> 
     </span>
     <span class='ocr_line' id='line_1_35' title="bbox 186 2199 1013 2248; baseline -0.004 -5"><span class='ocrx_word' id='word_1_175' title='bbox 186 2216 264 2244; x_wconf 87' lang='lat' dir='ltr'>nas</span> <span class='ocrx_word' id='word_1_176' title='bbox 283 2203 533 2245; x_wconf 78' lang='lat' dir='ltr'>revelantur</span> <span class='ocrx_word' id='word_1_177' title='bbox 548 2200 805 2246; x_wconf 84' lang='lat' dir='ltr'>amantibus,</span> <span class='ocrx_word' id='word_1_178' title='bbox 824 2199 1013 2248; x_wconf 91' lang='lat' dir='ltr'>trahunt,</span> 
     </span>
    </p>
   </div>
   <div class='ocr_carea' id='block_1_4' title="bbox 188 2256 1088 2311">
    <p class='ocr_par' dir='ltr' id='par_1_7' title="bbox 188 2256 1088 2311">
     <span class='ocr_line' id='line_1_36' title="bbox 188 2256 1088 2311; baseline -0.008 -10"><span class='ocrx_word' id='word_1_179' title='bbox 188 2261 393 2311; x_wconf 79' lang='lat' dir='ltr'>queniam</span> <span class='ocrx_word' id='word_1_180' title='bbox 429 2272 580 2301; x_wconf 90' lang='lat' dir='ltr'>verum</span> <span class='ocrx_word' id='word_1_181' title='bbox 617 2263 700 2303; x_wconf 85' lang='lat' dir='ltr'>est,</span> <span class='ocrx_word' id='word_1_182' title='bbox 744 2256 899 2297; x_wconf 88' lang='lat' dir='ltr'>Trahit</span> <span class='ocrx_word' id='word_1_183' title='bbox 936 2269 1013 2297; x_wconf 88' lang='lat' dir='ltr'>sua</span> <span class='ocrx_word' id='word_1_184' title='bbox 1065 2274 1088 2293; x_wconf 67' lang='lat'>&gt;</span> 
     </span>
    </p>
   </div>
   <div class='ocr_carea' id='block_1_5' title="bbox 187 2312 1013 2774">
    <p class='ocr_par' dir='ltr' id='par_1_8' title="bbox 187 2312 1013 2535">
     <span class='ocr_line' id='line_1_37' title="bbox 189 2312 1011 2368; baseline -0.007 -10"><span class='ocrx_word' id='word_1_185' title='bbox 189 2328 406 2368; x_wconf 91' lang='lat' dir='ltr'>quemque</span> <span class='ocrx_word' id='word_1_186' title='bbox 431 2315 649 2368; x_wconf 81' lang='lat' dir='ltr'>voluptas:</span> <span class='ocrx_word' id='word_1_187' title='bbox 682 2327 768 2355; x_wconf 92' lang='lat' dir='ltr'>non</span> <span class='ocrx_word' id='word_1_188' title='bbox 793 2312 933 2355; x_wconf 87' lang='lat' dir='ltr'>trahit·</span> <span class='ocrx_word' id='word_1_189' title='bbox 950 2325 1011 2353; x_wconf 91' lang='lat' dir='ltr'>re-</span> 
     </span>
     <span class='ocr_line' id='line_1_38' title="bbox 187 2367 844 2414; baseline -0.003 -2"><span class='ocrx_word' id='word_1_190' title='bbox 187 2372 357 2414; x_wconf 83' lang='lat' dir='ltr'>velatus</span> <span class='ocrx_word' id='word_1_191' title='bbox 394 2372 590 2414; x_wconf 89' lang='lat' dir='ltr'>Christus</span> <span class='ocrx_word' id='word_1_192' title='bbox 632 2385 656 2412; x_wconf 88' lang='lat' dir='ltr'>a</span> <span class='ocrx_word' id='word_1_193' title='bbox 692 2367 844 2411; x_wconf 89' lang='lat' dir='ltr'>Patre?</span> 
     </span>
     <span class='ocr_line' id='line_1_39' title="bbox 189 2426 1013 2474; baseline -0.004 -6"><span class='ocrx_word' id='word_1_194' title='bbox 189 2428 302 2469; x_wconf 90' lang='lat' dir='ltr'>enim</span> <span class='ocrx_word' id='word_1_195' title='bbox 360 2429 514 2470; x_wconf 86' lang='lat' dir='ltr'>fortius</span> <span class='ocrx_word' id='word_1_196' title='bbox 574 2426 794 2469; x_wconf 89' lang='lat' dir='ltr'>desiderat</span> <span class='ocrx_word' id='word_1_197' title='bbox 852 2426 1013 2474; x_wconf 80' lang='lat' dir='ltr'>anima⁷</span> 
     </span>
     <span class='ocr_line' id='line_1_40' title="bbox 191 2482 586 2535; baseline 0 -11"><span class='ocrx_word' id='word_1_198' title='bbox 191 2496 319 2535; x_wconf 88' lang='lat' dir='ltr'>quarn</span> <span class='ocrx_word' id='word_1_199' title='bbox 339 2482 586 2527; x_wconf 86' lang='lat' dir='ltr'>veritatem?</span> 
     </span>
    </p>

    <p class='ocr_par' dir='ltr' id='par_1_9' title="bbox 241 2544 801 2587">
     <span class='ocr_line' id='line_1_41' title="bbox 241 2544 801 2587; baseline 0 -3"><span class='ocrx_word' id='word_1_200' title='bbox 241 2546 305 2585; x_wconf 76' lang='lat' dir='ltr'>&#39;l&#39;e</span> <span class='ocrx_word' id='word_1_201' title='bbox 323 2545 466 2586; x_wconf 92' lang='lat' dir='ltr'>Deum</span> <span class='ocrx_word' id='word_1_202' title='bbox 484 2544 723 2587; x_wconf 75' lang='lat' dir='ltr'>laudamus.</span> <span class='ocrx_word' id='word_1_203' title='bbox 743 2545 801 2585; x_wconf 88' lang='lat'>15.</span> 
     </span>
    </p>

    <p class='ocr_par' dir='ltr' id='par_1_10' title="bbox 190 2607 1012 2774">
     <span class='ocr_line' id='line_1_42' title="bbox 245 2607 1012 2661; baseline 0 -14"><span class='ocrx_word' id='word_1_204' title='bbox 245 2609 307 2649; x_wconf 61' lang='lat' dir='ltr'>Ad</span> <span class='ocrx_word' id='word_1_205' title='bbox 335 2610 490 2650; x_wconf 63' lang='lat' dir='ltr'>Heneti.</span> <span class='ocrx_word' id='word_1_206' title='bbox 526 2615 618 2652; x_wconf 67' lang='lat' dir='ltr'>Ant.</span> <span class='ocrx_word' id='word_1_207' title='bbox 658 2613 749 2661; x_wconf 59' lang='lat' dir='ltr'>ligo</span> <span class='ocrx_word' id='word_1_208' title='bbox 774 2621 869 2650; x_wconf 85' lang='lat' dir='ltr'>sum</span> <span class='ocrx_word' id='word_1_209' title='bbox 888 2607 1012 2660; x_wconf 80' lang='lat' dir='ltr'>panis</span> 
     </span>
     <span class='ocr_line' id='line_1_43' title="bbox 190 2663 1011 2718; baseline 0 -14"><span class='ocrx_word' id='word_1_210' title='bbox 190 2664 357 2713; x_wconf 86' lang='lat' dir='ltr'>vivus,*</span> <span class='ocrx_word' id='word_1_211' title='bbox 370 2664 473 2706; x_wconf 89' lang='lat' dir='ltr'>dicit</span> <span class='ocrx_word' id='word_1_212' title='bbox 488 2666 712 2715; x_wconf 86' lang='lat' dir='ltr'>Dominus,</span> <span class='ocrx_word' id='word_1_213' title='bbox 734 2665 804 2718; x_wconf 89' lang='lat' dir='ltr'>qui</span> <span class='ocrx_word' id='word_1_214' title='bbox 826 2663 880 2706; x_wconf 94' lang='lat' dir='ltr'>de</span> <span class='ocrx_word' id='word_1_215' title='bbox 898 2664 1011 2705; x_wconf 87' lang='lat' dir='ltr'>coelo</span> 
     </span>
     <span class='ocr_line' id='line_1_44' title="bbox 191 2719 806 2774; baseline 0.003 -14"><span class='ocrx_word' id='word_1_216' title='bbox 191 2719 406 2769; x_wconf 88' lang='lat' dir='ltr'>descendi,</span> <span class='ocrx_word' id='word_1_217' title='bbox 426 2721 605 2773; x_wconf 83' lang='lat' dir='ltr'>alleluja,</span> <span class='ocrx_word' id='word_1_218' title='bbox 626 2722 806 2774; x_wconf 82' lang='lat' dir='ltr'>alleluja.</span> 
     </span>
    </p>
   </div>
   <div class='ocr_carea' id='block_1_6' title="bbox 899 2367 1088 2419">
    <p class='ocr_par' dir='ltr' id='par_1_11' title="bbox 899 2348 1186 2419">
     <span class='ocr_line' id='line_1_45' title="bbox 899 2367 1088 2419; baseline -0.024 -9"><span class='ocrx_word' id='word_1_219' title='bbox 899 2367 1013 2419; x_wconf 92' lang='lat' dir='ltr'>Quid</span> <span class='ocrx_word' id='word_1_220' title='bbox 1072 2382 1088 2399; x_wconf 56' lang='grc' dir='ltr'>ε</span> 
     </span>
    </p>
   </div>
   <div class='ocr_carea' id='block_1_7' title="bbox 1404 281 1566 322">
    <p class='ocr_par' dir='ltr' id='par_1_12' title="bbox 1404 281 1566 322">
     <span class='ocr_line' id='line_1_46' title="bbox 1404 281 1566 322; baseline -0.006 -2"><span class='ocrx_word' id='word_1_221' title='bbox 1404 281 1566 322; x_wconf 86' lang='lat' dir='ltr'>Oratio.</span> 
     </span>
    </p>
   </div>
   <div class='ocr_carea' id='block_1_8' title="bbox 1072 332 1901 624">
    <p class='ocr_par' dir='ltr' id='par_1_13' title="bbox 1072 332 1901 624">
     <span class='ocr_line' id='line_1_47' title="bbox 1072 332 1900 439; baseline -0.007 -49"><span class='ocrx_word' id='word_1_222' title='bbox 1072 332 1306 439; x_wconf 84' lang='lat' dir='ltr'>Mentes</span> <span class='ocrx_word' id='word_1_223' title='bbox 1325 353 1515 396; x_wconf 86' lang='lat' dir='ltr'>nostras,</span> <span class='ocrx_word' id='word_1_224' title='bbox 1540 347 1790 398; x_wconf 81' lang='lat' dir='ltr'>quaesumus</span> <span class='ocrx_word' id='word_1_225' title='bbox 1813 344 1900 385; x_wconf 83' lang='lat' dir='ltr'>Do-</span> 
     </span>
     <span class='ocr_line' id='line_1_48' title="bbox 1195 401 1900 454; baseline -0.006 -9"><span class='ocrx_word' id='word_1_226' title='bbox 1195 404 1321 454; x_wconf 88' lang='lat' dir='ltr'>mine,</span> <span class='ocrx_word' id='word_1_227' title='bbox 1340 403 1592 452; x_wconf 86' lang='lat' dir='ltr'>Paraclitus,</span> <span class='ocrx_word' id='word_1_228' title='bbox 1614 401 1687 453; x_wconf 94' lang='lat' dir='ltr'>qui</span> <span class='ocrx_word' id='word_1_229' title='bbox 1706 414 1731 442; x_wconf 89' lang='lat' dir='ltr'>a</span> <span class='ocrx_word' id='word_1_230' title='bbox 1744 406 1788 442; x_wconf 92' lang='lat' dir='ltr'>te</span> <span class='ocrx_word' id='word_1_231' title='bbox 1802 413 1900 453; x_wconf 92' lang='lat' dir='ltr'>pro-</span> 
     </span>
     <span class='ocr_line' id='line_1_49' title="bbox 1076 457 1900 509; baseline -0.004 -9"><span class='ocrx_word' id='word_1_232' title='bbox 1076 459 1209 509; x_wconf 88' lang='lat' dir='ltr'>cedit,</span> <span class='ocrx_word' id='word_1_233' title='bbox 1242 460 1467 501; x_wconf 83' lang='lat' dir='ltr'>illuminet:</span> <span class='ocrx_word' id='word_1_234' title='bbox 1507 465 1550 500; x_wconf 93' lang='lat' dir='ltr'>et</span> <span class='ocrx_word' id='word_1_235' title='bbox 1582 457 1760 499; x_wconf 74' lang='lat' dir='ltr'>indficat</span> <span class='ocrx_word' id='word_1_236' title='bbox 1786 457 1830 497; x_wconf 92' lang='lat' dir='ltr'>in</span> <span class='ocrx_word' id='word_1_237' title='bbox 1858 469 1900 498; x_wconf 91' lang='lat' dir='ltr'>o-</span> 
     </span>
     <span class='ocr_line' id='line_1_50' title="bbox 1074 512 1901 568; baseline -0.004 -12"><span class='ocrx_word' id='word_1_238' title='bbox 1074 512 1236 566; x_wconf 83' lang='lat' dir='ltr'>mnem,</span> <span class='ocrx_word' id='word_1_239' title='bbox 1266 517 1378 558; x_wconf 93' lang='lat' dir='ltr'>sicut</span> <span class='ocrx_word' id='word_1_240' title='bbox 1403 522 1504 558; x_wconf 92' lang='lat' dir='ltr'>tuus</span> <span class='ocrx_word' id='word_1_241' title='bbox 1531 514 1732 568; x_wconf 88' lang='lat' dir='ltr'>promisit</span> <span class='ocrx_word' id='word_1_242' title='bbox 1756 513 1901 563; x_wconf 88' lang='lat' dir='ltr'>Filius,</span> 
     </span>
     <span class='ocr_line' id='line_1_51' title="bbox 1075 570 1900 624; baseline -0.004 -11"><span class='ocrx_word' id='word_1_243' title='bbox 1075 573 1320 615; x_wconf 88' lang='lat' dir='ltr'>veritatem:</span> <span class='ocrx_word' id='word_1_244' title='bbox 1349 572 1431 624; x_wconf 92' lang='lat' dir='ltr'>Qui</span> <span class='ocrx_word' id='word_1_245' title='bbox 1458 578 1604 614; x_wconf 91' lang='lat' dir='ltr'>tecum</span> <span class='ocrx_word' id='word_1_246' title='bbox 1632 570 1738 612; x_wconf 90' lang='lat' dir='ltr'>vivit</span> <span class='ocrx_word' id='word_1_247' title='bbox 1766 575 1809 611; x_wconf 93' lang='lat' dir='ltr'>et</span> <span class='ocrx_word' id='word_1_248' title='bbox 1837 582 1900 611; x_wconf 93' lang='lat' dir='ltr'>re-</span> 
     </span>
    </p>
   </div>
   <div class='ocr_carea' id='block_1_9' title="bbox 1072 626 1901 1030">
    <p class='ocr_par' dir='ltr' id='par_1_14' title="bbox 1072 626 1901 1030">
     <span class='ocr_line' id='line_1_52' title="bbox 1074 626 1856 680; baseline -0.004 -11"><span class='ocrx_word' id='word_1_249' title='bbox 1074 634 1177 679; x_wconf 87' lang='lat' dir='ltr'>gnat</span> <span class='ocrx_word' id='word_1_250' title='bbox 1197 629 1241 670; x_wconf 90' lang='lat' dir='ltr'>in</span> <span class='ocrx_word' id='word_1_251' title='bbox 1259 630 1427 671; x_wconf 89' lang='lat' dir='ltr'>unitate</span> <span class='ocrx_word' id='word_1_252' title='bbox 1446 627 1641 680; x_wconf 81' lang='lat' dir='ltr'>ejusdem</span> <span class='ocrx_word' id='word_1_253' title='bbox 1659 626 1856 680; x_wconf 91' lang='lat' dir='ltr'>Spiritus.</span> 
     </span>
     <span class='ocr_line' id='line_1_53' title="bbox 1129 691 1901 744; baseline -0.005 -9"><span class='ocrx_word' id='word_1_254' title='bbox 1129 696 1193 736; x_wconf 67' lang='lat' dir='ltr'>Ad</span> <span class='ocrx_word' id='word_1_255' title='bbox 1216 696 1386 743; x_wconf 60' lang='lat' dir='ltr'>Magnis.</span> <span class='ocrx_word' id='word_1_256' title='bbox 1419 698 1514 737; x_wconf 72' lang='lat' dir='ltr'>Ant.</span> <span class='ocrx_word' id='word_1_257' title='bbox 1546 696 1640 743; x_wconf 81' lang='lat' dir='ltr'>Ego</span> <span class='ocrx_word' id='word_1_258' title='bbox 1661 705 1758 733; x_wconf 93' lang='lat' dir='ltr'>sum</span> <span class='ocrx_word' id='word_1_259' title='bbox 1775 691 1901 744; x_wconf 88' lang='lat' dir='ltr'>panis</span> 
     </span>
     <span class='ocr_line' id='line_1_54' title="bbox 1073 747 1900 803; baseline -0.005 -12"><span class='ocrx_word' id='word_1_260' title='bbox 1073 750 1215 800; x_wconf 88' lang='lat' dir='ltr'>vivus,</span> <span class='ocrx_word' id='word_1_261' title='bbox 1238 751 1262 776; x_wconf 87' lang='lat'>*</span> <span class='ocrx_word' id='word_1_262' title='bbox 1287 751 1360 803; x_wconf 90' lang='lat' dir='ltr'>qui</span> <span class='ocrx_word' id='word_1_263' title='bbox 1389 750 1443 792; x_wconf 92' lang='lat' dir='ltr'>de</span> <span class='ocrx_word' id='word_1_264' title='bbox 1473 749 1586 792; x_wconf 86' lang='lat' dir='ltr'>coelo</span> <span class='ocrx_word' id='word_1_265' title='bbox 1616 747 1838 790; x_wconf 88' lang='lat' dir='ltr'>descendi:</span> <span class='ocrx_word' id='word_1_266' title='bbox 1865 747 1900 788; x_wconf 88' lang='lat' dir='ltr'>si</span> 
     </span>
     <span class='ocr_line' id='line_1_55' title="bbox 1075 804 1900 859; baseline -0.006 -10"><span class='ocrx_word' id='word_1_267' title='bbox 1075 807 1170 859; x_wconf 93' lang='lat' dir='ltr'>quis</span> <span class='ocrx_word' id='word_1_268' title='bbox 1206 806 1536 849; x_wconf 84' lang='lat' dir='ltr'>manducaverit</span> <span class='ocrx_word' id='word_1_269' title='bbox 1573 818 1627 847; x_wconf 82' lang='lat' dir='ltr'>ex</span> <span class='ocrx_word' id='word_1_270' title='bbox 1659 804 1745 846; x_wconf 92' lang='lat' dir='ltr'>hoc</span> <span class='ocrx_word' id='word_1_271' title='bbox 1776 816 1900 857; x_wconf 86' lang='lat' dir='ltr'>pane,</span> 
     </span>
     <span class='ocr_line' id='line_1_56' title="bbox 1073 862 1900 915; baseline -0.005 -10"><span class='ocrx_word' id='word_1_272' title='bbox 1073 864 1190 906; x_wconf 91' lang='lat' dir='ltr'>vivet</span> <span class='ocrx_word' id='word_1_273' title='bbox 1214 864 1256 904; x_wconf 91' lang='lat' dir='ltr'>in</span> <span class='ocrx_word' id='word_1_274' title='bbox 1282 867 1507 906; x_wconf 87' lang='lat' dir='ltr'>aeternum:</span> <span class='ocrx_word' id='word_1_275' title='bbox 1536 868 1579 905; x_wconf 92' lang='lat' dir='ltr'>et</span> <span class='ocrx_word' id='word_1_276' title='bbox 1601 862 1744 915; x_wconf 91' lang='lat' dir='ltr'>panis,</span> <span class='ocrx_word' id='word_1_277' title='bbox 1771 873 1900 914; x_wconf 91' lang='lat' dir='ltr'>quem</span> 
     </span>
     <span class='ocr_line' id='line_1_57' title="bbox 1073 916 1901 972; baseline -0.006 -10"><span class='ocrx_word' id='word_1_278' title='bbox 1073 933 1155 971; x_wconf 85' lang='lat' dir='ltr'>ego</span> <span class='ocrx_word' id='word_1_279' title='bbox 1176 920 1303 971; x_wconf 89' lang='lat' dir='ltr'>dabo,</span> <span class='ocrx_word' id='word_1_280' title='bbox 1325 933 1427 962; x_wconf 89' lang='lat' dir='ltr'>caro</span> <span class='ocrx_word' id='word_1_281' title='bbox 1447 933 1546 962; x_wconf 92' lang='lat' dir='ltr'>mea</span> <span class='ocrx_word' id='word_1_282' title='bbox 1565 924 1631 961; x_wconf 90' lang='lat' dir='ltr'>est</span> <span class='ocrx_word' id='word_1_283' title='bbox 1649 931 1730 972; x_wconf 92' lang='lat' dir='ltr'>pro</span> <span class='ocrx_word' id='word_1_284' title='bbox 1750 916 1901 959; x_wconf 92' lang='lat' dir='ltr'>mundi</span> 
     </span>
     <span class='ocr_line' id='line_1_58' title="bbox 1072 977 1372 1030; baseline 0.003 -13"><span class='ocrx_word' id='word_1_285' title='bbox 1072 977 1170 1027; x_wconf 89' lang='lat' dir='ltr'>vita,</span> <span class='ocrx_word' id='word_1_286' title='bbox 1190 977 1372 1030; x_wconf 80' lang='lat' dir='ltr'>alleluja.</span> 
     </span>
    </p>
   </div>
   <div class='ocr_carea' id='block_1_10' title="bbox 1069 1101 1899 1572">
    <p class='ocr_par' dir='ltr' id='par_1_15' title="bbox 1251 1101 1716 1149">
     <span class='ocr_line' id='line_1_59' title="bbox 1251 1101 1716 1149; baseline -0.006 -10"><span class='ocrx_word' id='word_1_287' title='bbox 1251 1103 1438 1139; x_wconf 83' lang='lat' dir='ltr'>Feria</span> <span class='ocrx_word' id='word_1_288' title='bbox 1473 1101 1716 1149; x_wconf 84' lang='lat' dir='ltr'>Quinta.</span> 
     </span>
    </p>

    <p class='ocr_par' dir='ltr' id='par_1_16' title="bbox 1069 1164 1899 1391">
     <span class='ocr_line' id='line_1_60' title="bbox 1125 1164 1898 1222; baseline -0.01 -8"><span class='ocrx_word' id='word_1_289' title='bbox 1125 1171 1170 1221; x_wconf 52' lang='grc' dir='ltr'>δ”.</span> <span class='ocrx_word' id='word_1_290' title='bbox 1206 1169 1393 1222; x_wconf 90' lang='lat' dir='ltr'>Spiritus</span> <span class='ocrx_word' id='word_1_291' title='bbox 1419 1167 1595 1209; x_wconf 69' lang='lat' dir='ltr'>Domini</span> <span class='ocrx_word' id='word_1_292' title='bbox 1622 1164 1807 1219; x_wconf 87' lang='lat' dir='ltr'>replevit</span> <span class='ocrx_word' id='word_1_293' title='bbox 1832 1177 1898 1206; x_wconf 92' lang='lat' dir='ltr'>or-</span> 
     </span>
     <span class='ocr_line' id='line_1_61' title="bbox 1070 1221 1899 1276; baseline -0.006 -9"><span class='ocrx_word' id='word_1_294' title='bbox 1070 1224 1171 1266; x_wconf 90' lang='lat' dir='ltr'>bem</span> <span class='ocrx_word' id='word_1_295' title='bbox 1189 1228 1422 1275; x_wconf 90' lang='lat' dir='ltr'>terrarum,</span> <span class='ocrx_word' id='word_1_296' title='bbox 1450 1224 1631 1276; x_wconf 76' lang='lat' dir='ltr'>alleli&#39;ija.</span> <span class='ocrx_word' id='word_1_297' title='bbox 1664 1229 1712 1268; x_wconf 81' lang='lat' dir='ltr'>R·</span> <span class='ocrx_word' id='word_1_298' title='bbox 1734 1221 1791 1263; x_wconf 90' lang='lat' dir='ltr'>Et</span> <span class='ocrx_word' id='word_1_299' title='bbox 1813 1221 1899 1263; x_wconf 90' lang='lat' dir='ltr'>hoc</span> 
     </span>
     <span class='ocr_line' id='line_1_62' title="bbox 1071 1277 1896 1333; baseline -0.006 -10"><span class='ocrx_word' id='word_1_300' title='bbox 1071 1280 1191 1333; x_wconf 94' lang='lat' dir='ltr'>quod</span> <span class='ocrx_word' id='word_1_301' title='bbox 1207 1282 1398 1324; x_wconf 86' lang='lat' dir='ltr'>continet</span> <span class='ocrx_word' id='word_1_302' title='bbox 1414 1281 1569 1330; x_wconf 75' lang='lat' dir='ltr'>emnia,</span> <span class='ocrx_word' id='word_1_303' title='bbox 1587 1278 1812 1322; x_wconf 89' lang='lat' dir='ltr'>scientiam</span> <span class='ocrx_word' id='word_1_304' title='bbox 1824 1277 1896 1319; x_wconf 90' lang='lat' dir='ltr'>ha-</span> 
     </span>
     <span class='ocr_line' id='line_1_63' title="bbox 1069 1337 1495 1391; baseline 0.002 -12"><span class='ocrx_word' id='word_1_305' title='bbox 1069 1337 1144 1380; x_wconf 92' lang='lat' dir='ltr'>bet</span> <span class='ocrx_word' id='word_1_306' title='bbox 1162 1339 1295 1389; x_wconf 83' lang='lat' dir='ltr'>vocis,</span> <span class='ocrx_word' id='word_1_307' title='bbox 1314 1338 1495 1391; x_wconf 82' lang='lat' dir='ltr'>alleluja.</span> 
     </span>
    </p>

    <p class='ocr_par' dir='ltr' id='par_1_17' title="bbox 1123 1402 1431 1442">
     <span class='ocr_line' id='line_1_64' title="bbox 1123 1402 1431 1442; baseline -0.003 -1"><span class='ocrx_word' id='word_1_308' title='bbox 1123 1402 1250 1441; x_wconf 77' lang='lat' dir='ltr'>Pater</span> <span class='ocrx_word' id='word_1_309' title='bbox 1269 1404 1431 1442; x_wconf 89' lang='lat' dir='ltr'>noster.</span> 
     </span>
    </p>

    <p class='ocr_par' dir='ltr' id='par_1_18' title="bbox 1124 1457 1785 1503">
     <span class='ocr_line' id='line_1_65' title="bbox 1124 1457 1785 1503; baseline -0.006 -2"><span class='ocrx_word' id='word_1_310' title='bbox 1124 1463 1364 1503; x_wconf 78' lang='lat' dir='ltr'>Absolutio.</span> <span class='ocrx_word' id='word_1_311' title='bbox 1396 1458 1569 1502; x_wconf 75' lang='lat' dir='ltr'>Exal&#39;idi</span> <span class='ocrx_word' id='word_1_312' title='bbox 1587 1457 1785 1499; x_wconf 73' lang='lat' dir='ltr'>Demine.</span> 
     </span>
    </p>

    <p class='ocr_par' dir='ltr' id='par_1_19' title="bbox 1125 1518 1733 1572">
     <span class='ocr_line' id='line_1_66' title="bbox 1125 1518 1733 1572; baseline -0.007 -10"><span class='ocrx_word' id='word_1_313' title='bbox 1125 1523 1283 1564; x_wconf 80' lang='lat' dir='ltr'>Bened.</span> <span class='ocrx_word' id='word_1_314' title='bbox 1317 1520 1575 1572; x_wconf 84' lang='lat' dir='ltr'>Evangelica</span> <span class='ocrx_word' id='word_1_315' title='bbox 1592 1518 1733 1560; x_wconf 86' lang='lat' dir='ltr'>lectio.</span> 
     </span>
    </p>
   </div>
   <div class='ocr_carea' id='block_1_11' title="bbox 1065 1602 1895 2062">
    <p class='ocr_par' dir='ltr' id='par_1_20' title="bbox 1068 1602 1895 1777">
     <span class='ocr_line' id='line_1_67' title="bbox 1068 1602 1895 1658; baseline -0.007 -9"><span class='ocrx_word' id='word_1_316' title='bbox 1068 1608 1222 1649; x_wconf 80' lang='lat' dir='ltr'>Lectio</span> <span class='ocrx_word' id='word_1_317' title='bbox 1247 1607 1386 1648; x_wconf 88' lang='lat' dir='ltr'>sancti</span> <span class='ocrx_word' id='word_1_318' title='bbox 1405 1605 1631 1658; x_wconf 84' lang='lat' dir='ltr'>Evangelii</span> <span class='ocrx_word' id='word_1_319' title='bbox 1654 1602 1895 1646; x_wconf 80' lang='lat' dir='ltr'>secundum</span> 
     </span>
     <span class='ocr_line' id='line_1_68' title="bbox 1394 1663 1571 1704; baseline -0.006 0"><span class='ocrx_word' id='word_1_320' title='bbox 1394 1663 1571 1704; x_wconf 91' lang='lat' dir='ltr'>Lucam.</span> 
     </span>
     <span class='ocr_line' id='line_1_69' title="bbox 1171 1727 1789 1777; baseline -0.002 -10"><span class='ocrx_word' id='word_1_321' title='bbox 1171 1728 1322 1768; x_wconf 79' lang='lat' dir='ltr'>Lectio</span> <span class='ocrx_word' id='word_1_322' title='bbox 1346 1730 1367 1768; x_wconf 85' lang='lat' dir='ltr'>i.</span> <span class='ocrx_word' id='word_1_323' title='bbox 1628 1727 1731 1777; x_wconf 87' lang='lat' dir='ltr'>Cap.</span> <span class='ocrx_word' id='word_1_324' title='bbox 1752 1728 1789 1767; x_wconf 78' lang='lat'>9.</span> 
     </span>
    </p>

    <p class='ocr_par' dir='ltr' id='par_1_21' title="bbox 1114 1781 1894 1838">
     <span class='ocr_line' id='line_1_70' title="bbox 1114 1781 1894 1838; baseline -0.008 -11"><span class='ocrx_word' id='word_1_325' title='bbox 1114 1800 1141 1826; x_wconf 93' lang='lat' dir='ltr'>n</span> <span class='ocrx_word' id='word_1_326' title='bbox 1161 1785 1236 1827; x_wconf 91' lang='lat' dir='ltr'>illo</span> <span class='ocrx_word' id='word_1_327' title='bbox 1254 1786 1468 1838; x_wconf 89' lang='lat' dir='ltr'>tempore:</span> <span class='ocrx_word' id='word_1_328' title='bbox 1489 1781 1752 1825; x_wconf 86' lang='lat' dir='ltr'>Convocatis</span> <span class='ocrx_word' id='word_1_329' title='bbox 1766 1781 1791 1822; x_wconf 88' lang='lat' dir='ltr'>J</span> <span class='ocrx_word' id='word_1_330' title='bbox 1793 1793 1894 1822; x_wconf 88' lang='lat' dir='ltr'>esus</span> 
     </span>
    </p>

    <p class='ocr_par' dir='ltr' id='par_1_22' title="bbox 1065 1836 1893 2062">
     <span class='ocr_line' id='line_1_71' title="bbox 1131 1836 1893 1894; baseline -0.009 -10"><span class='ocrx_word' id='word_1_331' title='bbox 1131 1841 1366 1884; x_wconf 74' lang='lat' dir='ltr'>duedecim</span> <span class='ocrx_word' id='word_1_332' title='bbox 1393 1838 1637 1894; x_wconf 83' lang='lat' dir='ltr'>Apostolis,</span> <span class='ocrx_word' id='word_1_333' title='bbox 1664 1836 1786 1879; x_wconf 91' lang='lat' dir='ltr'>dedit</span> <span class='ocrx_word' id='word_1_334' title='bbox 1810 1836 1893 1878; x_wconf 93' lang='lat' dir='ltr'>illis</span> 
     </span>
     <span class='ocr_line' id='line_1_72' title="bbox 1067 1896 1892 1951; baseline -0.006 -12"><span class='ocrx_word' id='word_1_335' title='bbox 1067 1899 1272 1941; x_wconf 80' lang='lat' dir='ltr'>virtutem</span> <span class='ocrx_word' id='word_1_336' title='bbox 1305 1904 1348 1940; x_wconf 92' lang='lat' dir='ltr'>et</span> <span class='ocrx_word' id='word_1_337' title='bbox 1387 1898 1653 1951; x_wconf 88' lang='lat' dir='ltr'>potestatem</span> <span class='ocrx_word' id='word_1_338' title='bbox 1685 1906 1817 1947; x_wconf 89' lang='lat' dir='ltr'>super</span> <span class='ocrx_word' id='word_1_339' title='bbox 1849 1896 1892 1934; x_wconf 92' lang='grc' dir='ltr'>ό-</span> 
     </span>
     <span class='ocr_line' id='line_1_73' title="bbox 1065 1952 1892 2002; baseline -0.008 -5"><span class='ocrx_word' id='word_1_340' title='bbox 1065 1955 1180 1996; x_wconf 91' lang='lat' dir='ltr'>mnia</span> <span class='ocrx_word' id='word_1_341' title='bbox 1200 1954 1426 2002; x_wconf 84' lang='lat' dir='ltr'>daemonia,</span> <span class='ocrx_word' id='word_1_342' title='bbox 1447 1958 1491 1995; x_wconf 93' lang='lat' dir='ltr'>et</span> <span class='ocrx_word' id='word_1_343' title='bbox 1509 1958 1557 1994; x_wconf 88' lang='lat' dir='ltr'>ut</span> <span class='ocrx_word' id='word_1_344' title='bbox 1575 1952 1807 2002; x_wconf 84' lang='lat' dir='ltr'>languores</span> <span class='ocrx_word' id='word_1_345' title='bbox 1822 1963 1892 1991; x_wconf 87' lang='lat' dir='ltr'>cu-</span> 
     </span>
     <span class='ocr_line' id='line_1_74' title="bbox 1066 2010 1505 2062; baseline -0.007 -9"><span class='ocrx_word' id='word_1_346' title='bbox 1066 2014 1224 2053; x_wconf 84' lang='lat' dir='ltr'>rarent.</span> <span class='ocrx_word' id='word_1_347' title='bbox 1252 2011 1309 2053; x_wconf 91' lang='lat' dir='ltr'>Et</span> <span class='ocrx_word' id='word_1_348' title='bbox 1328 2010 1505 2062; x_wconf 87' lang='lat' dir='ltr'>reliqua.</span> 
     </span>
    </p>
   </div>
   <div class='ocr_carea' id='block_1_12' title="bbox 1064 2084 1891 2770">
    <p class='ocr_par' dir='ltr' id='par_1_23' title="bbox 1064 2084 1891 2770">
     <span class='ocr_line' id='line_1_75' title="bbox 1177 2084 1786 2132; baseline -0.01 -1"><span class='ocrx_word' id='word_1_349' title='bbox 1177 2088 1366 2132; x_wconf 90' lang='lat' dir='ltr'>Homilia</span> <span class='ocrx_word' id='word_1_350' title='bbox 1394 2086 1534 2128; x_wconf 90' lang='lat' dir='ltr'>sancti</span> <span class='ocrx_word' id='word_1_351' title='bbox 1561 2084 1786 2127; x_wconf 82' lang='lat' dir='ltr'>Ambrosii</span> 
     </span>
     <span class='ocr_line' id='line_1_76' title="bbox 1369 2143 1590 2197; baseline -0.009 -12"><span class='ocrx_word' id='word_1_352' title='bbox 1369 2143 1590 2197; x_wconf 91' lang='lat' dir='ltr'>Episcopi.</span> 
     </span>
     <span class='ocr_line' id='line_1_77' title="bbox 1225 2210 1733 2254; baseline -0.004 -7"><span class='ocrx_word' id='word_1_353' title='bbox 1225 2214 1304 2247; x_wconf 88' lang='lat' dir='ltr'>Lib.</span> <span class='ocrx_word' id='word_1_354' title='bbox 1330 2215 1359 2245; x_wconf 42' lang='lat'>(⁷3.</span> <span class='ocrx_word' id='word_1_355' title='bbox 1387 2212 1423 2245; x_wconf 86' lang='lat' dir='ltr'>in</span> <span class='ocrx_word' id='word_1_356' title='bbox 1447 2222 1527 2254; x_wconf 84' lang='lat' dir='ltr'>cap.</span> <span class='ocrx_word' id='word_1_357' title='bbox 1554 2214 1583 2244; x_wconf 66' lang='lat'>9.</span> <span class='ocrx_word' id='word_1_358' title='bbox 1610 2210 1733 2245; x_wconf 79' lang='lat' dir='ltr'>Lucae.</span> 
     </span>
     <span class='ocr_line' id='line_1_78' title="bbox 1190 2263 1890 2316; baseline -0.009 -7.553"><span class='ocrx_word' id='word_1_359' title='bbox 1190 2267 1298 2308; x_wconf 93' lang='lat' dir='ltr'>ualis</span> <span class='ocrx_word' id='word_1_360' title='bbox 1318 2266 1477 2307; x_wconf 85' lang='lat' dir='ltr'>debeat</span> <span class='ocrx_word' id='word_1_361' title='bbox 1497 2277 1594 2306; x_wconf 91' lang='lat' dir='ltr'>esse</span> <span class='ocrx_word' id='word_1_362' title='bbox 1617 2263 1690 2316; x_wconf 93' lang='lat' dir='ltr'>qui</span> <span class='ocrx_word' id='word_1_363' title='bbox 1709 2274 1890 2313; x_wconf 87' lang='lat' dir='ltr'>evange-</span> 
     </span>
     <span class='ocr_line' id='line_1_79' title="bbox 1099 2314 1891 2373; baseline -0.01 -6"><span class='ocrx_word' id='word_1_364' title='bbox 1099 2314 1149 2368; x_wconf 87' lang='grc' dir='ltr'><strong>’,ωδ</strong></span> <span class='ocrx_word' id='word_1_365' title='bbox 1206 2323 1309 2365; x_wconf 87' lang='lat' dir='ltr'>lizat</span> <span class='ocrx_word' id='word_1_366' title='bbox 1332 2335 1513 2373; x_wconf 85' lang='lat' dir='ltr'>regnum</span> <span class='ocrx_word' id='word_1_367' title='bbox 1533 2321 1629 2369; x_wconf 84' lang='lat' dir='ltr'>Dei,</span> <span class='ocrx_word' id='word_1_368' title='bbox 1656 2318 1891 2373; x_wconf 82' lang='lat' dir='ltr'>praeceptis</span> 
     </span>
     <span class='ocr_line' id='line_1_80' title="bbox 1207 2375 1890 2431; baseline -0.009 -10"><span class='ocrx_word' id='word_1_369' title='bbox 1207 2378 1468 2431; x_wconf 85' lang='lat' dir='ltr'>evangelicis</span> <span class='ocrx_word' id='word_1_370' title='bbox 1487 2377 1753 2428; x_wconf 86' lang='lat' dir='ltr'>designatur:</span> <span class='ocrx_word' id='word_1_371' title='bbox 1771 2381 1820 2417; x_wconf 92' lang='lat' dir='ltr'>ut</span> <span class='ocrx_word' id='word_1_372' title='bbox 1838 2375 1890 2416; x_wconf 85' lang='lat' dir='ltr'>si-</span> 
     </span>
     <span class='ocr_line' id='line_1_81' title="bbox 1066 2430 1889 2487; baseline -0.01 -8"><span class='ocrx_word' id='word_1_373' title='bbox 1066 2451 1118 2479; x_wconf 93' lang='lat' dir='ltr'>ne</span> <span class='ocrx_word' id='word_1_374' title='bbox 1151 2437 1287 2487; x_wconf 84' lang='lat' dir='ltr'>virga,</span> <span class='ocrx_word' id='word_1_375' title='bbox 1321 2436 1414 2476; x_wconf 87' lang='lat' dir='ltr'>sine</span> <span class='ocrx_word' id='word_1_376' title='bbox 1447 2447 1570 2487; x_wconf 88' lang='lat' dir='ltr'>pera,</span> <span class='ocrx_word' id='word_1_377' title='bbox 1603 2433 1695 2473; x_wconf 91' lang='lat' dir='ltr'>sine</span> <span class='ocrx_word' id='word_1_378' title='bbox 1727 2430 1889 2473; x_wconf 90' lang='lat' dir='ltr'>calcea-</span> 
     </span>
     <span class='ocr_line' id='line_1_82' title="bbox 1065 2486 1890 2544; baseline -0.01 -9"><span class='ocrx_word' id='word_1_379' title='bbox 1065 2496 1230 2542; x_wconf 87' lang='lat' dir='ltr'>mento,</span> <span class='ocrx_word' id='word_1_380' title='bbox 1267 2492 1358 2532; x_wconf 90' lang='lat' dir='ltr'>sine</span> <span class='ocrx_word' id='word_1_381' title='bbox 1394 2503 1524 2544; x_wconf 89' lang='lat' dir='ltr'>pane,</span> <span class='ocrx_word' id='word_1_382' title='bbox 1566 2489 1658 2530; x_wconf 88' lang='lat' dir='ltr'>sine</span> <span class='ocrx_word' id='word_1_383' title='bbox 1693 2486 1890 2540; x_wconf 80' lang='lat' dir='ltr'>pecunia,</span> 
     </span>
     <span class='ocr_line' id='line_1_83' title="bbox 1064 2542 1889 2597; baseline -0.011 -6"><span class='ocrx_word' id='word_1_384' title='bbox 1064 2550 1149 2591; x_wconf 93' lang='lat' dir='ltr'>hoc</span> <span class='ocrx_word' id='word_1_385' title='bbox 1168 2554 1245 2597; x_wconf 90' lang='lat' dir='ltr'>est,</span> <span class='ocrx_word' id='word_1_386' title='bbox 1270 2546 1451 2589; x_wconf 91' lang='lat' dir='ltr'>subsidii</span> <span class='ocrx_word' id='word_1_387' title='bbox 1470 2544 1692 2587; x_wconf 84' lang='lat' dir='ltr'>saecularis</span> <span class='ocrx_word' id='word_1_388' title='bbox 1711 2542 1889 2584; x_wconf 89' lang='lat' dir='ltr'>admini-</span> 
     </span>
     <span class='ocr_line' id='line_1_84' title="bbox 1065 2599 1889 2655; baseline -0.011 -7"><span class='ocrx_word' id='word_1_389' title='bbox 1065 2607 1162 2648; x_wconf 89' lang='lat' dir='ltr'>cula</span> <span class='ocrx_word' id='word_1_390' title='bbox 1184 2617 1273 2646; x_wconf 92' lang='lat' dir='ltr'>non</span> <span class='ocrx_word' id='word_1_391' title='bbox 1296 2605 1536 2655; x_wconf 84' lang='lat' dir='ltr'>requirens,</span> <span class='ocrx_word' id='word_1_392' title='bbox 1561 2599 1735 2651; x_wconf 91' lang='lat' dir='ltr'>fideque</span> <span class='ocrx_word' id='word_1_393' title='bbox 1759 2604 1889 2648; x_wconf 91' lang='lat' dir='ltr'>tutus,</span> 
     </span>
     <span class='ocr_line' id='line_1_85' title="bbox 1066 2657 1889 2715; baseline -0.011 -11"><span class='ocrx_word' id='word_1_394' title='bbox 1066 2667 1190 2715; x_wconf 87' lang='lat' dir='ltr'>putet</span> <span class='ocrx_word' id='word_1_395' title='bbox 1215 2660 1296 2702; x_wconf 92' lang='lat' dir='ltr'>sibi</span> <span class='ocrx_word' id='word_1_396' title='bbox 1325 2672 1411 2711; x_wconf 91' lang='lat' dir='ltr'>quo</span> <span class='ocrx_word' id='word_1_397' title='bbox 1439 2658 1580 2699; x_wconf 91' lang='lat' dir='ltr'>minus</span> <span class='ocrx_word' id='word_1_398' title='bbox 1608 2669 1659 2698; x_wconf 92' lang='lat' dir='ltr'>ea</span> <span class='ocrx_word' id='word_1_399' title='bbox 1687 2657 1889 2707; x_wconf 90' lang='lat' dir='ltr'>requirat,</span> 
     </span>
     <span class='ocr_line' id='line_1_86' title="bbox 1065 2714 1888 2770; baseline -0.01 -10"><span class='ocrx_word' id='word_1_400' title='bbox 1065 2719 1201 2770; x_wconf 84' lang='lat' dir='ltr'>magis</span> <span class='ocrx_word' id='word_1_401' title='bbox 1224 2729 1358 2770; x_wconf 90' lang='lat' dir='ltr'>posse</span> <span class='ocrx_word' id='word_1_402' title='bbox 1381 2717 1627 2768; x_wconf 81' lang='lat' dir='ltr'>suppetere.</span> <span class='ocrx_word' id='word_1_403' title='bbox 1662 2714 1769 2763; x_wconf 87' lang='lat' dir='ltr'>Quae</span> <span class='ocrx_word' id='word_1_404' title='bbox 1789 2725 1888 2765; x_wconf 94' lang='lat' dir='ltr'>pos-</span> 
     </span>
    </p>
   </div>
   <div class='ocr_carea' id='block_1_13' title="bbox 130 123 1954 2826">
    <p class='ocr_par' dir='ltr' id='par_1_24' title="bbox 130 123 1954 2826">
     <span class='ocr_line' id='line_1_87' title="bbox 130 123 1954 2826; baseline 0 0"><span class='ocrx_word' id='word_1_405' title='bbox 130 123 1954 2826; x_wconf 95' lang='lat' dir='ltr'> </span> 
     </span>
    </p>
   </div>
  </div>
 </body>
</html>
