2028 2892
836 186 1038 220 Dominicu
1066 186 1103 219 in
1128 187 1250 221 Albis.

210 281 368 322 Divina
387 280 508 332 cujus
527 280 687 321 caritas

261 337 443 379 Sacrum
461 338 670 389 propinat
689 335 957 387 sanguinem,

261 392 468 445 Almique
486 392 685 434 membra
704 392 904 444 cerporis

260 450 400 490 Amor
419 448 630 491 sacerdos
648 448 858 490 immolat.

208 531 419 579 Sparsum
438 528 640 569 eruerem
658 526 861 580 pestibus

259 583 472 625 Vastator
491 582 643 625 horret
662 583 872 634 Angelus:

258 639 476 692 Fugitque
496 638 685 681 divisum
704 652 840 681 mare:

259 695 518 746 Merguntur
537 694 689 737 hostes
709 695 926 738 fluctibus.

206 778 226 816 J
233 786 303 814 am
316 772 487 814 Pascha
502 777 702 814 nostrum
718 772 916 815 Christus
931 778 1009 825 est,

256 828 484 871 Paschalis
502 828 620 870 idem
638 829 827 879 victima,

256 886 315 927 Et
332 898 444 938 pura
462 885 584 938 puris
602 884 822 927 mentibus

257 941 528 984 Sinceritetis
547 943 711 994 azyma.

206 1025 243 1065 O
265 1032 370 1062 vera
389 1019 489 1061 coeli
509 1019 696 1070 victima,

255 1076 460 1128 Subiecta
479 1075 549 1117 cui
570 1081 670 1118 sunt
688 1078 865 1127 tartara,

256 1132 410 1174 Soluta
427 1132 582 1173 mortis
602 1133 785 1184 vincula,

257 1189 456 1241 Recepta
474 1189 577 1230 vitae
595 1189 788 1241 praemia.

206 1263 362 1307 Victor
381 1265 575 1308 subactis
594 1266 743 1308 inferis

257 1322 482 1375 Trophaea
501 1322 701 1364 Christus
721 1323 923 1376 explicat,

257 1378 470 1431 Coeleque
490 1380 657 1432 aperto,
679 1379 905 1423 subditum

255 1436 425 1486 Regem
443 1435 724 1478 tenebrarum
741 1437 887 1479 trahit.

206 1516 263 1556 Ut
282 1514 342 1555 sis
360 1515 555 1566 perenne
572 1514 793 1557 mentibus

253 1569 467 1612 Paschale
486 1570 510 1611 J
512 1583 593 1612 esu
610 1571 831 1622 gaudium,

256 1627 297 1668 A
315 1631 457 1668 morte
477 1626 572 1668 dira
591 1627 822 1670 criminum

255 1683 373 1726 Vitae
392 1684 572 1724 renatos
591 1682 741 1725 libera.

204 1761 301 1802 Deo
317 1759 440 1802 Patri
459 1759 517 1801 sit
534 1759 683 1811 gleria,

255 1817 312 1858 Et
329 1816 453 1866 Filio,
476 1816 551 1869 qui
570 1829 595 1857 a
613 1818 800 1860 mertuis

254 1873 461 1923 Surrexit,
482 1886 533 1915 ac
552 1874 782 1925 Paraclito,

255 1929 306 1969 In
326 1929 591 1981 sempiterna
609 1931 782 1973 saecula.
810 1932 964 1974 Amen.

230 2007 292 2040 Sic
316 2007 568 2041 terminantur
593 2018 726 2042 omnes
744 2008 888 2052 Hymni
910 2010 1007 2051 ejus—

180 2055 264 2088 dcm
305 2056 413 2089 metri
457 2067 577 2099 usque
619 2058 668 2090 ad
707 2058 1007 2099 Aseensionem,

180 2108 434 2146 praeter-quum
461 2104 496 2137 in
522 2106 658 2139 Officio
676 2105 717 2139 B.
735 2106 883 2150 Mariae,
909 2111 945 2141 ct
969 2108 1007 2142 in

181 2151 332 2195 llymno
359 2159 503 2186 sanctae
530 2152 664 2187 Crucis
690 2154 740 2187 ad
764 2154 881 2197 Vesp.

229 2218 278 2270 V.
303 2225 433 2267 Mane
458 2225 691 2268 nobiseum
714 2227 921 2278 Demine,
946 2228 1004 2269 al-

174 2279 313 2331 leluja.
351 2280 400 2331 Ru
422 2282 639 2332 Queniam
662 2282 1003 2335 advesperascit,

176 2335 357 2388 alleluja.

234 2409 301 2449 Ad
320 2410 491 2460 Magnif.
515 2412 613 2451 Ant.
641 2412 749 2453 Cum
768 2417 886 2454 esset
903 2426 1003 2455 sero

176 2463 246 2505 die
273 2464 346 2506 illa
374 2480 459 2508 una
483 2467 786 2518 sabbaterum,
814 2474 858 2510 et
886 2470 1003 2512 fores

175 2525 323 2562 essent
346 2522 522 2573 clausae,
550 2524 626 2566 ubi
650 2529 775 2566 erant
798 2524 1003 2578 discipuli

175 2580 430 2628 congregati
447 2580 491 2620 in
510 2594 654 2630 unum,
674 2581 796 2622 stetit
813 2581 838 2622 J
841 2594 941 2623 esus
959 2583 1002 2623 in

173 2631 337 2730 inlediO,
367 2639 410 2676 et
429 2634 538 2677 dixit
557 2636 634 2678 eis:
661 2637 755 2677 Pax
773 2637 916 2688 vobiS,
944 2639 1002 2680 al—

191 2701 214 2731 e
233 2702 312 2741 uJa.

1406 286 1569 327 Oratio.

1070 341 1285 448 Praesta
1329 349 1581 399 quaesumus
1617 348 1896 400 omnipotens

1155 400 1292 444 Deus:
1328 407 1376 444 ut
1413 403 1488 455 qui
1523 403 1749 456 paschalia
1783 403 1896 445 festa

1064 458 1332 510 peregimus,
1355 459 1468 509 haec,
1493 464 1538 502 te
1556 459 1782 512 largiente,
1804 461 1895 501 me-

1064 513 1186 555 ribus
1211 519 1255 556 et
1278 515 1370 557 vita
1393 517 1631 558 teneemus.
1663 517 1750 558 Per
1767 515 1895 557 Dfim.

1119 578 1165 623 Y.
1193 583 1475 620 Benedicamus
1503 584 1682 620 Demino.
1712 584 1897 630 deinceps

1067 631 1209 665 dieitur
1232 631 1315 666 sine
1336 632 1516 676 Alleluia.

1119 687 1426 732 Completorium
1459 688 1601 722 dicitur
1633 692 1676 723 ut
1707 688 1746 723 in
1778 689 1896 724 Psalt.

1068 737 1226 771 omissis
1256 737 1458 771 Precibus:
1492 740 1529 771 et
1557 736 1645 771 loco
1673 736 1762 772 Ant.
1780 736 1895 772 Mise-

1062 786 1156 820 rere.
1184 784 1325 819 dicitur
1341 785 1429 819 Ant.
1454 785 1633 828 Alleluia,
1653 784 1820 829 alleluja,
1842 784 1895 819 al-

1061 832 1188 877 lehija.
1232 833 1280 868 Et
1304 833 1344 867 in
1367 834 1441 867 fine
1466 833 1554 867 Ant.
1580 831 1698 868 Salva
1719 842 1803 869 nos.
1833 835 1897 870 ad-

1066 880 1169 915 ditur
1192 881 1368 926 Alleluia.

1118 936 1181 971 Sic
1221 937 1363 971 dicitur
1402 947 1525 980 usque
1567 937 1617 972 ad
1652 937 1897 973 Dominieam

1066 985 1268 1019 Trinitatis
1301 985 1518 1020 exclusive:
1561 989 1598 1019 et
1629 986 1786 1029 quando
1817 997 1895 1022 non

1066 1037 1123 1067 est
1140 1033 1309 1077 Duplex,
1334 1043 1405 1067 nec
1421 1033 1521 1067 infra
1539 1032 1740 1076 Octavam,
1765 1034 1897 1070 dicun—

1066 1085 1126 1115 tur
1150 1081 1290 1115 Preces
1314 1085 1356 1115 ut
1380 1081 1419 1115 in
1443 1081 1645 1116 Psalterio.
1667 1081 1743 1116 128.

1118 1138 1181 1172 Ad
1205 1138 1286 1181 HR.
1311 1139 1365 1173 br.
1391 1142 1428 1173 et
1452 1134 1535 1181 VV.
1560 1151 1631 1184 per
1659 1150 1793 1176 omnes
1818 1142 1896 1177 Ho-

1066 1196 1144 1226 ras,
1174 1186 1346 1229 jungitur
1365 1189 1545 1233 Alleluja.
1576 1199 1700 1232 usque
1730 1189 1781 1224 ad
1802 1189 1896 1226 Sab-
1931 1221 1934 1224 .

1065 1234 1198 1268 batum
1221 1238 1311 1278 post
1334 1234 1606 1279 Pentecosten;
1636 1241 1897 1282 praeterquam

1066 1282 1105 1316 in
1122 1277 1167 1323 Y.
1190 1283 1239 1317 ad
1255 1283 1395 1318 Preces
1413 1283 1554 1318 Primae
1577 1290 1614 1319 et
1631 1285 1896 1331 Completorii‚

1066 1330 1222 1374 quando
1255 1330 1443 1366 dicuntur.
1490 1332 1538 1367 Et
1572 1333 1896 1379 quandocumque

1062 1379 1231 1424 Alleluia
1258 1379 1429 1423 jungitur
1449 1380 1494 1424 R.
1515 1381 1636 1425 brevi‚
1662 1381 1895 1426 duplicatur:

1066 1426 1136 1461 sed
1160 1426 1199 1460 in
1224 1426 1438 1463 Versiculis
1463 1429 1606 1464 dicitur
1629 1430 1757 1465 semel.

1321 1499 1634 1529 ψ

1212 1576 1742 1628 DominieainAlbis

1167 1647 1223 1687 in
1261 1647 1496 1690 Octava
1523 1649 1782 1693 Paschae.

1387 1718 1574 1771 Duplex.

1224 1799 1313 1840 Ad
1337 1798 1727 1840 matutinum.

1115 1862 1287 1905 Invitat.
1315 1864 1513 1906 Surrexit
1534 1865 1753 1906 Deminus
1775 1877 1891 1914 vere,

1063 1919 1087 1944 *
1102 1920 1301 1974 AHeluja.

1115 1978 1184 2019 Ps.
1203 1979 1373 2032 Venite,
1394 1981 1674 2024 exsultemus.
1692 1982 1729 2022 2.

1116 2041 1325 2093 Hymnus.
1359 2043 1453 2085 Rex
1481 2043 1746 2096 sempiterne
1771 2042 1888 2086 edeli-

1057 2105 1162 2141 tum.
1186 2103 1231 2139 ut
1251 2098 1293 2138 in
1311 2099 1443 2141 Psalt.
1461 2100 1500 2141 3.

1296 2176 1345 2216 In
1372 2178 1402 2217 I.
1431 2178 1654 2218 Nocturno.

1115 2247 1216 2287 Ant.
1256 2244 1456 2299 AHeluja,
1491 2247 1626 2300 Lapis
1661 2246 1888 2289 revolutus

1059 2308 1142 2354 est,
1169 2303 1357 2355 alleluja:
1382 2304 1438 2346 ab
1465 2304 1581 2346 estio
1606 2303 1887 2353 monumenti,

1058 2360 1245 2412 alleluja,
1265 2360 1447 2412 alleluia.

1114 2422 1175 2456 Ps.
1202 2422 1248 2456 de
1273 2422 1394 2463 Dom,
1420 2428 1460 2457 ut
1486 2423 1524 2457 in
1549 2422 1664 2457 Psalt.
1683 2425 1715 2460 3.
1743 2424 1812 2466 qui
1836 2424 1890 2458 di-

1063 2475 1199 2504 cuntur
1227 2470 1265 2503 in
1295 2471 1470 2513 quolibet
1493 2471 1692 2506 Nocturno
1718 2471 1790 2505 sub
1815 2482 1891 2506 unu

1061 2517 1298 2561 Antiphona.

1115 2574 1165 2626 V·
1192 2584 1391 2626 Surrexit
1415 2584 1632 2625 Dominus
1659 2582 1715 2624 de
1743 2581 1886 2635 sepul-

1057 2640 1180 2691 chro,
1211 2639 1393 2691 alleluja.
1446 2640 1498 2692 Rz.
1527 2639 1614 2690 Qui
1642 2651 1724 2691 pro
1756 2637 1885 2681 nobis

1055 2695 1267 2749 pependit
1285 2695 1329 2736 in
1347 2695 1477 2747 ligno,
1496 2695 1677 2747 alleluja.
