2028 2892
686 180 797 214 Fcria
821 181 869 214 iv.
894 182 1051 224 majoris
1072 182 1350 218 Hebdornudae.

162 269 367 311 sanabor:
392 269 562 311 salvum
581 283 652 311 me
670 270 756 320 fac⁷
782 276 825 311 et
844 272 991 313 salvus

161 338 253 366 ero:
274 326 479 378 quoniam
499 326 594 367 laus
612 339 711 367 mea
729 331 777 367 tu
796 340 854 368 es.
875 328 991 370 Eece

160 381 246 433 ipsi
264 382 414 423 dicunt
435 381 491 423 ad
511 395 596 423 me:
614 382 701 424 Ubi
722 388 788 424 est
808 383 991 424 verbum

160 436 359 478 Demini?
393 438 551 479 veniat.
594 439 651 479 Et
676 451 758 490 ego
782 452 869 480 non
894 453 990 480 sum

159 493 378 543 turbatus,
404 498 449 535 te
471 496 697 546 past6rem
717 508 921 547 sequens:
946 501 990 537 et

160 548 278 590 diem
304 549 495 590 heminis
523 563 612 591 non
641 550 907 600 desideravi,
942 557 990 593 tu

160 605 259 646 scis.
293 605 424 655 Quod
450 608 675 657 egressum
699 611 767 648 est
786 606 841 648 de
860 607 989 648 labiis

158 661 279 710 meis,
299 667 468 703 rectum
487 662 531 702 in
547 664 790 714 conspectu
806 668 882 704 tuo
898 663 989 704 fuit.

158 716 259 757 Non
292 717 353 758 sis
387 722 435 758 tu
467 717 574 758 mihi
606 718 847 767 formidini,
886 732 988 771 spes

156 786 255 814 mea
278 777 326 814 tu
348 774 393 814 in
412 773 484 815 die
504 774 768 815 afflictionis.
802 775 987 816 Confun-

157 828 319 869 dantur
353 829 427 881 qui
459 842 529 870 me
562 833 903 882 persequuntur,
945 836 988 872 et

155 897 244 925 non
264 885 508 926 confundar
525 898 622 937 ego:
642 888 832 938 paveant
852 887 924 936 illi,
945 892 988 928 et

154 953 243 982 non
262 942 450 993 paveam
475 954 571 993 ego:
596 942 729 983 induc
752 955 884 995 super
909 955 986 984 eos

156 995 271 1038 diem
290 997 556 1047 afflictionis,
582 1003 625 1039 et
645 997 810 1050 duplici
829 999 987 1040 contri-

155 1052 276 1094 tiene
295 1055 474 1095 contere
495 1066 583 1095 eos.

204 1121 256 1172 R.
275 1117 434 1159 Locuti
454 1122 557 1159 sunt
574 1118 809 1160 adversum
823 1132 893 1160 me
908 1119 984 1160 lin-

154 1186 240 1224 gua
260 1173 428 1220 dolesa‚
448 1178 492 1215 et
506 1174 782 1215 sermenibus
801 1174 891 1216 odii
907 1175 985 1216 cir-

156 1228 477 1271 cumdederunt
494 1243 580 1271 me:
600 1243 682 1282 pro
704 1243 757 1272 eo
776 1236 825 1272 ut
839 1244 908 1272 me
924 1231 986 1272 di-

153 1284 356 1336 ligerent,
382 1285 673 1327 detrahebant
696 1286 818 1326 mihi:
840 1290 862 1313 *
889 1287 984 1338 Ego

153 1346 301 1382 autem
338 1341 537 1391 orabam,
581 1347 625 1383 et
662 1342 880 1384 exaudisti
915 1357 985 1384 me

151 1397 342 1438 Demine
369 1398 491 1438 Deus
518 1410 653 1439 meus.
689 1394 739 1445 V.
771 1399 828 1439 Et
856 1411 983 1451 posu-

153 1454 282 1494 erunt
309 1452 544 1494 adversum
570 1466 641 1495 me
667 1454 782 1494 mala
805 1467 887 1506 pro
907 1455 983 1496 bo-

152 1509 236 1558 nis,
263 1514 307 1550 et
332 1508 483 1550 odium
507 1522 589 1561 pro
616 1509 852 1551 dilecti6ne
875 1523 983 1551 mea.

151 1564 248 1616 Ego
269 1569 426 1606 autem.

204 1631 366 1673 Bened.
396 1629 602 1672 Divinitm
621 1630 840 1672 auxilium.

254 1714 407 1755 Lectio
429 1714 468 1752 ii.
647 1713 749 1763 Cap.
767 1714 823 1751 18.
838 1712 876 1752 b.

153 1764 303 1887 Quis
323 1781 489 1824 audivit
503 1781 609 1822 talia
623 1781 861 1832 horribilia,
882 1796 981 1834 quae

246 1837 350 1879 fecit
369 1838 497 1879 nimis
516 1838 642 1889 virgo
662 1837 821 1879 Israel?
846 1839 980 1880 Num-

152 1893 258 1945 quid
282 1893 458 1935 deficiet
483 1894 538 1935 de
561 1898 687 1946 petra
707 1895 801 1945 agri
819 1895 893 1935 nix
912 1895 979 1935 Li-

149 1947 276 1990 bani?
289 1954 364 1990 aut
376 1949 504 1991 evelli
514 1954 700 2002 possunt
711 1962 838 2001 aquae
850 1963 980 1991 erum-

149 2006 305 2057 pentes
320 2004 502 2057 frigidae,
520 2011 563 2047 et
579 2004 847 2046 defluentes?
868 2007 980 2055 Quia

151 2060 313 2102 oblitus
334 2066 401 2102 est
420 2062 507 2103 mei
526 2061 718 2114 populus
737 2074 875 2111 meus,
894 2062 979 2102 fru-

151 2121 242 2158 stra
277 2116 482 2166 libantes,
529 2123 572 2159 et
608 2117 900 2169 impingentes
935 2118 976 2159 in

149 2172 232 2213 viis
252 2173 356 2223 suis,
382 2173 425 2213 in
449 2174 615 2214 semitis
635 2173 800 2221 saeculi,
825 2178 873 2214 ut
892 2186 978 2213 am-

149 2227 352 2269 bularent
371 2242 450 2281 per
470 2242 545 2271 eas
565 2230 608 2269 in
628 2230 782 2270 itinere
801 2241 888 2269 non
906 2229 977 2269 tri-

149 2288 212 2325 to:
238 2290 287 2326 ut
314 2285 440 2326 fieret
465 2290 583 2326 terra
608 2287 759 2325 eorum
784 2285 827 2324 in
853 2284 977 2325 deso-

148 2340 375 2390 latienem‚
405 2346 448 2382 et
476 2342 519 2381 in
548 2340 724 2382 sibilum
753 2341 976 2392 sempiter-

149 2409 268 2437 num:
314 2397 456 2438 omnis
491 2397 565 2449 qui
603 2397 866 2449 praeterierit
898 2408 978 2448 per

150 2464 247 2493 eam
262 2452 559 2505 obstupescet,
576 2459 619 2493 et
634 2452 830 2493 movebit
845 2456 977 2503 caput

149 2520 286 2548 suum.
323 2509 444 2550 Sicut
472 2514 626 2550 ventus
654 2520 783 2548 urens
812 2507 975 2559 disper-

149 2576 249 2614 gam
279 2577 356 2605 eos
385 2577 534 2605 coram
561 2565 751 2604 inimico:
782 2563 975 2611 dorsum,

150 2623 194 2659 et
218 2632 307 2660 non
329 2620 486 2660 faciem
511 2619 742 2660 ostendam
761 2619 821 2659 eis
843 2618 885 2657 in
906 2617 975 2658 die

150 2674 410 2725 perditienis
447 2677 610 2716 earum.
663 2675 720 2715 Et
756 2673 975 2714 dixerunt:

1044 274 1221 324 Venite,
1248 280 1292 316 et
1315 277 1555 327 cogitemus
1583 286 1734 322 contra
1752 282 1776 321 J
1779 295 1868 322 ere-

1043 332 1175 370 miam
1194 331 1499 382 cogitatianes:
1524 348 1611 376 non
1638 337 1751 377 enim
1771 350 1866 389 per-

1042 385 1123 427 ibit
1146 386 1218 427 lex
1242 399 1267 427 a
1290 388 1537 439 sacerdote,
1565 404 1706 443 neque
1731 396 1867 433 consi-

1043 441 1149 482 lium
1169 455 1194 482 a
1216 443 1430 495 sapiente,
1456 458 1536 486 nec
1561 459 1704 488 sermo
1724 461 1749 489 a
1767 462 1866 501 pro-

1043 497 1194 549 pheta:
1213 501 1372 549 venite,
1394 505 1437 541 et
1454 503 1747 552 percutiamus
1768 518 1866 545 eum

1043 553 1206 605 lingua,
1235 559 1279 595 et
1299 568 1387 596 non
1407 557 1682 599 attendamus
1702 559 1757 600 ad
1776 561 1866 600 uni-

1043 611 1196 651 versos
1217 614 1441 653 sermones
1463 614 1563 664 ejus.

1095 677 1144 728 R.
1170 675 1388 716 Dixerunt
1414 677 1534 729 impii
1555 678 1673 730 apud
1692 692 1754 728 se,
1779 692 1864 720 non

1042 734 1162 771 recte
1181 731 1440 782 cogitantes:
1466 733 1865 775 Circumveniamus

1040 786 1215 836 justum,
1242 788 1448 838 quoniam
1472 790 1718 831 contrarius
1738 796 1803 831 est
1824 804 1866 832 o-

1040 842 1218 893 peribus
1238 844 1413 884 nostris:
1432 846 1648 896 promittit
1667 859 1714 887 se
1733 847 1866 887 scien-

1039 898 1146 938 tiam
1160 899 1244 939 Dei
1261 898 1434 949 habere,
1456 901 1613 941 Filium
1629 902 1713 943 Dei
1730 916 1777 943 se
1792 905 1865 943 116-

1039 954 1191 1003 minat,
1221 959 1264 995 et
1291 955 1502 1005 gloriatur
1528 962 1699 1009 patrem
1724 971 1771 999 se
1794 958 1864 999 ha-

1039 1009 1144 1051 bere
1163 1010 1323 1051 Deum:
1342 1015 1365 1039 *
1384 1011 1625 1053 Videamus
1649 1014 1684 1053 si
1704 1017 1863 1055 sermo-

1039 1078 1117 1106 nes
1143 1066 1257 1106 illius
1282 1067 1375 1107 veri
1398 1073 1513 1109 sunt:
1542 1073 1585 1109 et
1611 1070 1646 1109 si
1671 1075 1737 1110 est
1762 1083 1864 1111 vere

1039 1121 1173 1162 Filius
1188 1122 1282 1171 Dei,
1301 1123 1458 1164 liberet
1477 1137 1576 1165 eum
1595 1124 1650 1166 de
1665 1125 1864 1167 manibus

1040 1178 1217 1218 nostris:
1255 1184 1396 1220 morte
1429 1181 1680 1232 turpissima
1707 1181 1863 1222 conde-

1038 1235 1237 1275 mnemus
1258 1247 1366 1275 eum.
1399 1235 1448 1285 V.
1471 1236 1715 1288 Tamquam
1733 1239 1863 1288 nuga-

1039 1302 1112 1330 ces
1132 1291 1337 1331 aestimati
1356 1304 1504 1332 sumus
1524 1291 1578 1333 ab
1599 1292 1684 1341 illo,
1706 1298 1749 1333 et
1768 1293 1863 1334 abs-

1037 1346 1147 1387 tinet
1166 1359 1213 1387 se
1235 1359 1260 1386 a
1279 1347 1360 1388 viis
1383 1348 1544 1388 nostris
1567 1353 1788 1400 tamquam
1808 1349 1862 1389 ab

1037 1401 1338 1442 immunditiis:
1363 1408 1405 1443 et
1424 1403 1603 1454 praefert
1627 1405 1862 1444 novissima

1035 1457 1257 1507 justerum.
1293 1457 1544 1499 Videamus.
1654 1475 1658 1478 ⁴

1087 1524 1247 1565 Bened.
1284 1521 1350 1563 Ad
1370 1523 1637 1564 societatem.

1333 1607 1483 1647 Lectio
1505 1607 1556 1646 iii.

1113 1671 1264 1713 ttende
1282 1673 1471 1713 Demine
1496 1672 1551 1713 ad
1575 1685 1661 1721 me,
1691 1678 1734 1713 et
1758 1673 1859 1714 audi

1120 1740 1276 1769 vocem
1291 1727 1642 1769 adversariarum
1652 1731 1858 1769 meorum.

1035 1783 1261 1835 Numquid
1288 1783 1486 1825 redditur
1516 1796 1598 1836 pro
1627 1783 1744 1824 bono
1773 1798 1859 1824 ma-

1034 1839 1139 1888 lum,
1165 1840 1267 1891 quia
1286 1839 1491 1881 foderunt
1509 1840 1682 1880 foveam
1702 1840 1856 1880 animae

1032 1893 1166 1936 meae?
1187 1895 1440 1937 Recordare
1460 1895 1579 1947 quod
1599 1896 1794 1936 steterim
1812 1896 1855 1935 in

1033 1953 1275 2003 conspectu
1294 1956 1382 2000 tuo,
1402 1956 1449 1993 ut
1468 1951 1672 2004 lequerer
1691 1963 1772 2003 pro
1794 1952 1854 1991 eis

1031 2006 1212 2056 bonum,
1246 2012 1289 2048 et
1321 2009 1564 2048 averterem
1597 2006 1853 2057 indignatio-

1031 2075 1132 2103 nem
1150 2067 1270 2103 tuam
1289 2062 1344 2104 ab
1365 2063 1437 2104 eis.
1470 2063 1709 2114 Propterea
1733 2060 1787 2102 da
1806 2061 1853 2101 fi-

1030 2118 1114 2159 lios
1135 2121 1286 2159 eorum
1304 2119 1347 2158 in
1366 2118 1534 2167 famem,
1555 2123 1598 2159 et
1617 2116 1758 2158 deduc
1777 2128 1852 2157 eos

1030 2174 1075 2214 in
1100 2187 1255 2215 manus
1282 2174 1430 2225 gladii:
1462 2174 1567 2214 fiant
1594 2174 1751 2213 uxores
1780 2173 1850 2212 eo-

1030 2242 1126 2269 rum
1157 2229 1323 2280 absque
1354 2229 1517 2277 liberis,
1549 2233 1592 2269 et
1620 2226 1776 2267 viduae:
1807 2232 1851 2268 et

1030 2285 1112 2325 viri
1128 2287 1277 2325 earum
1292 2285 1605 2326 interficiantur
1619 2286 1774 2323 morte:
1792 2283 1850 2333 ju-

1029 2353 1162 2381 venes
1194 2342 1345 2381 eerum
1373 2337 1677 2380 confodiantur
1703 2337 1850 2388 gladio

1028 2396 1072 2435 in
1091 2396 1256 2447 praelio.
1284 2395 1498 2436 Audiatur
1517 2393 1681 2434 clamor
1701 2392 1755 2434 de
1775 2393 1849 2434 de-

1028 2451 1171 2492 mibus
1191 2453 1355 2491 eo'rum:
1374 2448 1566 2490 adduces
1586 2449 1700 2489 enim
1718 2461 1849 2501 super

1029 2519 1106 2547 eos
1132 2506 1345 2546 latronem
1373 2506 1566 2556 repente:
1605 2504 1705 2555 quia
1732 2504 1849 2545 fode·

1026 2567 1128 2603 runt
1146 2562 1317 2602 faveam
1336 2566 1383 2600 ut
1402 2561 1610 2611 caperent
1628 2573 1708 2609 me,
1729 2564 1772 2600 et
1790 2559 1847 2599 la-

1029 2630 1166 2669 queos
1186 2615 1507 2657 absconderunt
1525 2614 1711 2666 pedibus
1729 2615 1847 2655 meis.

1027 2673 1096 2713 Tu
1115 2677 1259 2712 autem
1277 2670 1464 2710 Domine
1488 2671 1573 2711 scis
1597 2683 1724 2711 omne
1747 2682 1846 2710 con-
