2066 2904
795 141 1005 186 Commune
1033 140 1242 181 Virginum.

166 233 289 275 Unde
306 246 389 275 nec
407 236 604 280 mortem,
624 243 705 272 nec
725 233 864 272 amica
878 244 991 272 mor-

369 289 427 330 tis

215 345 335 386 Mille
359 346 591 397 poenarum
619 344 780 393 genera
806 345 990 395 expave-

370 413 509 448 scens,

214 456 433 506 sanguine
453 455 593 497 effuso
612 455 770 495 meruit
789 457 991 496 serenum

316 511 537 553 Scandere
557 510 727 552 coelum.

161 585 300 635 Hujus
324 586 451 626 oratu
469 584 591 624 Deus
611 583 724 624 alme
742 583 871 624 nobis

213 639 397 681 Debitas
412 652 567 692 poenas
579 638 794 680 scelerum
803 642 991 688 remitte3

212 695 272 736 Ut
290 695 371 736 tibi
387 708 499 747 puro
520 696 776 736 resonemus
795 694 956 736 almum

315 751 501 792 Pectore
520 763 707 793 carmen.

160 824 226 866 Sit
245 823 380 864 decus
399 823 535 873 Patri,
549 823 796 875 genitaeque
815 823 943 872 Proli,

211 879 269 920 Et
293 878 373 920 tibi
396 891 579 931 compar
601 879 829 930 utriusque
853 879 990 920 virtus

212 935 399 986 Spiritus
428 947 620 987 semper,
656 935 777 976 Deus
805 948 918 976 unus
947 948 990 976 o-

367 1003 460 1030 mm

314 1045 547 1098 Temporis
570 1058 678 1087 aevo.
719 1046 872 1087 Amen.

211 1115 250 1149 Si
267 1116 407 1149 Sancta
426 1116 538 1149 fuerit
552 1115 670 1157 Virgo
688 1122 843 1154 tuntum.
862 1123 897 1149 ct
911 1126 985 1148 non

159 1162 313 1205 Martyr,
333 1163 473 1196 dicitur
491 1162 666 1205 Hymnus
685 1174 868 1205 sequens:

158 1213 400 1319 Virginis
427 1213 595 1263 Proles,
625 1213 873 1266 Opifexque
900 1214 988 1254 Ma-

364 1269 455 1319 tris,

210 1325 348 1377 Virgo
386 1338 516 1377 quem
544 1326 696 1376 gessit,
728 1327 988 1378 peperitque

365 1382 521 1432 Virg03

211 1437 406 1488 Virginis
428 1437 590 1478 festum
613 1437 808 1478 canimus
833 1436 988 1487 beatae,

315 1493 482 1545 Accipe
501 1498 664 1534 votum.

159 1565 296 1617 Hujus
316 1567 445 1607 oratu
461 1566 583 1607 Deus
603 1565 716 1607 alme
735 1565 864 1608 nobis

208 1620 392 1663 Debitas
406 1634 563 1674 poenas
574 1621 790 1663 scelerum
799 1624 987 1672 remitte;

210 1676 268 1718 Ut
286 1676 366 1718 tibi
383 1690 496 1730 puro
515 1679 772 1719 resonemus
791 1678 953 1719 almum

309 1733 497 1775 Pectore
516 1746 703 1775 carmen.

158 1805 221 1846 Sit
239 1804 375 1847 decus
393 1806 524 1855 Patri,
543 1807 791 1859 genitaeque
811 1808 943 1857 Proli,

206 1861 264 1902 Et
285 1860 365 1902 tibi
388 1874 570 1915 compar
596 1863 825 1915 utriusque
848 1864 986 1905 virtus

207 1917 394 1969 Spiritus
423 1930 615 1982 semper,
647 1919 769 1960 Deus
802 1933 914 1961 unus
943 1933 986 1961 ο-

311 1986 544 2082 Τὲιξιῃέοήε
563 2043 671 2072 aevo.
708 2031 861 2072 Amen.

397 2113 446 2151 In
469 2113 499 2151 Ι.
523 2113 557 2151 N
559 2114 745 2152 octurno.

213 2181 309 2221 Ant.
343 2181 380 2220 O
407 2189 539 2228 quam
565 2176 749 2229 pulchra
772 2178 796 2204 ’⁸¹
821 2183 888 2220 est
917 2191 984 2220 ca-

156 2235 223 2272 sta
241 2233 467 2283 generatio
487 2245 588 2273 cum
606 2232 821 2276 claritate!

445 2297 641 2337 l'salmus
664 2300 700 2336 8.

192 2352 433 2398 emine
482 2353 698 2395 Dominus
749 2360 916 2405 noster,
961 2357 984 2382 *

168 2459 169 2462 Ἴ
272 2436 280 2459 2
305 2421 437 2460 quam
459 2408 716 2451 admirabile
736 2415 803 2451 est
824 2424 984 2453 nomen

192 2463 193 2467 ’
234 2459 276 2486 *Ι
303 2468 427 2504 tuum
444 2465 487 2505 in
507 2465 711 2507 universa
729 2466 862 2508 terra!

208 2519 424 2568 Quoniam
440 2520 610 2562 elevata
627 2527 694 2563 est
706 2523 984 2573 magnificen-

154 2573 215 2614 tia
233 2578 319 2624 tua,
337 2575 360 2601 *
381 2589 513 2628 super
532 2577 681 2618 coelos.

208 2629 276 2670 Ex
302 2643 379 2673 ore
406 2632 635 2674 infantium
664 2638 708 2675 et
731 2633 986 2676 lactentium

1043 231 1267 283 perfecisti
1308 230 1484 272 laudem
1519 235 1703 283 propter
1740 229 1875 269 inimi-

1045 299 1122 328 cos
1149 291 1270 336 tuos,
1294 287 1318 312 *
1346 291 1394 327 ut
1420 286 1623 328 destruas
1654 286 1877 327 inimicum

1045 347 1089 384 et
1107 343 1307 384 ulterem.

1096 399 1313 449 Quoniam
1358 398 1519 440 videbo
1571 399 1710 439 coelos
1755 403 1877 447 tuos,

1045 458 1181 508 (Spera
1206 455 1445 506 digitorum
1468 457 1661 496 tuerum:
1679 455 1703 481 *
1729 455 1877 495 lunam

1045 516 1088 553 et
1108 511 1269 560 stellas,
1290 523 1389 563 quae
1408 516 1457 552 tu
1475 510 1680 552 fundasti.

1097 567 1214 617 Quid
1240 571 1307 608 est
1325 566 1475 616 homo,
1501 566 1622 618 quod
1640 579 1810 608 memor
1830 580 1877 608 es

1045 623 1157 675 ejus?
1175 623 1199 648 *
1219 627 1294 664 aut
1312 622 1428 663 filius
1449 622 1651 671 heminis,
1669 623 1877 674 queniam

1044 679 1197 720 visitas
1220 677 1342 720 eum?

1095 736 1291 776 Minuisti
1330 748 1430 776 eum
1469 735 1603 787 paulo
1640 735 1784 776 minus
1821 735 1876 776 ab

1045 791 1241 842 Angelis,
1269 791 1407 842 gloria
1433 795 1477 832 et
1501 791 1670 832 honore
1696 793 1877 832 corona-

1045 847 1101 888 sti
1127 860 1242 888 eum:
1267 848 1291 873 *
1321 852 1365 888 et
1390 847 1658 888 constituisti
1684 860 1783 888 eum
1810 861 1877 888 su-

1044 916 1123 955 per
1142 905 1278 956 opera
1296 905 1505 944 manuum
1524 905 1710 944 tuarum.

1097 959 1254 1000 Omnia
1297 959 1520 1010 subjecisti
1561 958 1642 1000 sub
1687 958 1878 1011 pedibus

1044 1016 1152 1066 ejus,
1180 1015 1204 1040 *
1238 1028 1344 1056 oves
1380 1019 1424 1056 et
1458 1014 1598 1056 boves
1632 1015 1877 1056 universas:

1043 1073 1222 1123 insuper
1242 1076 1286 1112 et
1304 1073 1469 1123 pecora
1488 1071 1644 1123 campi.

1094 1127 1313 1168 Volucres
1340 1127 1457 1176 coeli,
1491 1131 1535 1168 et
1561 1127 1708 1179 pisces
1733 1127 1877 1176 maris,

1042 1183 1066 1208 *
1093 1183 1167 1234 qui
1194 1183 1504 1235 perambulant
1529 1183 1709 1224 semitas
1732 1184 1876 1224 maris.

1094 1240 1285 1280 Domine
1300 1240 1517 1280 Dominus
1532 1244 1694 1289 noster,
1705 1239 1729 1265 *
1746 1252 1877 1291 quam

1042 1295 1299 1336 admirabile
1320 1300 1387 1336 est
1405 1308 1566 1336 nomen
1585 1300 1708 1336 tuum
1725 1296 1769 1336 in
1784 1296 1875 1336 uni-

1042 1353 1170 1393 versa
1187 1351 1320 1393 terra!

1096 1411 1195 1450 Ant.
1227 1412 1263 1449 ()
1290 1420 1422 1459 quam
1446 1408 1631 1460 pulchra
1659 1413 1727 1449 est
1755 1412 1877 1450 casta

1041 1464 1266 1514 generatio
1287 1476 1386 1505 cum
1406 1464 1620 1505 claritate!

1099 1521 1197 1560 Ant.
1229 1523 1340 1561 Ante
1364 1524 1510 1561 torum
1532 1520 1556 1546 *
1580 1520 1706 1571 hujus
1730 1520 1872 1571 Virgi-

1041 1576 1107 1617 nis
1135 1575 1411 1627 frequentate
1439 1576 1570 1617 nobis
1600 1575 1747 1618 dulcia
1776 1578 1874 1617 ean-

1041 1632 1128 1672 tica
1148 1631 1370 1673 dramatis.

1317 1691 1514 1730 Psalmus
1545 1692 1600 1730 18.

1116 1743 1192 1785 oeli
1219 1745 1424 1786 enarrant
1447 1744 1631 1795 gloriam
1656 1745 1751 1795 Dei,
1778 1746 1802 1771 *
1831 1750 1874 1787 et

1128 1802 1264 1852 (Spera
1291 1802 1499 1842 manuum
1527 1801 1618 1852 ejus
1646 1802 1874 1843 annuntiat

1040 1855 1372 1897 firmamentum.

1091 1912 1198 1953 Dies
1231 1911 1318 1953 diei
1352 1916 1523 1955 eructat
1550 1913 1749 1963 verbum,
1777 1914 1801 1940 *
1830 1919 1873 1956 et

1038 1981 1128 2010 nox
1154 1968 1275 2010 nocti
1302 1968 1466 2011 indicat
1493 1969 1732 2011 scientiam.

1089 2024 1192 2066 Non
1226 2028 1327 2066 sunt
1359 2024 1569 2077 loquelae,
1606 2037 1750 2077 neque
1784 2038 1870 2066 ser-

1038 2082 1208 2130 mones,
1240 2081 1263 2106 *
1299 2093 1486 2132 quorum
1517 2094 1605 2122 non
1639 2080 1873 2123 audiantur

1039 2148 1173 2177 voces
1202 2138 1364 2177 eerum.

1090 2192 1141 2232 In
1175 2205 1351 2234 omnem
1383 2197 1547 2234 terram
1575 2193 1709 2234 exivit
1737 2206 1871 2235 sonus

1039 2249 1205 2289 eorum:
1231 2248 1255 2274 *
1287 2253 1331 2289 et
1361 2249 1406 2289 in
1439 2248 1549 2290 fines
1585 2248 1705 2290 orbis
1739 2254 1870 2291 terrae

1038 2303 1174 2345 verba
1201 2306 1363 2345 eorum.

1090 2359 1141 2400 In
1168 2359 1262 2401 sole
1283 2360 1432 2412 posuit
1451 2359 1783 2401 tabernaculum
1803 2374 1870 2403 su-

1038 2428 1125 2456 um:
1159 2416 1183 2441 *
1217 2420 1261 2457 et
1292 2416 1389 2468 ipse
1421 2421 1647 2468 tamquam
1680 2429 1870 2469 sponsus

1038 2471 1285 2522 procedens
1307 2471 1362 2513 de
1381 2471 1576 2513 thalamo
1596 2485 1692 2513 suo:

1090 2527 1339 2569 Exsultavit
1375 2532 1423 2568 ut
1455 2527 1579 2578 gigas
1612 2528 1669 2570 ad.
1697 2531 1868 2570 curren-

1038 2581 1140 2646 doam
1159 2583 1291 2632 viam,
1310 2583 1334 2608 *
1353 2595 1379 2623 a
1398 2596 1569 2626 summo
1589 2584 1704 2626 coelo
1725 2587 1868 2636 egres-

1039 2650 1105 2679 slo
1124 2650 1229 2689 ejus:
