2028 2892
556 161 659 195 Infra
686 162 974 196 llebdomadam
999 164 1049 197 iii.
1075 164 1394 205 Quadi-agesimo.

189 255 258 296 Ad
284 254 454 305 Magnis.
488 255 586 297 Ant.
620 257 713 299 Non
736 258 837 301 lotis
858 263 945 301 ma-

129 313 255 354 nibus
282 314 305 339 *
332 313 611 364 manducare,
643 327 729 355 non
757 317 945 369 coinqui-

131 374 206 410 nat
223 369 454 411 hominem.

467 432 628 472 Oratio.

134 480 369 588 Concede
398 490 645 539 quaesumus
674 492 946 543 omnipotens

218 543 352 584 Deus:
378 549 425 584 ut
451 545 525 596 qui
549 546 835 597 protectionis
859 552 945 588 tuae

129 599 311 649 gratiam
330 600 573 651 quaerimus,
592 601 762 643 liberati
779 616 804 644 a
822 604 945 644 malis

131 655 341 705 omnibus,
361 659 514 697 8001113
532 657 613 699 11111
631 664 774 700 100010
790 660 945 700 servia-

130 724 236 753 mus.
263 713 346 753 Per
363 712 609 754 Dominum.

309 830 492 867 Feria
527 832 766 879 Quinta.

132 889 282 931 Lectio
307 891 444 932 sancti
462 892 685 945 Evangelii
709 893 946 935 secandum

453 948 627 990 Lucam.

234 1007 384 1049 Lectio
405 1008 429 1048 i.
647 1009 748 1060 Cap.
768 1010 804 1049 4.
825 1009 848 1049 f.

130 1058 206 1165 In
224 1064 297 1106 illo
317 1067 527 1118 tempore:
546 1067 734 1118 Surgens
749 1067 773 1108 J
776 1080 873 1109 esus
893 1067 947 1109 de

198 1123 433 1173 synagoga,
468 1123 662 1164 introivit
696 1124 739 1164 in
771 1124 948 1165 domurn

130 1176 326 1219 Simonis.
377 1179 538 1221 Socrus
579 1185 724 1222 autem
763 1180 948 1222 Simonis

130 1233 358 1276 tenebatur
382 1236 549 1287 magnis
573 1236 776 1278 febribus,
811 1236 868 1278 Et
886 1237 947 1277 re-

129 1289 256 1342 liqua.
694 1334 700 1341 ,

134 1358 322 1400 Homilia
340 1361 478 1402 sancti
493 1361 714 1403 Ambrosii
728 1363 949 1415 Episcopi.

184 1423 264 1458 Lib.
288 1424 318 1458 4.
342 1424 382 1458 in
406 1424 520 1459 Lucae
545 1435 573 1459 c.
598 1426 627 1459 4.
653 1424 753 1459 circa
776 1424 898 1458 finem.

176 1494 194 1541 ²}
247 1480 318 1522 ide
333 1481 604 1523 clementiam
617 1482 792 1524 Domini
806 1483 949 1525 Salva-

150 1537 227 1571 *20³*
272 1538 395 1578 toris:
422 1551 502 1580 nec
521 1538 815 1590 indignatione
836 1552 949 1581 com-

131 1594 290 1644 motus,
323 1607 404 1636 nec
437 1594 600 1636 scelere
634 1594 838 1645 offensus,
869 1609 950 1638 nec

132 1649 285 1701 injuria
321 1650 507 1692 violatus
538 1651 563 1691 J
565 1651 737 1693 udaeam
774 1651 949 1694 deserit:

134 1705 236 1758 quin
255 1706 385 1748 etiam
407 1709 635 1749 immemor
657 1708 837 1760 injuriae,
864 1722 948 1751 me-

132 1774 228 1803 mor
273 1762 528 1814 elementiae,
580 1777 693 1806 nunc
738 1764 949 1815 docendo,

133 1831 246 1860 nunc
263 1818 506 1870 liberando,
529 1834 643 1862 nunc
662 1821 871 1871 sanando,
890 1822 948 1862 in-

132 1873 234 1916 fidae
269 1875 409 1928 plebis
445 1876 580 1918 corda
615 1876 841 1918 demulcet.
893 1878 949 1919 Et

133 1929 244 1973 bene
268 1937 444 1974 sanctus
462 1933 604 1974 Lucas
625 1933 764 1974 virum
786 1933 840 1975 ab
865 1936 947 1986 spi-

133 1987 219 2028 ritu
237 1989 441 2040 nequitiae
460 1989 690 2031 liberatum
718 1993 817 2030 ante
840 2003 947 2042 11130-

133 2043 264 2094 misit,
291 2049 333 2085 et
355 2044 502 2087 subdit
523 2046 693 2087 feminae
712 2045 948 2086 sanitatem.

133 2099 374 2152 Utrumque
411 2102 525 2143 enim
555 2114 706 2143 sexum
737 2101 948 2143 Dominus

133 2159 359 2198 curaturus
379 2157 627 2200 advenerat:
650 2157 728 2199 sed
745 2157 866 2210 prior
884 2170 947 2198 sa-

133 2212 226 2253 nari
244 2212 407 2263 debuit,
434 2215 507 2266 qui
531 2214 651 2267 prior
674 2216 844 2255 creatus
867 2219 947 2264 est;

134 2281 214 2310 nec
237 2271 511 2322 praetermitti
535 2270 624 2320 illa,
655 2283 751 2322 quae
781 2269 947 2311 mobili-

133 2326 223 2367 tate
247 2327 384 2377 magis
409 2327 555 2376 animi,
584 2340 712 2379 quam
735 2326 947 2378 pravitate

133 2384 402 2433 peccaverat.

186 2438 236 2488 R.
261 2438 473 2481 Videntes
491 2439 515 2479 J
517 2438 665 2491 oseph.
685 2440 776 2479 160.

440 2504 589 2544 Lectio
607 2503 646 2542 ii.

208 2563 368 2606 abbato
426 2565 652 2606 medicinae
707 2563 946 2605 Dominicae

220 2622 354 2673 opera
373 2626 519 2673 coepta
538 2621 764 2672 significat,
784 2623 830 2660 ut
847 2617 946 2660 inde

135 2687 249 2717 nova
271 2680 470 2718 creatura
495 2676 693 2729 co'eperit,
725 2675 798 2717 ubi
823 2678 946 2715 vetus

286 2817 349 2842 Pars
364 2817 456 2842 Verna.

1744 170 1807 206 169

996 264 1194 302 creatura
1212 266 1309 303 ante
1330 263 1496 306 desivit:
1514 278 1593 307 nec
1612 266 1691 307 sub
1711 266 1805 317 lege

997 328 1092 358 esse
1113 317 1196 358 Dei
1218 318 1386 369 Filium,
1415 320 1491 361 sed
1514 334 1643 374 supra
1667 322 1805 373 legem

997 373 1040 413 in
1067 374 1164 426 ipso
1197 374 1408 427 principio
1438 376 1694 427 designaret:
1726 391 1806 419 nec

997 430 1107 471 solvi
1138 431 1293 481 legem,
1326 431 1404 473 sed
1434 432 1611 485 impleri.
1652 434 1805 487 Neque

997 486 1110 527 enim
1129 500 1209 539 per
1232 487 1387 539 legem,
1413 488 1491 530 sed
1513 489 1644 531 verbo
1668 490 1805 532 factus

997 547 1063 583 est
1081 543 1281 593 mundus,
1308 545 1417 585 sicut
1439 544 1631 596 legimus:
1657 546 1804 587 Verbo

996 599 1171 640 Domini
1189 599 1288 641 coeli
1304 600 1463 642 firmati
1481 606 1588 642 sunt.
1607 602 1706 643 Non
1724 602 1805 643 sol-

996 655 1110 697 vitur
1129 668 1231 707 ergo
1248 656 1328 706 1011,
1347 657 1425 698 8οἀ
1439 657 1652 710 impletur:
1671 663 1718 699 ut
1732 658 1806 699 fiat

996 713 1220 754 renovatio
1266 713 1450 754 hominis
1489 714 1572 764 jam
1616 713 1806 755 labentis.

997 767 1123 810 Unde
1143 773 1185 810 et
1203 769 1442 821 Apostolus
1462 770 1532 811 ait:
1558 770 1806 822 Exspolian-

997 829 1063 866 tes
1082 837 1160 866 1708
1179 827 1369 867 veterem
1388 825 1619 875 heminem,
1645 825 1807 867 induite

997 893 1166 930 novum,
1190 882 1262 934 qui
1280 882 1516 924 secundum
1534 883 1674 923 Deum
1693 884 1807 923 crea-

997 942 1066 979 tus
1086 943 1161 980 081.

1058 999 1107 1039 R.
1124 998 1245 1040 Dixit
1262 999 1286 1039 J
1287 999 1407 1040 udas.
1424 1000 1503 1040 161.

1302 1082 1450 1123 Lectio
1472 1083 1523 1122 iii.

1086 1154 1225 1196 tbene
1241 1154 1423 1196 sabbato
1443 1155 1586 1207 coepit,
1605 1160 1652 1196 ut
1669 1155 1808 1207 ipsum

1091 1224 1137 1252 80
1171 1211 1420 1253 ostenderet
1452 1213 1705 1261 creatorem,
1738 1211 1809 1263 qui

1001 1270 1135 1321 opera
1150 1267 1354 1320 operibus
1368 1268 1588 1317 intexeret,
1609 1272 1808 1319 01111080-

1002 1326 1203 1376 queretur
1223 1337 1348 1377 opus,
1375 1323 1491 1376 quod
1514 1324 1607 1376 ipse
1625 1325 1707 1375 jam
1726 1327 1808 1365 000-

1001 1386 1140 1434 perat:
1159 1385 1205 1421 ut
1223 1381 1259 1421 si
1278 1380 1451 1422 domum
1467 1380 1587 1422 faber
1601 1382 1809 1422 renovare

1002 1437 1220 1490 disponat,
1248 1449 1332 1477 non
1357 1449 1381 1477 a
1400 1436 1702 1485 fundamentis,
1731 1435 1809 1477 sed

1002 1507 1027 1534 3
1050 1492 1306 1535 culminibus
1327 1492 1478 1546 incipit
1502 1492 1669 1533 solvere
1692 1496 1807 1533 170111-

1001 1552 1169 1591 81310111.
1216 1549 1369 1601 Itaque
1400 1548 1459 1590 ibi
1488 1549 1607 1601 prius
1638 1561 1809 1589 manum

1002 1606 1220 1655 admovet,
1247 1605 1321 1647 ubi
1347 1610 1444 1647 ante
1469 1604 1667 1646 desierat:
1695 1604 1808 1646 dein-

1002 1662 1056 1704 de
1082 1675 1107 1703 a
1128 1661 1366 1703 minoribus
1384 1661 1547 1714 incipit,
1574 1666 1621 1703 ut
1646 1660 1702 1702 ad
1724 1674 1809 1702 ma-

1000 1720 1091 1771 jora
1114 1718 1347 1771 perveniat.
1377 1717 1581 1759 Liberare
1604 1730 1629 1758 a
1653 1716 1809 1759 daemo-

1001 1788 1054 1816 ne
1082 1779 1125 1816 et
1150 1774 1362 1824 hemines,
1395 1773 1473 1815 sed
1498 1773 1541 1814 in
1568 1772 1701 1815 verbo
1729 1774 1809 1814 Dei

1000 1835 1197 1884 possunt:
1238 1829 1596 1872 resurrectionem
1630 1829 1808 1871 mortuis

999 1888 1228 1940 imperare,
1258 1886 1413 1927 divinae
1442 1885 1574 1927 solius
1600 1890 1665 1927 est
1689 1891 1807 1938 pote-

1000 1943 1133 1985 statis.
1155 1942 1371 1984 Fortassis
1389 1942 1517 1983 etiam
1535 1942 1577 1982 in
1596 1946 1701 1994 typo
1720 1954 1806 1982 mu-

999 1999 1116 2041 lieris
1138 1999 1251 2040 illius
1275 2010 1424 2039 socrus
1447 1997 1632 2038 Simonis
1659 2002 1701 2039 et
1723 1998 1806 2038 An-

1000 2055 1116 2097 dreae
1127 2055 1255 2097 variis
1270 2054 1494 2095 criminum
1508 2052 1695 2094 febribus
1706 2065 1805 2094 caro

998 2116 1149 2153 nostra
1180 2109 1425 2161 languebat,
1466 2114 1508 2151 et
1543 2108 1806 2150 diversarum

1000 2167 1286 2220 cupiditatum
1324 2165 1566 2207 immodicis
1597 2163 1806 2205 aestuabat

999 2223 1223 2265 illecebris.
1274 2222 1367 2263 Nec
1402 2221 1609 2262 minorem
1642 2219 1806 2261 febrem

999 2279 1158 2320 amoris
1178 2291 1273 2320 esse
1290 2277 1479 2325 dixerim,
1499 2287 1626 2327 quam
1640 2274 1806 2316 caloris.

998 2335 1151 2387 Itaque
1182 2334 1255 2375 illa
1285 2333 1486 2381 animum,
1522 2331 1615 2372 haec
1646 2343 1806 2383 corpus

999 2390 1246 2432 inflammat.
1299 2388 1446 2429 Febris
1489 2387 1601 2428 enim
1642 2392 1805 2436 nostra,

999 2447 1179 2487 avaritia
1210 2450 1289 2487 est:
1319 2443 1450 2484 febris
1474 2446 1638 2492 nostra,
1670 2442 1804 2484 libido

1000 2507 1078 2543 est:
1105 2502 1236 2544 febris
1262 2505 1426 2547 nostra,
1453 2498 1621 2539 luxuria
1645 2503 1724 2540 est:
1747 2499 1804 2540 fe-

998 2557 1087 2599 bris
1105 2562 1263 2606 nostra,
1281 2553 1456 2596 ambitio
1477 2558 1557 2595 est:
1583 2554 1714 2597 febris
1732 2567 1804 2595 no-

995 2618 1099 2663 stra,
1118 2611 1338 2654 iracundia
1357 2615 1432 2652 est.

1051 2673 1100 2722 Rz.
1124 2671 1419 2714 Extrahentes.
1438 2672 1516 2712 161.

1564 2800 1603 2832 12
