2028 2892
683 163 888 198 Dominica
910 164 957 199 Π.
982 164 1305 209 Quadragesimae.

145 265 189 302 01
219 258 402 302 00111οἀ0
433 257 488 300 (10
517 258 748 300 venatione
774 271 890 305 mea,
921 263 969 300 ut

144 317 376 359 benedicat
405 314 512 356 mihi
548 314 692 356 anima
720 319 806 356 tua.
858 316 968 356 Rur-

145 377 328 426 sumque
338 373 463 414 Isaac
478 371 535 413 ad
549 370 687 412 filium
701 384 841 412 suum:
855 373 968 422 Quo-

144 429 289 480 modo,
306 428 458 482 inquit,
473 433 564 470 tam
579 429 667 469 cito
685 427 877 470 invenire
891 441 968 481 po-

144 486 281 536 tuisti,
304 485 366 527 fili
389 484 472 526 mi?
506 484 591 535 Qui
614 483 856 537 respondit:
880 485 968 526 Vo-

143 543 288 585 11111138
310 542 395 584 1)οἰ
420 542 500 583 fuit
526 546 575 583 ut
601 541 689 582 cito
718 544 969 582 occurreret

143 600 248 641 mihi
267 598 387 651 quod
405 597 620 640 volebam.

194 660 246 711 R.
266 657 382 697 Ecce
402 655 514 697 odor
531 654 610 695 filii
626 654 713 696 mei
730 654 841 696 sicut
858 654 969 696 odor

144 713 237 764 agri
254 713 388 766 pleni,
410 712 480 753 cui
496 710 721 753 benedixit
739 711 968 752 Dominus:

144 771 342 812 crescere
360 773 406 811 te
423 768 556 810 faciat
573 768 695 810 Deus
712 780 836 809 meus
857 768 967 809 sicut

143 828 320 868 arenam
343 825 493 867 maris:
523 830 545 855 *
571 825 628 866 Et
652 824 785 866 donet
808 824 888 866 tibi
913 824 968 866 de

143 895 244 925 rore
267 882 369 924 coeli
388 881 750 924 benedictionem.
776 878 827 931 V.
847 882 968 923 Deus

143 944 290 981 autem
315 941 594 991 omnipotens
620 937 852 980 benedicat
875 937 967 987 tibi,

142 1000 274 1049 atque
292 995 563 1048 multiplicet.
590 995 647 1036 Et
665 994 810 1036 donet.

442 1055 594 1098 Lectio
612 1056 668 1097 iii.

242 1105 409 1158 ixitque
433 1105 575 1146 Isaac:
603 1103 780 1146 Accede
799 1103 902 1153 huc,
921 1107 969 1144 ut

244 1167 422 1214 tangam
444 1165 505 1211 te,
528 1160 591 1201 fili
613 1160 688 1210 mi,
714 1165 758 1202 et
781 1159 967 1212 probem

140 1223 287 1261 utrum
310 1223 359 1260 tu
383 1218 443 1259 sis
467 1217 582 1259 filius
605 1230 727 1259 meus
751 1217 884 1266 Esau,
912 1229 966 1257 an

140 1288 240 1318 non.
293 1274 493 1316 Accessit
520 1274 594 1316 ille
622 1273 679 1315 ad
706 1278 896 1326 patrem,
924 1278 967 1315 et

138 1332 319 1385 palpato
347 1344 418 1381 eo,
447 1330 558 1383 dixit
580 1331 722 1372 Isaac:
748 1330 851 1372 Vox
878 1330 966 1382 qui-

140 1388 261 1439 dem,
293 1401 381 1430 vox
408 1386 547 1429 Jacob
576 1391 662 1428 est:
695 1386 775 1428 sed
801 1399 965 1436 manus,

139 1458 293 1486 manus
312 1449 413 1486 sunt
427 1444 555 1485 Esau.
582 1443 639 1484 Et
654 1455 742 1484 non
760 1442 966 1493 cognovit

141 1514 250 1553 eum,
271 1501 372 1554 quia
385 1499 540 1553 pilosae
554 1512 708 1540 manus
725 1498 965 1540 similitudi-

139 1571 240 1600 nem
265 1556 443 1609 majoris
470 1557 788 1609 expresserant.
828 1556 964 1597 Bene-

139 1614 290 1657 dicens
319 1626 424 1665 ergo
451 1612 534 1662 1111,
567 1612 646 1654 ait:
679 1612 748 1653 Tu
775 1624 822 1654 es
850 1612 964 1653 filius

137 1684 262 1713 meus
280 1669 420 1712 Esau?
452 1667 715 1722 Respondit,
738 1669 834 1719 Ego
858 1681 965 1710 sum.

138 1729 200 1770 At
217 1727 304 1770 ille:
323 1728 445 1770 Affer
462 1726 579 1777 mihi,
597 1726 747 1778 inquit,
767 1725 891 1767 cibos
910 1725 964 1767 de

138 1785 371 1827 venatione
388 1789 475 1835 tua,
496 1783 559 1825 fili
576 1782 646 1833 mi,
667 1787 715 1824 ut
732 1781 965 1824 benedicat

137 1841 217 1884 tibi
235 1842 379 1883 anima
396 1853 505 1883 mea.
533 1841 653 1891 Quos
673 1852 772 1880 cum
790 1838 964 1880 oblatos

139 1898 413 1948 comedisset,
431 1896 590 1939 obtulit
605 1896 645 1938 ei
661 1895 791 1937 etiam
805 1895 964 1936 vinum.

139 1956 236 2006 Quo
254 1954 424 2004 hausto,
445 1953 554 1996 dixit
572 1952 629 1994 ad
649 1965 763 1994 eum:
787 1951 963 1993 Accede

138 2011 196 2053 ad
212 2024 299 2061 me,
318 2016 362 2053 et
381 2009 438 2053 da
455 2009 561 2051 mihi
581 2008 794 2058 osculum,
814 2007 876 2048 fili
893 2008 963 2048 mi.

138 2068 359 2117 Accessit,
401 2071 446 2109 et
485 2065 707 2108 osculatus
750 2068 816 2106 est
854 2076 963 2106 eum.

138 2124 380 2176 Statimque
420 2128 470 2165 ut
509 2123 646 2165 sensit
686 2121 962 2163 vestimento-

137 2193 233 2222 rum
251 2180 366 2222 illius
385 2179 677 2231 fragrantiam,
698 2177 963 2220 benedicens

137 2236 219 2286 illi,
246 2237 326 2279 ait:
353 2236 471 2278 Ecce
498 2234 610 2278 odor
635 2234 712 2276 filii
737 2233 823 2275 mei
850 2233 964 2274 sicut

139 2292 250 2336 odor
273 2293 367 2346 agri
386 2292 520 2346 pleni,
545 2292 616 2334 cui
634 2290 858 2333 benedixit
874 2290 962 2330 Do-

137 2350 292 2392 minus.
318 2350 407 2392 Det
424 2349 504 2391 tibi
518 2349 638 2390 Deus
658 2346 714 2389 de
733 2359 832 2388 rore
852 2345 962 2395 coeli,

139 2411 183 2449 et
209 2406 265 2448 (10
291 2405 557 2459 pinguedine
584 2410 714 2447 terrae
743 2402 961 2445 abundan-

137 2463 244 2504 tiam
266 2462 470 2504 frumenti
491 2466 536 2504 et
558 2461 657 2502 vini.
692 2460 749 2501 Et
772 2458 962 2500 serviant

137 2518 218 2561 tibi
244 2519 418 2572 populi,
450 2523 494 2561 et
524 2517 708 2559 adorent
735 2521 779 2558 te
805 2514 961 2556 tribus:

139 2580 234 2617 esto
263 2574 464 2618 deminus
491 2575 674 2615 fratrum
700 2574 891 2620 tuorum,
918 2575 962 2612 et

138 2631 418 2673 incurventur
433 2635 534 2672 31110
549 2635 594 2672 10
608 2629 685 2670 filii
699 2627 848 2669 matris
862 2631 963 2668 tuae.

139 2687 224 2738 Qui
243 2687 517 2730 maledixerit
538 2685 632 2736 tibi,
657 2685 714 2727 sit
736 2683 808 2726 1110
830 2682 960 2724 111310-

1022 257 1181 301 (1101118;
1206 264 1249 301 01
1267 260 1339 312 qui
1356 259 1629 301 benedixerit
1649 259 1744 308 tibi,
1768 258 1839 300 be-

1020 314 1340 358 nedictionibus
1359 315 1588 368 repleatur.

1074 375 1125 427 R.
1142 372 1230 414 Det
1247 372 1327 414 tibi
1346 373 1466 414 Deus
1486 371 1540 413 de
1559 384 1658 413 rore
1677 371 1778 413 coeli
1797 376 1840 413 et

1022 428 1076 470 de
1095 428 1358 482 pinguedine
1372 434 1500 470 terrae
1517 427 1839 469 abundantiam:

1021 486 1213 527 serviant
1249 485 1327 527 tibi
1361 485 1501 526 tribus
1539 489 1582 525 et
1612 483 1782 536 populi:
1816 493 1839 517 *

1020 542 1129 584 Esto
1179 541 1379 583 dominus
1428 541 1608 582 fratrum
1655 542 1839 581 tuorum.

1022 601 1073 648 V.
1094 599 1151 640 Et
1174 599 1453 640 incurventur
1478 602 1577 638 ante
1596 601 1640 638 10
1660 596 1735 637 filii
1752 609 1838 636 ma-

1020 655 1099 696 tris
1118 660 1218 697 tuae.
1244 655 1366 696 Esto.
1400 654 1548 696 Gloria
1566 653 1695 694 Patri.
1721 653 1838 693 Esto.

1251 722 1299 761 In
1321 722 1371 760 II.
1395 722 1617 761 Nocturno.

1024 778 1089 817 Ex
1104 775 1217 816 libro
1237 774 1374 816 sancti
1389 773 1618 825 Augustini
1632 773 1838 824 Episcopi

1207 836 1359 873 0011113
1377 830 1661 872 mendacium.

1114 893 1205 936 Cap.
1232 894 1288 928 10.
1313 898 1400 928 tom.
1426 895 1454 928 4.
1479 899 1568 938 post
1593 894 1751 928 initium.

1322 942 1471 983 Lectio
1492 943 1543 983 iv.

1026 992 1244 1049 *a*
1269 990 1387 1043 quod
1409 994 1547 1031 matre
1570 989 1672 1030 fecit
1695 989 1838 1029 aucto-

1025 1049 1062 1107 5
1090 1043 1126 1101 3
1150 1061 1212 1098 re,
1240 1053 1288 1089 ut
1310 1051 1479 1100 patrem
1503 1046 1651 1087 fallere
1675 1045 1838 1086 videre-

1029 1105 1044 1127 *
1079 1101 1125 1128 ἃ
1149 1109 1238 1155 1111,
1265 1105 1302 1145 81
1329 1103 1556 1154 diligenter
1584 1106 1627 1143 et
1653 1100 1839 1142 fideliter

1019 1161 1290 1211 attendatur,
1330 1173 1418 1202 non
1454 1164 1521 1201 081
1555 1157 1840 1205 mendacium,

1019 1218 1098 1260 sed
1121 1217 1387 1270 mysterium.
1423 1217 1530 1266 Quae
1555 1215 1591 1255 si
1612 1212 1839 1255 mendacia

1020 1274 1270 1324 dixerimus,
1296 1285 1447 1314 omnes
1469 1271 1599 1313 etiam
1617 1269 1839 1323 parabolae

1019 1343 1070 1372 ac
1084 1331 1236 1381 figurae
1255 1327 1634 1381 significandarum
1650 1338 1841 1378 quarum-

1019 1391 1205 1439 cumque
1230 1399 1392 1435 rerum,
1420 1397 1518 1436 quae
1545 1396 1631 1425 non
1659 1382 1716 1423 ad
1740 1394 1838 1434 pro-

1017 1443 1250 1496 prietatem
1271 1440 1536 1494 accipiendae
1558 1443 1672 1487 sunt,
1697 1437 1775 1479 sed
1795 1438 1838 1478 in

1018 1500 1080 1541 eis
1100 1499 1218 1541 aliud
1237 1512 1291 1540 ex
1311 1498 1396 1539 alio
1417 1501 1484 1539 est
1501 1494 1838 1545 intelligendum,

1018 1556 1216 1597 dicentur
1240 1567 1337 1597 esse
1361 1552 1602 1595 mendacia:
1628 1550 1746 1603 quod
1767 1550 1837 1591 ab·

1018 1613 1074 1655 sit
1106 1614 1292 1654 omnino.
1344 1611 1458 1652 Nam
1488 1609 1562 1661 qui
1589 1608 1673 1649 1100
1701 1611 1838 1660 putat,

1017 1669 1198 1721 tropicis
1224 1668 1354 1710 etiam
1376 1671 1467 1708 tam
1489 1665 1636 1706 multis
1659 1663 1837 1705 locutio-

1016 1725 1145 1767 nibus
1165 1724 1366 1767 omnibus
1384 1727 1532 1776 potest
1550 1721 1661 1762 hanc
1680 1720 1837 1772 impor-

1017 1784 1112 1824 tare
1139 1781 1416 1823 cahimniam:
1449 1779 1510 1820 ita
1537 1782 1585 1819 ut
1611 1777 1706 1818 haec
1733 1776 1837 1828 ipsa,

1018 1851 1116 1891 quae
1157 1837 1401 1891 appellatur
1437 1833 1714 1886 metaphora,
1754 1832 1837 1873 hoc

1018 1900 1094 1945 est,
1114 1894 1169 1937 de
1187 1907 1234 1936 re
1252 1893 1431 1946 propria
1449 1890 1506 1932 ad
1523 1903 1615 1932 rem
1632 1902 1719 1931 non
1738 1890 1836 1941 pro-

1015 1952 1155 2004 priam
1167 1949 1290 1992 verbi
1303 1948 1481 2000 alicujus
1492 1948 1699 1998 usurpata
1709 1949 1836 1986 trans·

1015 2008 1137 2058 latio,
1159 2007 1302 2060 possit
1324 2006 1409 2047 ista
1431 2004 1599 2045 ratione
1622 2000 1834 2043 mendaci-

1015 2078 1088 2106 um
1106 2063 1357 2116 nuncupari.

1047 2121 1123 2174 ,Ru
1151 2121 1268 2161 Dum
1303 2120 1440 2161 exiret
1466 2115 1601 2158 Jacob
1633 2114 1687 2155 de
1719 2117 1833 2154 terra

1015 2189 1104 2227 sua,
1118 2175 1226 2218 vidit
1239 2175 1423 2227 gloriam
1436 2172 1530 2222 Dei,
1545 2175 1588 2212 et
1601 2170 1674 2211 ait:
1693 2169 1833 2218 Quam

1013 2233 1220 2275 terribilis
1244 2237 1311 2274 est
1333 2231 1455 2273 locus
1478 2227 1574 2270 iste!
1605 2230 1628 2256 *
1645 2224 1746 2266 Non
1767 2229 1832 2265 est

1013 2289 1084 2331 1110
1103 2287 1231 2338 aliud,
1252 2288 1335 2329 nisi
1353 2287 1507 2328 domus
1525 2282 1618 2331 Dei,
1643 2286 1686 2323 et
1703 2285 1833 2333 porta

1015 2345 1125 2387 coeli.
1158 2339 1207 2392 lV.
1217 2345 1334 2386 Vere
1347 2343 1466 2384 Deus
1485 2336 1832 2385 08111110001810,

1014 2406 1058 2444 01
1077 2413 1158 2453 ego
1177 2399 1434 2442 nesciebam.
1461 2395 1560 2437 Non
1579 2397 1655 2435 est.

1324 2454 1474 2497 Lectio
1495 2468 1531 2495 ν.

1099 2526 1168 2556 uae
1196 2510 1490 2563 significantur
1517 2506 1650 2555 enim,
1682 2503 1832 2555 sitique

1116 2570 1212 2621 ipsa
1230 2567 1443 2609 dicuntur:
1461 2564 1668 2615 putantur
1686 2564 1832 2601 autem

1012 2624 1258 2672 mendacia,
1288 2620 1493 2673 quoniam
1520 2630 1607 2659 non
1634 2629 1705 2666 ea,
1734 2627 1831 2668 quae

1013 2694 1115 2724 vere
1134 2678 1440 2730 significantur,
1459 2675 1577 2718 dicta
1590 2671 1831 2722 intelligun-
