2028 2892
795 131 964 139 ——-..

764 183 869 217 Fcria
898 186 942 218 ix‘.
972 186 1234 227 Rogationum,

149 268 327 311 lizatum
352 274 434 312 est:
460 274 510 312 ut
533 270 774 323 judicentur
799 276 973 327 quidem

149 325 391 368 secundum
421 326 621 370 hemines
651 330 696 370 in
731 343 876 383 carne,
914 335 972 375 vi-

149 386 252 423 vant
288 387 434 425 autem
469 385 710 427 secundum
744 387 887 430 Deum
928 390 971 431 in

147 438 322 491 Spiritu.
363 439 567 482 Omnium
594 447 740 484 autem
770 443 867 486 finis
899 459 972 499 ap-

146 495 470 548 propinquavit.

232 588 248 607 ..
282 563 334 604 In
362 565 557 609 ecclesiis
584 566 829 611 benedicite
855 570 970 621 Deo,

146 618 230 660 alle
247 621 332 672 aja,
352 626 373 649 *
393 621 585 664 Demino
613 623 668 665 de
693 625 887 668 sentibus
909 628 969 668 Is-

145 675 246 725 rael,
267 676 448 729 alleluja,
469 678 649 731 alleluja.
678 679 726 730 V.
749 681 969 725 Psalmum

146 730 277 774 dicite
310 734 475 775 nemini
510 736 617 787 ejus,
654 737 755 780 date
787 738 969 790 gloriam

143 787 262 830 laudi
280 790 381 841 ejus.
407 790 610 834 Demino.

455 878 602 920 Lectio
624 880 660 919 ii.

141 944 346 1051 Estete
364 948 512 998 itaque
531 947 784 1001 prudentes,
802 956 846 993 et
864 953 967 1004 vigi-

226 1001 315 1043 late
333 1002 377 1043 in
396 1004 677 1046 oratienibus.
696 1006 811 1049 Ante
823 1009 967 1050 emnia

142 1061 305 1109 autem,
340 1062 536 1102 mutuam
566 1061 610 1103 in
641 1062 966 1118 vobismetipsis

142 1115 370 1157 caritatem
431 1120 681 1160 continuam
736 1120 965 1163 habentes:

143 1171 244 1223 quia
280 1173 438 1214 caritas
472 1175 614 1227 eperit
644 1176 966 1219 multitudinem

139 1230 434 1280 peccaterum.
486 1230 744 1284 Hospitales
779 1234 965 1276 invicem

139 1283 232 1326 sine
259 1287 617 1330 murmuratiene:
644 1289 964 1342 Unusquisque,

140 1339 252 1383 sicut
291 1343 462 1395 accepit
503 1344 704 1396 gratiam,
755 1346 799 1386 in
839 1346 963 1388 alter-

138 1400 283 1438 utrum
309 1397 427 1439 illam
454 1398 822 1452 administrantes,
852 1403 963 1445 sicut

137 1450 242 1493 boni
303 1452 629 1507 dispensateres
688 1457 962 1500 multiformis

136 1509 288 1560 gratiae
307 1509 401 1552 Dei.
433 1511 478 1553 Si
498 1512 595 1563 quis
613 1511 816 1565 loquitur,
838 1515 962 1566 quasi

137 1567 360 1607 sermenes
395 1566 493 1608 Dei:
531 1567 567 1609 si
605 1569 701 1620 quis
736 1570 960 1621 ministrat,

134 1624 358 1673 tamquam
385 1635 439 1664 ex
466 1623 642 1675 virtute,
671 1638 801 1677 quam
829 1625 960 1668 admi-

135 1678 289 1732 nistrat
306 1678 442 1720 Deus:
469 1685 517 1722 ut
539 1680 582 1721 in
607 1681 807 1724 Omnibus
825 1683 959 1725 hono-

134 1732 326 1776 rificetur
339 1735 460 1777 Deus
475 1749 555 1789 per
565 1737 590 1777 J
592 1750 714 1779 esum
728 1738 960 1781 Christum:

134 1789 204 1830 eui
223 1795 289 1833 est
307 1791 462 1843 gleria,
490 1798 534 1835 et
558 1793 788 1847 imperium
812 1795 855 1836 in
882 1798 959 1837 sa'e-
995 1814 998 1819 ’

133 1845 230 1888 cula
248 1848 520 1890 saeculorum.
550 1849 702 1892 Amen.

186 1920 236 1972 R.
260 1917 312 1958 In
338 1921 434 1960 toto
462 1919 596 1961 corde
623 1932 740 1970 meo,
777 1920 957 1973 aUeluJa,

132 1972 347 2024 exquisivi
363 1979 419 2026 te,
438 1974 623 2027 alleluja:
641 1979 662 2001 *
684 1976 752 2018 Ne
770 1976 956 2029 repellas

132 2040 202 2069 me
225 2041 251 2070 a
273 2030 490 2073 mandatis
513 2032 615 2082 tuis,
643 2031 828 2084 alleluja,
856 2033 955 2075 alle-

130 2083 227 2134 luja.
259 2083 306 2134 V.
329 2085 595 2130 Benedictus
620 2101 667 2130 es
691 2093 739 2130 tu
758 2089 955 2139 Demine,

132 2138 244 2182 doce
272 2154 342 2183 me
370 2143 700 2194 justificatienes
726 2149 834 2186 tuas.
886 2145 954 2187 Ne

130 2196 328 2249 repellas.
350 2199 504 2248 Gloria
520 2201 651 2243 Patri.
674 2201 742 2243 Ne
757 2201 952 2254 repellas

426 2290 575 2330 Lectio
602 2290 654 2328 iii.

207 2359 401 2410 arissimi,
441 2360 576 2403 nolite
611 2362 877 2414 peregrinari
907 2363 951 2403 in

210 2415 392 2466 fervere,
412 2416 486 2468 qui
505 2416 561 2458 ad
579 2418 862 2460 tentationem
877 2431 951 2460 vo-

127 2469 196 2512 bis
227 2471 293 2522 fit,
330 2472 455 2523 quasi
486 2473 589 2515 novi
625 2473 789 2525 aliquid
823 2473 949 2516 vobis

129 2529 364 2579 contingat:
387 2527 466 2570 sed
489 2529 813 2571 comunicantes
832 2529 948 2570 Chri-

129 2582 184 2623 sti
210 2584 487 2636 passienibus
515 2584 718 2636 gaudete,
756 2591 804 2627 ut
836 2590 879 2627 et
906 2585 948 2625 in
984 2620 987 2623 .

128 2639 391 2682 revelatiene
421 2641 573 2692 gleriae
606 2643 696 2693 ejus
722 2639 948 2693 gaudeatis

129 2694 406 2739 exsultantes.
458 2697 503 2739 Si
545 2696 866 2751 exprobramini
903 2697 947 2737 in

1779 190 1845 226 315

1024 281 1197 322 nemine
1226 281 1399 333 Christi,
1430 284 1546 327 beati
1574 286 1706 328 eritis:
1739 290 1842 340 que-

1023 335 1139 377 niam
1162 337 1283 388 quod
1306 344 1372 380 est
1394 339 1584 392 honeris,
1608 342 1774 394 gleriae,
1800 350 1843 386 et

1023 391 1194 434 virtutis
1217 393 1315 444 Dei,
1344 399 1387 436 et
1412 396 1484 447 qui
1508 403 1575 439 est
1599 399 1688 449 ejus
1712 400 1842 452 Spiri-

1021 452 1108 498 tus,
1141 461 1272 501 super
1303 463 1383 491 vos
1414 453 1655 503 requiescit.
1699 455 1840 498 Nemo

1023 508 1167 546 autem
1194 510 1387 547 vestrum
1417 508 1606 559 patiatur
1632 516 1679 552 ut
1706 510 1840 552 homi—

1022 558 1136 610 cida,
1168 565 1242 603 aut
1268 561 1350 612 fur,
1382 568 1456 604 aut
1482 564 1735 617 maledicus,
1767 573 1840 610 aut

1022 615 1260 658 alienarum
1287 622 1517 671 appetitor.
1553 621 1598 662 Si
1624 628 1767 664 autem
1793 629 1840 666 ut

1023 671 1306 724 Christianus,
1334 688 1420 716 non
1448 676 1687 719 erubescat:
1714 679 1839 729 glori-

1020 727 1123 770 ficet
1146 734 1290 771 autem
1313 731 1456 772 Deum
1483 732 1526 773 in
1549 733 1633 775 isto
1658 735 1838 777 nemine.

1021 784 1234 834 Quoniam
1264 791 1437 839 tempus
1470 794 1550 839 est,
1585 795 1633 831 ut
1663 790 1839 843 incipiat

1019 839 1224 892 judicium
1242 855 1268 883 a
1287 842 1418 885 domo
1437 844 1531 886 Dei.

1077 909 1135 947 Te
1154 906 1296 948 Deum
1314 907 1550 950 laudamus.
1570 911 1628 951 15.

1076 980 1142 1021 Ad
1185 983 1339 1023 Bencd.
1397 986 1492 1025 Ant.
1546 985 1788 1037 Oportebat
1814 988 1837 1014 *

1017 1036 1109 1087 pati
1129 1036 1356 1088 Christum,
1379 1042 1421 1080 et
1439 1042 1664 1090 resurgere
1683 1054 1708 1082 a
1726 1045 1836 1084 mor-

1017 1091 1114 1143 tuis,
1133 1092 1312 1146 alleluja.

1353 1168 1511 1210 Oratio.

1018 1225 1198 1331 Deus,
1226 1240 1250 1268 a
1275 1240 1360 1280 quo
1379 1228 1494 1270 bona
1514 1235 1669 1271 cuncta
1687 1235 1835 1283 proce-

1119 1282 1240 1333 dunt,
1268 1283 1424 1336 largire
1447 1286 1715 1338 supplicibus
1736 1290 1835 1330 tuis:
1910 1325 1918 1331 ,

1015 1342 1064 1379 ut
1095 1339 1335 1389 cogitemus
1368 1346 1411 1382 te
1445 1341 1699 1394 inspirante,
1737 1358 1834 1397 quae

1015 1399 1135 1436 recta
1159 1400 1273 1447 sunt;
1309 1401 1352 1438 et
1367 1395 1422 1438 'te
1449 1397 1732 1450 gubernante,
1767 1403 1832 1442 ea-

1015 1450 1115 1492 dem
1132 1452 1352 1494 faciamus.
1379 1454 1463 1495 Per
1480 1454 1724 1497 Dominum.

1071 1524 1138 1564 Ad
1160 1525 1329 1573 Magnis.
1362 1527 1455 1566 Ant.
1495 1524 1617 1565 Exivi
1643 1538 1668 1566 a
1692 1526 1829 1577 Patre,

1012 1577 1036 1602 *
1056 1580 1099 1617 et
1116 1577 1215 1618 veni
1233 1577 1275 1618 in
1294 1577 1517 1620 mundum:
1535 1582 1690 1621 iterum
1708 1582 1830 1623 relin-

1013 1644 1100 1683 quo
1124 1633 1345 1684 mundum,
1371 1639 1414 1675 et
1437 1634 1551 1677 vado
1574 1635 1630 1678 ad
1647 1637 1829 1689 Patrem,

1012 1687 1192 1741 alleluja.

1156 1820 1190 1855 F
1215 1831 1238 1856 e
1263 1831 1283 1856 r
1305 1822 1318 1857 i
1343 1832 1368 1857 a
1413 1821 1449 1868 Q
1474 1833 1500 1857 u
1526 1832 1551 1857 a
1574 1832 1594 1857 r
1615 1826 1631 1857 t
1655 1833 1681 1858 a

1231 1880 1268 1918 in
1295 1881 1615 1929 Rogationibus

1149 1966 1337 2016 Vigilia
1362 1966 1688 2008 Ascensionis.

1063 2038 1101 2072 Si
1142 2039 1257 2073 hodic
1302 2046 1473 2074 occurrat
1513 2042 1647 2075 festum
1688 2052 1821 2076 novem

1011 2086 1249 2120 Lectionum.
1283 2088 1321 2121 fit
1351 2088 1396 2121 de
1429 2099 1489 2122 co.
1522 2099 1604 2122 cum
1634 2100 1731 2123 nona
1757 2090 1821 2123 Le-

1008 2134 1132 2168 ctione
1159 2135 1204 2168 dc
1232 2135 1397 2169 Ilomilia
1418 2136 1570 2177 vigilite
1594 2144 1627 2170 ct
1653 2137 1820 2171 Comme-

1008 2183 1218 2216 moratione
1255 2183 1302 2216 ad
1339 2184 1501 2226 Laudes,
1541 2189 1579 2218 ut
1615 2185 1718 2217 infra.
1766 2185 1819 2218 Dc

1009 2230 1104 2264 festo
1135 2236 1258 2264 autem
1288 2232 1397 2265 trium
1424 2232 1642 2265 Lectionum
1674 2232 1712 2265 fit
1742 2238 1819 2266 tan-

1006 2282 1081 2311 tum
1108 2279 1437 2312 Commemoratio.

1007 2345 1156 2387 Lectio
1180 2345 1319 2387 sancti
1338 2344 1559 2396 Evangelii
1581 2344 1819 2387 secandum

1300 2401 1326 2442 J
1328 2403 1521 2443 oannem.

1106 2467 1254 2508 Lectio
1277 2468 1297 2506 i.
1539 2466 1639 2517 Cap.
1660 2467 1713 2506 17.

1047 2543 1076 2570 n
1098 2530 1174 2572 illo
1192 2532 1404 2583 tempore:
1428 2523 1672 2571 Sublevatis
1690 2530 1716 2570 J
1717 2543 1816 2572 esus

1073 2586 1210 2628 aculis
1239 2586 1283 2626 in
1314 2585 1486 2635 coelum,
1519 2583 1642 2627 dixit:
1672 2586 1815 2637 Pater,

1000 2642 1118 2684 venit
1143 2642 1264 2692 hora,
1292 2640 1479 2682 clarifica
1503 2640 1659 2683 Fssium
1682 2647 1813 2684 tuum.

998 2697 1056 2739 Et
1072 2697 1248 2749 reliqua.
