<?xml version="1.0" encoding="UTF-8"?>
<!DOCTYPE html PUBLIC "-//W3C//DTD XHTML 1.0 Transitional//EN"
    "http://www.w3.org/TR/xhtml1/DTD/xhtml1-transitional.dtd">
<html xmlns="http://www.w3.org/1999/xhtml" xml:lang="en" lang="en">
 <head>
  <title>
</title>
<meta http-equiv="Content-Type" content="text/html;charset=utf-8" />
  <meta name='ocr-system' content='tesseract 3.04.00' />
  <meta name='ocr-capabilities' content='ocr_page ocr_carea ocr_par ocr_line ocrx_word'/>
</head>
<body>
  <div class='ocr_page' id='page_1' title='image "./p2breviariumroma00cathuoft_0974.png"; bbox 0 0 2066 2956; ppageno 0'>
   <div class='ocr_carea' id='block_1_1' title="bbox 840 199 1344 244">
    <p class='ocr_par' dir='ltr' id='par_1_1' title="bbox 840 199 1344 244">
     <span class='ocr_line' id='line_1_1' title="bbox 840 199 1344 244; baseline -0.008 -8"><span class='ocrx_word' id='word_1_1' title='bbox 840 200 1077 244; x_wconf 80' lang='lat' dir='ltr'>Praeparatio</span> <span class='ocrx_word' id='word_1_2' title='bbox 1102 199 1151 233; x_wconf 88' lang='lat' dir='ltr'>ad</span> <span class='ocrx_word' id='word_1_3' title='bbox 1176 199 1344 233; x_wconf 86' lang='lat' dir='ltr'>Missam.</span> 
     </span>
    </p>
   </div>
   <div class='ocr_carea' id='block_1_2' title="bbox 236 297 1065 1686">
    <p class='ocr_par' dir='ltr' id='par_1_2' title="bbox 236 297 1065 1686">
     <span class='ocr_line' id='line_1_2' title="bbox 240 297 1065 341; baseline 0 -9"><span class='ocrx_word' id='word_1_4' title='bbox 240 297 341 340; x_wconf 85' lang='lat' dir='ltr'>ficis,</span> <span class='ocrx_word' id='word_1_5' title='bbox 372 301 409 332; x_wconf 90' lang='lat' dir='ltr'>et</span> <span class='ocrx_word' id='word_1_6' title='bbox 431 307 639 341; x_wconf 90' lang='lat' dir='ltr'><strong>numquam</strong></span> <span class='ocrx_word' id='word_1_7' title='bbox 662 297 702 332; x_wconf 90' lang='lat' dir='ltr'>in</span> <span class='ocrx_word' id='word_1_8' title='bbox 725 301 761 332; x_wconf 93' lang='lat' dir='ltr'>te</span> <span class='ocrx_word' id='word_1_9' title='bbox 786 297 933 332; x_wconf 88' lang='lat' dir='ltr'>deficis:</span> <span class='ocrx_word' id='word_1_10' title='bbox 966 298 1065 332; x_wconf 91' lang='lat' dir='ltr'>com-</span> 
     </span>
     <span class='ocr_line' id='line_1_3' title="bbox 240 347 1065 391; baseline 0 -9"><span class='ocrx_word' id='word_1_11' title='bbox 240 347 329 382; x_wconf 90' lang='lat' dir='ltr'>edat</span> <span class='ocrx_word' id='word_1_12' title='bbox 351 351 388 382; x_wconf 90' lang='lat' dir='ltr'>te</span> <span class='ocrx_word' id='word_1_13' title='bbox 412 357 479 382; x_wconf 92' lang='lat' dir='ltr'>cor</span> <span class='ocrx_word' id='word_1_14' title='bbox 501 358 642 391; x_wconf 88' lang='lat' dir='ltr'>meum,</span> <span class='ocrx_word' id='word_1_15' title='bbox 666 352 703 383; x_wconf 89' lang='lat' dir='ltr'>et</span> <span class='ocrx_word' id='word_1_16' title='bbox 727 347 930 383; x_wconf 92' lang='lat' dir='ltr'>dulcedine</span> <span class='ocrx_word' id='word_1_17' title='bbox 953 348 1065 391; x_wconf 89' lang='lat' dir='ltr'>sapo-</span> 
     </span>
     <span class='ocr_line' id='line_1_4' title="bbox 238 397 1064 441; baseline 0.001 -10"><span class='ocrx_word' id='word_1_18' title='bbox 238 397 292 431; x_wconf 92' lang='lat' dir='ltr'>ris</span> <span class='ocrx_word' id='word_1_19' title='bbox 315 397 371 432; x_wconf 89' lang='lat' dir='ltr'>tui</span> <span class='ocrx_word' id='word_1_20' title='bbox 395 397 614 441; x_wconf 84' lang='lat' dir='ltr'>repleantur</span> <span class='ocrx_word' id='word_1_21' title='bbox 634 398 783 432; x_wconf 90' lang='lat' dir='ltr'>viscera</span> <span class='ocrx_word' id='word_1_22' title='bbox 803 397 942 432; x_wconf 82' lang='lat' dir='ltr'>animae</span> <span class='ocrx_word' id='word_1_23' title='bbox 958 407 1064 432; x_wconf 85' lang='lat' dir='ltr'>meae.</span> 
     </span>
     <span class='ocr_line' id='line_1_5' title="bbox 239 447 1064 492; baseline 0 -10"><span class='ocrx_word' id='word_1_24' title='bbox 239 447 445 483; x_wconf 81' lang='lat' dir='ltr'>Manducat</span> <span class='ocrx_word' id='word_1_25' title='bbox 468 452 504 483; x_wconf 88' lang='lat' dir='ltr'>te</span> <span class='ocrx_word' id='word_1_26' title='bbox 521 448 695 491; x_wconf 86' lang='lat' dir='ltr'>Angelus</span> <span class='ocrx_word' id='word_1_27' title='bbox 719 458 784 484; x_wconf 93' lang='lat' dir='ltr'>ore</span> <span class='ocrx_word' id='word_1_28' title='bbox 805 448 937 492; x_wconf 89' lang='lat' dir='ltr'>pleno:</span> <span class='ocrx_word' id='word_1_29' title='bbox 961 458 1064 482; x_wconf 91' lang='lat' dir='ltr'>man—</span> 
     </span>
     <span class='ocr_line' id='line_1_6' title="bbox 239 498 1064 543; baseline -0.001 -10"><span class='ocrx_word' id='word_1_30' title='bbox 239 498 352 533; x_wconf 74' lang='lat' dir='ltr'>ducet</span> <span class='ocrx_word' id='word_1_31' title='bbox 375 502 412 533; x_wconf 91' lang='lat' dir='ltr'>te</span> <span class='ocrx_word' id='word_1_32' title='bbox 436 499 662 542; x_wconf 91' lang='lat' dir='ltr'>peregrinus</span> <span class='ocrx_word' id='word_1_33' title='bbox 683 499 800 534; x_wconf 91' lang='lat' dir='ltr'>homo</span> <span class='ocrx_word' id='word_1_34' title='bbox 817 508 888 543; x_wconf 93' lang='lat' dir='ltr'>pro</span> <span class='ocrx_word' id='word_1_35' title='bbox 906 498 1064 533; x_wconf 90' lang='lat' dir='ltr'>modulo</span> 
     </span>
     <span class='ocr_line' id='line_1_7' title="bbox 238 548 1064 593; baseline 0 -10"><span class='ocrx_word' id='word_1_36' title='bbox 238 558 320 591; x_wconf 89' lang='lat' dir='ltr'>suo,</span> <span class='ocrx_word' id='word_1_37' title='bbox 344 558 391 583; x_wconf 92' lang='lat' dir='ltr'>ne</span> <span class='ocrx_word' id='word_1_38' title='bbox 416 548 580 583; x_wconf 84' lang='lat' dir='ltr'>deficere</span> <span class='ocrx_word' id='word_1_39' title='bbox 602 549 729 593; x_wconf 86' lang='lat' dir='ltr'>possit</span> <span class='ocrx_word' id='word_1_40' title='bbox 752 548 791 583; x_wconf 92' lang='lat' dir='ltr'>in</span> <span class='ocrx_word' id='word_1_41' title='bbox 812 548 893 590; x_wconf 86' lang='lat' dir='ltr'>via,</span> <span class='ocrx_word' id='word_1_42' title='bbox 916 548 985 583; x_wconf 87' lang='lat' dir='ltr'>tali</span> <span class='ocrx_word' id='word_1_43' title='bbox 1009 558 1064 583; x_wconf 90' lang='lat' dir='ltr'>re-</span> 
     </span>
     <span class='ocr_line' id='line_1_8' title="bbox 238 598 1064 642; baseline 0 -9"><span class='ocrx_word' id='word_1_44' title='bbox 238 600 387 634; x_wconf 83' lang='lat' dir='ltr'>creatus</span> <span class='ocrx_word' id='word_1_45' title='bbox 419 598 573 634; x_wconf 88' lang='lat' dir='ltr'>viatico.</span> <span class='ocrx_word' id='word_1_46' title='bbox 619 598 738 634; x_wconf 88' lang='lat' dir='ltr'>Panis</span> <span class='ocrx_word' id='word_1_47' title='bbox 770 602 918 642; x_wconf 90' lang='lat' dir='ltr'>sancte,</span> <span class='ocrx_word' id='word_1_48' title='bbox 950 598 1064 642; x_wconf 88' lang='lat' dir='ltr'>panis</span> 
     </span>
     <span class='ocr_line' id='line_1_9' title="bbox 237 648 1064 693; baseline 0 -10"><span class='ocrx_word' id='word_1_49' title='bbox 237 649 337 691; x_wconf 83' lang='lat' dir='ltr'>vive,</span> <span class='ocrx_word' id='word_1_50' title='bbox 361 649 475 693; x_wconf 88' lang='lat' dir='ltr'>panis</span> <span class='ocrx_word' id='word_1_51' title='bbox 491 648 643 692; x_wconf 88' lang='lat' dir='ltr'>munde,</span> <span class='ocrx_word' id='word_1_52' title='bbox 668 649 735 693; x_wconf 90' lang='lat' dir='ltr'>qui</span> <span class='ocrx_word' id='word_1_53' title='bbox 759 648 996 684; x_wconf 68' lang='lat' dir='ltr'>descendisti</span> <span class='ocrx_word' id='word_1_54' title='bbox 1016 648 1064 683; x_wconf 91' lang='lat' dir='ltr'>de</span> 
     </span>
     <span class='ocr_line' id='line_1_10' title="bbox 238 698 1065 741; baseline -0.002 -7"><span class='ocrx_word' id='word_1_55' title='bbox 238 698 348 741; x_wconf 90' lang='lat' dir='ltr'>coelo,</span> <span class='ocrx_word' id='word_1_56' title='bbox 374 703 410 733; x_wconf 92' lang='lat' dir='ltr'>et</span> <span class='ocrx_word' id='word_1_57' title='bbox 427 698 497 733; x_wconf 87' lang='lat' dir='ltr'>das</span> <span class='ocrx_word' id='word_1_58' title='bbox 516 698 636 734; x_wconf 89' lang='lat' dir='ltr'>vitam</span> <span class='ocrx_word' id='word_1_59' title='bbox 652 698 807 741; x_wconf 90' lang='lat' dir='ltr'>mundo,</span> <span class='ocrx_word' id='word_1_60' title='bbox 830 698 920 733; x_wconf 89' lang='lat' dir='ltr'>veni</span> <span class='ocrx_word' id='word_1_61' title='bbox 937 698 976 732; x_wconf 91' lang='lat' dir='ltr'>in</span> <span class='ocrx_word' id='word_1_62' title='bbox 999 708 1065 733; x_wconf 92' lang='lat' dir='ltr'>cor</span> 
     </span>
     <span class='ocr_line' id='line_1_11' title="bbox 237 749 1064 793; baseline -0.001 -9"><span class='ocrx_word' id='word_1_63' title='bbox 237 759 380 792; x_wconf 89' lang='lat' dir='ltr'>meum,</span> <span class='ocrx_word' id='word_1_64' title='bbox 415 753 452 784; x_wconf 90' lang='lat' dir='ltr'>et</span> <span class='ocrx_word' id='word_1_65' title='bbox 482 749 624 784; x_wconf 90' lang='lat' dir='ltr'>munda</span> <span class='ocrx_word' id='word_1_66' title='bbox 652 759 712 784; x_wconf 93' lang='lat' dir='ltr'>me</span> <span class='ocrx_word' id='word_1_67' title='bbox 739 749 787 784; x_wconf 86' lang='lat' dir='ltr'>ab</span> <span class='ocrx_word' id='word_1_68' title='bbox 812 749 916 784; x_wconf 90' lang='lat' dir='ltr'>omni</span> <span class='ocrx_word' id='word_1_69' title='bbox 940 749 1064 793; x_wconf 89' lang='lat' dir='ltr'>inqui-</span> 
     </span>
     <span class='ocr_line' id='line_1_12' title="bbox 236 799 1064 843; baseline -0.001 -9"><span class='ocrx_word' id='word_1_70' title='bbox 236 800 415 834; x_wconf 90' lang='lat' dir='ltr'>namento</span> <span class='ocrx_word' id='word_1_71' title='bbox 445 800 572 834; x_wconf 89' lang='lat' dir='ltr'>carnis</span> <span class='ocrx_word' id='word_1_72' title='bbox 605 803 642 834; x_wconf 89' lang='lat' dir='ltr'>et</span> <span class='ocrx_word' id='word_1_73' title='bbox 673 799 842 843; x_wconf 90' lang='lat' dir='ltr'>spiritus.</span> <span class='ocrx_word' id='word_1_74' title='bbox 889 799 994 834; x_wconf 90' lang='lat' dir='ltr'>Intra</span> <span class='ocrx_word' id='word_1_75' title='bbox 1025 799 1064 833; x_wconf 92' lang='lat' dir='ltr'>in</span> 
     </span>
     <span class='ocr_line' id='line_1_13' title="bbox 237 848 1064 892; baseline 0 -9"><span class='ocrx_word' id='word_1_76' title='bbox 237 849 403 884; x_wconf 89' lang='lat' dir='ltr'>animam</span> <span class='ocrx_word' id='word_1_77' title='bbox 426 859 560 892; x_wconf 88' lang='lat' dir='ltr'>meam,</span> <span class='ocrx_word' id='word_1_78' title='bbox 585 859 680 884; x_wconf 88' lang='lat' dir='ltr'>sana</span> <span class='ocrx_word' id='word_1_79' title='bbox 705 853 741 883; x_wconf 91' lang='lat' dir='ltr'>et</span> <span class='ocrx_word' id='word_1_80' title='bbox 761 848 905 883; x_wconf 92' lang='lat' dir='ltr'>munda</span> <span class='ocrx_word' id='word_1_81' title='bbox 928 859 987 883; x_wconf 91' lang='lat' dir='ltr'>me</span> <span class='ocrx_word' id='word_1_82' title='bbox 1010 848 1064 883; x_wconf 91' lang='lat' dir='ltr'>in-</span> 
     </span>
     <span class='ocr_line' id='line_1_14' title="bbox 237 898 1064 942; baseline 0 -9"><span class='ocrx_word' id='word_1_83' title='bbox 237 898 355 934; x_wconf 82' lang='lat' dir='ltr'>terius</span> <span class='ocrx_word' id='word_1_84' title='bbox 388 903 425 934; x_wconf 87' lang='lat' dir='ltr'>et</span> <span class='ocrx_word' id='word_1_85' title='bbox 455 899 634 934; x_wconf 84' lang='lat' dir='ltr'>exterius.</span> <span class='ocrx_word' id='word_1_86' title='bbox 681 899 775 934; x_wconf 92' lang='lat' dir='ltr'>Esto</span> <span class='ocrx_word' id='word_1_87' title='bbox 808 900 994 942; x_wconf 86' lang='lat' dir='ltr'>tutamen,</span> <span class='ocrx_word' id='word_1_88' title='bbox 1027 903 1064 934; x_wconf 90' lang='lat' dir='ltr'>et</span> 
     </span>
     <span class='ocr_line' id='line_1_15' title="bbox 237 948 1062 993; baseline 0.002 -11"><span class='ocrx_word' id='word_1_89' title='bbox 237 948 417 983; x_wconf 88' lang='lat' dir='ltr'>continua</span> <span class='ocrx_word' id='word_1_90' title='bbox 440 948 546 983; x_wconf 84' lang='lat' dir='ltr'>salus</span> <span class='ocrx_word' id='word_1_91' title='bbox 570 949 708 983; x_wconf 83' lang='lat' dir='ltr'>animae</span> <span class='ocrx_word' id='word_1_92' title='bbox 730 953 767 984; x_wconf 87' lang='lat' dir='ltr'>et</span> <span class='ocrx_word' id='word_1_93' title='bbox 786 949 961 993; x_wconf 93' lang='lat' dir='ltr'>corporis</span> <span class='ocrx_word' id='word_1_94' title='bbox 978 949 1062 984; x_wconf 90' lang='lat' dir='ltr'>mei.</span> 
     </span>
     <span class='ocr_line' id='line_1_16' title="bbox 236 997 1063 1042; baseline 0.001 -10"><span class='ocrx_word' id='word_1_95' title='bbox 236 997 394 1042; x_wconf 86' lang='lat' dir='ltr'>Repelle</span> <span class='ocrx_word' id='word_1_96' title='bbox 418 1009 440 1033; x_wconf 90' lang='lat' dir='ltr'>a</span> <span class='ocrx_word' id='word_1_97' title='bbox 463 1008 522 1033; x_wconf 90' lang='lat' dir='ltr'>me</span> <span class='ocrx_word' id='word_1_98' title='bbox 547 998 776 1033; x_wconf 68' lang='lat' dir='ltr'>insidiantes</span> <span class='ocrx_word' id='word_1_99' title='bbox 797 998 893 1033; x_wconf 88' lang='lat' dir='ltr'>mihi</span> <span class='ocrx_word' id='word_1_100' title='bbox 914 998 1063 1034; x_wconf 88' lang='lat' dir='ltr'>hostes:</span> 
     </span>
     <span class='ocr_line' id='line_1_17' title="bbox 236 1048 1064 1093; baseline 0.001 -10"><span class='ocrx_word' id='word_1_101' title='bbox 236 1048 416 1083; x_wconf 81' lang='lat' dir='ltr'>recedant</span> <span class='ocrx_word' id='word_1_102' title='bbox 442 1049 578 1092; x_wconf 90' lang='lat' dir='ltr'>procul</span> <span class='ocrx_word' id='word_1_103' title='bbox 602 1060 624 1084; x_wconf 92' lang='lat' dir='ltr'>a</span> <span class='ocrx_word' id='word_1_104' title='bbox 647 1049 856 1093; x_wconf 84' lang='lat' dir='ltr'>praesentia</span> <span class='ocrx_word' id='word_1_105' title='bbox 879 1049 1064 1093; x_wconf 82' lang='lat' dir='ltr'>potentiae</span> 
     </span>
     <span class='ocr_line' id='line_1_18' title="bbox 236 1098 1063 1144; baseline 0.001 -11"><span class='ocrx_word' id='word_1_106' title='bbox 236 1102 328 1142; x_wconf 80' lang='lat' dir='ltr'>tuae,</span> <span class='ocrx_word' id='word_1_107' title='bbox 360 1103 402 1133; x_wconf 89' lang='lat' dir='ltr'>ut</span> <span class='ocrx_word' id='word_1_108' title='bbox 425 1098 519 1134; x_wconf 88' lang='lat' dir='ltr'>foris</span> <span class='ocrx_word' id='word_1_109' title='bbox 544 1103 580 1134; x_wconf 90' lang='lat' dir='ltr'>et</span> <span class='ocrx_word' id='word_1_110' title='bbox 605 1099 708 1134; x_wconf 82' lang='lat' dir='ltr'>intus</span> <span class='ocrx_word' id='word_1_111' title='bbox 732 1109 802 1144; x_wconf 88' lang='lat' dir='ltr'>per</span> <span class='ocrx_word' id='word_1_112' title='bbox 823 1103 860 1135; x_wconf 88' lang='lat' dir='ltr'>te</span> <span class='ocrx_word' id='word_1_113' title='bbox 884 1100 1063 1143; x_wconf 88' lang='lat' dir='ltr'>munitus,</span> 
     </span>
     <span class='ocr_line' id='line_1_19' title="bbox 237 1149 1064 1194; baseline 0.002 -11"><span class='ocrx_word' id='word_1_114' title='bbox 237 1153 341 1184; x_wconf 91' lang='lat' dir='ltr'>recto</span> <span class='ocrx_word' id='word_1_115' title='bbox 365 1149 514 1184; x_wconf 87' lang='lat' dir='ltr'>tramite</span> <span class='ocrx_word' id='word_1_116' title='bbox 540 1149 590 1183; x_wconf 93' lang='lat' dir='ltr'>ad</span> <span class='ocrx_word' id='word_1_117' title='bbox 617 1153 724 1184; x_wconf 91' lang='lat' dir='ltr'>tuum</span> <span class='ocrx_word' id='word_1_118' title='bbox 747 1159 907 1194; x_wconf 87' lang='lat' dir='ltr'>regnum</span> <span class='ocrx_word' id='word_1_119' title='bbox 931 1151 1064 1194; x_wconf 87' lang='lat' dir='ltr'>perve-</span> 
     </span>
     <span class='ocr_line' id='line_1_20' title="bbox 238 1199 1064 1245; baseline 0 -11"><span class='ocrx_word' id='word_1_120' title='bbox 238 1199 356 1234; x_wconf 84' lang='lat' dir='ltr'>niam:</span> <span class='ocrx_word' id='word_1_121' title='bbox 386 1200 453 1234; x_wconf 90' lang='lat' dir='ltr'>ubi</span> <span class='ocrx_word' id='word_1_122' title='bbox 482 1209 559 1234; x_wconf 92' lang='lat' dir='ltr'>non</span> <span class='ocrx_word' id='word_1_123' title='bbox 590 1199 629 1234; x_wconf 92' lang='lat' dir='ltr'>in</span> <span class='ocrx_word' id='word_1_124' title='bbox 658 1200 869 1245; x_wconf 75' lang='lat' dir='ltr'>mysteriis,</span> <span class='ocrx_word' id='word_1_125' title='bbox 902 1200 1001 1235; x_wconf 91' lang='lat' dir='ltr'>sicut</span> <span class='ocrx_word' id='word_1_126' title='bbox 1025 1200 1064 1234; x_wconf 92' lang='lat' dir='ltr'>in</span> 
     </span>
     <span class='ocr_line' id='line_1_21' title="bbox 237 1249 1064 1293; baseline 0 -9"><span class='ocrx_word' id='word_1_127' title='bbox 237 1249 312 1284; x_wconf 89' lang='lat' dir='ltr'>hoe</span> <span class='ocrx_word' id='word_1_128' title='bbox 332 1250 503 1293; x_wconf 91' lang='lat' dir='ltr'>tempore</span> <span class='ocrx_word' id='word_1_129' title='bbox 528 1249 670 1293; x_wconf 84' lang='lat' dir='ltr'>agitur,</span> <span class='ocrx_word' id='word_1_130' title='bbox 706 1250 776 1285; x_wconf 90' lang='lat' dir='ltr'>sed</span> <span class='ocrx_word' id='word_1_131' title='bbox 805 1250 902 1285; x_wconf 85' lang='lat' dir='ltr'>facie</span> <span class='ocrx_word' id='word_1_132' title='bbox 932 1250 982 1284; x_wconf 90' lang='lat' dir='ltr'>ad</span> <span class='ocrx_word' id='word_1_133' title='bbox 1011 1250 1064 1284; x_wconf 89' lang='lat' dir='ltr'>fa-</span> 
     </span>
     <span class='ocr_line' id='line_1_22' title="bbox 238 1299 1064 1342; baseline 0.001 -8"><span class='ocrx_word' id='word_1_134' title='bbox 238 1299 334 1334; x_wconf 90' lang='lat' dir='ltr'>ciem</span> <span class='ocrx_word' id='word_1_135' title='bbox 359 1304 394 1334; x_wconf 89' lang='lat' dir='ltr'>te</span> <span class='ocrx_word' id='word_1_136' title='bbox 416 1299 645 1342; x_wconf 90' lang='lat' dir='ltr'>videbimus,</span> <span class='ocrx_word' id='word_1_137' title='bbox 669 1310 755 1335; x_wconf 91' lang='lat' dir='ltr'>cum</span> <span class='ocrx_word' id='word_1_138' title='bbox 778 1300 984 1335; x_wconf 68' lang='lat' dir='ltr'>tradideris</span> <span class='ocrx_word' id='word_1_139' title='bbox 1008 1310 1064 1335; x_wconf 92' lang='lat' dir='ltr'>re-</span> 
     </span>
     <span class='ocr_line' id='line_1_23' title="bbox 237 1349 1064 1392; baseline 0 -8"><span class='ocrx_word' id='word_1_140' title='bbox 237 1359 354 1392; x_wconf 89' lang='lat' dir='ltr'>gnum</span> <span class='ocrx_word' id='word_1_141' title='bbox 369 1349 453 1384; x_wconf 90' lang='lat' dir='ltr'>Deo</span> <span class='ocrx_word' id='word_1_142' title='bbox 470 1353 507 1384; x_wconf 89' lang='lat' dir='ltr'>et</span> <span class='ocrx_word' id='word_1_143' title='bbox 523 1349 638 1392; x_wconf 89' lang='lat' dir='ltr'>Patri,</span> <span class='ocrx_word' id='word_1_144' title='bbox 663 1354 699 1384; x_wconf 88' lang='lat' dir='ltr'>et</span> <span class='ocrx_word' id='word_1_145' title='bbox 720 1350 796 1385; x_wconf 87' lang='lat' dir='ltr'>eris</span> <span class='ocrx_word' id='word_1_146' title='bbox 812 1349 918 1384; x_wconf 90' lang='lat' dir='ltr'>Deus</span> <span class='ocrx_word' id='word_1_147' title='bbox 935 1349 1064 1384; x_wconf 91' lang='lat' dir='ltr'>omnia</span> 
     </span>
     <span class='ocr_line' id='line_1_24' title="bbox 237 1399 1064 1435; baseline 0.001 -1"><span class='ocrx_word' id='word_1_148' title='bbox 237 1399 277 1434; x_wconf 92' lang='lat' dir='ltr'>in</span> <span class='ocrx_word' id='word_1_149' title='bbox 300 1399 488 1435; x_wconf 91' lang='lat' dir='ltr'>omnibus.</span> <span class='ocrx_word' id='word_1_150' title='bbox 530 1399 638 1435; x_wconf 90' lang='lat' dir='ltr'>Tunc</span> <span class='ocrx_word' id='word_1_151' title='bbox 662 1400 764 1435; x_wconf 88' lang='lat' dir='ltr'>enim</span> <span class='ocrx_word' id='word_1_152' title='bbox 787 1410 847 1435; x_wconf 93' lang='lat' dir='ltr'>me</span> <span class='ocrx_word' id='word_1_153' title='bbox 872 1400 920 1435; x_wconf 90' lang='lat' dir='ltr'>de</span> <span class='ocrx_word' id='word_1_154' title='bbox 943 1403 980 1435; x_wconf 89' lang='lat' dir='ltr'>te</span> <span class='ocrx_word' id='word_1_155' title='bbox 1005 1410 1064 1434; x_wconf 90' lang='lat' dir='ltr'>sa-</span> 
     </span>
     <span class='ocr_line' id='line_1_25' title="bbox 237 1450 1064 1493; baseline 0.001 -9"><span class='ocrx_word' id='word_1_156' title='bbox 237 1450 353 1485; x_wconf 87' lang='lat' dir='ltr'>tiabis</span> <span class='ocrx_word' id='word_1_157' title='bbox 371 1450 547 1485; x_wconf 86' lang='lat' dir='ltr'>satietate</span> <span class='ocrx_word' id='word_1_158' title='bbox 564 1450 739 1493; x_wconf 89' lang='lat' dir='ltr'>mirifica,</span> <span class='ocrx_word' id='word_1_159' title='bbox 763 1451 817 1485; x_wconf 91' lang='lat' dir='ltr'>ita</span> <span class='ocrx_word' id='word_1_160' title='bbox 834 1454 876 1486; x_wconf 90' lang='lat' dir='ltr'>ut</span> <span class='ocrx_word' id='word_1_161' title='bbox 891 1461 963 1485; x_wconf 92' lang='lat' dir='ltr'>nec</span> <span class='ocrx_word' id='word_1_162' title='bbox 980 1453 1064 1485; x_wconf 76' lang='lat' dir='ltr'>esu-</span> 
     </span>
     <span class='ocr_line' id='line_1_26' title="bbox 237 1500 1064 1543; baseline 0.001 -9"><span class='ocrx_word' id='word_1_163' title='bbox 237 1500 348 1543; x_wconf 87' lang='lat' dir='ltr'>riam,</span> <span class='ocrx_word' id='word_1_164' title='bbox 372 1510 442 1534; x_wconf 90' lang='lat' dir='ltr'>nec</span> <span class='ocrx_word' id='word_1_165' title='bbox 459 1500 586 1535; x_wconf 90' lang='lat' dir='ltr'>sitiam</span> <span class='ocrx_word' id='word_1_166' title='bbox 602 1500 642 1535; x_wconf 92' lang='lat' dir='ltr'>in</span> <span class='ocrx_word' id='word_1_167' title='bbox 658 1502 851 1535; x_wconf 88' lang='lat' dir='ltr'>aeternum.</span> <span class='ocrx_word' id='word_1_168' title='bbox 887 1500 961 1542; x_wconf 93' lang='lat' dir='ltr'>Qui</span> <span class='ocrx_word' id='word_1_169' title='bbox 978 1510 1064 1535; x_wconf 89' lang='lat' dir='ltr'>cum</span> 
     </span>
     <span class='ocr_line' id='line_1_27' title="bbox 238 1550 1063 1595; baseline 0.001 -11"><span class='ocrx_word' id='word_1_170' title='bbox 238 1550 373 1585; x_wconf 87' lang='lat' dir='ltr'>codem</span> <span class='ocrx_word' id='word_1_171' title='bbox 410 1550 493 1585; x_wconf 94' lang='lat' dir='ltr'>Deo</span> <span class='ocrx_word' id='word_1_172' title='bbox 528 1550 642 1585; x_wconf 87' lang='lat' dir='ltr'>Patre</span> <span class='ocrx_word' id='word_1_173' title='bbox 677 1555 714 1585; x_wconf 90' lang='lat' dir='ltr'>et</span> <span class='ocrx_word' id='word_1_174' title='bbox 745 1550 891 1595; x_wconf 78' lang='lat' dir='ltr'>Spiritu</span> <span class='ocrx_word' id='word_1_175' title='bbox 929 1555 1063 1585; x_wconf 89' lang='lat' dir='ltr'>sancto</span> 
     </span>
     <span class='ocr_line' id='line_1_28' title="bbox 237 1599 1064 1644; baseline 0.002 -10"><span class='ocrx_word' id='word_1_176' title='bbox 237 1599 340 1634; x_wconf 91' lang='lat' dir='ltr'>vivis</span> <span class='ocrx_word' id='word_1_177' title='bbox 358 1604 394 1635; x_wconf 92' lang='lat' dir='ltr'>et</span> <span class='ocrx_word' id='word_1_178' title='bbox 410 1610 565 1643; x_wconf 87' lang='lat' dir='ltr'>regnaS‚</span> <span class='ocrx_word' id='word_1_179' title='bbox 589 1610 658 1644; x_wconf 92' lang='lat' dir='ltr'>per</span> <span class='ocrx_word' id='word_1_180' title='bbox 681 1601 810 1636; x_wconf 89' lang='lat' dir='ltr'>omnia</span> <span class='ocrx_word' id='word_1_181' title='bbox 831 1601 975 1636; x_wconf 68' lang='lat' dir='ltr'>saecula</span> <span class='ocrx_word' id='word_1_182' title='bbox 994 1611 1064 1636; x_wconf 89' lang='lat' dir='ltr'>sae-</span> 
     </span>
     <span class='ocr_line' id='line_1_29' title="bbox 239 1650 599 1686; baseline 0.003 -2"><span class='ocrx_word' id='word_1_183' title='bbox 239 1651 419 1686; x_wconf 91' lang='lat' dir='ltr'>culorum.</span> <span class='ocrx_word' id='word_1_184' title='bbox 465 1650 599 1686; x_wconf 89' lang='lat' dir='ltr'>Amen.</span> 
     </span>
    </p>
   </div>
   <div class='ocr_carea' id='block_1_3' title="bbox 237 1767 1065 2761">
    <p class='ocr_par' dir='ltr' id='par_1_3' title="bbox 358 1767 946 1901">
     <span class='ocr_line' id='line_1_30' title="bbox 358 1767 946 1809; baseline 0.002 -1"><span class='ocrx_word' id='word_1_185' title='bbox 358 1767 454 1808; x_wconf 80' lang='lat' dir='ltr'>Alia</span> <span class='ocrx_word' id='word_1_186' title='bbox 478 1768 622 1809; x_wconf 79' lang='lat' dir='ltr'>Oratio</span> <span class='ocrx_word' id='word_1_187' title='bbox 643 1770 743 1809; x_wconf 77' lang='lat' dir='ltr'>ante</span> <span class='ocrx_word' id='word_1_188' title='bbox 764 1769 946 1809; x_wconf 82' lang='lat' dir='ltr'>Missam.</span> 
     </span>
     <span class='ocr_line' id='line_1_31' title="bbox 505 1831 804 1862; baseline 0 -6"><span class='ocrx_word' id='word_1_189' title='bbox 505 1831 609 1862; x_wconf 54' lang='lat' dir='ltr'>lmlulg,</span> <span class='ocrx_word' id='word_1_190' title='bbox 627 1832 675 1856; x_wconf 69' lang='lat'>100</span> <span class='ocrx_word' id='word_1_191' title='bbox 689 1832 804 1857; x_wconf 77' lang='lat' dir='ltr'>dicrum.</span> 
     </span>
     <span class='ocr_line' id='line_1_32' title="bbox 432 1875 878 1901; baseline 0 -1"><span class='ocrx_word' id='word_1_192' title='bbox 432 1875 555 1901; x_wconf 45' lang='lat'>1200121‘.</span> <span class='ocrx_word' id='word_1_193' title='bbox 574 1875 650 1901; x_wconf 73' lang='lat' dir='ltr'>xlll.</span> <span class='ocrx_word' id='word_1_194' title='bbox 667 1878 707 1900; x_wconf 67' lang='lat'>2¹¹.</span> <span class='ocrx_word' id='word_1_195' title='bbox 725 1876 789 1900; x_wconf 66' lang='lat' dir='ltr'>Dec.</span> <span class='ocrx_word' id='word_1_196' title='bbox 807 1875 878 1900; x_wconf 48' lang='lat'>13³3.</span> 
     </span>
    </p>

    <p class='ocr_par' dir='ltr' id='par_1_4' title="bbox 290 1919 1065 1964">
     <span class='ocr_line' id='line_1_33' title="bbox 290 1919 1065 1964; baseline 0.004 -11"><span class='ocrx_word' id='word_1_197' title='bbox 290 1919 316 1953; x_wconf 93' lang='lat' dir='ltr'>d</span> <span class='ocrx_word' id='word_1_198' title='bbox 350 1929 522 1954; x_wconf 90' lang='lat' dir='ltr'>mensam</span> <span class='ocrx_word' id='word_1_199' title='bbox 556 1920 770 1955; x_wconf 81' lang='lat' dir='ltr'>dulcissimi</span> <span class='ocrx_word' id='word_1_200' title='bbox 800 1921 970 1956; x_wconf 84' lang='lat' dir='ltr'>convivii</span> <span class='ocrx_word' id='word_1_201' title='bbox 998 1922 1065 1964; x_wconf 80' lang='lat' dir='ltr'>tui,</span> 
     </span>
    </p>

    <p class='ocr_par' dir='ltr' id='par_1_5' title="bbox 237 1968 1064 2761">
     <span class='ocr_line' id='line_1_34' title="bbox 309 1968 1064 2015; baseline 0.007 -13"><span class='ocrx_word' id='word_1_202' title='bbox 309 1969 372 2012; x_wconf 89' lang='lat' dir='ltr'>pic</span> <span class='ocrx_word' id='word_1_203' title='bbox 393 1968 555 2005; x_wconf 91' lang='lat' dir='ltr'>Domine</span> <span class='ocrx_word' id='word_1_204' title='bbox 572 1970 667 2005; x_wconf 88' lang='lat' dir='ltr'>Jesu</span> <span class='ocrx_word' id='word_1_205' title='bbox 691 1970 855 2015; x_wconf 85' lang='lat' dir='ltr'>Christe,</span> <span class='ocrx_word' id='word_1_206' title='bbox 882 1981 954 2015; x_wconf 90' lang='lat' dir='ltr'>ego</span> <span class='ocrx_word' id='word_1_207' title='bbox 978 1982 1064 2015; x_wconf 90' lang='lat' dir='ltr'>pec—</span> 
     </span>
     <span class='ocr_line' id='line_1_35' title="bbox 238 2018 1064 2064; baseline 0.005 -12"><span class='ocrx_word' id='word_1_208' title='bbox 238 2019 344 2053; x_wconf 76' lang='lat' dir='ltr'>cator</span> <span class='ocrx_word' id='word_1_209' title='bbox 376 2018 423 2054; x_wconf 90' lang='lat' dir='ltr'>de</span> <span class='ocrx_word' id='word_1_210' title='bbox 458 2020 627 2064; x_wconf 91' lang='lat' dir='ltr'>propriis</span> <span class='ocrx_word' id='word_1_211' title='bbox 661 2021 757 2056; x_wconf 91' lang='lat' dir='ltr'>meis</span> <span class='ocrx_word' id='word_1_212' title='bbox 790 2021 935 2056; x_wconf 90' lang='lat' dir='ltr'>meritis</span> <span class='ocrx_word' id='word_1_213' title='bbox 967 2022 1064 2056; x_wconf 93' lang='lat' dir='ltr'>nihil</span> 
     </span>
     <span class='ocr_line' id='line_1_36' title="bbox 237 2070 1062 2113; baseline 0.005 -11"><span class='ocrx_word' id='word_1_214' title='bbox 237 2070 492 2113; x_wconf 66' lang='lat' dir='ltr'>praesUmens,</span> <span class='ocrx_word' id='word_1_215' title='bbox 517 2070 587 2105; x_wconf 87' lang='lat' dir='ltr'>sed</span> <span class='ocrx_word' id='word_1_216' title='bbox 611 2070 658 2105; x_wconf 89' lang='lat' dir='ltr'>de</span> <span class='ocrx_word' id='word_1_217' title='bbox 682 2074 749 2105; x_wconf 89' lang='lat' dir='ltr'>tua</span> <span class='ocrx_word' id='word_1_218' title='bbox 771 2071 971 2106; x_wconf 87' lang='lat' dir='ltr'>confidens</span> <span class='ocrx_word' id='word_1_219' title='bbox 995 2072 1062 2106; x_wconf 88' lang='lat' dir='ltr'>mi-</span> 
     </span>
     <span class='ocr_line' id='line_1_37' title="bbox 238 2117 1062 2166; baseline 0.007 -15"><span class='ocrx_word' id='word_1_220' title='bbox 238 2117 448 2154; x_wconf 90' lang='lat' dir='ltr'>sericordia</span> <span class='ocrx_word' id='word_1_221' title='bbox 466 2123 503 2155; x_wconf 91' lang='lat' dir='ltr'>et</span> <span class='ocrx_word' id='word_1_222' title='bbox 519 2120 702 2164; x_wconf 81' lang='lat' dir='ltr'>bonitate,</span> <span class='ocrx_word' id='word_1_223' title='bbox 718 2121 901 2157; x_wconf 73' lang='lat' dir='ltr'>accedere</span> <span class='ocrx_word' id='word_1_224' title='bbox 916 2123 1062 2166; x_wconf 86' lang='lat' dir='ltr'>vereor,</span> 
     </span>
     <span class='ocr_line' id='line_1_38' title="bbox 238 2170 1064 2216; baseline 0.006 -14"><span class='ocrx_word' id='word_1_225' title='bbox 238 2171 274 2202; x_wconf 86' lang='lat' dir='ltr'>et</span> <span class='ocrx_word' id='word_1_226' title='bbox 310 2170 571 2204; x_wconf 80' lang='lat' dir='ltr'>contremisco.</span> <span class='ocrx_word' id='word_1_227' title='bbox 621 2170 722 2205; x_wconf 89' lang='lat' dir='ltr'>Nam</span> <span class='ocrx_word' id='word_1_228' title='bbox 755 2181 821 2205; x_wconf 92' lang='lat' dir='ltr'>cor</span> <span class='ocrx_word' id='word_1_229' title='bbox 854 2175 891 2206; x_wconf 90' lang='lat' dir='ltr'>et</span> <span class='ocrx_word' id='word_1_230' title='bbox 922 2182 1064 2216; x_wconf 86' lang='lat' dir='ltr'>corpus</span> 
     </span>
     <span class='ocr_line' id='line_1_39' title="bbox 238 2217 1063 2266; baseline 0.007 -15"><span class='ocrx_word' id='word_1_231' title='bbox 238 2217 362 2252; x_wconf 80' lang='lat' dir='ltr'>habeo</span> <span class='ocrx_word' id='word_1_232' title='bbox 396 2219 527 2254; x_wconf 89' lang='lat' dir='ltr'>multis</span> <span class='ocrx_word' id='word_1_233' title='bbox 564 2220 788 2256; x_wconf 89' lang='lat' dir='ltr'>criminibus</span> <span class='ocrx_word' id='word_1_234' title='bbox 821 2222 1063 2266; x_wconf 85' lang='lat' dir='ltr'>maculatum,</span> 
     </span>
     <span class='ocr_line' id='line_1_40' title="bbox 238 2270 1063 2314; baseline 0.007 -12"><span class='ocrx_word' id='word_1_235' title='bbox 238 2272 414 2310; x_wconf 83' lang='lat' dir='ltr'>mentem,</span> <span class='ocrx_word' id='word_1_236' title='bbox 446 2274 482 2304; x_wconf 91' lang='lat' dir='ltr'>et</span> <span class='ocrx_word' id='word_1_237' title='bbox 506 2270 678 2314; x_wconf 84' lang='lat' dir='ltr'>linguam</span> <span class='ocrx_word' id='word_1_238' title='bbox 701 2281 778 2307; x_wconf 90' lang='lat' dir='ltr'>non</span> <span class='ocrx_word' id='word_1_239' title='bbox 804 2276 913 2307; x_wconf 90' lang='lat' dir='ltr'>caute</span> <span class='ocrx_word' id='word_1_240' title='bbox 938 2277 1063 2308; x_wconf 90' lang='lat' dir='ltr'>custo-</span> 
     </span>
     <span class='ocr_line' id='line_1_41' title="bbox 239 2316 1063 2364; baseline 0.008 -13"><span class='ocrx_word' id='word_1_241' title='bbox 239 2316 365 2352; x_wconf 84' lang='lat' dir='ltr'>ditam.</span> <span class='ocrx_word' id='word_1_242' title='bbox 410 2318 523 2362; x_wconf 88' lang='lat' dir='ltr'>Ergo,</span> <span class='ocrx_word' id='word_1_243' title='bbox 548 2330 571 2354; x_wconf 94' lang='lat' dir='ltr'>o</span> <span class='ocrx_word' id='word_1_244' title='bbox 596 2320 662 2364; x_wconf 91' lang='lat' dir='ltr'>pia</span> <span class='ocrx_word' id='word_1_245' title='bbox 682 2320 831 2364; x_wconf 86' lang='lat' dir='ltr'>Deitas,</span> <span class='ocrx_word' id='word_1_246' title='bbox 857 2332 879 2356; x_wconf 96' lang='lat'>0</span> <span class='ocrx_word' id='word_1_247' title='bbox 904 2324 1063 2358; x_wconf 89' lang='lat' dir='ltr'>tremen-</span> 
     </span>
     <span class='ocr_line' id='line_1_42' title="bbox 238 2366 1063 2416; baseline 0.007 -15"><span class='ocrx_word' id='word_1_248' title='bbox 238 2366 288 2401; x_wconf 89' lang='lat' dir='ltr'>da</span> <span class='ocrx_word' id='word_1_249' title='bbox 302 2367 498 2411; x_wconf 83' lang='lat' dir='ltr'>Maiestas,</span> <span class='ocrx_word' id='word_1_250' title='bbox 522 2380 594 2413; x_wconf 90' lang='lat' dir='ltr'>ego</span> <span class='ocrx_word' id='word_1_251' title='bbox 613 2370 731 2406; x_wconf 91' lang='lat' dir='ltr'>miser</span> <span class='ocrx_word' id='word_1_252' title='bbox 746 2371 846 2407; x_wconf 86' lang='lat' dir='ltr'>inter</span> <span class='ocrx_word' id='word_1_253' title='bbox 863 2373 1063 2416; x_wconf 78' lang='lat' dir='ltr'>angustias</span> 
     </span>
     <span class='ocr_line' id='line_1_43' title="bbox 239 2416 1063 2462; baseline 0.007 -11"><span class='ocrx_word' id='word_1_254' title='bbox 239 2416 515 2462; x_wconf 87' lang='lat' dir='ltr'>deprehensus,</span> <span class='ocrx_word' id='word_1_255' title='bbox 546 2420 596 2455; x_wconf 92' lang='lat' dir='ltr'>ad</span> <span class='ocrx_word' id='word_1_256' title='bbox 619 2425 656 2455; x_wconf 89' lang='lat' dir='ltr'>te</span> <span class='ocrx_word' id='word_1_257' title='bbox 680 2421 825 2457; x_wconf 89' lang='lat' dir='ltr'>fontem</span> <span class='ocrx_word' id='word_1_258' title='bbox 848 2422 1063 2458; x_wconf 90' lang='lat' dir='ltr'>misericor·</span> 
     </span>
     <span class='ocr_line' id='line_1_44' title="bbox 239 2466 1062 2516; baseline 0.009 -15"><span class='ocrx_word' id='word_1_259' title='bbox 239 2466 315 2502; x_wconf 88' lang='lat' dir='ltr'>diae</span> <span class='ocrx_word' id='word_1_260' title='bbox 338 2471 510 2512; x_wconf 89' lang='lat' dir='ltr'>recurro,</span> <span class='ocrx_word' id='word_1_261' title='bbox 546 2471 595 2505; x_wconf 89' lang='lat' dir='ltr'>ad</span> <span class='ocrx_word' id='word_1_262' title='bbox 624 2475 660 2506; x_wconf 89' lang='lat' dir='ltr'>te</span> <span class='ocrx_word' id='word_1_263' title='bbox 690 2472 829 2507; x_wconf 86' lang='lat' dir='ltr'>festino</span> <span class='ocrx_word' id='word_1_264' title='bbox 854 2473 1062 2516; x_wconf 89' lang='lat' dir='ltr'>sanandus,</span> 
     </span>
     <span class='ocr_line' id='line_1_45' title="bbox 239 2516 1062 2567; baseline 0.009 -16"><span class='ocrx_word' id='word_1_265' title='bbox 239 2516 310 2551; x_wconf 89' lang='lat' dir='ltr'>sub</span> <span class='ocrx_word' id='word_1_266' title='bbox 334 2522 437 2552; x_wconf 89' lang='lat' dir='ltr'>tuam</span> <span class='ocrx_word' id='word_1_267' title='bbox 456 2520 732 2562; x_wconf 90' lang='lat' dir='ltr'>protectionem</span> <span class='ocrx_word' id='word_1_268' title='bbox 750 2522 871 2565; x_wconf 86' lang='lat' dir='ltr'>fugio:</span> <span class='ocrx_word' id='word_1_269' title='bbox 897 2527 934 2557; x_wconf 91' lang='lat' dir='ltr'>et</span> <span class='ocrx_word' id='word_1_270' title='bbox 950 2533 1062 2567; x_wconf 87' lang='lat' dir='ltr'>quem</span> 
     </span>
     <span class='ocr_line' id='line_1_46' title="bbox 238 2565 1063 2614; baseline 0.01 -14"><span class='ocrx_word' id='word_1_271' title='bbox 238 2565 414 2602; x_wconf 86' lang='lat' dir='ltr'>Judicem</span> <span class='ocrx_word' id='word_1_272' title='bbox 436 2569 622 2604; x_wconf 89' lang='lat' dir='ltr'>sustinere</span> <span class='ocrx_word' id='word_1_273' title='bbox 639 2572 798 2614; x_wconf 88' lang='lat' dir='ltr'>nequeo,</span> <span class='ocrx_word' id='word_1_274' title='bbox 823 2572 1063 2608; x_wconf 89' lang='lat' dir='ltr'>Salvatorem</span> 
     </span>
     <span class='ocr_line' id='line_1_47' title="bbox 238 2615 1062 2666; baseline 0.011 -17"><span class='ocrx_word' id='word_1_275' title='bbox 238 2615 380 2651; x_wconf 87' lang='lat' dir='ltr'>habere</span> <span class='ocrx_word' id='word_1_276' title='bbox 404 2619 566 2661; x_wconf 88' lang='lat' dir='ltr'>suspiro.</span> <span class='ocrx_word' id='word_1_277' title='bbox 621 2619 710 2654; x_wconf 92' lang='lat' dir='ltr'>Tibi</span> <span class='ocrx_word' id='word_1_278' title='bbox 734 2620 897 2656; x_wconf 82' lang='lat' dir='ltr'>Domine</span> <span class='ocrx_word' id='word_1_279' title='bbox 924 2623 1062 2666; x_wconf 87' lang='lat' dir='ltr'>plagas</span> 
     </span>
     <span class='ocr_line' id='line_1_48' title="bbox 238 2667 1062 2707; baseline 0.01 -8"><span class='ocrx_word' id='word_1_280' title='bbox 238 2675 344 2700; x_wconf 89' lang='lat' dir='ltr'>meas</span> <span class='ocrx_word' id='word_1_281' title='bbox 361 2667 537 2702; x_wconf 86' lang='lat' dir='ltr'>ostendo:</span> <span class='ocrx_word' id='word_1_282' title='bbox 562 2668 632 2703; x_wconf 87' lang='lat' dir='ltr'>tibi</span> <span class='ocrx_word' id='word_1_283' title='bbox 649 2671 921 2705; x_wconf 86' lang='lat' dir='ltr'>verecundiam</span> <span class='ocrx_word' id='word_1_284' title='bbox 938 2682 1062 2707; x_wconf 87' lang='lat' dir='ltr'>meam</span> 
     </span>
     <span class='ocr_line' id='line_1_49' title="bbox 238 2716 1060 2761; baseline 0.01 -11"><span class='ocrx_word' id='word_1_285' title='bbox 238 2716 386 2760; x_wconf 88' lang='lat' dir='ltr'>detego.</span> <span class='ocrx_word' id='word_1_286' title='bbox 415 2716 503 2751; x_wconf 92' lang='lat' dir='ltr'>Scio</span> <span class='ocrx_word' id='word_1_287' title='bbox 522 2721 679 2761; x_wconf 85' lang='lat' dir='ltr'>peccata</span> <span class='ocrx_word' id='word_1_288' title='bbox 695 2730 780 2755; x_wconf 88' lang='lat' dir='ltr'>mea</span> <span class='ocrx_word' id='word_1_289' title='bbox 795 2721 915 2756; x_wconf 87' lang='lat' dir='ltr'>multa</span> <span class='ocrx_word' id='word_1_290' title='bbox 931 2726 968 2757; x_wconf 90' lang='lat' dir='ltr'>et</span> <span class='ocrx_word' id='word_1_291' title='bbox 983 2733 1060 2758; x_wconf 91' lang='lat' dir='ltr'>ma-</span> 
     </span>
    </p>
   </div>
   <div class='ocr_carea' id='block_1_4' title="bbox 1117 299 1972 1852">
    <p class='ocr_par' dir='ltr' id='par_1_6' title="bbox 1117 299 1972 1852">
     <span class='ocr_line' id='line_1_50' title="bbox 1119 299 1947 346; baseline 0.005 -14"><span class='ocrx_word' id='word_1_292' title='bbox 1119 307 1209 341; x_wconf 87' lang='lat' dir='ltr'>gna,</span> <span class='ocrx_word' id='word_1_293' title='bbox 1232 308 1304 342; x_wconf 90' lang='lat' dir='ltr'>pro</span> <span class='ocrx_word' id='word_1_294' title='bbox 1329 299 1471 343; x_wconf 90' lang='lat' dir='ltr'>quibus</span> <span class='ocrx_word' id='word_1_295' title='bbox 1496 302 1622 336; x_wconf 88' lang='lat' dir='ltr'>timeo.</span> <span class='ocrx_word' id='word_1_296' title='bbox 1668 302 1791 346; x_wconf 88' lang='lat' dir='ltr'>Spero</span> <span class='ocrx_word' id='word_1_297' title='bbox 1815 302 1855 336; x_wconf 92' lang='lat' dir='ltr'>in</span> <span class='ocrx_word' id='word_1_298' title='bbox 1879 301 1947 336; x_wconf 91' lang='lat' dir='ltr'>mi-</span> 
     </span>
     <span class='ocr_line' id='line_1_51' title="bbox 1120 347 1948 395; baseline 0.006 -13"><span class='ocrx_word' id='word_1_299' title='bbox 1120 347 1353 384; x_wconf 89' lang='lat' dir='ltr'>sericordias</span> <span class='ocrx_word' id='word_1_300' title='bbox 1377 353 1481 394; x_wconf 89' lang='lat' dir='ltr'>tuas,</span> <span class='ocrx_word' id='word_1_301' title='bbox 1510 361 1674 395; x_wconf 85' lang='lat' dir='ltr'>quarum</span> <span class='ocrx_word' id='word_1_302' title='bbox 1696 361 1775 386; x_wconf 92' lang='lat' dir='ltr'>non</span> <span class='ocrx_word' id='word_1_303' title='bbox 1799 355 1859 387; x_wconf 89' lang='lat' dir='ltr'>est</span> <span class='ocrx_word' id='word_1_304' title='bbox 1880 353 1948 386; x_wconf 84' lang='lat' dir='ltr'>mi-</span> 
     </span>
     <span class='ocr_line' id='line_1_52' title="bbox 1118 399 1948 445; baseline 0.005 -13"><span class='ocrx_word' id='word_1_305' title='bbox 1118 408 1257 433; x_wconf 90' lang='lat' dir='ltr'>merus.</span> <span class='ocrx_word' id='word_1_306' title='bbox 1290 399 1454 444; x_wconf 88' lang='lat' dir='ltr'>Respice</span> <span class='ocrx_word' id='word_1_307' title='bbox 1479 411 1571 445; x_wconf 89' lang='lat' dir='ltr'>ergo</span> <span class='ocrx_word' id='word_1_308' title='bbox 1596 402 1636 436; x_wconf 94' lang='lat' dir='ltr'>in</span> <span class='ocrx_word' id='word_1_309' title='bbox 1658 412 1720 437; x_wconf 86' lang='lat' dir='ltr'>me</span> <span class='ocrx_word' id='word_1_310' title='bbox 1740 401 1863 438; x_wconf 90' lang='lat' dir='ltr'>oculis</span> <span class='ocrx_word' id='word_1_311' title='bbox 1879 401 1948 436; x_wconf 90' lang='lat' dir='ltr'>mi-</span> 
     </span>
     <span class='ocr_line' id='line_1_53' title="bbox 1119 448 1947 494; baseline 0.005 -12"><span class='ocrx_word' id='word_1_312' title='bbox 1119 448 1343 484; x_wconf 89' lang='lat' dir='ltr'>sericordiae</span> <span class='ocrx_word' id='word_1_313' title='bbox 1367 453 1459 493; x_wconf 89' lang='lat' dir='ltr'>tuae,</span> <span class='ocrx_word' id='word_1_314' title='bbox 1484 450 1648 486; x_wconf 87' lang='lat' dir='ltr'>Domine</span> <span class='ocrx_word' id='word_1_315' title='bbox 1669 451 1766 487; x_wconf 90' lang='lat' dir='ltr'>Jesu</span> <span class='ocrx_word' id='word_1_316' title='bbox 1782 451 1947 494; x_wconf 88' lang='lat' dir='ltr'>Christe,</span> 
     </span>
     <span class='ocr_line' id='line_1_54' title="bbox 1118 498 1947 545; baseline 0.005 -12"><span class='ocrx_word' id='word_1_317' title='bbox 1118 498 1202 533; x_wconf 87' lang='lat' dir='ltr'>Rex</span> <span class='ocrx_word' id='word_1_318' title='bbox 1219 501 1371 543; x_wconf 76' lang='lat' dir='ltr'>aeterne,</span> <span class='ocrx_word' id='word_1_319' title='bbox 1394 500 1501 535; x_wconf 92' lang='lat' dir='ltr'>Deus</span> <span class='ocrx_word' id='word_1_320' title='bbox 1525 504 1563 536; x_wconf 90' lang='lat' dir='ltr'>et</span> <span class='ocrx_word' id='word_1_321' title='bbox 1584 500 1713 545; x_wconf 91' lang='lat' dir='ltr'>homo,</span> <span class='ocrx_word' id='word_1_322' title='bbox 1738 501 1947 537; x_wconf 84' lang='lat' dir='ltr'>crucifixus</span> 
     </span>
     <span class='ocr_line' id='line_1_55' title="bbox 1118 550 1948 596; baseline 0.004 -12"><span class='ocrx_word' id='word_1_323' title='bbox 1118 554 1278 593; x_wconf 91' lang='lat' dir='ltr'>propter</span> <span class='ocrx_word' id='word_1_324' title='bbox 1300 550 1506 586; x_wconf 90' lang='lat' dir='ltr'>hominem.</span> <span class='ocrx_word' id='word_1_325' title='bbox 1543 550 1698 586; x_wconf 73' lang='lat' dir='ltr'>Exaiidi</span> <span class='ocrx_word' id='word_1_326' title='bbox 1713 562 1774 587; x_wconf 91' lang='lat' dir='ltr'>me</span> <span class='ocrx_word' id='word_1_327' title='bbox 1791 553 1948 596; x_wconf 87' lang='lat' dir='ltr'>speran—</span> 
     </span>
     <span class='ocr_line' id='line_1_56' title="bbox 1118 599 1947 646; baseline 0.002 -12"><span class='ocrx_word' id='word_1_328' title='bbox 1118 603 1195 634; x_wconf 91' lang='lat' dir='ltr'>tem</span> <span class='ocrx_word' id='word_1_329' title='bbox 1219 599 1258 634; x_wconf 91' lang='lat' dir='ltr'>in</span> <span class='ocrx_word' id='word_1_330' title='bbox 1282 603 1333 635; x_wconf 88' lang='lat' dir='ltr'>te:</span> <span class='ocrx_word' id='word_1_331' title='bbox 1357 600 1540 636; x_wconf 89' lang='lat' dir='ltr'>miserere</span> <span class='ocrx_word' id='word_1_332' title='bbox 1558 601 1635 636; x_wconf 92' lang='lat' dir='ltr'>mei</span> <span class='ocrx_word' id='word_1_333' title='bbox 1653 601 1761 646; x_wconf 82' lang='lat' dir='ltr'>pleni</span> <span class='ocrx_word' id='word_1_334' title='bbox 1779 601 1947 636; x_wconf 85' lang='lat' dir='ltr'>miseriis</span> 
     </span>
     <span class='ocr_line' id='line_1_57' title="bbox 1119 651 1947 695; baseline 0.002 -11"><span class='ocrx_word' id='word_1_335' title='bbox 1119 653 1156 685; x_wconf 88' lang='lat' dir='ltr'>et</span> <span class='ocrx_word' id='word_1_336' title='bbox 1171 651 1359 694; x_wconf 86' lang='lat' dir='ltr'>peccatis,</span> <span class='ocrx_word' id='word_1_337' title='bbox 1382 655 1422 685; x_wconf 91' lang='lat' dir='ltr'>tu</span> <span class='ocrx_word' id='word_1_338' title='bbox 1443 651 1510 695; x_wconf 91' lang='lat' dir='ltr'>qui</span> <span class='ocrx_word' id='word_1_339' title='bbox 1527 651 1672 686; x_wconf 88' lang='lat' dir='ltr'>fontem</span> <span class='ocrx_word' id='word_1_340' title='bbox 1685 651 1947 687; x_wconf 80' lang='lat' dir='ltr'>miserationis</span> 
     </span>
     <span class='ocr_line' id='line_1_58' title="bbox 1117 700 1948 744; baseline 0.001 -9"><span class='ocrx_word' id='word_1_341' title='bbox 1117 710 1327 744; x_wconf 89' lang='lat' dir='ltr'>numquam</span> <span class='ocrx_word' id='word_1_342' title='bbox 1346 702 1500 736; x_wconf 87' lang='lat' dir='ltr'>manare</span> <span class='ocrx_word' id='word_1_343' title='bbox 1522 701 1706 736; x_wconf 76' lang='lat' dir='ltr'>cessabis.</span> <span class='ocrx_word' id='word_1_344' title='bbox 1738 700 1865 744; x_wconf 89' lang='lat' dir='ltr'>Salve,</span> <span class='ocrx_word' id='word_1_345' title='bbox 1889 711 1948 736; x_wconf 90' lang='lat' dir='ltr'>sa-</span> 
     </span>
     <span class='ocr_line' id='line_1_59' title="bbox 1118 750 1948 796; baseline 0.001 -11"><span class='ocrx_word' id='word_1_346' title='bbox 1118 750 1254 785; x_wconf 85' lang='lat' dir='ltr'>lutaris</span> <span class='ocrx_word' id='word_1_347' title='bbox 1273 751 1440 795; x_wconf 84' lang='lat' dir='ltr'>victima,</span> <span class='ocrx_word' id='word_1_348' title='bbox 1463 761 1536 796; x_wconf 90' lang='lat' dir='ltr'>pro</span> <span class='ocrx_word' id='word_1_349' title='bbox 1559 761 1620 786; x_wconf 93' lang='lat' dir='ltr'>me</span> <span class='ocrx_word' id='word_1_350' title='bbox 1637 755 1676 786; x_wconf 90' lang='lat' dir='ltr'>et</span> <span class='ocrx_word' id='word_1_351' title='bbox 1691 751 1797 786; x_wconf 92' lang='lat' dir='ltr'>omni</span> <span class='ocrx_word' id='word_1_352' title='bbox 1815 751 1948 786; x_wconf 86' lang='lat' dir='ltr'>huma-</span> 
     </span>
     <span class='ocr_line' id='line_1_60' title="bbox 1117 802 1947 846; baseline 0.002 -10"><span class='ocrx_word' id='word_1_353' title='bbox 1117 811 1169 836; x_wconf 93' lang='lat' dir='ltr'>no</span> <span class='ocrx_word' id='word_1_354' title='bbox 1201 803 1339 845; x_wconf 86' lang='lat' dir='ltr'>genere</span> <span class='ocrx_word' id='word_1_355' title='bbox 1369 802 1408 836; x_wconf 92' lang='lat' dir='ltr'>in</span> <span class='ocrx_word' id='word_1_356' title='bbox 1437 802 1613 846; x_wconf 88' lang='lat' dir='ltr'>patibulo</span> <span class='ocrx_word' id='word_1_357' title='bbox 1638 802 1774 838; x_wconf 88' lang='lat' dir='ltr'>Crucis</span> <span class='ocrx_word' id='word_1_358' title='bbox 1807 802 1947 838; x_wconf 85' lang='lat' dir='ltr'>oblata.</span> 
     </span>
     <span class='ocr_line' id='line_1_61' title="bbox 1118 851 1947 897; baseline 0.002 -11"><span class='ocrx_word' id='word_1_359' title='bbox 1118 851 1250 895; x_wconf 88' lang='lat' dir='ltr'>Salve,</span> <span class='ocrx_word' id='word_1_360' title='bbox 1278 852 1422 887; x_wconf 91' lang='lat' dir='ltr'>nobilis</span> <span class='ocrx_word' id='word_1_361' title='bbox 1451 856 1489 887; x_wconf 91' lang='lat' dir='ltr'>et</span> <span class='ocrx_word' id='word_1_362' title='bbox 1511 852 1682 897; x_wconf 81' lang='lat' dir='ltr'>pretiose</span> <span class='ocrx_word' id='word_1_363' title='bbox 1706 852 1874 897; x_wconf 85' lang='lat' dir='ltr'>Sanguis</span> <span class='ocrx_word' id='word_1_364' title='bbox 1899 852 1947 888; x_wconf 90' lang='lat' dir='ltr'>de</span> 
     </span>
     <span class='ocr_line' id='line_1_62' title="bbox 1118 902 1948 938; baseline 0.001 -1"><span class='ocrx_word' id='word_1_365' title='bbox 1118 902 1344 938; x_wconf 88' lang='lat' dir='ltr'>vulneribus</span> <span class='ocrx_word' id='word_1_366' title='bbox 1373 902 1550 937; x_wconf 87' lang='lat' dir='ltr'>crucifixi</span> <span class='ocrx_word' id='word_1_367' title='bbox 1573 903 1731 938; x_wconf 91' lang='lat' dir='ltr'>Domini</span> <span class='ocrx_word' id='word_1_368' title='bbox 1753 903 1829 938; x_wconf 92' lang='lat' dir='ltr'>mei</span> <span class='ocrx_word' id='word_1_369' title='bbox 1851 903 1948 938; x_wconf 86' lang='lat' dir='ltr'>Jesu</span> 
     </span>
     <span class='ocr_line' id='line_1_63' title="bbox 1119 952 1948 997; baseline 0.002 -11"><span class='ocrx_word' id='word_1_370' title='bbox 1119 952 1265 987; x_wconf 92' lang='lat' dir='ltr'>Christi</span> <span class='ocrx_word' id='word_1_371' title='bbox 1299 953 1511 996; x_wconf 88' lang='lat' dir='ltr'>profluens,</span> <span class='ocrx_word' id='word_1_372' title='bbox 1561 957 1598 988; x_wconf 91' lang='lat' dir='ltr'>et</span> <span class='ocrx_word' id='word_1_373' title='bbox 1636 955 1796 997; x_wconf 82' lang='lat' dir='ltr'>peccata</span> <span class='ocrx_word' id='word_1_374' title='bbox 1830 954 1948 988; x_wconf 79' lang='lat' dir='ltr'>totius</span> 
     </span>
     <span class='ocr_line' id='line_1_64' title="bbox 1118 1002 1948 1039; baseline 0.002 -3"><span class='ocrx_word' id='word_1_375' title='bbox 1118 1002 1252 1037; x_wconf 91' lang='lat' dir='ltr'>mundi</span> <span class='ocrx_word' id='word_1_376' title='bbox 1293 1002 1464 1037; x_wconf 83' lang='lat' dir='ltr'>abluens.</span> <span class='ocrx_word' id='word_1_377' title='bbox 1522 1003 1742 1038; x_wconf 73' lang='lat' dir='ltr'>Recordare</span> <span class='ocrx_word' id='word_1_378' title='bbox 1782 1003 1948 1039; x_wconf 88' lang='lat' dir='ltr'>Domine</span> 
     </span>
     <span class='ocr_line' id='line_1_65' title="bbox 1118 1053 1948 1098; baseline 0.002 -11"><span class='ocrx_word' id='word_1_379' title='bbox 1118 1055 1304 1087; x_wconf 77' lang='lat' dir='ltr'>creaturae</span> <span class='ocrx_word' id='word_1_380' title='bbox 1342 1057 1435 1097; x_wconf 82' lang='lat' dir='ltr'>tuae,</span> <span class='ocrx_word' id='word_1_381' title='bbox 1492 1063 1608 1098; x_wconf 90' lang='lat' dir='ltr'>quam</span> <span class='ocrx_word' id='word_1_382' title='bbox 1647 1057 1714 1089; x_wconf 86' lang='lat' dir='ltr'>tuo</span> <span class='ocrx_word' id='word_1_383' title='bbox 1753 1053 1948 1098; x_wconf 88' lang='lat' dir='ltr'>Sanguine</span> 
     </span>
     <span class='ocr_line' id='line_1_66' title="bbox 1118 1103 1948 1148; baseline 0.001 -10"><span class='ocrx_word' id='word_1_384' title='bbox 1118 1103 1323 1138; x_wconf 90' lang='lat' dir='ltr'>redemisti.</span> <span class='ocrx_word' id='word_1_385' title='bbox 1369 1103 1537 1139; x_wconf 70' lang='lat' dir='ltr'>Poenitet</span> <span class='ocrx_word' id='word_1_386' title='bbox 1563 1114 1624 1139; x_wconf 91' lang='lat' dir='ltr'>me</span> <span class='ocrx_word' id='word_1_387' title='bbox 1651 1106 1853 1148; x_wconf 85' lang='lat' dir='ltr'>peccasse,</span> <span class='ocrx_word' id='word_1_388' title='bbox 1886 1106 1948 1140; x_wconf 79' lang='lat' dir='ltr'>cu-</span> 
     </span>
     <span class='ocr_line' id='line_1_67' title="bbox 1117 1154 1948 1199; baseline 0.002 -11"><span class='ocrx_word' id='word_1_389' title='bbox 1117 1154 1184 1198; x_wconf 92' lang='lat' dir='ltr'>pio</span> <span class='ocrx_word' id='word_1_390' title='bbox 1214 1154 1418 1189; x_wconf 86' lang='lat' dir='ltr'>emendare</span> <span class='ocrx_word' id='word_1_391' title='bbox 1449 1154 1555 1199; x_wconf 92' lang='lat' dir='ltr'>quod</span> <span class='ocrx_word' id='word_1_392' title='bbox 1580 1155 1663 1190; x_wconf 87' lang='lat' dir='ltr'>feci.</span> <span class='ocrx_word' id='word_1_393' title='bbox 1709 1154 1832 1190; x_wconf 85' lang='lat' dir='ltr'>Aufer</span> <span class='ocrx_word' id='word_1_394' title='bbox 1855 1165 1948 1199; x_wconf 91' lang='lat' dir='ltr'>ergo</span> 
     </span>
     <span class='ocr_line' id='line_1_68' title="bbox 1119 1204 1948 1248; baseline 0.002 -10"><span class='ocrx_word' id='word_1_395' title='bbox 1119 1214 1140 1238; x_wconf 90' lang='lat' dir='ltr'>a</span> <span class='ocrx_word' id='word_1_396' title='bbox 1156 1214 1232 1248; x_wconf 86' lang='lat' dir='ltr'>me,</span> <span class='ocrx_word' id='word_1_397' title='bbox 1256 1204 1551 1240; x_wconf 86' lang='lat' dir='ltr'>clementissime</span> <span class='ocrx_word' id='word_1_398' title='bbox 1567 1204 1697 1248; x_wconf 86' lang='lat' dir='ltr'>Pater,</span> <span class='ocrx_word' id='word_1_399' title='bbox 1722 1215 1855 1240; x_wconf 88' lang='lat' dir='ltr'>omnes</span> <span class='ocrx_word' id='word_1_400' title='bbox 1878 1205 1948 1240; x_wconf 90' lang='lat' dir='ltr'>ini-</span> 
     </span>
     <span class='ocr_line' id='line_1_69' title="bbox 1118 1254 1947 1299; baseline 0.001 -10"><span class='ocrx_word' id='word_1_401' title='bbox 1118 1254 1284 1298; x_wconf 86' lang='lat' dir='ltr'>quitates</span> <span class='ocrx_word' id='word_1_402' title='bbox 1314 1259 1351 1289; x_wconf 90' lang='lat' dir='ltr'>et</span> <span class='ocrx_word' id='word_1_403' title='bbox 1378 1256 1538 1298; x_wconf 87' lang='lat' dir='ltr'>peccata</span> <span class='ocrx_word' id='word_1_404' title='bbox 1566 1265 1668 1290; x_wconf 86' lang='lat' dir='ltr'>mea:</span> <span class='ocrx_word' id='word_1_405' title='bbox 1701 1259 1743 1290; x_wconf 90' lang='lat' dir='ltr'>ut</span> <span class='ocrx_word' id='word_1_406' title='bbox 1770 1254 1947 1299; x_wconf 89' lang='lat' dir='ltr'>purifica-</span> 
     </span>
     <span class='ocr_line' id='line_1_70' title="bbox 1117 1304 1947 1349; baseline 0.001 -10"><span class='ocrx_word' id='word_1_407' title='bbox 1117 1308 1179 1339; x_wconf 92' lang='lat' dir='ltr'>tus</span> <span class='ocrx_word' id='word_1_408' title='bbox 1203 1308 1329 1340; x_wconf 87' lang='lat' dir='ltr'>mente</span> <span class='ocrx_word' id='word_1_409' title='bbox 1354 1309 1391 1340; x_wconf 90' lang='lat' dir='ltr'>et</span> <span class='ocrx_word' id='word_1_410' title='bbox 1414 1306 1576 1349; x_wconf 87' lang='lat' dir='ltr'>corpore</span> <span class='ocrx_word' id='word_1_411' title='bbox 1601 1304 1717 1348; x_wconf 87' lang='lat' dir='ltr'>digne</span> <span class='ocrx_word' id='word_1_412' title='bbox 1742 1304 1947 1349; x_wconf 87' lang='lat' dir='ltr'>degustare</span> 
     </span>
     <span class='ocr_line' id='line_1_71' title="bbox 1117 1354 1948 1398; baseline 0.001 -9"><span class='ocrx_word' id='word_1_413' title='bbox 1117 1356 1266 1389; x_wconf 88' lang='lat' dir='ltr'>merear</span> <span class='ocrx_word' id='word_1_414' title='bbox 1281 1355 1422 1390; x_wconf 89' lang='lat' dir='ltr'>Sancta</span> <span class='ocrx_word' id='word_1_415' title='bbox 1442 1354 1685 1390; x_wconf 86' lang='lat' dir='ltr'>Sanctorum:</span> <span class='ocrx_word' id='word_1_416' title='bbox 1711 1358 1748 1390; x_wconf 92' lang='lat' dir='ltr'>et</span> <span class='ocrx_word' id='word_1_417' title='bbox 1769 1354 1948 1398; x_wconf 89' lang='lat' dir='ltr'>concede,</span> 
     </span>
     <span class='ocr_line' id='line_1_72' title="bbox 1117 1405 1949 1449; baseline 0 -9"><span class='ocrx_word' id='word_1_418' title='bbox 1117 1409 1159 1440; x_wconf 90' lang='lat' dir='ltr'>ut</span> <span class='ocrx_word' id='word_1_419' title='bbox 1182 1405 1266 1440; x_wconf 86' lang='lat' dir='ltr'>haec</span> <span class='ocrx_word' id='word_1_420' title='bbox 1291 1409 1425 1440; x_wconf 89' lang='lat' dir='ltr'>sancta</span> <span class='ocrx_word' id='word_1_421' title='bbox 1453 1405 1674 1449; x_wconf 88' lang='lat' dir='ltr'>praelibatio</span> <span class='ocrx_word' id='word_1_422' title='bbox 1700 1405 1886 1449; x_wconf 88' lang='lat' dir='ltr'>Corporis</span> <span class='ocrx_word' id='word_1_423' title='bbox 1911 1409 1949 1440; x_wconf 86' lang='lat' dir='ltr'>et</span> 
     </span>
     <span class='ocr_line' id='line_1_73' title="bbox 1117 1454 1948 1500; baseline 0.001 -10"><span class='ocrx_word' id='word_1_424' title='bbox 1117 1454 1326 1500; x_wconf 88' lang='lat' dir='ltr'>Sanguinis</span> <span class='ocrx_word' id='word_1_425' title='bbox 1347 1455 1418 1499; x_wconf 91' lang='lat' dir='ltr'>tui,</span> <span class='ocrx_word' id='word_1_426' title='bbox 1443 1466 1560 1500; x_wconf 88' lang='lat' dir='ltr'>quam</span> <span class='ocrx_word' id='word_1_427' title='bbox 1584 1466 1657 1500; x_wconf 90' lang='lat' dir='ltr'>ego</span> <span class='ocrx_word' id='word_1_428' title='bbox 1681 1456 1862 1500; x_wconf 85' lang='lat' dir='ltr'>indignus</span> <span class='ocrx_word' id='word_1_429' title='bbox 1887 1457 1948 1491; x_wconf 73' lang='lat' dir='ltr'>sfi-</span> 
     </span>
     <span class='ocr_line' id='line_1_74' title="bbox 1117 1506 1972 1551; baseline 0.005 -11"><span class='ocrx_word' id='word_1_430' title='bbox 1117 1516 1220 1541; x_wconf 89' lang='lat' dir='ltr'>mere</span> <span class='ocrx_word' id='word_1_431' title='bbox 1237 1506 1410 1549; x_wconf 87' lang='lat' dir='ltr'>intendo,</span> <span class='ocrx_word' id='word_1_432' title='bbox 1436 1507 1486 1541; x_wconf 87' lang='lat' dir='ltr'>sit</span> <span class='ocrx_word' id='word_1_433' title='bbox 1507 1507 1755 1551; x_wconf 88' lang='lat' dir='ltr'>peccatorum</span> <span class='ocrx_word' id='word_1_434' title='bbox 1775 1507 1948 1542; x_wconf 89' lang='lat' dir='ltr'>meorum</span> <span class='ocrx_word' id='word_1_435' title='bbox 1966 1539 1972 1544; x_wconf 95' lang='lat'>.</span> 
     </span>
     <span class='ocr_line' id='line_1_75' title="bbox 1117 1556 1948 1601; baseline 0.001 -10"><span class='ocrx_word' id='word_1_436' title='bbox 1117 1557 1310 1600; x_wconf 86' lang='lat' dir='ltr'>remissio,</span> <span class='ocrx_word' id='word_1_437' title='bbox 1339 1557 1390 1591; x_wconf 91' lang='lat' dir='ltr'>sit</span> <span class='ocrx_word' id='word_1_438' title='bbox 1414 1556 1643 1592; x_wconf 90' lang='lat' dir='ltr'>delictorum</span> <span class='ocrx_word' id='word_1_439' title='bbox 1665 1556 1836 1601; x_wconf 89' lang='lat' dir='ltr'>perfecta</span> <span class='ocrx_word' id='word_1_440' title='bbox 1858 1566 1948 1601; x_wconf 86' lang='lat' dir='ltr'>pur-</span> 
     </span>
     <span class='ocr_line' id='line_1_76' title="bbox 1117 1606 1947 1652; baseline 0 -10"><span class='ocrx_word' id='word_1_441' title='bbox 1117 1607 1239 1651; x_wconf 88' lang='lat' dir='ltr'>gatio,</span> <span class='ocrx_word' id='word_1_442' title='bbox 1272 1607 1323 1642; x_wconf 91' lang='lat' dir='ltr'>sit</span> <span class='ocrx_word' id='word_1_443' title='bbox 1351 1607 1522 1651; x_wconf 73' lang='lat' dir='ltr'>ttirpium</span> <span class='ocrx_word' id='word_1_444' title='bbox 1550 1607 1829 1652; x_wconf 89' lang='lat' dir='ltr'>cogitationum</span> <span class='ocrx_word' id='word_1_445' title='bbox 1857 1606 1947 1642; x_wconf 87' lang='lat' dir='ltr'>effu-</span> 
     </span>
     <span class='ocr_line' id='line_1_77' title="bbox 1117 1657 1948 1701; baseline -0.001 -8"><span class='ocrx_word' id='word_1_446' title='bbox 1117 1658 1238 1701; x_wconf 88' lang='lat' dir='ltr'>gatio,</span> <span class='ocrx_word' id='word_1_447' title='bbox 1263 1668 1308 1692; x_wconf 90' lang='lat' dir='ltr'>ac</span> <span class='ocrx_word' id='word_1_448' title='bbox 1330 1658 1522 1693; x_wconf 90' lang='lat' dir='ltr'>bonorum</span> <span class='ocrx_word' id='word_1_449' title='bbox 1546 1658 1729 1692; x_wconf 90' lang='lat' dir='ltr'>sensuum</span> <span class='ocrx_word' id='word_1_450' title='bbox 1748 1657 1948 1701; x_wconf 84' lang='lat' dir='ltr'>regenera-</span> 
     </span>
     <span class='ocr_line' id='line_1_78' title="bbox 1117 1707 1948 1752; baseline -0.001 -9"><span class='ocrx_word' id='word_1_451' title='bbox 1117 1708 1189 1751; x_wconf 86' lang='lat' dir='ltr'>tio,</span> <span class='ocrx_word' id='word_1_452' title='bbox 1225 1710 1462 1752; x_wconf 79' lang='lat' dir='ltr'>operumque</span> <span class='ocrx_word' id='word_1_453' title='bbox 1490 1707 1563 1743; x_wconf 91' lang='lat' dir='ltr'>tibi</span> <span class='ocrx_word' id='word_1_454' title='bbox 1588 1707 1824 1752; x_wconf 89' lang='lat' dir='ltr'>placentium</span> <span class='ocrx_word' id='word_1_455' title='bbox 1847 1707 1948 1742; x_wconf 81' lang='lat' dir='ltr'>sahi·</span> 
     </span>
     <span class='ocr_line' id='line_1_79' title="bbox 1117 1758 1947 1802; baseline -0.001 -9"><span class='ocrx_word' id='word_1_456' title='bbox 1117 1758 1199 1793; x_wconf 90' lang='lat' dir='ltr'>bris</span> <span class='ocrx_word' id='word_1_457' title='bbox 1226 1758 1414 1802; x_wconf 83' lang='lat' dir='ltr'>efficacia,</span> <span class='ocrx_word' id='word_1_458' title='bbox 1447 1758 1586 1793; x_wconf 86' lang='lat' dir='ltr'>animae</span> <span class='ocrx_word' id='word_1_459' title='bbox 1616 1767 1771 1802; x_wconf 90' lang='lat' dir='ltr'>quoque</span> <span class='ocrx_word' id='word_1_460' title='bbox 1801 1761 1839 1793; x_wconf 88' lang='lat' dir='ltr'>et</span> <span class='ocrx_word' id='word_1_461' title='bbox 1867 1758 1947 1793; x_wconf 91' lang='lat' dir='ltr'>cor—</span> 
     </span>
     <span class='ocr_line' id='line_1_80' title="bbox 1117 1807 1948 1852; baseline 0 -10"><span class='ocrx_word' id='word_1_462' title='bbox 1117 1808 1226 1852; x_wconf 90' lang='lat' dir='ltr'>poris</span> <span class='ocrx_word' id='word_1_463' title='bbox 1251 1813 1384 1844; x_wconf 88' lang='lat' dir='ltr'>contra</span> <span class='ocrx_word' id='word_1_464' title='bbox 1409 1808 1652 1843; x_wconf 90' lang='lat' dir='ltr'>inimicorum</span> <span class='ocrx_word' id='word_1_465' title='bbox 1670 1809 1843 1843; x_wconf 90' lang='lat' dir='ltr'>meorum</span> <span class='ocrx_word' id='word_1_466' title='bbox 1858 1807 1948 1843; x_wconf 89' lang='lat' dir='ltr'>insi—</span> 
     </span>
    </p>
   </div>
   <div class='ocr_carea' id='block_1_5' title="bbox 1118 1858 1767 1893">
    <p class='ocr_par' dir='ltr' id='par_1_7' title="bbox 1118 1858 1767 1893">
     <span class='ocr_line' id='line_1_81' title="bbox 1118 1858 1767 1893; baseline 0 0"><span class='ocrx_word' id='word_1_467' title='bbox 1118 1858 1204 1893; x_wconf 90' lang='lat' dir='ltr'>dias</span> <span class='ocrx_word' id='word_1_468' title='bbox 1228 1858 1448 1893; x_wconf 85' lang='lat' dir='ltr'>firmissima</span> <span class='ocrx_word' id='word_1_469' title='bbox 1471 1858 1594 1893; x_wconf 89' lang='lat' dir='ltr'>tuitio.</span> <span class='ocrx_word' id='word_1_470' title='bbox 1632 1858 1767 1893; x_wconf 89' lang='lat' dir='ltr'>Amen.</span> 
     </span>
    </p>
   </div>
   <div class='ocr_carea' id='block_1_6' title="bbox 1114 1971 1946 2770">
    <p class='ocr_par' dir='ltr' id='par_1_8' title="bbox 1114 1971 1946 2770">
     <span class='ocr_line' id='line_1_82' title="bbox 1195 1971 1871 2024; baseline 0 -12"><span class='ocrx_word' id='word_1_471' title='bbox 1195 1971 1340 2013; x_wconf 79' lang='lat' dir='ltr'>Oratio</span> <span class='ocrx_word' id='word_1_472' title='bbox 1368 1972 1410 2012; x_wconf 89' lang='lat' dir='ltr'>S.</span> <span class='ocrx_word' id='word_1_473' title='bbox 1438 1972 1603 2013; x_wconf 81' lang='lat' dir='ltr'>Thomae</span> <span class='ocrx_word' id='word_1_474' title='bbox 1631 1972 1871 2024; x_wconf 81' lang='lat' dir='ltr'>Aquinatis.</span> 
     </span>
     <span class='ocr_line' id='line_1_83' title="bbox 1381 2032 1693 2065; baseline 0.007 -8"><span class='ocrx_word' id='word_1_475' title='bbox 1381 2032 1557 2065; x_wconf 71' lang='lat' dir='ltr'>lndulg.100</span> <span class='ocrx_word' id='word_1_476' title='bbox 1577 2032 1693 2058; x_wconf 83' lang='lat' dir='ltr'>dierum</span> 
     </span>
     <span class='ocr_line' id='line_1_84' title="bbox 1350 2075 1774 2101; baseline 0.003 -1.072"><span class='ocrx_word' id='word_1_477' title='bbox 1350 2075 1430 2100; x_wconf 53' lang='grc' dir='ltr'>Ριε</span> <span class='ocrx_word' id='word_1_478' title='bbox 1454 2075 1531 2101; x_wconf 79' lang='lat' dir='ltr'>xm</span> <span class='ocrx_word' id='word_1_479' title='bbox 1589 2076 1678 2101; x_wconf 80' lang='lat' dir='ltr'>.r)ee.</span> <span class='ocrx_word' id='word_1_480' title='bbox 1701 2076 1774 2101; x_wconf 60' lang='lat'>1³:1⁴1.</span> 
     </span>
     <span class='ocr_line' id='line_1_85' title="bbox 1124 2075 1946 2200; baseline 0.002 -42"><span class='ocrx_word' id='word_1_481' title='bbox 1124 2075 1392 2200; x_wconf 84' lang='lat' dir='ltr'>Omnipotens</span> <span class='ocrx_word' id='word_1_482' title='bbox 1430 2125 1661 2170; x_wconf 87' lang='lat' dir='ltr'>sempiterne</span> <span class='ocrx_word' id='word_1_483' title='bbox 1698 2125 1821 2169; x_wconf 88' lang='lat' dir='ltr'>Deus,</span> <span class='ocrx_word' id='word_1_484' title='bbox 1857 2135 1946 2160; x_wconf 89' lang='lat' dir='ltr'>ecce</span> 
     </span>
     <span class='ocr_line' id='line_1_86' title="bbox 1192 2153 1946 2220; baseline 0.001 -11"><span class='ocrx_word' id='word_1_485' title='bbox 1192 2174 1335 2210; x_wconf 90' lang='lat' dir='ltr'>accedo</span> <span class='ocrx_word' id='word_1_486' title='bbox 1368 2175 1418 2210; x_wconf 88' lang='lat' dir='ltr'>ad</span> <span class='ocrx_word' id='word_1_487' title='bbox 1447 2177 1729 2210; x_wconf 87' lang='lat' dir='ltr'>sacramentum</span> <span class='ocrx_word' id='word_1_488' title='bbox 1757 2153 1946 2220; x_wconf 85' lang='lat' dir='ltr'>unigeniti</span> 
     </span>
     <span class='ocr_line' id='line_1_87' title="bbox 1116 2224 1945 2261; baseline 0.002 -3"><span class='ocrx_word' id='word_1_489' title='bbox 1116 2224 1206 2259; x_wconf 82' lang='lat' dir='ltr'>Filii</span> <span class='ocrx_word' id='word_1_490' title='bbox 1235 2224 1290 2259; x_wconf 95' lang='lat' dir='ltr'>tui</span> <span class='ocrx_word' id='word_1_491' title='bbox 1318 2225 1475 2260; x_wconf 89' lang='lat' dir='ltr'>Domini</span> <span class='ocrx_word' id='word_1_492' title='bbox 1506 2226 1630 2260; x_wconf 92' lang='lat' dir='ltr'>nostri</span> <span class='ocrx_word' id='word_1_493' title='bbox 1658 2226 1754 2261; x_wconf 90' lang='lat' dir='ltr'>Jesu</span> <span class='ocrx_word' id='word_1_494' title='bbox 1784 2225 1945 2261; x_wconf 88' lang='lat' dir='ltr'>Christi.</span> 
     </span>
     <span class='ocr_line' id='line_1_88' title="bbox 1117 2274 1945 2319; baseline 0.001 -10"><span class='ocrx_word' id='word_1_495' title='bbox 1117 2274 1259 2309; x_wconf 86' lang='lat' dir='ltr'>accedo</span> <span class='ocrx_word' id='word_1_496' title='bbox 1280 2278 1477 2319; x_wconf 85' lang='lat' dir='ltr'>tamquam</span> <span class='ocrx_word' id='word_1_497' title='bbox 1494 2275 1669 2311; x_wconf 81' lang='lat' dir='ltr'>infirmus</span> <span class='ocrx_word' id='word_1_498' title='bbox 1689 2276 1739 2311; x_wconf 91' lang='lat' dir='ltr'>ad</span> <span class='ocrx_word' id='word_1_499' title='bbox 1755 2275 1945 2311; x_wconf 90' lang='lat' dir='ltr'>medicum</span> 
     </span>
     <span class='ocr_line' id='line_1_89' title="bbox 1116 2324 1944 2367; baseline 0.002 -9"><span class='ocrx_word' id='word_1_500' title='bbox 1116 2324 1219 2367; x_wconf 81' lang='lat' dir='ltr'>vitae,</span> <span class='ocrx_word' id='word_1_501' title='bbox 1245 2324 1465 2360; x_wconf 79' lang='lat' dir='ltr'>immundus</span> <span class='ocrx_word' id='word_1_502' title='bbox 1491 2326 1542 2360; x_wconf 87' lang='lat' dir='ltr'>ad</span> <span class='ocrx_word' id='word_1_503' title='bbox 1564 2326 1711 2361; x_wconf 88' lang='lat' dir='ltr'>fontem</span> <span class='ocrx_word' id='word_1_504' title='bbox 1730 2325 1944 2361; x_wconf 83' lang='lat' dir='ltr'>misericor—</span> 
     </span>
     <span class='ocr_line' id='line_1_90' title="bbox 1117 2374 1944 2417; baseline 0.001 -8"><span class='ocrx_word' id='word_1_505' title='bbox 1117 2374 1209 2417; x_wconf 87' lang='lat' dir='ltr'>diae,</span> <span class='ocrx_word' id='word_1_506' title='bbox 1245 2385 1372 2410; x_wconf 80' lang='lat' dir='ltr'>caecus</span> <span class='ocrx_word' id='word_1_507' title='bbox 1397 2375 1447 2410; x_wconf 90' lang='lat' dir='ltr'>ad</span> <span class='ocrx_word' id='word_1_508' title='bbox 1472 2376 1602 2411; x_wconf 88' lang='lat' dir='ltr'>lumen</span> <span class='ocrx_word' id='word_1_509' title='bbox 1626 2375 1813 2411; x_wconf 86' lang='lat' dir='ltr'>claritatis</span> <span class='ocrx_word' id='word_1_510' title='bbox 1838 2376 1944 2410; x_wconf 80' lang='lat' dir='ltr'>aeter-</span> 
     </span>
     <span class='ocr_line' id='line_1_91' title="bbox 1116 2425 1945 2469; baseline 0.002 -10"><span class='ocrx_word' id='word_1_511' title='bbox 1116 2435 1193 2467; x_wconf 88' lang='lat' dir='ltr'>nae,</span> <span class='ocrx_word' id='word_1_512' title='bbox 1228 2435 1378 2469; x_wconf 89' lang='lat' dir='ltr'>pauper</span> <span class='ocrx_word' id='word_1_513' title='bbox 1408 2430 1445 2460; x_wconf 89' lang='lat' dir='ltr'>et</span> <span class='ocrx_word' id='word_1_514' title='bbox 1479 2427 1622 2469; x_wconf 88' lang='lat' dir='ltr'>egenus</span> <span class='ocrx_word' id='word_1_515' title='bbox 1658 2426 1708 2461; x_wconf 86' lang='lat' dir='ltr'>ad</span> <span class='ocrx_word' id='word_1_516' title='bbox 1736 2425 1945 2461; x_wconf 86' lang='lat' dir='ltr'>Dominum</span> 
     </span>
     <span class='ocr_line' id='line_1_92' title="bbox 1116 2475 1945 2520; baseline 0.001 -11"><span class='ocrx_word' id='word_1_517' title='bbox 1116 2475 1206 2509; x_wconf 89' lang='lat' dir='ltr'>coeli</span> <span class='ocrx_word' id='word_1_518' title='bbox 1241 2480 1278 2510; x_wconf 91' lang='lat' dir='ltr'>et</span> <span class='ocrx_word' id='word_1_519' title='bbox 1308 2479 1430 2510; x_wconf 85' lang='lat' dir='ltr'>terrae.</span> <span class='ocrx_word' id='word_1_520' title='bbox 1477 2475 1588 2519; x_wconf 84' lang='lat' dir='ltr'>Rogo</span> <span class='ocrx_word' id='word_1_521' title='bbox 1624 2485 1716 2520; x_wconf 90' lang='lat' dir='ltr'>ergo</span> <span class='ocrx_word' id='word_1_522' title='bbox 1746 2475 1945 2510; x_wconf 83' lang='lat' dir='ltr'>immensae</span> 
     </span>
     <span class='ocr_line' id='line_1_93' title="bbox 1115 2524 1944 2570; baseline 0.002 -11"><span class='ocrx_word' id='word_1_523' title='bbox 1115 2524 1305 2568; x_wconf 85' lang='lat' dir='ltr'>largitatis</span> <span class='ocrx_word' id='word_1_524' title='bbox 1330 2530 1407 2560; x_wconf 88' lang='lat' dir='ltr'>tuae</span> <span class='ocrx_word' id='word_1_525' title='bbox 1432 2526 1723 2569; x_wconf 89' lang='lat' dir='ltr'>abundantiam,</span> <span class='ocrx_word' id='word_1_526' title='bbox 1754 2528 1944 2570; x_wconf 88' lang='lat' dir='ltr'>quatenus</span> 
     </span>
     <span class='ocr_line' id='line_1_94' title="bbox 1115 2575 1944 2618; baseline 0.002 -10"><span class='ocrx_word' id='word_1_527' title='bbox 1115 2585 1239 2609; x_wconf 90' lang='lat' dir='ltr'>meam</span> <span class='ocrx_word' id='word_1_528' title='bbox 1256 2577 1389 2610; x_wconf 84' lang='lat' dir='ltr'>curare</span> <span class='ocrx_word' id='word_1_529' title='bbox 1406 2575 1578 2618; x_wconf 88' lang='lat' dir='ltr'>digneris</span> <span class='ocrx_word' id='word_1_530' title='bbox 1594 2575 1867 2618; x_wconf 86' lang='lat' dir='ltr'>infirmitatem,</span> <span class='ocrx_word' id='word_1_531' title='bbox 1891 2576 1944 2610; x_wconf 87' lang='lat' dir='ltr'>la-</span> 
     </span>
     <span class='ocr_line' id='line_1_95' title="bbox 1115 2625 1942 2668; baseline 0.001 -9"><span class='ocrx_word' id='word_1_532' title='bbox 1115 2626 1205 2659; x_wconf 84' lang='lat' dir='ltr'>vare</span> <span class='ocrx_word' id='word_1_533' title='bbox 1228 2625 1458 2668; x_wconf 84' lang='lat' dir='ltr'>foeditatem,</span> <span class='ocrx_word' id='word_1_534' title='bbox 1482 2625 1699 2660; x_wconf 86' lang='lat' dir='ltr'>illuminare</span> <span class='ocrx_word' id='word_1_535' title='bbox 1721 2626 1942 2668; x_wconf 83' lang='lat' dir='ltr'>caecitatem,</span> 
     </span>
     <span class='ocr_line' id='line_1_96' title="bbox 1115 2674 1942 2718; baseline 0.004 -10"><span class='ocrx_word' id='word_1_536' title='bbox 1115 2674 1236 2709; x_wconf 85' lang='lat' dir='ltr'>ditare</span> <span class='ocrx_word' id='word_1_537' title='bbox 1254 2677 1535 2718; x_wconf 77' lang='lat' dir='ltr'>paupertatem,</span> <span class='ocrx_word' id='word_1_538' title='bbox 1555 2675 1696 2710; x_wconf 83' lang='lat' dir='ltr'>vestire</span> <span class='ocrx_word' id='word_1_539' title='bbox 1713 2675 1942 2711; x_wconf 81' lang='lat' dir='ltr'>nuditatem:</span> 
     </span>
     <span class='ocr_line' id='line_1_97' title="bbox 1114 2724 1931 2770; baseline 0.004 -12"><span class='ocrx_word' id='word_1_540' title='bbox 1114 2728 1154 2759; x_wconf 90' lang='lat' dir='ltr'>ut</span> <span class='ocrx_word' id='word_1_541' title='bbox 1177 2734 1317 2768; x_wconf 89' lang='lat' dir='ltr'>panem</span> <span class='ocrx_word' id='word_1_542' title='bbox 1338 2724 1591 2768; x_wconf 88' lang='lat' dir='ltr'>Angelorum,</span> <span class='ocrx_word' id='word_1_543' title='bbox 1623 2724 1769 2769; x_wconf 88' lang='lat' dir='ltr'>Regem</span> <span class='ocrx_word' id='word_1_544' title='bbox 1797 2736 1931 2770; x_wconf 88' lang='lat' dir='ltr'>regum</span> 
     </span>
    </p>
   </div>
   <div class='ocr_carea' id='block_1_7' title="bbox 183 136 2006 2823">
    <p class='ocr_par' dir='ltr' id='par_1_9' title="bbox 183 136 2006 2823">
     <span class='ocr_line' id='line_1_98' title="bbox 183 136 2006 2823; baseline 0 0"><span class='ocrx_word' id='word_1_545' title='bbox 183 136 2006 2823; x_wconf 95' lang='lat' dir='ltr'> </span> 
     </span>
    </p>
   </div>
  </div>
 </body>
</html>
