2028 2892
180 205 249 249 1Ῐο
775 206 970 240 imminit-u
1000 205 1045 238 ad
1077 204 1277 245 vesperas.

379 309 421 346 ln
453 305 804 354 Quadnugcsinm.

416 380 419 383 ’
491 384 696 434 Hymnus.

206 450 372 554 Audi,
393 453 578 504 benigne
599 450 819 498 Conditor,

322 511 508 551 Nostras
528 520 682 562 preces
703 520 803 548 cum
823 503 1006 547 fletibus,

258 568 308 608 In
328 567 413 608 hoc
433 578 559 607 sacro
580 564 736 617 jejunio

259 624 399 664 Fusas
423 620 783 674 quadragenario.

205 699 435 739 scrutator
456 695 567 737 alme
588 693 796 739 cordium,

258 753 438 794 Infirma
456 757 504 793 tu
524 752 608 793 scis
628 750 800 790 virium:

260 809 331 851 Ad
350 814 394 851 te
414 808 598 851 reversis
619 806 775 848 exhibe

262 865 551 907 Remissionis
566 863 759 915 gratiam.

212 939 393 981 Multum
413 938 588 991 quidem
609 935 901 990 peccavimus,

261 995 348 1037 Sed
368 1008 499 1048 parce
519 992 842 1035 confitentibus:

261 1052 334 1093 Ad
353 1051 540 1093 nominis
559 1049 735 1091 laudem
752 1048 815 1089 tui

263 1108 422 1149 Confer
440 1106 655 1148 medelam
675 1104 902 1155 languidis.

212 1181 417 1223 (loncede
434 1185 634 1221 nostrum
653 1178 821 1220 conteri

267 1238 438 1290 Corpus
458 1250 537 1289 per
555 1234 875 1277 abstinentiam:

265 1294 417 1349 Culpae
437 1299 484 1334 ut
503 1292 748 1344 relinquant
766 1289 977 1343 pabulum

263 1350 287 1390 J
290 1351 413 1402 ejuna
434 1348 569 1391 corda
588 1348 827 1390 criminum.

213 1423 379 1465 l‘raesta
397 1423 527 1465 beata
546 1421 749 1470 Trinitas,

266 1479 468 1521 Concede
489 1478 675 1531 simplex
695 1477 866 1519 Unitas:

264 1536 323 1578 Ut
343 1536 565 1577 fructuosa
586 1535 673 1575 sint
691 1534 779 1575 tuis

264 1594 288 1634 J
293 1592 533 1644 ejuniorum
551 1594 742 1632 munera.
796 1591 948 1630 Amen.

240 1653 288 1703 ,V-
317 1660 498 1710 Angelis
527 1660 617 1701 suis
641 1660 764 1701 Deus
790 1657 1014 1699 mandavit

190 1717 244 1759 de
263 1722 317 1758 te.
352 1716 396 1765 R:-
416 1717 474 1758 Ut
494 1716 744 1757 custodiant
762 1720 806 1756 te
821 1715 865 1755 in
881 1714 1013 1755 omni-

189 1773 273 1814 bus
292 1773 372 1814 viis
391 1773 488 1814 tuis.

245 1835 303 1867 .th
330 1835 546 1874 Magnificam
572 1834 728 1876 Antiph.
756 1834 921 1876 propriu.

350 1919 567 1969 Tempore
602 1919 804 1959 l‘asclwli.

498 1993 704 2043 Hymnus

300 2062 329 2103 d
347 2063 488 2113 regias
509 2062 621 2113 Agni
641 2063 788 2116 dapes9

337 2119 469 2160 Stolis
489 2120 634 2161 amicti
654 2120 861 2170 candidis

270 2175 377 2216 Post
397 2176 627 2217 trimsitum
647 2176 779 2217 Maris
800 2176 930 2224 rubri,

273 2230 445 2273 Christo
466 2235 671 2274 canamus
691 2233 897 2285 Principi:

224 2303 376 2346 Divina
396 2307 516 2358 cuius
537 2307 695 2348 caritas

275 2360 451 2402 Sacrum
472 2365 676 2415 propinat
696 2363 960 2413 sanguinem,

272 2416 473 2469 Almique
493 2419 689 2460 membra
709 2419 908 2470 corporis

277 2472 412 2513 Amor
440 2475 646 2516 sacerdos
668 2474 874 2515 immolat.

223 2542 429 2640 Spgrsurn
458 2549 657 2587 cruorem
685 2546 886 2599 postibus

277 2602 880 2708 Fsgrgsszffisfssffissr·

277 2711 531 2777 Merguntur
550 2713 700 2756 hostes
720 2714 935 2756 fluctibus.

1083 300 1180 339 ‚lam
1193 297 1365 338 Pascha
1379 299 1580 337 nostrum
1595 291 1794 334 Christus
1814 293 1892 338 est,

1137 353 1364 395 Paschalis
1383 352 1500 393 idem
1521 348 1709 397 victima,

1137 411 1194 451 Et
1213 422 1324 463 pura
1343 408 1465 461 puris
1485 404 1705 447 mentibus

1138 466 1409 508 SinceritAtis
1429 466 1594 516 azyma.

1086 543 1122 580 (⁷)
1145 553 1249 582 vera
1269 540 1369 581 coeli
1388 539 1576 587 victima,

1138 597 1342 649 Subiecta
1361 596 1430 637 cui
1450 599 1551 636 sunt
1569 580 1746 643 tartara,

1138 654 1292 695 Soluta
1310 652 1464 694 mortis
1484 650 1668 700 vincula,

1139 710 1339 762 Recepta
1358 709 1461 750 vitae
1481 707 1674 761 praemia.

1092 784 1244 826 Victor
1265 782 1458 825 subactis
1479 781 1630 829 inferis

1139 840 1362 893 Trophaea
1382 838 1582 881 Christus
1601 837 1803 890 explicat,

1143 897 1356 949 Coeloque
1377 897 1544 949 aperto,
1565 893 1791 936 subditum

1141 955 1311 1005 Regem
1330 951 1612 995 tenebrarum
1630 950 1774 992 trahit.

1094 1028 1148 1069 l't
1167 1028 1226 1069 sis
1246 1029 1438 1080 perenne
1458 1024 1679 1067 mentibus

1140 1083 1355 1125 Paschale
1374 1084 1398 1124 J
1402 1096 1480 1125 esu
1499 1081 1719 1133 gaudium,

1143 1142 1183 1182 A
1202 1145 1345 1182 morte
1365 1139 1460 1181 dira
1480 1139 1709 1181 criminum

1142 1198 1258 1239 Vitae
1278 1199 1456 1238 renatos
1476 1195 1625 1238 libera.

1094 1272 1188 1313 l)eo
1207 1271 1327 1312 Patri
1347 1271 1403 1312 sit
1421 1270 1572 1321 gloria,

1143 1329 1200 1369 Et
1218 1328 1341 1377 Filio,
1363 1327 1436 1379 qui
1456 1340 1481 1367 a
1500 1325 1686 1367 mortuis

1142 1384 1350 1433 Surrexit,
1371 1397 1423 1425 ac
1441 1382 1675 1431 Paraclito,

1142 1442 1193 1482 In
1214 1441 1480 1493 sempiterna
1499 1438 1672 1481 saecula.
1717 1438 1872 1479 Amen.

1120 1500 1166 1551 Y·
1187 1506 1316 1547 Mane
1335 1505 1568 1547 nobiscum
1581 1503 1782 1552 Domine,
1798 1501 1898 1543 alle-

1066 1564 1162 1615 luja.
1211 1562 1261 1612 h'g.
1301 1562 1519 1613 Quoniam
1556 1558 1899 1612 advesperascit,

1067 1620 1249 1672 allehiJa.

1120 1682 1178 1715 Ad
1207 1682 1427 1723 Magnitieut
1452 1681 1610 1724 Antiph.
1637 1679 1806 1724 propriu.

1120 1751 1347 1790 Canticum
1378 1750 1424 1789 B.
1454 1749 1605 1789 Mariae
1635 1747 1842 1798 Virginis.

1372 1811 1487 1845 Lueae
1515 1812 1540 1845 l.
1566 1821 1595 1845 c.

1926 1835 1944 1853 ὃ

1067 1866 1380 1974 Magnificat
1403 1870 1428 1896 *
1452 1870 1598 1911 anima
1624 1881 1724 1910 mea
1749 1867 1900 1908 Domi-

1191 1942 1311 1970 num:

1120 1985 1177 2026 Et
1206 1984 1444 2026 exsultavit
1468 1982 1650 2036 spiritus
1669 1994 1794 2023 meus
1812 1980 1837 2006 *
1857 1979 1902 2020 in

1068 2042 1166 2083 Deo
1197 2041 1379 2082 salutari
1405 2052 1518 2082 meo.

1123 2098 1236 2148 Quia
1271 2098 1468 2150 respexit
1501 2095 1795 2137 humilitatem
1830 2106 1902 2134 an-

1071 2154 1183 2195 cillae
1203 2167 1310 2195 suae:
1328 2154 1352 2179 *
1370 2166 1473 2195 ecce
1493 2153 1609 2195 enim
1627 2165 1681 2193 ex
1699 2150 1784 2192 hoc
1803 2149 1902 2191 bea-

1069 2215 1161 2251 tam
1175 2224 1245 2252 me
1261 2210 1409 2252 dicent
1422 2222 1575 2251 omnes
1586 2207 1903 2260 generationes.

1124 2267 1236 2317 Quia
1263 2267 1367 2308 fecit
1395 2266 1502 2308 mihi
1529 2278 1689 2317 magna
1723 2263 1797 2316 qui
1825 2275 1902 2315 po-

1071 2328 1169 2364 tens
1193 2327 1276 2365 est:
1291 2323 1315 2348 *
1335 2327 1378 2364 et
1399 2327 1600 2364 sanctum
1619 2333 1780 2363 nomen
1801 2320 1903 2372 eius.

1124 2380 1180 2421 Et
1204 2378 1509 2421 misericordia
1535 2380 1626 2430 ejus
1647 2391 1673 2419 a
1693 2376 1904 2430 progenie

1074 2436 1117 2476 in
1145 2436 1378 2488 progenies
1402 2436 1425 2461 *
1448 2434 1705 2477 timentibus
1731 2446 1841 2475 eum.

1125 2492 1249 2533 Fecit
1273 2492 1519 2544 potentiam
1539 2492 1584 2532 in
1602 2490 1786 2533 brachio
1808 2501 1905 2530 suo:

1073 2549 1117 2645 ¹:¹1-
1131 2548 1341 2613 dispersit
1379 2548 1596 2600 superbos
1628 2550 1776 2589 mente
1810 2557 1904 2586 cor-

1107 2618 1143 2645 1s
1172 2618 1250 2645 sui.

1126 2661 1346 2713 Deposuit
1374 2662 1580 2712 potentes
1606 2659 1661 2701 de
1681 2657 1797 2708 sede,
1816 2658 1840 2683 *
1861 2662 1906 2698 et

1044 2697 1048 2772 i
1077 2717 1285 2758 exaltaVit
1310 2716 1507 2758 hnmiles.
