<?xml version="1.0" encoding="UTF-8"?>
<!DOCTYPE html PUBLIC "-//W3C//DTD XHTML 1.0 Transitional//EN"
    "http://www.w3.org/TR/xhtml1/DTD/xhtml1-transitional.dtd">
<html xmlns="http://www.w3.org/1999/xhtml" xml:lang="en" lang="en">
 <head>
  <title>
</title>
<meta http-equiv="Content-Type" content="text/html;charset=utf-8" />
  <meta name='ocr-system' content='tesseract 3.04.00' />
  <meta name='ocr-capabilities' content='ocr_page ocr_carea ocr_par ocr_line ocrx_word'/>
</head>
<body>
  <div class='ocr_page' id='page_1' title='image "./p2breviariumroma00cathuoft_0730.png"; bbox 0 0 2066 2956; ppageno 0'>
   <div class='ocr_carea' id='block_1_1' title="bbox 210 202 305 247">
    <p class='ocr_par' dir='ltr' id='par_1_1' title="bbox 210 202 305 247">
     <span class='ocr_line' id='line_1_1' title="bbox 210 202 305 247; baseline 0 0"><span class='ocrx_word' id='word_1_1' title='bbox 210 202 305 247; x_wconf 81' lang='lat'>[158]</span> 
     </span>
    </p>
   </div>
   <div class='ocr_carea' id='block_1_2' title="bbox 150 298 1048 2762">
    <p class='ocr_par' dir='ltr' id='par_1_2' title="bbox 210 298 1043 406">
     <span class='ocr_line' id='line_1_2' title="bbox 210 298 1043 352; baseline -0.005 -10"><span class='ocrx_word' id='word_1_2' title='bbox 210 300 234 326; x_wconf 88' lang='lat'>*</span> <span class='ocrx_word' id='word_1_3' title='bbox 252 313 307 342; x_wconf 84' lang='lat' dir='ltr'>ex</span> <span class='ocrx_word' id='word_1_4' title='bbox 336 299 493 352; x_wconf 92' lang='lat' dir='ltr'>quibus</span> <span class='ocrx_word' id='word_1_5' title='bbox 513 299 844 341; x_wconf 61' lang='lat' dir='ltr'>delectaverunt</span> <span class='ocrx_word' id='word_1_6' title='bbox 866 303 912 341; x_wconf 91' lang='lat' dir='ltr'>te</span> <span class='ocrx_word' id='word_1_7' title='bbox 940 298 1043 339; x_wconf 88' lang='lat' dir='ltr'>filiae</span> 
     </span>
     <span class='ocr_line' id='line_1_3' title="bbox 211 355 747 406; baseline -0.002 -9"><span class='ocrx_word' id='word_1_8' title='bbox 211 369 363 406; x_wconf 90' lang='lat' dir='ltr'>regum</span> <span class='ocrx_word' id='word_1_9' title='bbox 390 355 434 396; x_wconf 91' lang='lat' dir='ltr'>in</span> <span class='ocrx_word' id='word_1_10' title='bbox 462 355 631 396; x_wconf 86' lang='lat' dir='ltr'>honore</span> <span class='ocrx_word' id='word_1_11' title='bbox 658 360 747 396; x_wconf 94' lang='lat' dir='ltr'>tuo.</span> 
     </span>
    </p>

    <p class='ocr_par' dir='ltr' id='par_1_3' title="bbox 210 410 1043 566">
     <span class='ocr_line' id='line_1_4' title="bbox 262 410 1043 462; baseline -0.001 -10"><span class='ocrx_word' id='word_1_12' title='bbox 262 412 415 453; x_wconf 91' lang='lat' dir='ltr'>Astitit</span> <span class='ocrx_word' id='word_1_13' title='bbox 447 413 599 462; x_wconf 89' lang='lat' dir='ltr'>regina</span> <span class='ocrx_word' id='word_1_14' title='bbox 632 424 657 452; x_wconf 92' lang='lat' dir='ltr'>a</span> <span class='ocrx_word' id='word_1_15' title='bbox 685 410 852 453; x_wconf 79' lang='lat' dir='ltr'><strong>dextris</strong></span> <span class='ocrx_word' id='word_1_16' title='bbox 885 411 972 453; x_wconf 89' lang='lat' dir='ltr'>tuis</span> <span class='ocrx_word' id='word_1_17' title='bbox 999 411 1043 452; x_wconf 91' lang='lat' dir='ltr'>in</span> 
     </span>
     <span class='ocr_line' id='line_1_5' title="bbox 211 467 1042 510; baseline 0 -1"><span class='ocrx_word' id='word_1_18' title='bbox 211 470 372 509; x_wconf 91' lang='lat' dir='ltr'>vestitu</span> <span class='ocrx_word' id='word_1_19' title='bbox 391 467 620 510; x_wconf 78' lang='lat' dir='ltr'>deaurato:</span> <span class='ocrx_word' id='word_1_20' title='bbox 637 468 661 493; x_wconf 84' lang='lat'>*</span> <span class='ocrx_word' id='word_1_21' title='bbox 682 467 952 509; x_wconf 72' lang='lat' dir='ltr'>circnmdata</span> <span class='ocrx_word' id='word_1_22' title='bbox 972 480 1042 509; x_wconf 91' lang='lat' dir='ltr'>va-</span> 
     </span>
     <span class='ocr_line' id='line_1_6' title="bbox 210 524 377 566; baseline 0 -2"><span class='ocrx_word' id='word_1_23' title='bbox 210 524 377 566; x_wconf 78' lang='lat' dir='ltr'>rietate.</span> 
     </span>
    </p>

    <p class='ocr_par' dir='ltr' id='par_1_4' title="bbox 211 579 1044 744">
     <span class='ocr_line' id='line_1_7' title="bbox 263 579 1042 629; baseline 0.001 -9"><span class='ocrx_word' id='word_1_24' title='bbox 263 579 382 621; x_wconf 92' lang='lat' dir='ltr'>Audi</span> <span class='ocrx_word' id='word_1_25' title='bbox 404 579 504 628; x_wconf 84' lang='lat' dir='ltr'>filia,</span> <span class='ocrx_word' id='word_1_26' title='bbox 527 584 571 621; x_wconf 94' lang='lat' dir='ltr'>et</span> <span class='ocrx_word' id='word_1_27' title='bbox 589 579 701 629; x_wconf 91' lang='lat' dir='ltr'>vide,</span> <span class='ocrx_word' id='word_1_28' title='bbox 722 584 766 621; x_wconf 93' lang='lat' dir='ltr'>et</span> <span class='ocrx_word' id='word_1_29' title='bbox 789 579 948 621; x_wconf 85' lang='lat' dir='ltr'>inclina</span> <span class='ocrx_word' id='word_1_30' title='bbox 972 592 1042 621; x_wconf 92' lang='lat' dir='ltr'>au-</span> 
     </span>
     <span class='ocr_line' id='line_1_8' title="bbox 211 635 1044 688; baseline 0 -12"><span class='ocrx_word' id='word_1_31' title='bbox 211 648 304 677; x_wconf 91' lang='lat' dir='ltr'>rem</span> <span class='ocrx_word' id='word_1_32' title='bbox 322 641 457 677; x_wconf 89' lang='lat' dir='ltr'>tuam:</span> <span class='ocrx_word' id='word_1_33' title='bbox 468 636 491 661; x_wconf 87' lang='lat'>*</span> <span class='ocrx_word' id='word_1_34' title='bbox 503 640 547 677; x_wconf 93' lang='lat' dir='ltr'>et</span> <span class='ocrx_word' id='word_1_35' title='bbox 558 635 818 677; x_wconf 84' lang='lat' dir='ltr'>obliviscere</span> <span class='ocrx_word' id='word_1_36' title='bbox 831 635 1044 688; x_wconf 82' lang='lat' dir='ltr'>populum</span> 
     </span>
     <span class='ocr_line' id='line_1_9' title="bbox 211 691 892 744; baseline -0.001 -11"><span class='ocrx_word' id='word_1_37' title='bbox 211 698 346 741; x_wconf 86' lang='lat' dir='ltr'>tuum,</span> <span class='ocrx_word' id='word_1_38' title='bbox 375 697 419 733; x_wconf 90' lang='lat' dir='ltr'>et</span> <span class='ocrx_word' id='word_1_39' title='bbox 447 691 627 733; x_wconf 89' lang='lat' dir='ltr'>domum</span> <span class='ocrx_word' id='word_1_40' title='bbox 653 692 791 744; x_wconf 91' lang='lat' dir='ltr'>patris</span> <span class='ocrx_word' id='word_1_41' title='bbox 819 692 892 733; x_wconf 90' lang='lat' dir='ltr'>tui.</span> 
     </span>
    </p>

    <p class='ocr_par' dir='ltr' id='par_1_5' title="bbox 210 747 1043 909">
     <span class='ocr_line' id='line_1_10' title="bbox 263 747 1043 800; baseline 0.001 -12"><span class='ocrx_word' id='word_1_42' title='bbox 263 748 319 789; x_wconf 90' lang='lat' dir='ltr'>Et</span> <span class='ocrx_word' id='word_1_43' title='bbox 335 750 617 800; x_wconf 84' lang='lat' dir='ltr'>concupiscet</span> <span class='ocrx_word' id='word_1_44' title='bbox 636 748 735 789; x_wconf 83' lang='lat' dir='ltr'>Rex</span> <span class='ocrx_word' id='word_1_45' title='bbox 754 747 962 789; x_wconf 85' lang='lat' dir='ltr'>decorem</span> <span class='ocrx_word' id='word_1_46' title='bbox 979 752 1043 789; x_wconf 89' lang='lat' dir='ltr'>tu-</span> 
     </span>
     <span class='ocr_line' id='line_1_11' title="bbox 210 804 1043 856; baseline -0.001 -11"><span class='ocrx_word' id='word_1_47' title='bbox 210 818 298 845; x_wconf 92' lang='lat' dir='ltr'>um:</span> <span class='ocrx_word' id='word_1_48' title='bbox 325 805 349 830; x_wconf 89' lang='lat'>*</span> <span class='ocrx_word' id='word_1_49' title='bbox 379 804 586 856; x_wconf 82' lang='lat' dir='ltr'>quoniam</span> <span class='ocrx_word' id='word_1_50' title='bbox 613 804 708 856; x_wconf 91' lang='lat' dir='ltr'>ipse</span> <span class='ocrx_word' id='word_1_51' title='bbox 735 809 802 845; x_wconf 88' lang='lat' dir='ltr'>est</span> <span class='ocrx_word' id='word_1_52' title='bbox 828 804 1043 845; x_wconf 71' lang='lat' dir='ltr'>Deminus</span> 
     </span>
     <span class='ocr_line' id='line_1_12' title="bbox 211 859 959 909; baseline 0.001 -9"><span class='ocrx_word' id='word_1_53' title='bbox 211 860 332 901; x_wconf 89' lang='lat' dir='ltr'>Deus</span> <span class='ocrx_word' id='word_1_54' title='bbox 360 866 472 909; x_wconf 81' lang='lat' dir='ltr'>tuuS,</span> <span class='ocrx_word' id='word_1_55' title='bbox 501 865 546 902; x_wconf 92' lang='lat' dir='ltr'>et</span> <span class='ocrx_word' id='word_1_56' title='bbox 573 859 821 901; x_wconf 80' lang='lat' dir='ltr'>adorabunt</span> <span class='ocrx_word' id='word_1_57' title='bbox 850 872 959 901; x_wconf 89' lang='lat' dir='ltr'>eum.</span> 
     </span>
    </p>

    <p class='ocr_par' dir='ltr' id='par_1_6' title="bbox 150 912 1044 1081">
     <span class='ocr_line' id='line_1_13' title="bbox 150 912 1043 968; baseline 0 -11"><span class='ocrx_word' id='word_1_58' title='bbox 150 912 156 918; x_wconf 83' lang='grc'><strong>”</strong></span> <span class='ocrx_word' id='word_1_59' title='bbox 263 917 320 958; x_wconf 90' lang='lat' dir='ltr'>Et</span> <span class='ocrx_word' id='word_1_60' title='bbox 337 916 439 957; x_wconf 85' lang='lat' dir='ltr'>filiae</span> <span class='ocrx_word' id='word_1_61' title='bbox 459 916 566 968; x_wconf 91' lang='lat' dir='ltr'>Tyri</span> <span class='ocrx_word' id='word_1_62' title='bbox 586 917 630 957; x_wconf 91' lang='lat' dir='ltr'>in</span> <span class='ocrx_word' id='word_1_63' title='bbox 648 915 901 957; x_wconf 90' lang='lat' dir='ltr'>muneribus</span> <span class='ocrx_word' id='word_1_64' title='bbox 915 917 938 942; x_wconf 87' lang='lat'>*</span> <span class='ocrx_word' id='word_1_65' title='bbox 954 916 1043 957; x_wconf 91' lang='lat' dir='ltr'>vul-</span> 
     </span>
     <span class='ocr_line' id='line_1_14' title="bbox 210 972 1044 1025; baseline -0.001 -11"><span class='ocrx_word' id='word_1_66' title='bbox 210 978 304 1014; x_wconf 89' lang='lat' dir='ltr'>tum</span> <span class='ocrx_word' id='word_1_67' title='bbox 336 978 459 1014; x_wconf 91' lang='lat' dir='ltr'>tuum</span> <span class='ocrx_word' id='word_1_68' title='bbox 488 972 857 1025; x_wconf 81' lang='lat' dir='ltr'>deprecabuntur:</span> <span class='ocrx_word' id='word_1_69' title='bbox 892 985 1044 1014; x_wconf 90' lang='lat' dir='ltr'>omnes</span> 
     </span>
     <span class='ocr_line' id='line_1_15' title="bbox 212 1028 551 1081; baseline -0.003 -11"><span class='ocrx_word' id='word_1_70' title='bbox 212 1028 370 1070; x_wconf 91' lang='lat' dir='ltr'>divites</span> <span class='ocrx_word' id='word_1_71' title='bbox 398 1028 551 1081; x_wconf 89' lang='lat' dir='ltr'>plebis.</span> 
     </span>
    </p>

    <p class='ocr_par' dir='ltr' id='par_1_7' title="bbox 210 1084 1044 1239">
     <span class='ocr_line' id='line_1_16' title="bbox 265 1084 1044 1136; baseline 0 -11"><span class='ocrx_word' id='word_1_72' title='bbox 265 1085 417 1126; x_wconf 91' lang='lat' dir='ltr'>Omnis</span> <span class='ocrx_word' id='word_1_73' title='bbox 436 1085 576 1135; x_wconf 79' lang='lat' dir='ltr'>glotia</span> <span class='ocrx_word' id='word_1_74' title='bbox 597 1085 687 1136; x_wconf 88' lang='lat' dir='ltr'>ejus</span> <span class='ocrx_word' id='word_1_75' title='bbox 712 1085 814 1125; x_wconf 85' lang='lat' dir='ltr'>filiae</span> <span class='ocrx_word' id='word_1_76' title='bbox 833 1084 969 1135; x_wconf 89' lang='lat' dir='ltr'>Regis</span> <span class='ocrx_word' id='word_1_77' title='bbox 988 1084 1044 1126; x_wconf 92' lang='lat' dir='ltr'>ab</span> 
     </span>
     <span class='ocr_line' id='line_1_17' title="bbox 210 1141 1044 1190; baseline -0.001 -8"><span class='ocrx_word' id='word_1_78' title='bbox 210 1141 338 1190; x_wconf 90' lang='lat' dir='ltr'>intus,</span> <span class='ocrx_word' id='word_1_79' title='bbox 364 1142 387 1167; x_wconf 88' lang='lat'>*</span> <span class='ocrx_word' id='word_1_80' title='bbox 412 1141 456 1182; x_wconf 92' lang='lat' dir='ltr'>in</span> <span class='ocrx_word' id='word_1_81' title='bbox 482 1141 665 1183; x_wconf 85' lang='lat' dir='ltr'><strong>fimbriis</strong></span> <span class='ocrx_word' id='word_1_82' title='bbox 690 1141 834 1182; x_wconf 83' lang='lat' dir='ltr'>aureis</span> <span class='ocrx_word' id='word_1_83' title='bbox 864 1141 1044 1182; x_wconf 93' lang='lat' dir='ltr'>circum-</span> 
     </span>
     <span class='ocr_line' id='line_1_18' title="bbox 211 1197 694 1239; baseline -0.002 -1"><span class='ocrx_word' id='word_1_84' title='bbox 211 1200 371 1239; x_wconf 90' lang='lat' dir='ltr'>amicta</span> <span class='ocrx_word' id='word_1_85' title='bbox 398 1197 694 1239; x_wconf 83' lang='lat' dir='ltr'>varietatibus.</span> 
     </span>
    </p>

    <p class='ocr_par' dir='ltr' id='par_1_8' title="bbox 212 1253 1045 1362">
     <span class='ocr_line' id='line_1_19' title="bbox 263 1253 1045 1306; baseline 0 -12"><span class='ocrx_word' id='word_1_86' title='bbox 263 1253 553 1295; x_wconf 90' lang='lat' dir='ltr'>Adducentur</span> <span class='ocrx_word' id='word_1_87' title='bbox 581 1253 694 1303; x_wconf 87' lang='lat' dir='ltr'>Regi</span> <span class='ocrx_word' id='word_1_88' title='bbox 719 1253 910 1304; x_wconf 87' lang='lat' dir='ltr'>virgines</span> <span class='ocrx_word' id='word_1_89' title='bbox 941 1257 1045 1306; x_wconf 89' lang='lat' dir='ltr'>post</span> 
     </span>
     <span class='ocr_line' id='line_1_20' title="bbox 212 1308 1044 1362; baseline -0.002 -11"><span class='ocrx_word' id='word_1_90' title='bbox 212 1321 323 1351; x_wconf 91' lang='lat' dir='ltr'>eam:</span> <span class='ocrx_word' id='word_1_91' title='bbox 334 1310 357 1335; x_wconf 87' lang='lat'>*</span> <span class='ocrx_word' id='word_1_92' title='bbox 368 1309 582 1362; x_wconf 75' lang='lat' dir='ltr'>preximae</span> <span class='ocrx_word' id='word_1_93' title='bbox 599 1309 689 1360; x_wconf 89' lang='lat' dir='ltr'>ejus</span> <span class='ocrx_word' id='word_1_94' title='bbox 705 1309 941 1350; x_wconf 88' lang='lat' dir='ltr'>afferentur</span> <span class='ocrx_word' id='word_1_95' title='bbox 954 1308 1044 1351; x_wconf 91' lang='lat' dir='ltr'>tibi.</span> 
     </span>
    </p>

    <p class='ocr_par' dir='ltr' id='par_1_9' title="bbox 210 1365 1044 1528">
     <span class='ocr_line' id='line_1_21' title="bbox 263 1365 1044 1407; baseline 0.001 -2"><span class='ocrx_word' id='word_1_96' title='bbox 263 1365 516 1407; x_wconf 88' lang='lat' dir='ltr'>Afferentur</span> <span class='ocrx_word' id='word_1_97' title='bbox 543 1365 587 1405; x_wconf 94' lang='lat' dir='ltr'>in</span> <span class='ocrx_word' id='word_1_98' title='bbox 607 1365 760 1406; x_wconf 88' lang='lat' dir='ltr'>laetitia</span> <span class='ocrx_word' id='word_1_99' title='bbox 788 1370 832 1407; x_wconf 91' lang='lat' dir='ltr'>et</span> <span class='ocrx_word' id='word_1_100' title='bbox 858 1365 1044 1407; x_wconf 82' lang='lat' dir='ltr'>exsulta-</span> 
     </span>
     <span class='ocr_line' id='line_1_22' title="bbox 210 1420 1043 1474; baseline 0 -12"><span class='ocrx_word' id='word_1_101' title='bbox 210 1421 344 1463; x_wconf 83' lang='lat' dir='ltr'>tione:</span> <span class='ocrx_word' id='word_1_102' title='bbox 379 1422 403 1447; x_wconf 91' lang='lat'>*</span> <span class='ocrx_word' id='word_1_103' title='bbox 437 1420 711 1462; x_wconf 83' lang='lat' dir='ltr'>adducentur</span> <span class='ocrx_word' id='word_1_104' title='bbox 751 1421 795 1461; x_wconf 94' lang='lat' dir='ltr'>in</span> <span class='ocrx_word' id='word_1_105' title='bbox 831 1421 1043 1474; x_wconf 91' lang='lat' dir='ltr'>templum</span> 
     </span>
     <span class='ocr_line' id='line_1_23' title="bbox 210 1477 357 1528; baseline 0 -10"><span class='ocrx_word' id='word_1_106' title='bbox 210 1477 357 1528; x_wconf 86' lang='lat' dir='ltr'>Regis.</span> 
     </span>
    </p>

    <p class='ocr_par' dir='ltr' id='par_1_10' title="bbox 210 1533 1045 1698">
     <span class='ocr_line' id='line_1_24' title="bbox 262 1533 1045 1586; baseline -0.001 -12"><span class='ocrx_word' id='word_1_107' title='bbox 262 1534 351 1575; x_wconf 92' lang='lat' dir='ltr'>Pro</span> <span class='ocrx_word' id='word_1_108' title='bbox 378 1533 579 1586; x_wconf 79' lang='lat' dir='ltr'>patribus</span> <span class='ocrx_word' id='word_1_109' title='bbox 607 1533 693 1575; x_wconf 89' lang='lat' dir='ltr'>tuis</span> <span class='ocrx_word' id='word_1_110' title='bbox 719 1533 809 1575; x_wconf 92' lang='lat' dir='ltr'>nati</span> <span class='ocrx_word' id='word_1_111' title='bbox 837 1538 939 1575; x_wconf 90' lang='lat' dir='ltr'>sunt</span> <span class='ocrx_word' id='word_1_112' title='bbox 965 1533 1045 1575; x_wconf 90' lang='lat' dir='ltr'>tibi</span> 
     </span>
     <span class='ocr_line' id='line_1_25' title="bbox 210 1589 1043 1642; baseline 0 -12"><span class='ocrx_word' id='word_1_113' title='bbox 210 1589 303 1630; x_wconf 89' lang='lat' dir='ltr'>filii:</span> <span class='ocrx_word' id='word_1_114' title='bbox 322 1590 345 1615; x_wconf 84' lang='lat'>*</span> <span class='ocrx_word' id='word_1_115' title='bbox 365 1591 606 1631; x_wconf 82' lang='lat' dir='ltr'>constitues</span> <span class='ocrx_word' id='word_1_116' title='bbox 629 1602 706 1630; x_wconf 88' lang='lat' dir='ltr'>eos</span> <span class='ocrx_word' id='word_1_117' title='bbox 731 1590 953 1642; x_wconf 85' lang='lat' dir='ltr'>principes</span> <span class='ocrx_word' id='word_1_118' title='bbox 976 1602 1043 1630; x_wconf 92' lang='lat' dir='ltr'>su-</span> 
     </span>
     <span class='ocr_line' id='line_1_26' title="bbox 211 1651 697 1698; baseline -0.002 -11"><span class='ocrx_word' id='word_1_119' title='bbox 211 1658 291 1698; x_wconf 91' lang='lat' dir='ltr'>per</span> <span class='ocrx_word' id='word_1_120' title='bbox 320 1658 496 1687; x_wconf 89' lang='lat' dir='ltr'>omnem</span> <span class='ocrx_word' id='word_1_121' title='bbox 522 1651 697 1687; x_wconf 89' lang='lat' dir='ltr'>terram.</span> 
     </span>
    </p>

    <p class='ocr_par' dir='ltr' id='par_1_11' title="bbox 211 1700 1044 1855">
     <span class='ocr_line' id='line_1_27' title="bbox 263 1700 1044 1743; baseline -0.001 -1"><span class='ocrx_word' id='word_1_122' title='bbox 263 1702 484 1743; x_wconf 89' lang='lat' dir='ltr'>Memores</span> <span class='ocrx_word' id='word_1_123' title='bbox 523 1706 651 1743; x_wconf 86' lang='lat' dir='ltr'>erunt</span> <span class='ocrx_word' id='word_1_124' title='bbox 686 1700 874 1742; x_wconf 73' lang='lat' dir='ltr'>neminis</span> <span class='ocrx_word' id='word_1_125' title='bbox 910 1702 992 1743; x_wconf 91' lang='lat' dir='ltr'>tui:</span> <span class='ocrx_word' id='word_1_126' title='bbox 1020 1702 1044 1727; x_wconf 86' lang='lat'>*</span> 
     </span>
     <span class='ocr_line' id='line_1_28' title="bbox 212 1757 1043 1808; baseline 0 -10"><span class='ocrx_word' id='word_1_127' title='bbox 212 1757 257 1798; x_wconf 91' lang='lat' dir='ltr'>in</span> <span class='ocrx_word' id='word_1_128' title='bbox 282 1758 401 1799; x_wconf 91' lang='lat' dir='ltr'>omni</span> <span class='ocrx_word' id='word_1_129' title='bbox 424 1757 707 1808; x_wconf 83' lang='lat' dir='ltr'>generatione</span> <span class='ocrx_word' id='word_1_130' title='bbox 734 1762 778 1799; x_wconf 92' lang='lat' dir='ltr'>et</span> <span class='ocrx_word' id='word_1_131' title='bbox 801 1757 1043 1808; x_wconf 83' lang='lat' dir='ltr'>generatio-</span> 
     </span>
     <span class='ocr_line' id='line_1_29' title="bbox 211 1826 322 1855; baseline 0 -1"><span class='ocrx_word' id='word_1_132' title='bbox 211 1826 322 1855; x_wconf 91' lang='lat' dir='ltr'>nem.</span> 
     </span>
    </p>

    <p class='ocr_par' dir='ltr' id='par_1_12' title="bbox 211 1869 1045 2023">
     <span class='ocr_line' id='line_1_30' title="bbox 263 1869 1044 1922; baseline 0 -12"><span class='ocrx_word' id='word_1_133' title='bbox 263 1870 509 1922; x_wconf 77' lang='lat' dir='ltr'>Propterea</span> <span class='ocrx_word' id='word_1_134' title='bbox 535 1869 690 1922; x_wconf 83' lang='lat' dir='ltr'>populi</span> <span class='ocrx_word' id='word_1_135' title='bbox 718 1869 1044 1912; x_wconf 73' lang='lat' dir='ltr'>confitebt&#39;mtur</span> 
     </span>
     <span class='ocr_line' id='line_1_31' title="bbox 211 1924 1045 1967; baseline -0.001 0"><span class='ocrx_word' id='word_1_136' title='bbox 211 1924 291 1967; x_wconf 91' lang='lat' dir='ltr'>tibi</span> <span class='ocrx_word' id='word_1_137' title='bbox 318 1925 363 1966; x_wconf 88' lang='lat' dir='ltr'>in</span> <span class='ocrx_word' id='word_1_138' title='bbox 391 1927 619 1967; x_wconf 81' lang='lat' dir='ltr'>aeternum:</span> <span class='ocrx_word' id='word_1_139' title='bbox 642 1926 666 1951; x_wconf 88' lang='lat'>*</span> <span class='ocrx_word' id='word_1_140' title='bbox 691 1930 735 1967; x_wconf 90' lang='lat' dir='ltr'>et</span> <span class='ocrx_word' id='word_1_141' title='bbox 762 1926 806 1966; x_wconf 90' lang='lat' dir='ltr'>in</span> <span class='ocrx_word' id='word_1_142' title='bbox 834 1925 1045 1967; x_wconf 67' lang='lat' dir='ltr'>saeculum</span> 
     </span>
     <span class='ocr_line' id='line_1_32' title="bbox 212 1981 373 2023; baseline 0 -1"><span class='ocrx_word' id='word_1_143' title='bbox 212 1981 373 2023; x_wconf 79' lang='lat' dir='ltr'>saeculi.</span> 
     </span>
    </p>

    <p class='ocr_par' dir='ltr' id='par_1_13' title="bbox 212 2037 1047 2201">
     <span class='ocr_line' id='line_1_33' title="bbox 268 2037 1045 2090; baseline 0.003 -12"><span class='ocrx_word' id='word_1_144' title='bbox 268 2040 367 2079; x_wconf 88' lang='lat' dir='ltr'>Ant.</span> <span class='ocrx_word' id='word_1_145' title='bbox 391 2037 545 2090; x_wconf 86' lang='lat' dir='ltr'>Specie</span> <span class='ocrx_word' id='word_1_146' title='bbox 562 2042 638 2078; x_wconf 93' lang='lat' dir='ltr'>tua</span> <span class='ocrx_word' id='word_1_147' title='bbox 657 2042 702 2079; x_wconf 90' lang='lat' dir='ltr'>et</span> <span class='ocrx_word' id='word_1_148' title='bbox 719 2037 1045 2090; x_wconf 80' lang='lat' dir='ltr'>pulchritudine</span> 
     </span>
     <span class='ocr_line' id='line_1_34' title="bbox 212 2093 1047 2146; baseline 0.001 -11"><span class='ocrx_word' id='word_1_149' title='bbox 212 2098 291 2135; x_wconf 87' lang='lat' dir='ltr'>tua</span> <span class='ocrx_word' id='word_1_150' title='bbox 309 2093 504 2143; x_wconf 86' lang='lat' dir='ltr'>intende,</span> <span class='ocrx_word' id='word_1_151' title='bbox 529 2095 744 2146; x_wconf 75' lang='lat' dir='ltr'>prespere</span> <span class='ocrx_word' id='word_1_152' title='bbox 762 2094 973 2146; x_wconf 89' lang='lat' dir='ltr'>procede,</span> <span class='ocrx_word' id='word_1_153' title='bbox 1003 2099 1047 2136; x_wconf 90' lang='lat' dir='ltr'>et</span> 
     </span>
     <span class='ocr_line' id='line_1_35' title="bbox 212 2162 357 2201; baseline 0.007 -11"><span class='ocrx_word' id='word_1_154' title='bbox 212 2162 357 2201; x_wconf 90' lang='lat' dir='ltr'>regna.</span> 
     </span>
    </p>

    <p class='ocr_par' dir='ltr' id='par_1_14' title="bbox 213 2205 1046 2359">
     <span class='ocr_line' id='line_1_36' title="bbox 267 2205 1046 2258; baseline -0.001 -9"><span class='ocrx_word' id='word_1_155' title='bbox 267 2211 366 2250; x_wconf 86' lang='lat' dir='ltr'>Ant.</span> <span class='ocrx_word' id='word_1_156' title='bbox 387 2205 627 2258; x_wconf 76' lang='lat' dir='ltr'>Adiuvabit</span> <span class='ocrx_word' id='word_1_157' title='bbox 642 2218 739 2247; x_wconf 87' lang='lat' dir='ltr'>eam</span> <span class='ocrx_word' id='word_1_158' title='bbox 751 2206 774 2231; x_wconf 87' lang='lat'>*</span> <span class='ocrx_word' id='word_1_159' title='bbox 786 2206 907 2247; x_wconf 91' lang='lat' dir='ltr'>Deus</span> <span class='ocrx_word' id='word_1_160' title='bbox 923 2206 1046 2248; x_wconf 93' lang='lat' dir='ltr'>vultu</span> 
     </span>
     <span class='ocr_line' id='line_1_37' title="bbox 214 2261 1046 2313; baseline 0.001 -11"><span class='ocrx_word' id='word_1_161' title='bbox 214 2273 309 2302; x_wconf 90' lang='lat' dir='ltr'>suo:</span> <span class='ocrx_word' id='word_1_162' title='bbox 328 2262 452 2303; x_wconf 92' lang='lat' dir='ltr'>Deus</span> <span class='ocrx_word' id='word_1_163' title='bbox 470 2262 514 2303; x_wconf 93' lang='lat' dir='ltr'>in</span> <span class='ocrx_word' id='word_1_164' title='bbox 533 2261 680 2303; x_wconf 91' lang='lat' dir='ltr'>medio</span> <span class='ocrx_word' id='word_1_165' title='bbox 702 2262 805 2313; x_wconf 88' lang='lat' dir='ltr'>ejus,</span> <span class='ocrx_word' id='word_1_166' title='bbox 826 2275 914 2303; x_wconf 92' lang='lat' dir='ltr'>non</span> <span class='ocrx_word' id='word_1_167' title='bbox 931 2275 1046 2304; x_wconf 91' lang='lat' dir='ltr'>com-</span> 
     </span>
     <span class='ocr_line' id='line_1_38' title="bbox 213 2317 472 2359; baseline 0.008 -2"><span class='ocrx_word' id='word_1_168' title='bbox 213 2317 472 2359; x_wconf 87' lang='lat' dir='ltr'>movebitur.</span> 
     </span>
    </p>

    <p class='ocr_par' dir='ltr' id='par_1_15' title="bbox 215 2378 1047 2590">
     <span class='ocr_line' id='line_1_39' title="bbox 482 2378 777 2419; baseline 0.003 -2"><span class='ocrx_word' id='word_1_169' title='bbox 482 2378 683 2419; x_wconf 87' lang='lat' dir='ltr'>Psahnus</span> <span class='ocrx_word' id='word_1_170' title='bbox 711 2380 777 2419; x_wconf 84' lang='lat'>45.</span> 
     </span>
     <span class='ocr_line' id='line_1_40' title="bbox 215 2429 1047 2534; baseline 0.002 -65"><span class='ocrx_word' id='word_1_171' title='bbox 215 2430 379 2534; x_wconf 90' lang='lat' dir='ltr'>Deus</span> <span class='ocrx_word' id='word_1_172' title='bbox 403 2434 553 2470; x_wconf 89' lang='lat' dir='ltr'>noster</span> <span class='ocrx_word' id='word_1_173' title='bbox 573 2429 803 2480; x_wconf 80' lang='lat' dir='ltr'>refugium,</span> <span class='ocrx_word' id='word_1_174' title='bbox 830 2434 874 2471; x_wconf 95' lang='lat' dir='ltr'>et</span> <span class='ocrx_word' id='word_1_175' title='bbox 893 2430 1047 2472; x_wconf 89' lang='lat' dir='ltr'>virtus:</span> 
     </span>
     <span class='ocr_line' id='line_1_41' title="bbox 321 2485 1047 2536; baseline 0.004 -11"><span class='ocrx_word' id='word_1_176' title='bbox 321 2485 345 2510; x_wconf 82' lang='lat'>*</span> <span class='ocrx_word' id='word_1_177' title='bbox 382 2485 556 2536; x_wconf 68' lang='lat' dir='ltr'>adintor</span> <span class='ocrx_word' id='word_1_178' title='bbox 592 2485 635 2525; x_wconf 93' lang='lat' dir='ltr'>in</span> <span class='ocrx_word' id='word_1_179' title='bbox 676 2485 1047 2536; x_wconf 80' lang='lat' dir='ltr'>tribulationibus,</span> 
     </span>
     <span class='ocr_line' id='line_1_42' title="bbox 218 2540 854 2590; baseline 0.003 -10"><span class='ocrx_word' id='word_1_180' title='bbox 218 2552 316 2590; x_wconf 87' lang='lat' dir='ltr'>quae</span> <span class='ocrx_word' id='word_1_181' title='bbox 336 2540 595 2582; x_wconf 90' lang='lat' dir='ltr'>invenerunt</span> <span class='ocrx_word' id='word_1_182' title='bbox 613 2554 696 2582; x_wconf 89' lang='lat' dir='ltr'>nos</span> <span class='ocrx_word' id='word_1_183' title='bbox 714 2542 854 2583; x_wconf 88' lang='lat' dir='ltr'>nimis.</span> 
     </span>
    </p>

    <p class='ocr_par' dir='ltr' id='par_1_16' title="bbox 216 2595 1048 2762">
     <span class='ocr_line' id='line_1_43' title="bbox 267 2595 1048 2647; baseline 0.008 -13"><span class='ocrx_word' id='word_1_184' title='bbox 267 2595 508 2647; x_wconf 85' lang='lat' dir='ltr'>Propterea</span> <span class='ocrx_word' id='word_1_185' title='bbox 539 2610 627 2638; x_wconf 92' lang='lat' dir='ltr'>non</span> <span class='ocrx_word' id='word_1_186' title='bbox 660 2597 911 2639; x_wconf 87' lang='lat' dir='ltr'>timebimus</span> <span class='ocrx_word' id='word_1_187' title='bbox 944 2598 1048 2640; x_wconf 93' lang='lat' dir='ltr'>dum</span> 
     </span>
     <span class='ocr_line' id='line_1_44' title="bbox 216 2650 1047 2696; baseline 0.007 -6"><span class='ocrx_word' id='word_1_188' title='bbox 216 2650 463 2692; x_wconf 79' lang='lat' dir='ltr'>turbabitur</span> <span class='ocrx_word' id='word_1_189' title='bbox 491 2656 623 2693; x_wconf 89' lang='lat' dir='ltr'>terra:</span> <span class='ocrx_word' id='word_1_190' title='bbox 651 2654 675 2679; x_wconf 85' lang='lat'>*</span> <span class='ocrx_word' id='word_1_191' title='bbox 705 2658 750 2695; x_wconf 93' lang='lat' dir='ltr'>et</span> <span class='ocrx_word' id='word_1_192' title='bbox 786 2654 1047 2696; x_wconf 83' lang='lat' dir='ltr'>transferen-</span> 
     </span>
     <span class='ocr_line' id='line_1_45' title="bbox 216 2708 801 2762; baseline 0.005 -15"><span class='ocrx_word' id='word_1_193' title='bbox 216 2710 287 2747; x_wconf 93' lang='lat' dir='ltr'>tur</span> <span class='ocrx_word' id='word_1_194' title='bbox 304 2711 478 2748; x_wconf 88' lang='lat' dir='ltr'>montes</span> <span class='ocrx_word' id='word_1_195' title='bbox 499 2708 542 2748; x_wconf 92' lang='lat' dir='ltr'>in</span> <span class='ocrx_word' id='word_1_196' title='bbox 562 2721 638 2749; x_wconf 94' lang='lat' dir='ltr'>cor</span> <span class='ocrx_word' id='word_1_197' title='bbox 658 2710 801 2762; x_wconf 73' lang='lat' dir='ltr'>maris.</span> 
     </span>
    </p>
   </div>
   <div class='ocr_carea' id='block_1_3' title="bbox 691 207 1446 250">
    <p class='ocr_par' dir='ltr' id='par_1_17' title="bbox 691 207 1446 250">
     <span class='ocr_line' id='line_1_46' title="bbox 691 207 1446 250; baseline 0 -10"><span class='ocrx_word' id='word_1_198' title='bbox 691 207 731 240; x_wconf 90' lang='lat' dir='ltr'>In</span> <span class='ocrx_word' id='word_1_199' title='bbox 759 207 884 241; x_wconf 69' lang='lat' dir='ltr'>Festis</span> <span class='ocrx_word' id='word_1_200' title='bbox 912 208 948 241; x_wconf 77' lang='grc' dir='ltr'>Β,</span> <span class='ocrx_word' id='word_1_201' title='bbox 977 207 1108 240; x_wconf 65' lang='lat' dir='ltr'>Mariae</span> <span class='ocrx_word' id='word_1_202' title='bbox 1134 207 1176 241; x_wconf 79' lang='lat' dir='ltr'>V.</span> <span class='ocrx_word' id='word_1_203' title='bbox 1203 217 1271 250; x_wconf 80' lang='lat' dir='ltr'>per</span> <span class='ocrx_word' id='word_1_204' title='bbox 1296 217 1446 240; x_wconf 77' lang='lat' dir='ltr'>annum.</span> 
     </span>
    </p>
   </div>
   <div class='ocr_carea' id='block_1_4' title="bbox 1096 299 1970 2764">
    <p class='ocr_par' dir='ltr' id='par_1_18' title="bbox 1096 299 1930 464">
     <span class='ocr_line' id='line_1_47' title="bbox 1148 299 1930 354; baseline 0.004 -15"><span class='ocrx_word' id='word_1_205' title='bbox 1148 299 1407 350; x_wconf 87' lang='lat' dir='ltr'>Sonuerunt,</span> <span class='ocrx_word' id='word_1_206' title='bbox 1423 305 1467 342; x_wconf 88' lang='lat' dir='ltr'>et</span> <span class='ocrx_word' id='word_1_207' title='bbox 1481 300 1672 342; x_wconf 78' lang='lat' dir='ltr'>turbatae</span> <span class='ocrx_word' id='word_1_208' title='bbox 1687 305 1789 343; x_wconf 91' lang='lat' dir='ltr'>sunt</span> <span class='ocrx_word' id='word_1_209' title='bbox 1802 314 1930 354; x_wconf 84' lang='lat' dir='ltr'>aquae</span> 
     </span>
     <span class='ocr_line' id='line_1_48' title="bbox 1098 356 1929 399; baseline 0.005 -4"><span class='ocrx_word' id='word_1_210' title='bbox 1098 357 1266 396; x_wconf 82' lang='lat' dir='ltr'>eorum:</span> <span class='ocrx_word' id='word_1_211' title='bbox 1295 356 1319 382; x_wconf 91' lang='lat'>*</span> <span class='ocrx_word' id='word_1_212' title='bbox 1347 356 1599 398; x_wconf 85' lang='lat' dir='ltr'>conturbati</span> <span class='ocrx_word' id='word_1_213' title='bbox 1628 362 1730 399; x_wconf 92' lang='lat' dir='ltr'>sunt</span> <span class='ocrx_word' id='word_1_214' title='bbox 1755 362 1929 399; x_wconf 88' lang='lat' dir='ltr'>montes</span> 
     </span>
     <span class='ocr_line' id='line_1_49' title="bbox 1096 411 1539 464; baseline 0.005 -12"><span class='ocrx_word' id='word_1_215' title='bbox 1096 411 1139 452; x_wconf 92' lang='lat' dir='ltr'>in</span> <span class='ocrx_word' id='word_1_216' title='bbox 1159 411 1417 454; x_wconf 78' lang='lat' dir='ltr'>fortitudine</span> <span class='ocrx_word' id='word_1_217' title='bbox 1437 414 1539 464; x_wconf 88' lang='lat' dir='ltr'>ejus.</span> 
     </span>
    </p>

    <p class='ocr_par' dir='ltr' id='par_1_19' title="bbox 1096 467 1930 623">
     <span class='ocr_line' id='line_1_50' title="bbox 1147 467 1930 521; baseline 0.001 -13"><span class='ocrx_word' id='word_1_218' title='bbox 1147 467 1360 510; x_wconf 81' lang='lat' dir='ltr'>Fluminis</span> <span class='ocrx_word' id='word_1_219' title='bbox 1387 470 1578 521; x_wconf 90' lang='lat' dir='ltr'>impetus</span> <span class='ocrx_word' id='word_1_220' title='bbox 1606 469 1802 511; x_wconf 85' lang='lat' dir='ltr'>laetfficat</span> <span class='ocrx_word' id='word_1_221' title='bbox 1829 468 1930 510; x_wconf 92' lang='lat' dir='ltr'>civi-</span> 
     </span>
     <span class='ocr_line' id='line_1_51' title="bbox 1096 524 1930 567; baseline 0.004 -3"><span class='ocrx_word' id='word_1_222' title='bbox 1096 525 1235 565; x_wconf 82' lang='lat' dir='ltr'>tatem</span> <span class='ocrx_word' id='word_1_223' title='bbox 1254 524 1353 566; x_wconf 92' lang='lat' dir='ltr'>Dei:</span> <span class='ocrx_word' id='word_1_224' title='bbox 1372 525 1396 550; x_wconf 90' lang='lat'>*</span> <span class='ocrx_word' id='word_1_225' title='bbox 1417 525 1706 567; x_wconf 81' lang='lat' dir='ltr'>sanctificavit</span> <span class='ocrx_word' id='word_1_226' title='bbox 1729 525 1930 567; x_wconf 77' lang='lat' dir='ltr'>taberna-</span> 
     </span>
     <span class='ocr_line' id='line_1_52' title="bbox 1098 579 1673 623; baseline 0.003 -2"><span class='ocrx_word' id='word_1_227' title='bbox 1098 579 1244 621; x_wconf 90' lang='lat' dir='ltr'>culum</span> <span class='ocrx_word' id='word_1_228' title='bbox 1264 593 1391 622; x_wconf 91' lang='lat' dir='ltr'>suum</span> <span class='ocrx_word' id='word_1_229' title='bbox 1411 580 1673 623; x_wconf 88' lang='lat' dir='ltr'>Altissimus.</span> 
     </span>
    </p>

    <p class='ocr_par' dir='ltr' id='par_1_20' title="bbox 1096 635 1930 790">
     <span class='ocr_line' id='line_1_53' title="bbox 1147 635 1930 688; baseline 0.004 -12"><span class='ocrx_word' id='word_1_230' title='bbox 1147 635 1270 677; x_wconf 89' lang='lat' dir='ltr'>Deus</span> <span class='ocrx_word' id='word_1_231' title='bbox 1288 637 1332 676; x_wconf 89' lang='lat' dir='ltr'>in</span> <span class='ocrx_word' id='word_1_232' title='bbox 1351 636 1498 678; x_wconf 90' lang='lat' dir='ltr'>medio</span> <span class='ocrx_word' id='word_1_233' title='bbox 1514 637 1617 688; x_wconf 88' lang='lat' dir='ltr'>ejus,</span> <span class='ocrx_word' id='word_1_234' title='bbox 1632 650 1721 679; x_wconf 93' lang='lat' dir='ltr'>non</span> <span class='ocrx_word' id='word_1_235' title='bbox 1738 651 1930 680; x_wconf 91' lang='lat' dir='ltr'>commo-</span> 
     </span>
     <span class='ocr_line' id='line_1_54' title="bbox 1097 691 1930 744; baseline 0.005 -12"><span class='ocrx_word' id='word_1_236' title='bbox 1097 691 1284 733; x_wconf 90' lang='lat' dir='ltr'>vebitur:</span> <span class='ocrx_word' id='word_1_237' title='bbox 1303 693 1327 718; x_wconf 87' lang='lat'>*</span> <span class='ocrx_word' id='word_1_238' title='bbox 1347 692 1572 744; x_wconf 79' lang='lat' dir='ltr'>adjuvabit</span> <span class='ocrx_word' id='word_1_239' title='bbox 1591 706 1688 735; x_wconf 86' lang='lat' dir='ltr'>eam</span> <span class='ocrx_word' id='word_1_240' title='bbox 1701 694 1824 736; x_wconf 88' lang='lat' dir='ltr'>Deus</span> <span class='ocrx_word' id='word_1_241' title='bbox 1842 707 1930 735; x_wconf 89' lang='lat' dir='ltr'>ma-</span> 
     </span>
     <span class='ocr_line' id='line_1_55' title="bbox 1096 747 1376 790; baseline 0.004 -2"><span class='ocrx_word' id='word_1_242' title='bbox 1096 761 1152 790; x_wconf 93' lang='lat' dir='ltr'>ne</span> <span class='ocrx_word' id='word_1_243' title='bbox 1172 747 1376 790; x_wconf 80' lang='lat' dir='ltr'>diluculo.</span> 
     </span>
    </p>

    <p class='ocr_par' dir='ltr' id='par_1_21' title="bbox 1098 804 1932 966">
     <span class='ocr_line' id='line_1_56' title="bbox 1150 804 1931 856; baseline 0.003 -11"><span class='ocrx_word' id='word_1_244' title='bbox 1150 804 1436 846; x_wconf 84' lang='lat' dir='ltr'>Conturbatae</span> <span class='ocrx_word' id='word_1_245' title='bbox 1465 810 1566 846; x_wconf 92' lang='lat' dir='ltr'>sunt</span> <span class='ocrx_word' id='word_1_246' title='bbox 1586 805 1771 856; x_wconf 88' lang='lat' dir='ltr'>Gentes,</span> <span class='ocrx_word' id='word_1_247' title='bbox 1800 810 1845 847; x_wconf 91' lang='lat' dir='ltr'>et</span> <span class='ocrx_word' id='word_1_248' title='bbox 1870 806 1931 846; x_wconf 93' lang='lat' dir='ltr'>in-</span> 
     </span>
     <span class='ocr_line' id='line_1_57' title="bbox 1098 859 1932 912; baseline 0.004 -12"><span class='ocrx_word' id='word_1_249' title='bbox 1098 859 1258 901; x_wconf 79' lang='lat' dir='ltr'>clinata</span> <span class='ocrx_word' id='word_1_250' title='bbox 1286 866 1387 902; x_wconf 92' lang='lat' dir='ltr'>sunt</span> <span class='ocrx_word' id='word_1_251' title='bbox 1414 874 1564 912; x_wconf 86' lang='lat' dir='ltr'>regna:</span> <span class='ocrx_word' id='word_1_252' title='bbox 1582 862 1606 888; x_wconf 89' lang='lat'>*</span> <span class='ocrx_word' id='word_1_253' title='bbox 1626 861 1749 904; x_wconf 92' lang='lat' dir='ltr'>dedit</span> <span class='ocrx_word' id='word_1_254' title='bbox 1775 874 1932 903; x_wconf 91' lang='lat' dir='ltr'>vocem</span> 
     </span>
     <span class='ocr_line' id='line_1_58' title="bbox 1098 922 1606 966; baseline 0.002 -9"><span class='ocrx_word' id='word_1_255' title='bbox 1098 929 1233 966; x_wconf 92' lang='lat' dir='ltr'>suam,</span> <span class='ocrx_word' id='word_1_256' title='bbox 1251 922 1374 958; x_wconf 91' lang='lat' dir='ltr'>mota</span> <span class='ocrx_word' id='word_1_257' title='bbox 1393 922 1460 958; x_wconf 87' lang='lat' dir='ltr'>est</span> <span class='ocrx_word' id='word_1_258' title='bbox 1478 922 1606 959; x_wconf 89' lang='lat' dir='ltr'>terra.</span> 
     </span>
    </p>

    <p class='ocr_par' dir='ltr' id='par_1_22' title="bbox 1098 973 1932 1081">
     <span class='ocr_line' id='line_1_59' title="bbox 1149 973 1932 1015; baseline 0.003 -2"><span class='ocrx_word' id='word_1_259' title='bbox 1149 973 1367 1014; x_wconf 82' lang='lat' dir='ltr'>D6minus</span> <span class='ocrx_word' id='word_1_260' title='bbox 1394 974 1605 1015; x_wconf 79' lang='lat' dir='ltr'>virtutum</span> <span class='ocrx_word' id='word_1_261' title='bbox 1631 973 1880 1015; x_wconf 90' lang='lat' dir='ltr'>nobiscum:</span> <span class='ocrx_word' id='word_1_262' title='bbox 1907 973 1932 999; x_wconf 79' lang='lat'>&#39;⁸‘</span> 
     </span>
     <span class='ocr_line' id='line_1_60' title="bbox 1098 1029 1811 1081; baseline 0.001 -11"><span class='ocrx_word' id='word_1_263' title='bbox 1098 1030 1331 1081; x_wconf 88' lang='lat' dir='ltr'>susceptor</span> <span class='ocrx_word' id='word_1_264' title='bbox 1349 1034 1502 1071; x_wconf 88' lang='lat' dir='ltr'>noster</span> <span class='ocrx_word' id='word_1_265' title='bbox 1519 1030 1642 1071; x_wconf 90' lang='lat' dir='ltr'>Deus</span> <span class='ocrx_word' id='word_1_266' title='bbox 1660 1029 1811 1071; x_wconf 87' lang='lat' dir='ltr'>Jacob.</span> 
     </span>
    </p>

    <p class='ocr_par' dir='ltr' id='par_1_23' title="bbox 1097 1085 1970 1294">
     <span class='ocr_line' id='line_1_61' title="bbox 1149 1085 1932 1139; baseline 0.001 -14"><span class='ocrx_word' id='word_1_267' title='bbox 1149 1085 1325 1135; x_wconf 90' lang='lat' dir='ltr'>Venite,</span> <span class='ocrx_word' id='word_1_268' title='bbox 1351 1090 1395 1127; x_wconf 92' lang='lat' dir='ltr'>et</span> <span class='ocrx_word' id='word_1_269' title='bbox 1416 1085 1563 1127; x_wconf 91' lang='lat' dir='ltr'>videte</span> <span class='ocrx_word' id='word_1_270' title='bbox 1588 1088 1725 1139; x_wconf 73' lang='lat' dir='ltr'>Opera</span> <span class='ocrx_word' id='word_1_271' title='bbox 1742 1086 1932 1135; x_wconf 81' lang='lat' dir='ltr'>Domini,</span> 
     </span>
     <span class='ocr_line' id='line_1_62' title="bbox 1099 1141 1932 1195; baseline 0.001 -13"><span class='ocrx_word' id='word_1_272' title='bbox 1099 1153 1198 1192; x_wconf 79' lang='lat' dir='ltr'>quae</span> <span class='ocrx_word' id='word_1_273' title='bbox 1217 1141 1367 1193; x_wconf 72' lang='lat' dir='ltr'>pesuit</span> <span class='ocrx_word' id='word_1_274' title='bbox 1386 1141 1589 1194; x_wconf 89' lang='lat' dir='ltr'>prodigia</span> <span class='ocrx_word' id='word_1_275' title='bbox 1604 1154 1737 1195; x_wconf 90' lang='lat' dir='ltr'>super</span> <span class='ocrx_word' id='word_1_276' title='bbox 1750 1146 1932 1184; x_wconf 87' lang='lat' dir='ltr'>terram:</span> 
     </span>
     <span class='ocr_line' id='line_1_63' title="bbox 1097 1197 1970 1250; baseline 0 -12"><span class='ocrx_word' id='word_1_277' title='bbox 1097 1197 1121 1222; x_wconf 87' lang='grc'>*</span> <span class='ocrx_word' id='word_1_278' title='bbox 1154 1197 1356 1239; x_wconf 79' lang='lat' dir='ltr'>auferens</span> <span class='ocrx_word' id='word_1_279' title='bbox 1388 1197 1506 1239; x_wconf 92' lang='lat' dir='ltr'>bella</span> <span class='ocrx_word' id='word_1_280' title='bbox 1536 1211 1679 1250; x_wconf 92' lang='lat' dir='ltr'>usque</span> <span class='ocrx_word' id='word_1_281' title='bbox 1710 1197 1767 1240; x_wconf 91' lang='lat' dir='ltr'>ad</span> <span class='ocrx_word' id='word_1_282' title='bbox 1798 1197 1932 1240; x_wconf 91' lang='lat' dir='ltr'>finem</span> <span class='ocrx_word' id='word_1_283' title='bbox 1965 1197 1970 1203; x_wconf 87' lang='lat'>&#39;</span> 
     </span>
     <span class='ocr_line' id='line_1_64' title="bbox 1097 1258 1239 1294; baseline -0.007 0"><span class='ocrx_word' id='word_1_284' title='bbox 1097 1258 1239 1294; x_wconf 87' lang='lat' dir='ltr'>terrae.</span> 
     </span>
    </p>

    <p class='ocr_par' dir='ltr' id='par_1_24' title="bbox 1098 1309 1933 1417">
     <span class='ocr_line' id='line_1_65' title="bbox 1150 1309 1933 1361; baseline 0.003 -12"><span class='ocrx_word' id='word_1_285' title='bbox 1150 1309 1318 1350; x_wconf 91' lang='lat' dir='ltr'>Arcum</span> <span class='ocrx_word' id='word_1_286' title='bbox 1349 1311 1565 1360; x_wconf 74' lang='lat' dir='ltr'>centeret,</span> <span class='ocrx_word' id='word_1_287' title='bbox 1606 1314 1651 1352; x_wconf 91' lang='lat' dir='ltr'>et</span> <span class='ocrx_word' id='word_1_288' title='bbox 1687 1310 1933 1361; x_wconf 77' lang='lat' dir='ltr'>confringet</span> 
     </span>
     <span class='ocr_line' id='line_1_66' title="bbox 1098 1365 1858 1417; baseline 0.001 -11"><span class='ocrx_word' id='word_1_289' title='bbox 1098 1377 1236 1406; x_wconf 89' lang='lat' dir='ltr'>arma:</span> <span class='ocrx_word' id='word_1_290' title='bbox 1254 1365 1278 1391; x_wconf 87' lang='lat'>*</span> <span class='ocrx_word' id='word_1_291' title='bbox 1298 1370 1342 1407; x_wconf 91' lang='lat' dir='ltr'>et</span> <span class='ocrx_word' id='word_1_292' title='bbox 1361 1370 1488 1407; x_wconf 88' lang='lat' dir='ltr'>scuta</span> <span class='ocrx_word' id='word_1_293' title='bbox 1508 1365 1740 1408; x_wconf 77' lang='lat' dir='ltr'>comburet</span> <span class='ocrx_word' id='word_1_294' title='bbox 1757 1365 1858 1417; x_wconf 88' lang='lat' dir='ltr'>igni.</span> 
     </span>
    </p>

    <p class='ocr_par' dir='ltr' id='par_1_25' title="bbox 1098 1421 1932 1576">
     <span class='ocr_line' id='line_1_67' title="bbox 1149 1421 1932 1475; baseline 0.003 -13"><span class='ocrx_word' id='word_1_295' title='bbox 1149 1421 1335 1471; x_wconf 80' lang='lat' dir='ltr'>Vacate,</span> <span class='ocrx_word' id='word_1_296' title='bbox 1363 1426 1408 1463; x_wconf 91' lang='lat' dir='ltr'>et</span> <span class='ocrx_word' id='word_1_297' title='bbox 1435 1421 1583 1464; x_wconf 92' lang='lat' dir='ltr'>videte</span> <span class='ocrx_word' id='word_1_298' title='bbox 1613 1422 1820 1475; x_wconf 73' lang='lat' dir='ltr'>queniam</span> <span class='ocrx_word' id='word_1_299' title='bbox 1848 1435 1932 1474; x_wconf 92' lang='lat' dir='ltr'>ego</span> 
     </span>
     <span class='ocr_line' id='line_1_68' title="bbox 1098 1477 1932 1529; baseline 0.002 -11"><span class='ocrx_word' id='word_1_300' title='bbox 1098 1490 1196 1518; x_wconf 90' lang='lat' dir='ltr'>sum</span> <span class='ocrx_word' id='word_1_301' title='bbox 1210 1477 1348 1519; x_wconf 90' lang='lat' dir='ltr'>Deus:</span> <span class='ocrx_word' id='word_1_302' title='bbox 1362 1477 1387 1503; x_wconf 86' lang='lat'>*</span> <span class='ocrx_word' id='word_1_303' title='bbox 1399 1477 1629 1520; x_wconf 80' lang='lat' dir='ltr'>exaltabor</span> <span class='ocrx_word' id='word_1_304' title='bbox 1644 1478 1689 1519; x_wconf 92' lang='lat' dir='ltr'>in</span> <span class='ocrx_word' id='word_1_305' title='bbox 1704 1477 1932 1529; x_wconf 85' lang='lat' dir='ltr'>Gentibus,</span> 
     </span>
     <span class='ocr_line' id='line_1_69' title="bbox 1098 1533 1604 1576; baseline 0 -2"><span class='ocrx_word' id='word_1_306' title='bbox 1098 1537 1142 1574; x_wconf 93' lang='lat' dir='ltr'>et</span> <span class='ocrx_word' id='word_1_307' title='bbox 1163 1533 1394 1575; x_wconf 77' lang='lat' dir='ltr'>exaltabor</span> <span class='ocrx_word' id='word_1_308' title='bbox 1412 1534 1457 1574; x_wconf 91' lang='lat' dir='ltr'>in</span> <span class='ocrx_word' id='word_1_309' title='bbox 1474 1538 1604 1576; x_wconf 89' lang='lat' dir='ltr'>terra.</span> 
     </span>
    </p>

    <p class='ocr_par' dir='ltr' id='par_1_26' title="bbox 1098 1589 1932 1698">
     <span class='ocr_line' id='line_1_70' title="bbox 1149 1589 1932 1632; baseline 0.003 -2"><span class='ocrx_word' id='word_1_310' title='bbox 1149 1589 1366 1631; x_wconf 72' lang='lat' dir='ltr'>Deminus</span> <span class='ocrx_word' id='word_1_311' title='bbox 1395 1590 1607 1631; x_wconf 79' lang='lat' dir='ltr'>virtutum</span> <span class='ocrx_word' id='word_1_312' title='bbox 1633 1589 1881 1632; x_wconf 85' lang='lat' dir='ltr'>nobiscum:</span> <span class='ocrx_word' id='word_1_313' title='bbox 1907 1590 1932 1616; x_wconf 86' lang='lat'>*</span> 
     </span>
     <span class='ocr_line' id='line_1_71' title="bbox 1098 1645 1812 1698; baseline 0.003 -12"><span class='ocrx_word' id='word_1_314' title='bbox 1098 1647 1331 1698; x_wconf 88' lang='lat' dir='ltr'>susceptor</span> <span class='ocrx_word' id='word_1_315' title='bbox 1349 1650 1502 1687; x_wconf 91' lang='lat' dir='ltr'>noster</span> <span class='ocrx_word' id='word_1_316' title='bbox 1519 1645 1643 1688; x_wconf 91' lang='lat' dir='ltr'>Deus</span> <span class='ocrx_word' id='word_1_317' title='bbox 1661 1645 1812 1688; x_wconf 87' lang='lat' dir='ltr'>Jacob.</span> 
     </span>
    </p>

    <p class='ocr_par' dir='ltr' id='par_1_27' title="bbox 1098 1701 1935 1856">
     <span class='ocr_line' id='line_1_72' title="bbox 1153 1701 1932 1753; baseline 0.001 -10"><span class='ocrx_word' id='word_1_318' title='bbox 1153 1705 1253 1745; x_wconf 90' lang='lat' dir='ltr'>Ant.</span> <span class='ocrx_word' id='word_1_319' title='bbox 1286 1701 1521 1753; x_wconf 81' lang='lat' dir='ltr'>Adiuvabit</span> <span class='ocrx_word' id='word_1_320' title='bbox 1546 1715 1643 1743; x_wconf 90' lang='lat' dir='ltr'>eam</span> <span class='ocrx_word' id='word_1_321' title='bbox 1662 1702 1785 1744; x_wconf 86' lang='lat' dir='ltr'>Deus</span> <span class='ocrx_word' id='word_1_322' title='bbox 1807 1701 1932 1744; x_wconf 90' lang='lat' dir='ltr'>vultu</span> 
     </span>
     <span class='ocr_line' id='line_1_73' title="bbox 1099 1757 1932 1810; baseline 0.002 -12"><span class='ocrx_word' id='word_1_323' title='bbox 1099 1770 1195 1799; x_wconf 91' lang='lat' dir='ltr'>suo:</span> <span class='ocrx_word' id='word_1_324' title='bbox 1213 1757 1337 1799; x_wconf 88' lang='lat' dir='ltr'>Deus</span> <span class='ocrx_word' id='word_1_325' title='bbox 1355 1757 1400 1798; x_wconf 96' lang='lat' dir='ltr'>in</span> <span class='ocrx_word' id='word_1_326' title='bbox 1418 1757 1566 1800; x_wconf 87' lang='lat' dir='ltr'>medio</span> <span class='ocrx_word' id='word_1_327' title='bbox 1587 1758 1689 1810; x_wconf 90' lang='lat' dir='ltr'>ejus,</span> <span class='ocrx_word' id='word_1_328' title='bbox 1708 1771 1798 1800; x_wconf 93' lang='lat' dir='ltr'>non</span> <span class='ocrx_word' id='word_1_329' title='bbox 1816 1771 1932 1800; x_wconf 92' lang='lat' dir='ltr'>com-</span> 
     </span>
     <span class='ocr_line' id='line_1_74' title="bbox 1098 1814 1935 1856; baseline 0.001 -2"><span class='ocrx_word' id='word_1_330' title='bbox 1098 1814 1359 1856; x_wconf 89' lang='lat' dir='ltr'>movebitur.</span> <span class='ocrx_word' id='word_1_331' title='bbox 1931 1827 1935 1831; x_wconf 92' lang='lat'>·</span> 
     </span>
    </p>

    <p class='ocr_par' dir='ltr' id='par_1_28' title="bbox 1098 1869 1933 2025">
     <span class='ocr_line' id='line_1_75' title="bbox 1153 1869 1933 1912; baseline 0.005 -4"><span class='ocrx_word' id='word_1_332' title='bbox 1153 1870 1254 1909; x_wconf 86' lang='lat' dir='ltr'>Ant.</span> <span class='ocrx_word' id='word_1_333' title='bbox 1283 1870 1404 1911; x_wconf 88' lang='lat' dir='ltr'>Sicut</span> <span class='ocrx_word' id='word_1_334' title='bbox 1426 1869 1670 1911; x_wconf 80' lang='lat' dir='ltr'>laetantium</span> <span class='ocrx_word' id='word_1_335' title='bbox 1690 1870 1714 1897; x_wconf 91' lang='lat'>*</span> <span class='ocrx_word' id='word_1_336' title='bbox 1738 1870 1933 1912; x_wconf 75' lang='lat' dir='ltr'>emnium</span> 
     </span>
     <span class='ocr_line' id='line_1_76' title="bbox 1099 1926 1933 1978; baseline 0.001 -11"><span class='ocrx_word' id='word_1_337' title='bbox 1099 1931 1299 1968; x_wconf 86' lang='lat' dir='ltr'>nostrum</span> <span class='ocrx_word' id='word_1_338' title='bbox 1316 1926 1532 1968; x_wconf 82' lang='lat' dir='ltr'>habitatio</span> <span class='ocrx_word' id='word_1_339' title='bbox 1553 1931 1621 1968; x_wconf 92' lang='lat' dir='ltr'>est</span> <span class='ocrx_word' id='word_1_340' title='bbox 1639 1927 1685 1967; x_wconf 94' lang='lat' dir='ltr'>in</span> <span class='ocrx_word' id='word_1_341' title='bbox 1702 1931 1758 1978; x_wconf 92' lang='lat' dir='ltr'>te,</span> <span class='ocrx_word' id='word_1_342' title='bbox 1780 1931 1933 1969; x_wconf 86' lang='lat' dir='ltr'>sancta</span> 
     </span>
     <span class='ocr_line' id='line_1_77' title="bbox 1098 1983 1413 2025; baseline -0.003 -1"><span class='ocrx_word' id='word_1_343' title='bbox 1098 1983 1183 2024; x_wconf 92' lang='lat' dir='ltr'>Dei</span> <span class='ocrx_word' id='word_1_344' title='bbox 1202 1983 1413 2025; x_wconf 84' lang='lat' dir='ltr'>Genitrix.</span> 
     </span>
    </p>

    <p class='ocr_par' dir='ltr' id='par_1_29' title="bbox 1099 2042 1933 2305">
     <span class='ocr_line' id='line_1_78' title="bbox 1376 2042 1664 2084; baseline 0.007 -3"><span class='ocrx_word' id='word_1_345' title='bbox 1376 2042 1577 2083; x_wconf 85' lang='lat' dir='ltr'>Psalmus</span> <span class='ocrx_word' id='word_1_346' title='bbox 1598 2044 1664 2084; x_wconf 87' lang='grc'>86.</span> 
     </span>
     <span class='ocr_line' id='line_1_79' title="bbox 1100 2093 1933 2198; baseline 0.007 -64"><span class='ocrx_word' id='word_1_347' title='bbox 1100 2093 1449 2198; x_wconf 84' lang='lat' dir='ltr'>Fundamenta</span> <span class='ocrx_word' id='word_1_348' title='bbox 1489 2096 1580 2147; x_wconf 88' lang='lat' dir='ltr'>ejus</span> <span class='ocrx_word' id='word_1_349' title='bbox 1621 2096 1666 2136; x_wconf 93' lang='lat' dir='ltr'>in</span> <span class='ocrx_word' id='word_1_350' title='bbox 1709 2097 1933 2139; x_wconf 72' lang='lat' dir='ltr'>mentibus</span> 
     </span>
     <span class='ocr_line' id='line_1_80' title="bbox 1195 2150 1932 2207; baseline 0.004 -16"><span class='ocrx_word' id='word_1_351' title='bbox 1195 2151 1372 2192; x_wconf 89' lang='lat' dir='ltr'>sanctis:</span> <span class='ocrx_word' id='word_1_352' title='bbox 1391 2151 1415 2177; x_wconf 85' lang='lat'>*</span> <span class='ocrx_word' id='word_1_353' title='bbox 1435 2150 1579 2203; x_wconf 86' lang='lat' dir='ltr'>diligit</span> <span class='ocrx_word' id='word_1_354' title='bbox 1596 2152 1813 2194; x_wconf 79' lang='lat' dir='ltr'>Dominus</span> <span class='ocrx_word' id='word_1_355' title='bbox 1832 2167 1932 2207; x_wconf 91' lang='lat' dir='ltr'>por-</span> 
     </span>
     <span class='ocr_line' id='line_1_81' title="bbox 1100 2206 1932 2260; baseline 0.004 -12"><span class='ocrx_word' id='word_1_356' title='bbox 1100 2212 1169 2248; x_wconf 89' lang='lat' dir='ltr'>tas</span> <span class='ocrx_word' id='word_1_357' title='bbox 1192 2206 1298 2248; x_wconf 92' lang='lat' dir='ltr'>Sion</span> <span class='ocrx_word' id='word_1_358' title='bbox 1322 2220 1455 2260; x_wconf 90' lang='lat' dir='ltr'>super</span> <span class='ocrx_word' id='word_1_359' title='bbox 1480 2209 1626 2250; x_wconf 75' lang='lat' dir='ltr'>emnia</span> <span class='ocrx_word' id='word_1_360' title='bbox 1648 2208 1932 2252; x_wconf 78' lang='lat' dir='ltr'>tabernacula</span> 
     </span>
     <span class='ocr_line' id='line_1_82' title="bbox 1099 2263 1250 2305; baseline 0.007 -1"><span class='ocrx_word' id='word_1_361' title='bbox 1099 2263 1250 2305; x_wconf 88' lang='lat' dir='ltr'>Jacob.</span> 
     </span>
    </p>

    <p class='ocr_par' dir='ltr' id='par_1_30' title="bbox 1100 2319 1932 2417">
     <span class='ocr_line' id='line_1_83' title="bbox 1153 2319 1932 2371; baseline 0.003 -11"><span class='ocrx_word' id='word_1_362' title='bbox 1153 2319 1360 2361; x_wconf 81' lang='lat' dir='ltr'>Gloriosa</span> <span class='ocrx_word' id='word_1_363' title='bbox 1379 2319 1499 2362; x_wconf 91' lang='lat' dir='ltr'>dicta</span> <span class='ocrx_word' id='word_1_364' title='bbox 1518 2325 1619 2362; x_wconf 91' lang='lat' dir='ltr'>sunt</span> <span class='ocrx_word' id='word_1_365' title='bbox 1639 2321 1695 2363; x_wconf 90' lang='lat' dir='ltr'>de</span> <span class='ocrx_word' id='word_1_366' title='bbox 1713 2326 1769 2371; x_wconf 92' lang='lat' dir='ltr'>te,</span> <span class='ocrx_word' id='word_1_367' title='bbox 1787 2322 1812 2349; x_wconf 87' lang='lat'>*</span> <span class='ocrx_word' id='word_1_368' title='bbox 1831 2321 1932 2363; x_wconf 89' lang='lat' dir='ltr'>civi-</span> 
     </span>
     <span class='ocr_line' id='line_1_84' title="bbox 1100 2375 1282 2417; baseline -0.005 0"><span class='ocrx_word' id='word_1_369' title='bbox 1100 2381 1168 2417; x_wconf 88' lang='lat' dir='ltr'>tas</span> <span class='ocrx_word' id='word_1_370' title='bbox 1186 2375 1282 2416; x_wconf 91' lang='lat' dir='ltr'>Dei.</span> 
     </span>
    </p>

    <p class='ocr_par' dir='ltr' id='par_1_31' title="bbox 1100 2431 1933 2529">
     <span class='ocr_line' id='line_1_85' title="bbox 1151 2431 1933 2484; baseline 0.001 -12"><span class='ocrx_word' id='word_1_371' title='bbox 1151 2431 1323 2472; x_wconf 90' lang='lat' dir='ltr'>Memor</span> <span class='ocrx_word' id='word_1_372' title='bbox 1343 2444 1419 2473; x_wconf 87' lang='lat' dir='ltr'>ero</span> <span class='ocrx_word' id='word_1_373' title='bbox 1440 2431 1608 2482; x_wconf 86' lang='lat' dir='ltr'>Rahab,</span> <span class='ocrx_word' id='word_1_374' title='bbox 1630 2436 1675 2474; x_wconf 92' lang='lat' dir='ltr'>et</span> <span class='ocrx_word' id='word_1_375' title='bbox 1692 2431 1933 2484; x_wconf 76' lang='lat' dir='ltr'>Babylc&#39;mis</span> 
     </span>
     <span class='ocr_line' id='line_1_86' title="bbox 1100 2487 1473 2529; baseline 0.003 -1"><span class='ocrx_word' id='word_1_376' title='bbox 1100 2488 1124 2513; x_wconf 87' lang='lat'>*</span> <span class='ocrx_word' id='word_1_377' title='bbox 1143 2487 1374 2529; x_wconf 90' lang='lat' dir='ltr'>scientium</span> <span class='ocrx_word' id='word_1_378' title='bbox 1392 2500 1473 2529; x_wconf 92' lang='lat' dir='ltr'>me.</span> 
     </span>
    </p>

    <p class='ocr_par' dir='ltr' id='par_1_32' title="bbox 1100 2543 1935 2697">
     <span class='ocr_line' id='line_1_87' title="bbox 1151 2543 1934 2596; baseline 0.003 -12"><span class='ocrx_word' id='word_1_379' title='bbox 1151 2544 1268 2585; x_wconf 91' lang='lat' dir='ltr'>Ecce</span> <span class='ocrx_word' id='word_1_380' title='bbox 1301 2543 1575 2595; x_wconf 86' lang='lat' dir='ltr'>alienigenae,</span> <span class='ocrx_word' id='word_1_381' title='bbox 1613 2548 1657 2585; x_wconf 92' lang='lat' dir='ltr'>et</span> <span class='ocrx_word' id='word_1_382' title='bbox 1689 2544 1853 2596; x_wconf 87' lang='lat' dir='ltr'>Tyrus,</span> <span class='ocrx_word' id='word_1_383' title='bbox 1890 2549 1934 2586; x_wconf 92' lang='lat' dir='ltr'>et</span> 
     </span>
     <span class='ocr_line' id='line_1_88' title="bbox 1101 2599 1935 2652; baseline 0.004 -12"><span class='ocrx_word' id='word_1_384' title='bbox 1101 2599 1291 2652; x_wconf 83' lang='lat' dir='ltr'>p6pulus</span> <span class='ocrx_word' id='word_1_385' title='bbox 1319 2599 1597 2652; x_wconf 89' lang='lat' dir='ltr'>AEthiopum,</span> <span class='ocrx_word' id='word_1_386' title='bbox 1628 2600 1651 2626; x_wconf 85' lang='lat'>*</span> <span class='ocrx_word' id='word_1_387' title='bbox 1684 2600 1729 2641; x_wconf 89' lang='lat' dir='ltr'>hi</span> <span class='ocrx_word' id='word_1_388' title='bbox 1760 2600 1935 2643; x_wconf 86' lang='lat' dir='ltr'>fuerunt</span> 
     </span>
     <span class='ocr_line' id='line_1_89' title="bbox 1100 2655 1200 2697; baseline 0.01 -2"><span class='ocrx_word' id='word_1_389' title='bbox 1100 2655 1200 2697; x_wconf 92' lang='lat' dir='ltr'>illic.</span> 
     </span>
    </p>

    <p class='ocr_par' dir='ltr' id='par_1_33' title="bbox 1154 2711 1935 2764">
     <span class='ocr_line' id='line_1_90' title="bbox 1154 2711 1935 2764; baseline 0 -11"><span class='ocrx_word' id='word_1_390' title='bbox 1154 2711 1381 2764; x_wconf 91' lang='lat' dir='ltr'>Numquid</span> <span class='ocrx_word' id='word_1_391' title='bbox 1404 2711 1508 2753; x_wconf 91' lang='lat' dir='ltr'>Sion</span> <span class='ocrx_word' id='word_1_392' title='bbox 1535 2711 1666 2754; x_wconf 83' lang='lat' dir='ltr'>dicet:</span> <span class='ocrx_word' id='word_1_393' title='bbox 1695 2712 1862 2762; x_wconf 91' lang='lat' dir='ltr'>Homo,</span> <span class='ocrx_word' id='word_1_394' title='bbox 1889 2716 1935 2754; x_wconf 92' lang='lat' dir='ltr'>et</span> 
     </span>
    </p>
   </div>
   <div class='ocr_carea' id='block_1_5' title="bbox 149 149 1995 2815">
    <p class='ocr_par' dir='ltr' id='par_1_34' title="bbox 149 149 1995 2815">
     <span class='ocr_line' id='line_1_91' title="bbox 149 149 1995 2815; baseline 0 0"><span class='ocrx_word' id='word_1_395' title='bbox 149 149 1995 2815; x_wconf 95' lang='lat' dir='ltr'> </span> 
     </span>
    </p>
   </div>
  </div>
 </body>
</html>
