2066 2956
610 205 785 239 Officium
811 205 983 237 votivum
1012 204 1058 237 de
1085 203 1271 236 missione
1299 202 1339 236 l).
1363 202 1405 235 N.
1427 202 1459 235 .l.
1481 201 1520 235 C.

213 314 304 343 rem
332 303 545 350 amaram,
579 306 627 343 ut
660 304 867 353 sagittent
898 302 941 343 in
970 315 1039 343 oc-

213 358 340 400 cultis
367 357 705 399 immaculatum.

263 414 417 456 Subito
443 414 712 466 sagittabunt
736 428 852 465 eum,
886 421 930 457 et
953 429 1041 457 non

212 470 445 513 timebunt:
473 472 496 496 *
525 470 809 513 firmaverunt
840 471 922 514 sibi
955 485 1040 513 ser·

212 530 388 569 monem
406 540 606 580 nequam.

263 584 563 626 Narraverunt
616 589 664 626 ut
720 584 1043 627 absconderent

213 642 411 727 laqueos:
438 642 462 667 *
491 640 705 683 dixerunt:
743 642 849 692 Quis
877 641 1043 683 videbit

214 711 307 739 eos.

265 754 455 796 Scrutati
476 759 577 796 sunt
600 755 865 807 iniquitates:
884 755 908 781 *
928 754 1043 797 defe-

214 813 366 853 cerunt
386 813 630 853 scrutantes
651 811 870 853 scrutinio.

266 867 463 909 Accedet
489 867 622 909 homo
652 868 708 909 ad
737 881 814 909 cor
841 869 992 910 altum:
1020 869 1044 894 *

215 930 259 966 et
278 923 541 966 exaltabitur
559 925 692 966 Deus.

266 982 444 1031 Sagittae
473 981 755 1034 parvulorum
788 982 916 1023 faetae
945 987 1045 1024 sunt

214 1038 356 1091 plagae
385 1040 551 1079 eorum:
570 1039 594 1063 *
618 1044 662 1080 et
684 1038 916 1080 infirmatae
945 1044 1046 1080 sunt

215 1099 368 1136 contra
388 1107 465 1136 eos
484 1095 642 1145 linguae
663 1098 826 1136 eorum.

269 1151 527 1193 Conturbati
546 1157 647 1193 sunt
666 1165 818 1194 omnes
840 1153 913 1205 qui
928 1153 1044 1195 vide-

215 1208 323 1250 bant
347 1221 438 1250 eos:
457 1209 481 1234 *
502 1213 545 1250 et
569 1209 712 1250 timuit
736 1209 877 1250 omnis
901 1209 1046 1251 homo.

268 1265 326 1306 Et
350 1265 713 1306 annuntiaverunt
742 1267 878 1318 opera
901 1266 999 1316 Dei,
1023 1267 1046 1292 *

218 1327 262 1363 et
281 1322 396 1363 facta
416 1322 506 1373 ejus
525 1321 842 1363 intellexerunt.

268 1377 510 1419 Laetabitur
534 1379 672 1430 iustus
698 1379 742 1419 in
765 1379 974 1429 Demino‚
1003 1384 1047 1421 et

217 1434 413 1487 sperabit
432 1434 475 1475 in
495 1447 564 1484 eo,
583 1435 607 1460 *
627 1439 671 1476 et
690 1435 984 1477 laudabuntur
1003 1448 1047 1477 o-

216 1504 340 1533 mnes
360 1491 468 1533 recti
488 1491 632 1533 corde.

270 1558 366 1598 Ant.
395 1555 681 1599 intenderunt
711 1570 860 1599 arcum
887 1570 980 1599 rem
1007 1570 1048 1599 a·

216 1614 394 1663 maram,
415 1619 463 1655 ut
482 1615 688 1664 sagittent
707 1614 750 1654 in
770 1614 954 1656 occultis
972 1615 1047 1656 im-

217 1669 493 1711 maculatum.

271 1739 367 1778 Ant.
400 1736 558 1776 Factus
579 1748 685 1776 sum.

487 1817 684 1857 Psulrnus
714 1816 777 1856 87.

310 1887 453 1929 omine
477 1888 598 1929 Deus
626 1888 779 1930 salutis
802 1901 930 1931 meae:
957 1890 981 1915 *
1005 1890 1049 1930 in

323 1943 395 1986 die
410 1944 607 1994 clamavi,
624 1951 667 1987 et
682 1950 813 1987 nocte
830 1958 979 1987 coram
993 1951 1048 1988 te.

271 2001 410 2042 Intret
441 2001 486 2042 in
523 2004 766 2054 conspectu
797 2007 873 2044 tuo
907 2003 1048 2044 oratio

218 2070 329 2099 mea:
349 2059 373 2085 *
391 2057 552 2100 inclina
571 2071 722 2100 aurem
739 2064 862 2101 tuam
878 2059 935 2101 ad
951 2072 1047 2112 pre-

219 2126 314 2155 cem
333 2127 491 2156 meam:

271 2171 383 2221 Quia
423 2171 592 2224 repleta
633 2177 700 2214 est
739 2172 866 2213 malis
905 2173 1050 2214 anima

219 2240 331 2269 mea:
354 2229 378 2255 *
402 2233 446 2271 et
468 2229 558 2271 vita
576 2231 675 2271 mea
697 2228 866 2271 inferno
891 2242 1048 2282 appro-

219 2284 458 2337 pinquavit.

271 2342 531 2384 AEstimatus
550 2356 646 2384 sum
666 2356 767 2384 cum
783 2342 1048 2385 descenden-

220 2396 336 2438 tibus
360 2399 403 2439 in
428 2399 587 2440 lacum:
610 2402 635 2427 ¹⁸²
658 2399 799 2441 factus
820 2413 916 2441 sum
937 2400 1049 2442 sicut

222 2452 352 2495 homo
370 2455 463 2497 sine
477 2456 704 2508 adjutorio,
721 2456 834 2498 inter
849 2458 1049 2498 mortuos

221 2508 341 2551 liber.

272 2565 392 2609 Sicut
411 2568 626 2611 vulnerati
643 2569 911 2611 dormientes
925 2569 970 2610 in
985 2583 1048 2611 se-

221 2621 432 2674 pulchris,
468 2638 654 2677 quorum
685 2639 774 2668 non
805 2639 851 2667 es
880 2639 1048 2667 memor

222 2679 422 2732 amplius:
445 2681 469 2706 *
494 2687 537 2723 et
558 2683 644 2735 ipsi
665 2682 720 2724 de
741 2695 872 2724 manu
891 2687 967 2724 tua
985 2695 1048 2725 re-

221 2735 337 2788 pulsi
357 2741 466 2778 sunt.

1142 301 1390 342 Posuerunt
1408 313 1478 342 me
1496 300 1541 341 in
1557 300 1655 341 lacu
1674 299 1880 342 inferi6ri:
1898 300 1922 326 ¹*

1093 357 1137 398 in
1154 356 1412 408 tenebresiS‚
1434 361 1478 399 et
1496 357 1539 398 in
1558 356 1714 398 umbra
1731 356 1897 399 mortis

1146 419 1286 471 Super
1308 431 1379 460 me
1403 417 1689 459 confirmatus
1713 422 1780 459 est
1802 417 1923 459 furor

1092 480 1209 518 tuus:
1228 475 1251 500 *
1272 479 1316 516 et
1336 487 1488 517 omnes
1504 474 1663 516 fluetus
1682 478 1783 516 tuos
1802 472 1924 515 indu-

1094 532 1197 573 xisti
1218 544 1350 584 super
1368 543 1449 573 me.

1146 588 1299 640 Longe
1324 587 1466 629 fecisti
1489 592 1619 628 notos
1643 599 1766 629 meos
1789 599 1816 628 a
1837 599 1926 628 me:

1094 646 1118 671 *
1158 646 1401 697 posuerunt
1441 657 1511 685 me
1555 642 1926 686 abominationem

1096 700 1190 743 sibi.

1147 757 1356 800 Traditus
1390 771 1506 807 sum,
1539 762 1582 799 et
1613 770 1701 799 non
1735 756 1926 808 egredie-

1095 814 1194 856 bar:
1226 815 1249 840 *
1282 814 1397 855 oculi
1428 814 1515 856 mei
1545 813 1807 865 languerunt
1832 826 1927 866 prae

1095 871 1256 924 inepia.

1150 927 1346 969 Clamavi
1370 926 1427 969 ad
1450 932 1494 969 te
1514 927 1702 969 Domine
1726 931 1821 969 tota
1842 927 1928 969 die:

1098 986 1121 1012 *
1142 984 1331 1037 expandi
1351 983 1407 1026 ad
1426 989 1471 1026 te
1489 997 1643 1025 manus
1661 996 1794 1026 meas.

1148 1043 1377 1098 Numquid
1395 1045 1580 1087 mortuis
1602 1045 1735 1087 facies
1756 1044 1928 1086 mirabi-

1098 1103 1174 1143 lia:
1205 1103 1228 1128 *
1263 1107 1338 1144 aut
1364 1101 1525 1143 medici
1558 1102 1853 1153 suscitabunt,
1886 1105 1930 1144 et

1099 1159 1426 1202 confitebuntur
1445 1158 1546 1201 tibi?

1150 1220 1378 1273 Numquid
1401 1220 1598 1263 narrabit
1622 1220 1779 1273 aliquis
1802 1221 1847 1261 in
1867 1233 1930 1262 se-

1099 1277 1285 1332 pulchro
1309 1277 1658 1319 misericordiam
1680 1282 1816 1326 tuam,
1839 1277 1863 1303 *
1887 1281 1931 1318 et

1099 1335 1331 1377 veritatem
1349 1339 1470 1376 tuam
1489 1334 1533 1375 in
1551 1332 1823 1387 perditi6ne?

1150 1394 1379 1448 Numquid
1405 1396 1726 1446 cognoscentur
1748 1394 1793 1435 in
1814 1395 1930 1436 tene-

1100 1452 1191 1494 bris
1211 1451 1428 1493 mirabilia
1448 1456 1538 1493 tua:
1562 1451 1586 1477 *
1610 1456 1654 1494 et
1673 1451 1839 1504 justitia
1856 1454 1931 1493 tua

1100 1510 1144 1550 in
1163 1514 1279 1551 terra
1299 1507 1557 1550 oblivi6nis?

1152 1570 1210 1612 Et
1232 1582 1314 1622 ego
1335 1569 1391 1611 ad
1410 1574 1455 1612 te
1473 1569 1662 1611 Domine
1686 1568 1885 1611 clamavi:
1907 1569 1931 1594 *

1102 1632 1145 1670 et
1163 1639 1292 1668 mane
1313 1626 1454 1668 oratio
1473 1639 1572 1668 mea
1590 1626 1832 1679 praeveniet
1850 1629 1905 1667 te.

1152 1688 1212 1731 Ut
1237 1687 1343 1740 quid
1361 1687 1551 1729 Demine
1574 1686 1749 1740 repellis
1773 1685 1931 1729 oratio-

1100 1758 1201 1787 nem
1224 1757 1381 1787 meam:
1404 1744 1428 1770 *
1453 1744 1614 1786 avertis
1634 1743 1791 1786 faciem
1811 1748 1933 1785 tuam

1101 1815 1127 1843 a
1145 1801 1239 1843 me?

1152 1858 1326 1911 Pauper
1347 1870 1444 1899 sum
1464 1869 1558 1913 ego,
1581 1856 1687 1898 etin
1705 1855 1931 1898 laboribus

1102 1928 1127 1956 a
1160 1915 1384 1967 juventute
1413 1926 1530 1955 mea:
1561 1914 1585 1940 *
1613 1912 1831 1955 exaltatus
1860 1925 1931 1954 au-

1101 1976 1210 2022 tem,
1250 1970 1504 2012 humiliatus
1546 1983 1643 2011 sum
1679 1975 1724 2012 et
1760 1974 1932 2011 contur-

1101 2028 1242 2071 batus.

1154 2086 1206 2126 In
1229 2098 1299 2127 me
1322 2085 1588 2127 transierunt
1610 2083 1688 2125 irae
1712 2087 1818 2125 tuae:
1841 2082 1866 2109 *
1889 2087 1934 2125 et

1101 2144 1294 2184 terrores
1313 2142 1377 2184 tui
1396 2140 1771 2183 conturbaverunt
1788 2151 1870 2181 me.

1155 2201 1549 2244 Circumdederunt
1575 2213 1646 2242 me
1679 2200 1791 2241 sicut
1818 2212 1933 2252 aqua

1102 2264 1198 2302 tota
1239 2258 1328 2301 die:
1373 2259 1398 2285 *
1439 2256 1823 2300 circumdederunt
1862 2269 1933 2297 me

1102 2316 1241 2357 simul.
1486 2315 1489 2317 ’

1154 2372 1382 2424 Elongasti
1407 2385 1433 2412 a
1457 2384 1528 2412 me
1553 2372 1742 2412 amicum
1769 2374 1812 2411 et
1834 2371 1933 2422 pro—

1102 2430 1284 2471 ximum:
1304 2429 1328 2455 *
1350 2433 1393 2470 et
1410 2434 1541 2470 notos
1559 2439 1684 2469 meos
1704 2439 1730 2468 a
1746 2425 1934 2467 miseria.

1158 2503 1255 2542 Ant.
1277 2501 1434 2541 Factus
1451 2510 1549 2538 sum
1564 2497 1677 2538 sicut
1691 2496 1825 2538 homo
1841 2494 1933 2536 sine

1104 2556 1332 2609 adjutorio,
1350 2555 1463 2596 inter
1482 2555 1682 2594 mortuos
1700 2552 1821 2595 liber.

1156 2622 1205 2675 V.
1242 2626 1404 2667 Factus
1442 2628 1509 2666 est
1546 2622 1757 2665 obediens
1793 2634 1934 2673 usque

1103 2682 1160 2724 ad
1206 2688 1404 2747 mortem.
1459 2683 1508 2733 R.
1553 2679 1742 2722 Mortem
1789 2683 1934 2720 autem

1102 2752 1254 2782 cruc1s.
