2066 2956
229 207 319 251 [244]

531 305 682 345 Lectio
704 305 756 344 iii.

274 367 406 414 taque
436 362 699 414 quicumque
726 361 1053 403 manducaverit

287 431 445 471 panem
460 417 587 468 hunc,
605 418 675 460 vel
693 418 855 460 biberit
874 418 1053 460 calicem

227 475 402 517 Domini
422 474 610 526 indigne:
633 487 733 517 reus
753 475 835 517 erit
854 475 1053 528 corporis

227 538 270 574 et
287 531 505 582 sanguinis
520 531 708 573 Domini.
729 531 893 573 Probet
908 536 1053 573 autem

227 591 421 641 seipsum
439 588 586 629 homo:
613 593 657 630 et
680 588 744 629 sic
764 587 818 630 de
841 600 954 640 pane
977 587 1052 630 illo

227 646 339 696 edat,
363 650 407 687 et
427 644 482 686 de
506 644 642 686 calice
662 644 795 686 bibat.
836 644 920 695 Qui
941 644 1054 686 enim

226 700 461 744 manducat
497 706 540 743 et
571 701 682 743 bibit
718 700 912 752 indigne,
948 700 1053 753 judi-

228 758 342 800 cium
369 758 451 799 sibi
478 757 714 799 manducat
742 761 785 798 et
810 756 936 799 bibit:
966 769 1054 798 non

227 815 468 867 dijudicans
508 827 667 867 corpus
703 813 891 855 Domini.
944 813 1053 856 Ideo

226 872 338 913 inter
362 885 441 913 vos
465 871 589 912 multi
612 870 771 911 infirmi
796 875 840 912 et
863 870 1054 912 imbecil-

226 928 309 978 leS‚
343 933 386 970 et
418 927 640 970 dormiunt
670 927 805 969 multi.
860 926 991 978 Quod
1018 928 1054 968 si

226 986 520 1038 nosmetipsos
563 983 923 1036 dijudicaremus,
967 996 1054 1025 non

226 1042 378 1093 sitique
406 1040 706 1093 judicaremur.
751 1040 869 1082 Dum
895 1040 1053 1093 judica-

226 1111 322 1139 mur
345 1103 500 1149 autem,
524 1111 550 1139 a
567 1098 758 1140 Demino
783 1098 1054 1150 corripimur,

227 1159 274 1196 ut
293 1167 380 1196 non
397 1168 495 1196 cum
509 1154 595 1196 hoc
608 1147 773 1196 mundo*
789 1154 1054 1196 damnemur.

284 1217 332 1267 Ra
356 1211 569 1264 Respexit
587 1211 717 1252 Elias.
745 1211 855 1263 [243]

463 1304 512 1342 In
531 1304 581 1342 II.
601 1303 823 1342 Nocturno.

286 1372 381 1411 Ant.
412 1371 578 1410 Memor
597 1367 653 1409 sit
672 1367 897 1409 Dominus.

507 1432 704 1473 Psalmus
725 1434 781 1472 19.

241 1505 248 1540 i
348 1489 528 1531 xaudiat
544 1494 588 1530 te
602 1489 816 1530 Dominus
834 1489 879 1530 in
894 1488 964 1531 die
983 1489 1054 1531 tri-

239 1579 247 1599 »,
270 1545 341 1611 ‹izi-1²]
365 1545 614 1600 bulationis:
637 1547 661 1572 *
684 1548 889 1599 pretegat
911 1550 956 1587 te
979 1558 1053 1588 no-

236 1601 341 1626 ’-Ξ-’
363 1615 463 1644 men
482 1602 566 1644 Dei
583 1602 732 1644 Jacob.

279 1662 424 1705 Mittat
442 1663 522 1705 tibi
540 1663 746 1704 auxilium
766 1663 821 1705 de
841 1667 1007 1704 sancto:
1031 1662 1054 1688 *

229 1723 272 1760 et
291 1718 346 1761 de
365 1720 470 1761 Sion
487 1721 662 1762 tueatur
678 1724 735 1761 te.

281 1776 449 1818 Memor
473 1776 528 1818 sit
547 1776 687 1818 omnis
712 1775 912 1817 sacrificii
930 1777 1007 1818 tui:
1030 1778 1054 1803 *

231 1838 274 1875 et
292 1832 596 1875 holocaustum
614 1838 738 1875 tuum
754 1833 915 1886 pingue
934 1833 1020 1875 fiat.

280 1888 465 1931 Tribuat
479 1888 558 1930 tibi
573 1888 815 1931 secundum
828 1901 905 1930 cor
917 1893 1055 1931 tuum:

229 1947 253 1974 *
290 1950 334 1987 et
370 1958 498 1988 omne
535 1945 762 1988 consilium
799 1950 922 1987 tuum
956 1958 1055 1988 con-

230 2002 383 2045 firmet.

281 2059 549 2101 Laetabimur
573 2059 617 2100 in
642 2059 822 2101 salutari
844 2063 937 2100 tuo:
963 2058 987 2084 *
1013 2063 1056 2100 et

230 2117 273 2157 in
299 2116 473 2158 nemine
491 2116 574 2158 Dei
601 2116 741 2158 nostri
762 2114 1055 2166 magnificabi-

230 2186 338 2214 mur.

283 2229 469 2282 Impleat
483 2228 698 2270 Dominus
718 2241 870 2269 omnes
884 2228 1055 2281 petitie-

231 2299 308 2328 nes
327 2290 440 2327 tuas:
465 2286 488 2311 *
510 2298 625 2327 nunc
645 2285 833 2336 cognevi
853 2285 1057 2337 queniam

233 2342 400 2383 salvum
420 2342 523 2384 fecit
541 2342 636 2383 Dfis
655 2341 876 2382 Christum
895 2354 1031 2382 suum.

283 2397 500 2440 Exaudiet
526 2399 647 2440 illum
676 2398 731 2440 de
760 2397 874 2439 coelo
905 2403 1056 2439 sancto

233 2467 329 2495 suo:
356 2456 379 2480 *
407 2455 450 2495 in
478 2454 780 2508 potentatibus
808 2454 925 2495 salus
955 2453 1056 2496 dex-

232 2515 339 2552 terae
359 2512 461 2562 ejus.

285 2566 343 2607 Hi
366 2567 410 2607 in
432 2567 647 2617 curribus,
672 2572 715 2609 et
737 2567 781 2608 hi
804 2568 847 2608 in
871 2567 1010 2619 equis:
1034 2569 1056 2593 ²⁸¹

233 2634 314 2663 nos
341 2628 486 2664 autem
512 2624 556 2664 in
582 2624 757 2666 nemine
779 2624 956 2666 Domini
974 2623 1056 2664 Dei

234 2679 371 2719 nostri
390 2679 702 2722 invocabimus.

286 2735 377 2787 Ipsi
399 2735 579 2787 obligati
596 2742 706 2787 sunt,
729 2742 773 2779 et
793 2735 1057 2779 ceciderunt:

541 210 714 244 Officium
743 210 913 243 votivum
941 210 986 244 dc
1012 212 1067 243 Ss.
1096 210 1346 244 Eucharistiae
1371 210 1626 244 Suc-ramento.

1103 302 1128 328 *
1154 315 1235 344 nos
1260 307 1406 344 autem
1433 302 1700 343 surreximus
1727 306 1772 344 et
1796 301 1930 344 erecti

1106 372 1265 400 sumus.

1157 415 1344 457 Demine
1368 415 1535 457 salvum
1558 415 1627 456 fac
1652 426 1816 465 regem:
1839 415 1863 442 *
1886 418 1930 456 et

1106 471 1265 514 exaudi
1286 484 1367 513 nos
1389 471 1433 512 in
1452 471 1533 522 die,
1557 484 1642 524 qua
1665 470 1929 526 invocaveri-

1105 542 1203 570 mus
1222 533 1277 571 te·

1162 593 1260 632 Ant.
1290 592 1455 631 Memor
1482 589 1539 630 sit
1562 588 1776 630 Dominus
1802 587 1930 630 sacri·

1106 646 1193 687 ficii
1230 647 1389 696 nostri,
1435 651 1478 688 et
1514 645 1820 687 holocaustum
1854 657 1930 686 no-

1106 707 1244 744 strum
1263 703 1423 756 pingue
1442 702 1529 744 fiat.

1102 807 1105 812 ,
1163 766 1261 806 Ant.
1290 766 1471 805 Paratur
1488 762 1627 805 nobis.
1667 734 1675 740 ⁶

1383 839 1578 880 Psalmus
1598 840 1661 879 22.

1200 895 1370 936 eminus
1395 893 1507 945 regit
1523 907 1608 944 me,
1633 898 1677 936 et
1699 893 1806 936 nihil
1828 894 1933 936 mihi

1214 950 1372 993 deerit:
1404 951 1428 976 *
1459 950 1503 992 in
1533 950 1634 993 loco
1664 953 1843 1004 pascuae
1872 950 1932 994 ibi

1106 1021 1177 1050 me
1200 1007 1444 1050 collocavit.

1159 1065 1299 1117 Super
1322 1077 1480 1117 aquam
1504 1064 1752 1106 refectienis
1777 1063 1932 1107 educa-

1107 1122 1170 1164 vit
1188 1134 1273 1163 me:
1296 1121 1320 1147 *
1341 1121 1528 1162 animam
1546 1133 1688 1162 meam
1707 1121 1932 1163 convertit.

1157 1177 1352 1220 Deduxit
1371 1190 1442 1219 me
1463 1190 1595 1230 super
1619 1177 1794 1219 semitas
1817 1178 1932 1230 justi-

1107 1235 1192 1284 tiae,
1212 1236 1236 1262 *
1254 1238 1440 1288 propter
1457 1246 1618 1275 nomen
1637 1247 1773 1275 suum.

1158 1291 1283 1341 Nam,
1307 1295 1350 1332 et
1369 1290 1406 1332 si
1426 1289 1705 1332 ambulavero
1724 1290 1769 1331 in
1786 1289 1933 1333 medio

1107 1347 1276 1389 umbrae
1294 1346 1460 1397 mortis,
1477 1359 1566 1388 non
1583 1345 1748 1389 timebo
1762 1346 1891 1388 mala:
1908 1348 1933 1374 *

1110 1403 1316 1456 queniam
1332 1408 1382 1446 tu
1398 1415 1571 1445 mecum
1589 1415 1648 1445 es.

1159 1461 1297 1512 Virga
1310 1465 1396 1510 tua,
1414 1465 1459 1502 et
1471 1459 1655 1501 baculus
1669 1464 1783 1502 tuus:
1799 1459 1933 1514 *ipsa

1107 1530 1177 1559 me
1196 1516 1424 1559 consolata
1443 1521 1554 1558 sunt.

1158 1573 1331 1615 Parasti
1355 1573 1400 1614 in
1428 1574 1666 1625 conspectu
1692 1585 1791 1614 meo
1816 1585 1932 1614 men-

1108 1643 1221 1680 sam,
1258 1631 1282 1658 *
1317 1628 1528 1672 adversus
1560 1642 1656 1680 eos,
1694 1629 1770 1682 qui
1799 1628 1932 1671 tribu-

1107 1687 1198 1729 lant
1220 1699 1302 1728 me.

1158 1742 1447 1796 Impinguasti
1477 1742 1522 1783 in
1553 1741 1652 1784 eleo
1685 1746 1818 1794 caput
1846 1753 1933 1783 me-

1108 1813 1195 1841 um:
1210 1801 1234 1828 *
1249 1805 1292 1842 et
1307 1799 1420 1841 calix
1433 1811 1556 1841 meus
1570 1797 1788 1840 inebrians
1803 1810 1934 1850 quam

1108 1856 1346 1910 praeclarus
1367 1855 1448 1898 est!

1158 1913 1215 1955 Et
1233 1910 1534 1954 misericerdia
1549 1915 1625 1953 tua
1643 1910 1934 1964 subsequetur

1108 1982 1177 2012 me
1195 1971 1219 1998 *
1241 1969 1442 2012 emnibus
1462 1967 1615 2011 diebus
1633 1967 1736 2010 vitae
1754 1980 1880 2010 meae:

1160 2026 1217 2068 Et
1231 2031 1279 2069 ut
1292 2025 1531 2068 inhabitem
1543 2025 1587 2066 in
1603 2023 1735 2067 domo
1745 2024 1934 2074 Demini‚

1109 2084 1132 2110 *
1150 2084 1194 2125 in
1212 2081 1528 2135 longitudinem
1547 2080 1725 2124 dierum.

1164 2151 1262 2189 Ant.
1299 2148 1480 2190 Paratur
1512 2146 1638 2189 nobis
1669 2159 1819 2188 mensa
1846 2145 1934 2188 De-

1110 2205 1214 2246 mini
1246 2204 1457 2247 adversus
1490 2216 1661 2254 omnes,
1699 2203 1773 2256 qui
1802 2202 1934 2245 tribu-

1110 2262 1201 2305 lant
1219 2275 1312 2304 nos.

1164 2322 1261 2362 Ant.
1291 2323 1339 2363 In
1359 2334 1468 2364 voce
1488 2321 1802 2363 exsultatienis.

1386 2392 1583 2433 l’salmus
1602 2394 1660 2432 41.

1113 2427 1532 2551 Quemadmodum
1543 2450 1766 2493 desiderat
1779 2462 1934 2492 cervus

1212 2509 1269 2551 ad
1287 2510 1431 2551 fontes
1451 2510 1677 2560 aquarum:
1700 2509 1724 2534 ’⁸‘
1744 2507 1805 2548 ita
1824 2505 1933 2548 desi-

1111 2565 1236 2608 derat
1264 2566 1405 2607 anima
1431 2578 1529 2607 mea
1556 2564 1612 2606 ad
1639 2569 1683 2605 te
1710 2564 1843 2605 Deus.

1162 2622 1304 2664 Sitivit
1327 2622 1469 2663 anima
1490 2633 1589 2662 mea
1612 2619 1668 2662 ad
1686 2620 1830 2662 Deum
1852 2619 1934 2661 for-

1110 2684 1199 2721 tem
1227 2679 1391 2720 vivum:
1418 2678 1441 2704 *
1470 2676 1646 2730 quando
1674 2676 1864 2726 veniam,
1892 2680 1936 2718 et

1111 2735 1333 2788 apparebo
1362 2739 1463 2777 ante
1491 2734 1646 2776 faciem
1673 2733 1780 2775 Dei?
1807 2755 1813 2766 =
