2028 2892
222 311 371 359 Tcmp.
411 306 615 350 l‘aschali.
655 305 752 344 Ant.
791 297 983 348 Alleluia,

169 366 347 417 alleluja,
375 362 555 412 alleluja.

225 424 269 474 X'.
296 423 490 466 Surrexit
516 419 728 461 Duminus
757 416 811 457 de
844 412 985 466 sepul-

169 483 291 531 chro,
323 480 502 530 alleluja.
554 482 600 533 R.
631 474 715 525 Qui
747 484 828 525 pro
860 468 985 511 nobis

169 537 376 592 pependit
394 537 437 577 in
456 535 583 585 ligno,
603 530 782 581 alleluja.

227 605 307 642 l’n»
327 617 408 642 uno
432 601 496 641 vcl
517 601 682 652 plurim.
701 599 822 638 Mart.
839 597 988 647 Tcmp.

177 660 322 700 l'asch.
366 654 410 704 ,Υ’.
446 655 591 697 Sancti
624 658 666 694 et
698 650 796 703 justi
828 650 870 689 in
902 648 987 688 Do-

170 716 287 757 mino
331 712 535 765 gaudete,
581 708 759 759 alleluja.
809 712 855 762 R:-
894 704 989 745 Vos

173 772 303 823 elegit
336 771 455 811 Deus
490 768 532 808 in
564 764 865 807 haereditatem
898 759 989 808 sibi,

173 828 353 879 alleluja.

231 895 313 933 l’ro
354 892 471 932 Conf.
509 892 629 931 Pont.
669 896 710 930 et
748 901 831 928 non
871 887 992 927 Pont.

177 951 391 1001 Tempore
425 947 570 987 l'ascli.
606 941 652 992 Υ.
691 939 866 983 Amavit
894 951 991 980 eum

175 1005 396 1054 Dominus,
421 1007 464 1044 et
487 1000 657 1043 ornavit
681 1012 790 1046 eum,
813 995 992 1046 alleluia.

180 1063 224 1114 Rg.
244 1060 407 1103 Stolam
426 1058 576 1109 gloriae
600 1055 737 1097 induit
756 1066 864 1102 eum,
884 1050 993 1093 allel.

232 1128 312 1167 l'ro
347 1140 427 1166 una
457 1128 622 1165 Sancta.
665 1123 816 1174 Temp.
844 1121 994 1161 Pasch.

179 1179 226 1231 V.
245 1181 398 1235 Specie
415 1185 488 1222 tua
509 1184 551 1221 et
571 1174 890 1232 pulchritudine
908 1179 993 1222 tua,

178 1238 356 1289 alleluia.
386 1239 435 1290 Rg.
458 1234 649 1284 Intende,
668 1235 878 1286 pruspere
897 1242 994 1283 pro-

179 1293 295 1343 cede,
316 1298 359 1335 et
379 1305 520 1343 regna,
540 1290 719 1342 alleluja.

430 1464 508 1505 Ad
533 1462 739 1504 Laudes.

234 1534 282 1584 Υ.
306 1535 426 1576 Deus
442 1534 485 1575 in
504 1532 774 1585 adjutorium.
802 1530 860 1571 15.

232 1611 360 1653 Ternp.
388 1610 563 1643 Pasa-hali
596 1611 771 1644 dicuntur
796 1609 938 1642 Psalmi
964 1611 1000 1642 ct

184 1659 416 1702 Antiphonti:
451 1659 495 1691 dc
533 1657 747 1707 Dominiea:
781 1657 1000 1700 Capitulum

184 1718 290 1742 vcro,
324 1706 510 1749 Hymnus.
547 1706 587 1746 ‚xl
621 1711 655 1739 et
688 1706 771 1738 Ant.
806 1705 853 1738 ad
884 1705 1002 1738 Benc-

185 1754 308 1788 dictus
328 1758 365 1787 ut
386 1754 419 1786 in
439 1753 598 1795 From-io
618 1753 663 1787 dc
678 1753 876 1795 Tempore.
904 1752 1002 1785 Aliis

185 1802 421 1844 temporibus
453 1811 519 1844 per
545 1802 710 1838 Annum,
742 1800 896 1844 quando
928 1810 1002 1833 non

186 1849 430 1889 assignantur
454 1849 621 1892 propriae
647 1848 743 1889 Ant„
769 1848 908 1882 dicitur

240 1911 272 1949 Α
280 1914 334 1949 nt.
364 1907 576 1949 Miserere.

455 1986 646 2026 Psalmus
669 1987 741 2026 50.

258 2074 280 2093 <0
343 2046 501 2087 ‘serere
530 2044 615 2085 mei
642 2043 778 2092 Deus,
803 2043 826 2068 *
856 2045 1003 2084 secun·

216 2111 234 2145 ἲ,
331 2100 332 2127 3
360 2102 462 2143 dum
515 2112 714 2150 magnam
766 2099 1004 2140 misericor-

228 2164 236 2171 “
294 2163 296 2166 “
331 2170 333 2173 ’
360 2156 476 2199 diam
493 2161 621 2198 tuam.

240 2214 295 2255 Et
322 2212 558 2255 secundum
586 2210 902 2253 multitudinem
931 2211 1005 2251 mi-

190 2270 451 2311 serationum
475 2270 662 2317 tuarum,
686 2268 708 2292 *
733 2266 830 2308 dele
856 2267 1006 2319 iniqui-

189 2327 323 2367 tatem
340 2338 491 2367 meam.

243 2381 440 2434 Amplius
474 2380 570 2421 lava
601 2393 671 2421 me
701 2379 755 2421 ab
783 2379 1008 2431 iniquitate

191 2450 303 2478 mea:
318 2438 341 2462 *
358 2442 400 2478 et
411 2450 436 2477 a
449 2438 631 2489 peccato
643 2448 741 2476 meo
756 2434 915 2476 munda
930 2448 1009 2475 mc.

245 2493 457 2542 Qudniam
474 2493 743 2544 iniquitatem
767 2503 909 2532 meam
928 2503 1009 2540 ego

195 2551 431 2599 cognosco:
465 2549 487 2573 *
523 2555 565 2589 et
604 2549 831 2601 peccatum
867 2559 1010 2587 meum

195 2610 347 2646 contra
365 2617 433 2645 mc
453 2609 517 2645 est
536 2617 718 2657 semper.

247 2659 345 2701 Tibi
369 2660 449 2701 soli
470 2661 663 2712 peccavi,
692 2665 735 2701 et
762 2658 921 2699 malum
943 2671 1011 2699 co-

197 2729 288 2758 ram
308 2722 350 2757 te
371 2716 465 2757 feci:
490 2717 511 2740 *
537 2721 582 2757 ut
601 2715 842 2767 justificeris
866 2715 908 2755 in
927 2727 1012 2755 ser-

165 215 209 250 52
731 205 839 239 Furia
857 202 1024 237 secunda
1043 200 1091 234 ad
1110 199 1270 233 Laudes

1036 292 1236 334 munibus
1263 290 1364 339 tuis,
1392 294 1436 330 et
1454 288 1602 330 vincas
1630 297 1730 326 cum
1756 282 1861 335 judi-

1038 362 1160 391 caris.

1088 407 1203 446 Ecce
1230 404 1343 446 enim
1369 402 1412 442 in
1435 396 1736 451 iniquitatibus
1762 408 1862 437 con-

1039 465 1190 515 ceptus
1212 473 1326 502 sum:
1355 459 1378 483 *
1407 457 1513 498 etin
1539 453 1734 508 peccatis
1763 464 1862 494 con-

1039 519 1155 571 cepit
1171 530 1242 558 me
1260 521 1399 557 mater
1418 525 1526 554 mea.

1091 575 1206 616 Ecce
1226 573 1341 615 enim
1358 570 1589 612 veritatem
1609 565 1818 608 dilexisti:
1840 564 1864 590 *

1040 633 1205 672 incerta
1238 635 1281 671 et
1313 626 1485 670 occulta
1521 622 1747 676 sapientiae
1776 626 1865 663 tuae

1041 685 1326 728 manifestasti
1346 682 1461 724 mihi.

1093 744 1315 796 Asperges
1341 753 1411 781 me
1438 738 1649 791 hyssopo,
1677 740 1721 777 et
1746 747 1866 776 mun-

1043 800 1197 842 dabor:
1207 800 1230 825 *
1241 797 1407 839 lavabis
1421 808 1502 845 me,
1519 799 1562 836 et
1576 805 1708 846 super
1723 791 1868 833 nivem

1044 856 1295 899 dealbabor.

1096 912 1275 954 Auditui
1303 922 1402 951 meo
1437 907 1562 950 dabis
1590 904 1798 957 gaudium
1825 907 1869 945 et

1045 970 1257 1011 laetitiam:
1276 968 1299 993 *
1321 972 1364 1008 et
1382 963 1661 1007 exsultabunt
1677 973 1778 1004 ossa
1793 960 1868 1002 hu-

1045 1026 1218 1068 miliata.

1097 1083 1261 1123 Averte
1294 1079 1449 1121 faciem
1475 1082 1596 1119 tuam
1624 1088 1650 1116 a
1677 1073 1871 1128 peccatis

1045 1139 1171 1180 meis:
1195 1139 1218 1164 *
1243 1142 1286 1179 et
1311 1148 1461 1178 omnes
1480 1132 1733 1185 iniquitates
1750 1142 1872 1172 meas

1047 1195 1154 1237 dele.

1100 1252 1185 1293 Cor
1202 1249 1410 1292 mundum
1426 1260 1526 1290 crea
1546 1247 1591 1287 in
1609 1258 1680 1286 me
1693 1245 1833 1286 Deus:
1847 1243 1872 1269 *

1048 1314 1091 1350 et
1144 1307 1343 1360 spiritum
1396 1309 1564 1346 rectum
1616 1304 1777 1343 innova
1828 1299 1873 1341 in

1047 1364 1285 1406 visceribus
1305 1362 1424 1404 meis.

1098 1421 1166 1463 Ne
1188 1419 1390 1474 projicias
1409 1431 1479 1459 me
1498 1430 1523 1458 a
1542 1416 1653 1458 facie
1674 1420 1769 1458 tua:
1786 1414 1810 1440 *
1830 1418 1875 1456 et

1047 1478 1256 1531 Spiritum
1275 1480 1472 1517 sanctum
1490 1479 1613 1516 tuum
1629 1485 1685 1514 ne
1702 1471 1874 1513 auferas

1050 1548 1074 1575 a
1093 1547 1174 1576 me.

1101 1589 1256 1632 Redde
1295 1588 1399 1630 mihi
1440 1586 1638 1629 laetitiam
1673 1582 1876 1626 salutaris

1050 1647 1128 1689 tui:
1163 1647 1187 1672 *
1224 1651 1267 1687 et
1311 1645 1464 1698 spiritu
1504 1640 1737 1696 principali
1777 1653 1878 1682 con-

1052 1704 1177 1744 firma
1204 1715 1285 1744 me.

1103 1758 1286 1801 Docebo
1319 1758 1490 1810 iniquos
1523 1755 1616 1797 vias
1643 1758 1756 1796 tuas:
1782 1753 1807 1780 *
1835 1758 1880 1795 et

1053 1816 1173 1868 impii
1200 1815 1257 1856 ad
1283 1819 1327 1856 te
1356 1814 1675 1855 convertentur.

1105 1871 1264 1914 Libera
1283 1884 1353 1912 me
1374 1869 1429 1912 de
1448 1867 1728 1920 sanguinibus
1746 1866 1879 1916 DeuS,

1054 1929 1173 1970 Deus
1201 1927 1352 1970 salutis
1379 1939 1507 1968 meae:
1529 1926 1553 1951 *
1577 1929 1621 1966 et
1644 1921 1880 1966 exsultabit

1054 1985 1198 2035 lingua
1226 1997 1323 2025 mea
1350 1983 1555 2035 justitiam
1582 1986 1713 2023 tuam.

1107 2041 1303 2090 Domine,
1326 2039 1443 2081 labia
1464 2051 1563 2080 mea
1586 2037 1772 2090 aperies:
1794 2035 1818 2061 *
1838 2039 1882 2077 et

1057 2111 1106 2139 os
1121 2110 1264 2139 meum
1279 2094 1550 2138 annuntiabit
1563 2093 1739 2135 laudem
1750 2098 1881 2134 tuam.

1109 2154 1321 2204 Quoniam
1336 2153 1372 2193 si
1386 2151 1599 2193 voluisses
1610 2149 1882 2198 sacrificium,

1058 2209 1276 2251 dedissem
1291 2209 1455 2261 utique:
1472 2209 1495 2233 *
1509 2206 1778 2249 holocaustis
1794 2217 1883 2247 non

1059 2265 1356 2308 delectaberis.

1109 2322 1377 2364 Sacrificium
1395 2321 1492 2363 Deo
1521 2320 1698 2374 spiritus
1727 2317 1884 2360 contri-

1059 2378 1247 2420 bulatus:
1266 2379 1288 2403 ¹⁸¹
1308 2390 1384 2419 cor
1404 2379 1648 2426 contritum,
1677 2380 1722 2417 et
1748 2373 1883 2416 humi-

1060 2434 1211 2476 liatum
1237 2434 1357 2474 Deus
1384 2446 1472 2475 non
1503 2433 1730 2486 despicies.

1113 2491 1306 2540 Benigne
1352 2489 1419 2530 fac
1458 2490 1645 2530 Dumine
1686 2489 1730 2529 in
1769 2487 1887 2530 bona

1063 2546 1286 2588 voluntate
1308 2551 1383 2587 tua
1401 2546 1518 2587 Sion:
1545 2547 1568 2571 *
1595 2551 1644 2587 ut
1672 2544 1886 2587 aedificen-

1063 2607 1131 2643 tur
1158 2602 1270 2643 muri
1297 2602 1548 2643 Jerusalem.

1115 2659 1238 2700 Tunc
1267 2657 1516 2710 acceptabis
1544 2657 1805 2699 sacrificium
1830 2656 1887 2708 ju-

1065 2715 1204 2763 stitiae,
1229 2714 1482 2763 oblationes,
1506 2718 1549 2755 et
1571 2713 1843 2755 holocausta:
1864 2712 1888 2737 *
