2066 2904
610 146 682 180 Die
705 146 757 180 26.
783 144 882 183 Maii.
930 145 965 178 S.
992 142 1167 186 Philippi
1192 142 1302 175 Ncrii
1328 142 1437 176 Conf.

168 260 215 288 se
242 247 520 289 interiturum
546 244 781 298 praescivit.
824 245 998 286 Postre-

167 316 239 344 ma
270 303 498 345 morientis
531 301 736 353 Gregorii
768 300 904 342 verba
935 301 998 342 fu-

168 361 256 400 ere:
288 359 435 400 Dilexi
457 358 683 410 justitiam,
712 362 756 398 et
782 356 933 398 odivi
922 357 997 397 mi-

172 415 400 467 quitatem‚
422 415 662 467 propterea
679 412 875 454 morior
864 426 908 453 1n
928 425 998 454 ex-

170 471 279 512 silio.
314 469 654 512 Innumerabilia
671 473 790 518 sunt,
810 481 910 520 quae
927 468 1000 509 vel

168 526 342 568 fortiter
352 526 567 575 sustinuit,
582 525 653 567 vel
666 524 817 566 multis
833 524 999 566 coactis

168 582 213 623 in
234 582 354 624 Urbe
384 580 564 634 synodis
594 581 818 633 sapienter
842 583 1000 622 consti-

168 639 271 688 tuit,
307 639 373 680 vir
404 651 508 680 vere
541 643 736 687 sanctus,
772 637 1001 678 criminum

167 695 347 745 vindex,
373 700 416 736 et
436 694 675 736 acerrimus
694 693 908 734 Ecclesiae
927 692 999 734 de-

167 751 326 792 fensor.
370 750 550 792 Exactis
577 753 726 802 itaque
753 749 798 790 in
826 749 999 801 pontifi-

169 810 271 849 catu
297 807 420 848 annis
445 806 694 856 duodecim,
726 806 930 857 migravit
957 806 1001 845 in

168 863 331 905 coelum
345 875 459 904 anno
477 862 631 904 salutis
645 862 876 903 millesimo
889 866 1002 903 octo-

168 920 335 970 gesimo
357 919 527 971 quinto,
545 918 746 971 plaribus
765 919 810 958 in
827 918 933 967 vita,
957 923 1001 959 et

168 980 272 1028 post
285 980 474 1017 mortem
487 974 708 1016 miraculis
723 974 877 1023 clarus,
894 975 1000 1025 ejus-

171 1045 257 1084 que
289 1044 464 1072 sacrum
496 1043 658 1083 corpus
688 1031 732 1071 in
760 1029 1003 1072 cathedrali

170 1088 351 1130 basilica
369 1087 644 1130 Salernitana
668 1091 735 1128 est
759 1086 1002 1128 honorifice

171 1143 408 1186 conditum.

220 1211 270 1261 R.
300 1209 392 1251 Iste
412 1214 479 1250 est
500 1208 585 1261 qui.
605 1207 679 1260 [71]

221 1283 265 1317 In
289 1282 353 1316 ΠΙ.
374 1282 572 1316 Nocturno
597 1282 769 1316 Homilia
795 1282 831 1316 in
852 1283 998 1325 Evang.

167 1329 347 1375 Vigilate.
363 1330 410 1364 de
429 1330 565 1365 eodem
586 1330 691 1365 Com.
708 1332 738 1364 2.
757 1331 854 1364 loco.
877 1328 949 1372 [78]

230 1400 306 1435 Pro
330 1400 366 1435 S.
389 1400 547 1435 Urbano
572 1400 599 1434 Ι.
624 1400 732 1443 Papa
758 1404 794 1434 ct
818 1400 926 1434 Mart.

471 1461 654 1502 Lectio
645 1475 699 1501 ix.

200 1549 259 1624 ¹2³²le
272 1533 453 1631 {3330
466 1529 1005 1653 Ῑῖἑΐὲἓῗὲἕέιὲἓῗῗὲἑὲ

174 1652 218 1688 et
241 1646 343 1688 vitae
367 1645 600 1693 sanctitate
623 1644 786 1686 multos
806 1643 863 1686 ad
883 1643 1003 1684 Chri-

173 1703 229 1745 sti
255 1701 391 1744 fidem
419 1701 653 1743 convertit:
692 1701 735 1741 in
760 1700 846 1741 illis
873 1699 1002 1742 Vale-

173 1759 357 1808 rianum,
388 1757 534 1799 beatae
562 1757 753 1799 Caeciliae
781 1769 1004 1809 sponsum,

173 1820 217 1857 et
253 1814 503 1856 Tiburtium
538 1813 763 1855 Valeriani
808 1813 1003 1861 fratrem;

175 1871 249 1924 qui
267 1873 427 1924 postea
449 1870 707 1922 martyrium
730 1869 833 1911 forti
857 1869 1003 1910 animo

174 1926 412 1968 subierunt.
451 1926 539 1968 Hic
561 1925 617 1967 de
639 1925 768 1967 bonis
791 1924 1005 1966 Ecclesiae

175 1982 397 2024 attributis
417 1981 592 2034 scripsit
611 1980 679 2022 his
698 1980 860 2022 verbis:
888 1981 1005 2032 Ipsae

173 2051 244 2080 res
262 2038 469 2085 fidelium,
489 2050 588 2090 quae
606 2037 805 2078 Domino
817 2036 1003 2078 offerun-

174 2099 256 2144 tur,
275 2107 364 2136 non
378 2093 540 2136 debent
551 2094 596 2134 in
611 2093 722 2136 alios
738 2105 854 2142 usus,
875 2105 1007 2144 quam

177 2151 502 2193 ecclesiasticos
521 2155 565 2191 et
580 2149 917 2191 christianorum
933 2149 1008 2189 fra-

174 2212 308 2255 trum,
344 2206 416 2247 vel
451 2204 756 2256 indigentium,
793 2204 1007 2246 converti:

179 2264 280 2316 quia
303 2268 407 2304 vota
433 2267 533 2303 sunt
558 2261 772 2311 fidelium,
801 2266 845 2302 et
864 2261 1008 2313 pretia

175 2321 471 2372 peccatorum,
490 2331 542 2359 ac
559 2317 824 2370 patrimonia
843 2319 1005 2369 paupe-

176 2389 283 2417 rum.
319 2374 443 2416 Sedit
467 2387 605 2415 annos
629 2386 722 2423 sex,
747 2385 921 2414 menses
942 2384 1005 2413 se-

176 2437 313 2484 ptem,
345 2430 438 2472 dies
472 2433 679 2483 quatuor:
711 2442 763 2471 ac
794 2428 1006 2480 martyrio

177 2489 430 2536 coronatus,
463 2486 662 2539 sepultus
689 2491 756 2527 est
782 2485 825 2526 in
850 2497 1007 2526 coeme-

176 2543 287 2584 terio
306 2543 578 2591 Praetextati,
603 2544 763 2584 octavo
782 2539 1008 2582 Kalendas

175 2598 302 2639 Junii.
335 2597 697 2640 ordinationibus
723 2597 914 2650 quinque
934 2595 1007 2636 ha-

177 2653 279 2695 bitis
289 2667 438 2696 mense
447 2653 694 2703 Decembri,
714 2653 879 2695 creavit
888 2663 1008 2704 pres-

1818 143 1886 179 519

1050 241 1231 294 byteros
1250 253 1421 290 novem,
1444 239 1657 282 diaconos
1680 239 1884 291 quinque,

1051 299 1289 350 episcopos
1322 310 1403 350 per
1437 296 1612 338 diversa
1642 295 1741 337 loca
1770 301 1884 337 octo.

1103 355 1168 394 Te
1189 353 1333 394 Deum
1352 353 1594 394 laudamus.
1612 353 1673 393 15.

1103 418 1147 452 In
1171 420 1290 453 Laud.
1314 430 1384 463 pro
1410 430 1606 454 commem.
1632 420 1667 454 S.
1695 419 1851 453 Urbani.

1105 476 1204 517 Ant.
1234 474 1356 515 Filiae
1375 474 1636 523 Jerusalem,
1655 475 1816 521 venite,
1842 477 1886 514 et

1051 530 1198 572 videte
1218 530 1438 583 Martyres
1458 543 1558 571 cum
1576 530 1768 579 coronis,
1796 529 1886 581 qui-

1051 586 1135 627 bus
1160 587 1391 628 coronavit
1414 599 1492 628 eos
1511 587 1730 627 Dominus
1750 587 1795 626 in
1816 585 1887 627 die

1052 643 1343 684 solemnitatis
1363 648 1406 685 et
1424 642 1602 693 laetitiae,
1626 642 1809 694 alleluja,
1829 641 1886 683 al-

1051 699 1193 751 leluja
1497 731 1519 738 ,

1106 757 1156 806 V
1168 760 1397 802 Pretiosa
1386 774 1429 801 111
1445 762 1688 812 conspectu
1699 758 1888 808 Domini,

1053 816 1237 868 alleluja.
1276 817 1326 868 Rg.
1355 817 1477 858 Mors
1503 818 1757 858 sanctorum
1786 815 1888 866 ejus,

1054 872 1237 925 alleluja.

1104 936 1291 980 Vesperae
1335 948 1354 971 a
1398 937 1522 980 Capit.
1566 938 1612 971 dc
1656 949 1760 981 sequ.
1801 948 1887 971 cum

1053 995 1249 1067 comlmetm.
1272 996 1386 1028 praeC.
1414 997 1457 1020 ac
1479 986 1514 1020 S.
1534 987 1744 1020 Eleutherii
1768 986 1887 1029 Papae

1053 1038 1090 1066 et
1112 1042 1135 1066 l*
1154 1044 1195 1066 ar
1214 1061 1220 1067 .

1321 1119 1405 1160 Die
1423 1120 1491 1159 26.
1510 1118 1622 1170 Maji.

1098 1186 1141 1227 S.
1160 1186 1385 1237 Philippi
1402 1185 1542 1227 Nerii
1558 1185 1844 1225 Confessoris.

1387 1248 1553 1291 Duplex.

1109 1304 1246 1338 Omnia
1278 1304 1325 1337 dc
1357 1305 1385 1338 C
1390 1315 1501 1338 omm.
1533 1305 1641 1339 Conf.
1672 1315 1749 1339 non
1778 1305 1889 1339 Pont.

1057 1360 1129 1403 [84]
1152 1363 1206 1395 p1·
1201 1358 1293 1386 ιῒο1
1316 1362 1421 1395 sequ.

1391 1402 1463 1441 Or·
1456 1401 1556 1440 itio.

1145 1476 1233 1512 eus,
1249 1463 1322 1515 qui
1333 1463 1513 1505 beatum
1523 1463 1777 1515 Philippum
1789 1462 1893 1503 Con·

1152 1519 1365 1560 sessorem
1384 1525 1508 1561 tuum
1527 1521 1780 1560 sanctorum
1796 1520 1891 1559 tuo-

1056 1589 1155 1616 rum
1199 1575 1340 1625 gloria
1386 1575 1646 1616 sublimasti:
1696 1573 1892 1615 concede

1056 1633 1291 1684 propitius3
1314 1637 1362 1673 ut
1381 1632 1502 1682 cuius
1522 1631 1800 1672 solemnitate
1819 1630 1891 1671 lae-

1056 1691 1217 1737 tamur,
1247 1689 1338 1740 ejus
1367 1688 1579 1729 virtutum
1606 1687 1891 1740 proficiamus

1058 1744 1272 1797 exemplo.
1299 1745 1384 1786 Per
1402 1745 1652 1785 Dominum.

1109 1808 1156 1841 Et
1180 1807 1219 1841 fit
1245 1818 1441 1842 commem.
1467 1808 1632 1851 praeccd.

1108 1860 1209 1899 Ant.
1236 1860 1358 1899 Dum
1383 1862 1502 1898 esset
1527 1869 1722 1897 summus
1746 1855 1893 1896 Ponti·

1058 1914 1141 1962 fex,
1159 1915 1335 1955 terrena
1350 1925 1438 1954 non
1453 1913 1619 1962 metuit,
1639 1911 1719 1953 sed
1734 1911 1791 1952 ad
1806 1924 1892 1952 coe-

1057 1970 1186 2011 lestia
1205 1982 1340 2020 regna
1359 1969 1579 2020 gloriosus
1596 1968 1812 2019 migravit,
1835 1967 1892 2008 al-

1057 2026 1197 2077 leluja.

1109 2077 1159 2129 V.
1179 2083 1203 2123 J
1206 2087 1353 2124 ustum
1373 2081 1558 2124 deduxit
1577 2081 1794 2122 Dominus
1812 2091 1893 2131 per

1058 2138 1151 2179 vias
1167 2143 1322 2188 rectas,
1341 2138 1525 2189 alleluja.
1551 2141 1602 2191 Rt·
1624 2137 1680 2178 Et
1700 2135 1894 2178 ostendit

1058 2193 1122 2234 illi
1140 2207 1324 2246 regnum
1342 2194 1437 2244 Dei,
1458 2193 1642 2243 allehiJa.

1110 2260 1274 2301 Oratio.
1303 2261 1436 2308 Deus,
1459 2259 1503 2298 in
1522 2263 1577 2299 te.
1596 2258 1683 2298 517.

1109 2321 1251 2355 Postea
1277 2321 1312 2355 S.
1334 2320 1547 2355 Eleutherii
1572 2320 1691 2363 Papae
1716 2320 1824 2354 Mart.

1112 2373 1213 2415 Ant.
1247 2373 1346 2412 Lux
1373 2373 1589 2424 perpetua
1611 2369 1776 2411 lucebit
1799 2383 1892 2411 san-

1061 2429 1141 2470 etis
1160 2429 1247 2470 tuis
1263 2428 1463 2476 Domine,
1484 2431 1527 2468 et
1546 2426 1769 2467 aeternitas
1786 2428 1893 2467 tem-

1060 2497 1228 2537 porum,
1249 2483 1432 2534 alleluja.

1112 2538 1163 2589 V.
1181 2540 1329 2581 Sancti
1349 2544 1392 2580 et
1410 2538 1510 2589 justi
1524 2538 1569 2578 in
1583 2538 1775 2579 Domino
1791 2551 1892 2589 gau-

1061 2595 1177 2644 dete,
1203 2595 1386 2646 alleluja.
1421 2598 1471 2650 R'·
1492 2594 1588 2635 Vos
1613 2594 1746 2645 elegit
1770 2594 1892 2635 Deus

1060 2652 1104 2692 in
1122 2651 1427 2692 haereditatem
1446 2649 1540 2699 sibi,
1559 2649 1742 2701 alleluja.
