2066 2956
640 214 813 247 Officium
844 215 1012 248 votivum
1040 215 1085 248 dc
1113 215 1297 250 passione
1324 216 1365 250 Ι),
1387 217 1430 251 N.
1453 217 1484 250 ,1.
1507 217 1545 250 C.

292 312 390 350 Ant.
420 308 774 350 considerabam.

507 390 702 429 l'salmus
725 391 801 428 141.

239 449 407 555 Voce
426 463 524 492 mea
541 449 598 492 ad
612 451 849 492 Dominum
864 451 1062 493 clamavi:

337 508 360 533 *
379 520 489 549 voce
516 520 615 548 mea
641 507 698 549 ad
722 507 960 549 Dominum
988 507 1060 549 de-

234 565 439 616 precatus
459 577 569 605 sum:

284 624 473 666 Effundo
503 625 546 665 in
579 626 819 677 conspectu
847 625 937 676 ejus
965 638 1059 667 ora·

234 680 399 723 tionem
425 694 584 732 meam,
611 681 634 707 *
663 685 707 722 et
734 681 1058 724 tribulationem

233 750 375 779 meam
395 742 496 779 ante
514 738 658 790 ipsum
677 738 926 790 pronuntio.

284 799 334 839 In
371 798 617 840 deficiendo
656 811 710 840 ex
748 811 818 839 me
856 798 1058 851 spiritum

233 867 394 905 meum,
417 855 440 880 *
464 859 508 896 et
534 860 582 896 tu
610 855 855 905 cognovisti
881 855 1058 897 semitas

232 923 364 953 meas.

284 973 335 1013 In
366 973 437 1014 via
468 971 566 1021 hac,
599 984 686 1024 qua
713 971 1008 1023 ambulabam,
1035 973 1059 998 *

233 1027 556 1071 absconderunt
573 1028 779 1081 laqueum
797 1029 911 1070 mihi.

286 1088 630 1131 Considerabam
656 1088 713 1131 ad
741 1088 984 1140 dexteram,
1017 1095 1060 1131 et

233 1145 453 1188 videbam:
472 1148 495 1174 *
515 1151 558 1188 et
582 1158 669 1187 non
694 1151 787 1188 erat
807 1147 881 1198 qui
900 1148 1058 1197 cogno-

234 1208 375 1244 sceret
393 1216 474 1245 me.

283 1264 416 1306 Periit
447 1264 549 1315 fuga
580 1277 606 1305 a
635 1276 721 1314 me,
745 1265 769 1290 *
794 1269 839 1305 et
872 1276 958 1305 non
991 1269 1058 1306 est

235 1320 308 1372 qui
328 1323 521 1373 requirat
539 1321 728 1362 animam
746 1333 899 1362 meam.

286 1381 480 1423 Clamavi
513 1380 570 1424 ad
597 1386 641 1423 te
667 1381 873 1431 Domine,
900 1382 924 1407 *
952 1380 1059 1422 dixi:

232 1438 301 1479 Tu
320 1451 366 1479 es
387 1450 489 1490 spes
507 1451 615 1488 mea,
634 1438 781 1491 portio
800 1450 899 1479 mea
916 1438 960 1478 in
975 1442 1058 1479 ter-

233 1507 281 1535 ra
299 1495 549 1536 viventium.

282 1554 466 1597 Intende
498 1554 555 1597 ad
587 1554 943 1608 deprecationem
971 1568 1058 1597 me-

231 1624 315 1653 am:
334 1613 357 1638 *
378 1612 479 1664 quia
496 1612 748 1653 humiliatus
767 1625 863 1654 sum
881 1612 1020 1653 nimis.

283 1673 442 1714 Libera
459 1686 529 1714 me
549 1686 574 1714 a
592 1673 958 1726 persequentibus
973 1685 1058 1715 me:

232 1730 255 1755 *
276 1728 378 1782 quia
396 1730 630 1771 confortati
649 1734 749 1771 sunt
768 1742 900 1782 super
918 1742 1000 1771 me.

283 1789 407 1832 Educ
428 1790 482 1832 de
498 1789 698 1832 custodia
713 1791 902 1832 animam
916 1803 1058 1832 meam

231 1846 289 1888 ad
313 1847 609 1888 confitendum
631 1847 795 1888 nomini
816 1852 912 1889 tuo:
939 1847 963 1872 ¹⁸¹
988 1860 1058 1889 me

231 1905 489 1956 exspectant
515 1904 630 1955 justi,
667 1902 808 1945 donec
841 1903 1058 1945 retribuas

230 1960 346 2001 mihi.

291 2032 387 2071 Ant.
423 2027 769 2070 Considerabam
810 2027 867 2070 ad
908 2028 1055 2070 dexte-

231 2098 340 2135 ram,
369 2089 412 2126 et
435 2084 656 2135 videbam,
685 2090 728 2127 et
751 2097 839 2127 non
865 2090 959 2127 erat
983 2085 1058 2138 qui

231 2143 518 2194 cognosceret
536 2153 616 2183 me.

314 2220 571 2272 Capitulum.
744 2220 928 2272 Philipp.
947 2222 982 2260 2.

322 2290 474 2326 ratres:
493 2285 592 2326 Hoc
614 2284 728 2327 enim
742 2287 900 2326 sentite
922 2284 965 2325 in
984 2298 1056 2326 vo-

333 2340 418 2390 bis,
447 2340 566 2393 quod
595 2346 640 2383 et
666 2341 709 2382 in
737 2340 911 2383 Christo
937 2341 1057 2382 Jesu:

233 2396 306 2448 qui
336 2410 435 2438 cum
462 2398 505 2438 in
533 2398 674 2439 forma
698 2398 782 2439 Dei
808 2403 941 2448 esset,
970 2411 1057 2438 non

233 2455 428 2505 rapinam
453 2453 689 2496 arbitratus
714 2459 782 2496 est
808 2466 904 2495 esse
930 2466 977 2495 se
1002 2467 1056 2495 ae-

234 2508 405 2559 qualern
425 2510 536 2552 Deo:
565 2510 645 2552 sed
666 2512 950 2563 semetipsum
973 2511 1057 2551 exi-

233 2565 408 2614 nanivit,
427 2566 611 2608 formam
630 2567 747 2608 servi
765 2567 997 2619 accipiens,
1015 2567 1057 2607 in

233 2620 557 2663 similitudinem
583 2623 808 2664 hominum
831 2623 989 2672 factus,
1015 2628 1059 2664 et

233 2675 386 2718 habitu
402 2677 601 2720 inventus
617 2685 664 2720 ut
679 2680 822 2721 homo.
850 2679 1057 2720 Humilia-

233 2732 294 2773 vit
330 2736 631 2786 semetipsum,
668 2736 810 2777 factus
847 2735 1058 2777 obediens

1113 323 1252 375 usque
1276 311 1333 353 ad
1354 318 1557 362 mortem,
1582 318 1769 354 mortem
1793 319 1938 356 autem

1113 379 1266 409 crucls.

1428 438 1636 488 Hymnus.

1242 499 1431 540 oerentes
1454 498 1580 549 oculi,
1604 499 1796 552 spargite
1815 498 1937 541 lacri-

1188 609 1247 651 Et
1276 609 1397 652 luctu
1420 567 1635 676 stdnent
1664 612 1818 655 intima
1845 613 1937 655 cor-

1188 722 1338 765 Illatas
1359 667 1699 766 ref‘eli‘lonlliumini
1719 723 1775 766 ab
1793 725 1937 778 impiis

1266 780 1436 831 Poenas,
1456 786 1499 824 et
1517 781 1610 824 fera
1628 780 1820 823 vulnera.

1143 855 1364 904 Accincta‚
1393 854 1498 896 heu!
1529 854 1685 907 gladiis
1711 854 1842 897 turba
1873 867 1938 897 sa-

1420 911 1607 953 tellitum

1189 966 1426 1020 Arreptum
1469 968 1707 1010 Dominum
1751 967 1938 1010 fastibus

1420 1025 1618 1078 impetit,

1188 1081 1316 1123 Nunc
1331 1081 1464 1124 caedit
1478 1081 1688 1135 colaphis,
1707 1095 1822 1124 nunc
1837 1094 1938 1135 qua-

1420 1139 1472 1180 tit
1490 1138 1680 1181 horridis

1266 1195 1474 1236 Divinum
1494 1200 1627 1248 caput
1643 1194 1814 1237 ictibus.

1144 1267 1270 1310 Haud
1300 1268 1398 1309 finis
1434 1268 1607 1310 sceleri:
1642 1267 1832 1310 traditur
1861 1270 1936 1310 im-

1189 1380 1389 1423 Christus
1419 1325 1640 1433 Ῑὲιέῗξῗᾶοῂ
1684 1394 1767 1423 nec
1802 1394 1936 1433 mora,

1419 1438 1634 1480 barbarus

1187 1494 1239 1534 In
1270 1507 1434 1563 regem,
1455 1498 1664 1561 superum
1694 1507 1788 1561 non>
1813 1495 1937 1538 timet

1264 1607 1389 1649 Ausu
1407 1565 1579 1651 ἓξὲξ
1598 1609 1834 1652 dexteram.

1147 1681 1311 1731 Audite,
1330 1694 1357 1723 o
1372 1682 1535 1735 populi,
1549 1683 1724 1725 Numen
1738 1683 1936 1735 amabile,

1186 1738 1393 1780 Manante
1430 1751 1485 1807 ex
1515 1739 1709 1804 humeris
1743 1739 1936 1793 undique

1419 1808 1638 1847 sangume‚

1187 1850 1374 1893 Lictoris
1405 1851 1547 1895 rabidi
1581 1852 1770 1894 sustinet
1801 1854 1936 1906 impe-

1264 1965 1321 2006 Et
1340 1913 1674 2018 vocblirrilpremit
1692 1967 1913 2007 innocens.

1141 2039 1244 2092 Quis
1275 2052 1362 2080 non
1393 2037 1648 2081 illacrimet?
1693 2039 1790 2081 Jam
1820 2052 1938 2082 nova

1421 2095 1618 2138 condidit

1186 2152 1424 2195 Tormenta
1447 2152 1673 2218 indomitae
1696 2153 1838 2204 gentis
1859 2153 1935 2194 ini-

1187 2265 1334 2317 Infigit
1357 2214 1686 2331 cassffissff'proh
1710 2264 1853 2308 dolor!
1878 2266 1935 2307 ef-

1263 2322 1664 2432 Sertutrgegespribus
1683 2381 1899 2432 asperum.

1148 2457 1239 2496 Heu
1258 2451 1436 2494 crimen!
1459 2452 1647 2550 trssliitur
1666 2452 1842 2494 funibus
1860 2455 1935 2494 im-

1186 2566 1366 2607 Funesti
1394 2521 1610 2606 &ggiinsus
1644 2565 1847 2618 supplicii
1878 2565 1935 2608 ad

1187 2678 1281 2720 Illic
1301 2622 1666 2731 oppeffiffiffia’ere,
1686 2678 1886 2730 spiritum

1264 2735 1383 2776 Patri
1402 2737 1635 2777 restituens
1654 2747 1744 2776 suo.
