<?xml version="1.0" encoding="UTF-8"?>
<!DOCTYPE html PUBLIC "-//W3C//DTD XHTML 1.0 Transitional//EN"
    "http://www.w3.org/TR/xhtml1/DTD/xhtml1-transitional.dtd">
<html xmlns="http://www.w3.org/1999/xhtml" xml:lang="en" lang="en">
 <head>
  <title>
</title>
<meta http-equiv="Content-Type" content="text/html;charset=utf-8" />
  <meta name='ocr-system' content='tesseract 3.04.00' />
  <meta name='ocr-capabilities' content='ocr_page ocr_carea ocr_par ocr_line ocrx_word'/>
</head>
<body>
  <div class='ocr_page' id='page_1' title='image "./p2breviariumroma00cathuoft_0013.png"; bbox 0 0 2060 2886; ppageno 0'>
   <div class='ocr_carea' id='block_1_1' title="bbox 442 170 1626 295">
    <p class='ocr_par' dir='ltr' id='par_1_1' title="bbox 442 170 1626 295">
     <span class='ocr_line' id='line_1_1' title="bbox 718 170 1361 225; baseline 0.008 -4"><span class='ocrx_word' id='word_1_1' title='bbox 718 170 1361 225; x_wconf 82' lang='lat' dir='ltr'><strong>SUMMABULLARUM</strong></span> 
     </span>
     <span class='ocr_line' id='line_1_2' title="bbox 442 246 1626 295; baseline -0.001 -1"><span class='ocrx_word' id='word_1_2' title='bbox 442 248 970 295; x_wconf 80' lang='lat' dir='ltr'>SUMMORUM</span> <span class='ocrx_word' id='word_1_3' title='bbox 1030 246 1626 294; x_wconf 83' lang='lat' dir='ltr'>PONTIFICUM.</span> 
     </span>
    </p>
   </div>
   <div class='ocr_carea' id='block_1_2' title="bbox 716 310 1362 342">
    <p class='ocr_par' dir='ltr' id='par_1_2' title="bbox 716 310 1362 342">
     <span class='ocr_line' id='line_1_3' title="bbox 716 310 1362 342; baseline 0.006 -5"><span class='ocrx_word' id='word_1_4' title='bbox 716 310 791 338; x_wconf 92' lang='lat' dir='ltr'>PRO</span> <span class='ocrx_word' id='word_1_5' title='bbox 810 311 993 340; x_wconf 87' lang='lat' dir='ltr'>EDITIONE</span> <span class='ocrx_word' id='word_1_6' title='bbox 1012 312 1135 341; x_wconf 88' lang='lat' dir='ltr'>HUJUS</span> <span class='ocrx_word' id='word_1_7' title='bbox 1154 314 1362 342; x_wconf 83' lang='lat' dir='ltr'>BREVIARII.</span> 
     </span>
    </p>
   </div>
   <div class='ocr_carea' id='block_1_3' title="bbox 216 363 1012 468">
    <p class='ocr_par' dir='ltr' id='par_1_3' title="bbox 216 363 1012 468">
     <span class='ocr_line' id='line_1_4' title="bbox 216 363 1012 468; baseline 0.005 -65"><span class='ocrx_word' id='word_1_8' title='bbox 216 365 358 468; x_wconf 52' lang='grc' dir='ltr'>-ἱῗῖξ</span> <span class='ocrx_word' id='word_1_9' title='bbox 380 379 423 405; x_wconf 86' lang='lat' dir='ltr'>ius</span> <span class='ocrx_word' id='word_1_10' title='bbox 436 379 469 407; x_wconf 90' lang='lat' dir='ltr'>V.</span> <span class='ocrx_word' id='word_1_11' title='bbox 483 379 575 412; x_wconf 90' lang='lat' dir='ltr'>Bulla,</span> <span class='ocrx_word' id='word_1_12' title='bbox 594 363 660 414; x_wconf 38' lang='lat' dir='ltr'>quae·</span> <span class='ocrx_word' id='word_1_13' title='bbox 675 379 782 413; x_wconf 89' lang='lat' dir='ltr'><strong>incipit:</strong></span> <span class='ocrx_word' id='word_1_14' title='bbox 801 380 881 413; x_wconf 91' lang='lat' dir='ltr'>Quod</span> <span class='ocrx_word' id='word_1_15' title='bbox 895 388 911 407; x_wconf 90' lang='lat' dir='ltr'>a</span> <span class='ocrx_word' id='word_1_16' title='bbox 924 381 1012 415; x_wconf 87' lang='lat' dir='ltr'>nobis,</span> 
     </span>
    </p>
   </div>
   <div class='ocr_carea' id='block_1_4' title="bbox 185 390 1014 1000">
    <p class='ocr_par' dir='ltr' id='par_1_4' title="bbox 215 390 225 405">
     <span class='ocr_line' id='line_1_5' title="bbox 215 390 225 405; baseline 0 0"><span class='ocrx_word' id='word_1_17' title='bbox 215 390 225 405; x_wconf 77' lang='lat'><strong>(</strong></span> 
     </span>
    </p>

    <p class='ocr_par' dir='ltr' id='par_1_5' title="bbox 213 404 1012 453">
     <span class='ocr_line' id='line_1_6' title="bbox 213 404 1012 453; baseline 0 -7"><span class='ocrx_word' id='word_1_18' title='bbox 213 404 225 446; x_wconf 56' lang='grc' dir='ltr'>ξ(</span> <span class='ocrx_word' id='word_1_19' title='bbox 318 443 320 450; x_wconf 26' lang='grc'>1</span> <span class='ocrx_word' id='word_1_20' title='bbox 393 418 459 445; x_wconf 87' lang='lat' dir='ltr'>data</span> <span class='ocrx_word' id='word_1_21' title='bbox 468 419 565 445; x_wconf 82' lang='lat' dir='ltr'>Romae</span> <span class='ocrx_word' id='word_1_22' title='bbox 575 418 692 452; x_wconf 89' lang='lat' dir='ltr'>septimo</span> <span class='ocrx_word' id='word_1_23' title='bbox 702 419 769 445; x_wconf 89' lang='lat' dir='ltr'>Idus</span> <span class='ocrx_word' id='word_1_24' title='bbox 778 419 796 445; x_wconf 86' lang='lat' dir='ltr'>J</span> <span class='ocrx_word' id='word_1_25' title='bbox 798 419 846 445; x_wconf 92' lang='lat' dir='ltr'>ulii</span> <span class='ocrx_word' id='word_1_26' title='bbox 855 427 927 446; x_wconf 87' lang='lat' dir='ltr'>anno</span> <span class='ocrx_word' id='word_1_27' title='bbox 938 420 1012 453; x_wconf 84' lang='grc'>1568,</span> 
     </span>
    </p>

    <p class='ocr_par' dir='ltr' id='par_1_6' title="bbox 214 441 1012 498">
     <span class='ocr_line' id='line_1_7' title="bbox 214 441 1012 498; baseline 0.003 -15"><span class='ocrx_word' id='word_1_28' title='bbox 214 446 225 497; x_wconf 56' lang='lat'>{2</span> <span class='ocrx_word' id='word_1_29' title='bbox 260 441 333 498; x_wconf 46' lang='lat'>{15¹⁵</span> <span class='ocrx_word' id='word_1_30' title='bbox 344 456 351 469; x_wconf 64' lang='lat'>²</span> <span class='ocrx_word' id='word_1_31' title='bbox 392 457 527 491; x_wconf 87' lang='lat' dir='ltr'>significat</span> <span class='ocrx_word' id='word_1_32' title='bbox 539 465 651 484; x_wconf 86' lang='lat' dir='ltr'>causam</span> <span class='ocrx_word' id='word_1_33' title='bbox 665 458 763 484; x_wconf 91' lang='lat' dir='ltr'>edendi</span> <span class='ocrx_word' id='word_1_34' title='bbox 777 458 857 491; x_wconf 86' lang='lat' dir='ltr'>hujus</span> <span class='ocrx_word' id='word_1_35' title='bbox 871 459 1012 492; x_wconf 88' lang='lat' dir='ltr'>Breviarii,</span> 
     </span>
    </p>

    <p class='ocr_par' dir='ltr' id='par_1_7' title="bbox 185 494 1014 1000">
     <span class='ocr_line' id='line_1_8' title="bbox 215 494 1012 530; baseline 0.001 -7"><span class='ocrx_word' id='word_1_36' title='bbox 215 505 220 507; x_wconf 58' lang='grc'><strong><em>’</em></strong></span> <span class='ocrx_word' id='word_1_37' title='bbox 393 504 492 530; x_wconf 86' lang='lat' dir='ltr'>nempe</span> <span class='ocrx_word' id='word_1_38' title='bbox 509 496 545 523; x_wconf 89' lang='lat' dir='ltr'>ad</span> <span class='ocrx_word' id='word_1_39' title='bbox 564 497 713 523; x_wconf 89' lang='lat' dir='ltr'>tollendam</span> <span class='ocrx_word' id='word_1_40' title='bbox 733 494 830 524; x_wconf 81' lang='lat' dir='ltr'>orandi</span> <span class='ocrx_word' id='word_1_41' title='bbox 844 498 1012 524; x_wconf 80' lang='lat' dir='ltr'>varietatem.</span> 
     </span>
     <span class='ocr_line' id='line_1_9' title="bbox 193 535 1013 570; baseline 0.001 -8"><span class='ocrx_word' id='word_1_42' title='bbox 193 536 313 562; x_wconf 83' lang='lat' dir='ltr'>Enarrat</span> <span class='ocrx_word' id='word_1_43' title='bbox 331 543 371 569; x_wconf 87' lang='lat' dir='ltr'>ea,</span> <span class='ocrx_word' id='word_1_44' title='bbox 391 543 454 569; x_wconf 87' lang='lat' dir='ltr'>quae</span> <span class='ocrx_word' id='word_1_45' title='bbox 471 535 500 562; x_wconf 90' lang='lat' dir='ltr'>in</span> <span class='ocrx_word' id='word_1_46' title='bbox 513 536 565 563; x_wconf 82' lang='lat' dir='ltr'>hac</span> <span class='ocrx_word' id='word_1_47' title='bbox 578 543 608 562; x_wconf 93' lang='lat' dir='ltr'>re</span> <span class='ocrx_word' id='word_1_48' title='bbox 621 536 775 570; x_wconf 88' lang='lat' dir='ltr'>praestitere</span> <span class='ocrx_word' id='word_1_49' title='bbox 790 536 892 563; x_wconf 91' lang='lat' dir='ltr'>Paulus</span> <span class='ocrx_word' id='word_1_50' title='bbox 907 540 932 563; x_wconf 92' lang='lat' dir='ltr'>et</span> <span class='ocrx_word' id='word_1_51' title='bbox 946 537 1013 563; x_wconf 89' lang='lat' dir='ltr'>Pius</span> 
     </span>
     <span class='ocr_line' id='line_1_10' title="bbox 193 574 1012 609; baseline 0.001 -8"><span class='ocrx_word' id='word_1_52' title='bbox 193 574 304 601; x_wconf 90' lang='lat' dir='ltr'>nomine</span> <span class='ocrx_word' id='word_1_53' title='bbox 318 574 423 609; x_wconf 84' lang='lat' dir='ltr'><strong>Quarti,</strong></span> <span class='ocrx_word' id='word_1_54' title='bbox 441 578 569 608; x_wconf 75' lang='lat' dir='ltr'>etquam</span> <span class='ocrx_word' id='word_1_55' title='bbox 588 575 646 609; x_wconf 90' lang='lat' dir='ltr'>ipse</span> <span class='ocrx_word' id='word_1_56' title='bbox 665 575 789 602; x_wconf 86' lang='lat' dir='ltr'>adhiberi</span> <span class='ocrx_word' id='word_1_57' title='bbox 806 583 917 609; x_wconf 82' lang='lat' dir='ltr'>operam</span> <span class='ocrx_word' id='word_1_58' title='bbox 935 583 1012 603; x_wconf 88' lang='lat' dir='ltr'>cura-</span> 
     </span>
     <span class='ocr_line' id='line_1_11' title="bbox 193 613 1013 647; baseline 0.001 -7"><span class='ocrx_word' id='word_1_59' title='bbox 193 613 242 647; x_wconf 90' lang='lat' dir='ltr'>vit,</span> <span class='ocrx_word' id='word_1_60' title='bbox 258 621 293 641; x_wconf 83' lang='lat' dir='ltr'>ex</span> <span class='ocrx_word' id='word_1_61' title='bbox 311 614 430 640; x_wconf 88' lang='lat' dir='ltr'>Decreto</span> <span class='ocrx_word' id='word_1_62' title='bbox 449 614 563 641; x_wconf 92' lang='lat' dir='ltr'>Concilii</span> <span class='ocrx_word' id='word_1_63' title='bbox 582 614 745 640; x_wconf 86' lang='lat' dir='ltr'>Tridentini.</span> <span class='ocrx_word' id='word_1_64' title='bbox 773 614 858 641; x_wconf 86' lang='lat' dir='ltr'>Tollit</span> <span class='ocrx_word' id='word_1_65' title='bbox 876 618 903 641; x_wconf 90' lang='lat' dir='ltr'>et</span> <span class='ocrx_word' id='word_1_66' title='bbox 921 614 1013 641; x_wconf 83' lang='lat' dir='ltr'><strong>abolet</strong></span> 
     </span>
     <span class='ocr_line' id='line_1_12' title="bbox 194 652 1013 687; baseline 0.001 -8"><span class='ocrx_word' id='word_1_67' title='bbox 194 652 305 679; x_wconf 88' lang='lat' dir='ltr'>omnino</span> <span class='ocrx_word' id='word_1_68' title='bbox 327 652 514 687; x_wconf 90' lang='lat' dir='ltr'>Breviarium,</span> <span class='ocrx_word' id='word_1_69' title='bbox 536 660 552 679; x_wconf 90' lang='lat' dir='ltr'>a</span> <span class='ocrx_word' id='word_1_70' title='bbox 571 653 717 680; x_wconf 84' lang='lat' dir='ltr'>Cardinale</span> <span class='ocrx_word' id='word_1_71' title='bbox 739 652 766 679; x_wconf 89' lang='lat' dir='ltr'>S.</span> <span class='ocrx_word' id='word_1_72' title='bbox 786 653 882 680; x_wconf 85' lang='lat' dir='ltr'>Crucis</span> <span class='ocrx_word' id='word_1_73' title='bbox 903 661 1013 687; x_wconf 89' lang='lat' dir='ltr'>compo-</span> 
     </span>
     <span class='ocr_line' id='line_1_13' title="bbox 194 691 1012 726; baseline 0 -7"><span class='ocrx_word' id='word_1_74' title='bbox 194 691 290 725; x_wconf 87' lang='lat' dir='ltr'>situm,</span> <span class='ocrx_word' id='word_1_75' title='bbox 308 692 384 726; x_wconf 91' lang='lat' dir='ltr'>quod</span> <span class='ocrx_word' id='word_1_76' title='bbox 402 695 461 719; x_wconf 89' lang='lat' dir='ltr'>erat</span> <span class='ocrx_word' id='word_1_77' title='bbox 480 692 681 719; x_wconf 83' lang='lat' dir='ltr'>brevissimum.</span> <span class='ocrx_word' id='word_1_78' title='bbox 713 693 782 719; x_wconf 84' lang='lat' dir='ltr'><strong>Item</strong></span> <span class='ocrx_word' id='word_1_79' title='bbox 801 693 854 719; x_wconf 88' lang='lat' dir='ltr'>alia</span> <span class='ocrx_word' id='word_1_80' title='bbox 871 693 1012 719; x_wconf 89' lang='lat' dir='ltr'>Breviaria</span> 
     </span>
     <span class='ocr_line' id='line_1_14' title="bbox 194 731 1013 765; baseline 0.001 -7"><span class='ocrx_word' id='word_1_81' title='bbox 194 731 334 765; x_wconf 86' lang='lat' dir='ltr'>Romana,</span> <span class='ocrx_word' id='word_1_82' title='bbox 357 735 384 758; x_wconf 88' lang='lat' dir='ltr'>et</span> <span class='ocrx_word' id='word_1_83' title='bbox 406 732 473 765; x_wconf 91' lang='lat' dir='ltr'>alia,</span> <span class='ocrx_word' id='word_1_84' title='bbox 495 739 558 765; x_wconf 81' lang='lat' dir='ltr'>quae</span> <span class='ocrx_word' id='word_1_85' title='bbox 577 740 611 758; x_wconf 84' lang='lat' dir='ltr'>ex</span> <span class='ocrx_word' id='word_1_86' title='bbox 630 732 813 765; x_wconf 90' lang='lat' dir='ltr'>institutione,</span> <span class='ocrx_word' id='word_1_87' title='bbox 835 732 879 758; x_wconf 90' lang='lat' dir='ltr'>vel</span> <span class='ocrx_word' id='word_1_88' title='bbox 901 740 1013 759; x_wconf 90' lang='lat' dir='ltr'>consue-</span> 
     </span>
     <span class='ocr_line' id='line_1_15' title="bbox 185 767 1014 805; baseline 0.001 -9"><span class='ocrx_word' id='word_1_89' title='bbox 185 767 290 805; x_wconf 47' lang='lat' dir='ltr'>‘tudine</span> <span class='ocrx_word' id='word_1_90' title='bbox 307 770 428 804; x_wconf 83' lang='lat' dir='ltr'>legitima</span> <span class='ocrx_word' id='word_1_91' title='bbox 445 779 501 797; x_wconf 90' lang='lat' dir='ltr'>non</span> <span class='ocrx_word' id='word_1_92' title='bbox 520 774 652 805; x_wconf 80' lang='lat' dir='ltr'>superant</span> <span class='ocrx_word' id='word_1_93' title='bbox 671 771 804 798; x_wconf 90' lang='lat' dir='ltr'>ducentos</span> <span class='ocrx_word' id='word_1_94' title='bbox 822 779 916 798; x_wconf 89' lang='lat' dir='ltr'>annos.</span> <span class='ocrx_word' id='word_1_95' title='bbox 949 772 1014 798; x_wconf 91' lang='lat' dir='ltr'>Per-</span> 
     </span>
     <span class='ocr_line' id='line_1_16' title="bbox 195 808 1014 844; baseline 0.001 -9"><span class='ocrx_word' id='word_1_96' title='bbox 195 808 277 836; x_wconf 83' lang='lat' dir='ltr'><strong>mittit</strong></span> <span class='ocrx_word' id='word_1_97' title='bbox 301 812 393 836; x_wconf 87' lang='lat' dir='ltr'>tamen</span> <span class='ocrx_word' id='word_1_98' title='bbox 418 813 450 836; x_wconf 90' lang='lat' dir='ltr'>ut</span> <span class='ocrx_word' id='word_1_99' title='bbox 476 810 632 844; x_wconf 79' lang='lat' dir='ltr'>antiquiora</span> <span class='ocrx_word' id='word_1_100' title='bbox 657 810 781 837; x_wconf 89' lang='lat' dir='ltr'>ducentis</span> <span class='ocrx_word' id='word_1_101' title='bbox 807 810 886 836; x_wconf 93' lang='lat' dir='ltr'>annis</span> <span class='ocrx_word' id='word_1_102' title='bbox 908 810 1014 844; x_wconf 86' lang='lat' dir='ltr'>possint</span> 
     </span>
     <span class='ocr_line' id='line_1_17' title="bbox 194 847 1013 884; baseline 0.002 -10"><span class='ocrx_word' id='word_1_103' title='bbox 194 847 296 874; x_wconf 87' lang='lat' dir='ltr'>mutari</span> <span class='ocrx_word' id='word_1_104' title='bbox 313 848 342 874; x_wconf 93' lang='lat' dir='ltr'>in</span> <span class='ocrx_word' id='word_1_105' title='bbox 358 848 412 875; x_wconf 87' lang='lat' dir='ltr'>hoc</span> <span class='ocrx_word' id='word_1_106' title='bbox 425 849 610 882; x_wconf 84' lang='lat' dir='ltr'>Breviarium,</span> <span class='ocrx_word' id='word_1_107' title='bbox 628 849 662 875; x_wconf 90' lang='lat' dir='ltr'>iis</span> <span class='ocrx_word' id='word_1_108' title='bbox 680 849 796 883; x_wconf 89' lang='lat' dir='ltr'>omissis,</span> <span class='ocrx_word' id='word_1_109' title='bbox 815 849 838 875; x_wconf 91' lang='lat' dir='ltr'>si</span> <span class='ocrx_word' id='word_1_110' title='bbox 852 849 1013 884; x_wconf 83' lang='lat' dir='ltr'>Episcopus,</span> 
     </span>
     <span class='ocr_line' id='line_1_18' title="bbox 195 886 1014 922; baseline 0.001 -8"><span class='ocrx_word' id='word_1_111' title='bbox 195 890 223 914; x_wconf 90' lang='lat' dir='ltr'>et</span> <span class='ocrx_word' id='word_1_112' title='bbox 236 886 397 914; x_wconf 84' lang='lat' dir='ltr'>universum</span> <span class='ocrx_word' id='word_1_113' title='bbox 411 887 568 922; x_wconf 77' lang='lat' dir='ltr'>Capitulum</span> <span class='ocrx_word' id='word_1_114' title='bbox 581 888 761 915; x_wconf 82' lang='lat' dir='ltr'>consentiant.</span> <span class='ocrx_word' id='word_1_115' title='bbox 782 888 905 915; x_wconf 89' lang='lat' dir='ltr'>Revocat</span> <span class='ocrx_word' id='word_1_116' title='bbox 919 895 1014 915; x_wconf 88' lang='lat' dir='ltr'>omnes</span> 
     </span>
     <span class='ocr_line' id='line_1_19' title="bbox 194 926 1013 961; baseline 0.002 -9"><span class='ocrx_word' id='word_1_117' title='bbox 194 926 397 961; x_wconf 82' lang='lat' dir='ltr'>permissiones,</span> <span class='ocrx_word' id='word_1_118' title='bbox 409 927 631 960; x_wconf 88' lang='lat' dir='ltr'>consuetudines,</span> <span class='ocrx_word' id='word_1_119' title='bbox 645 930 756 960; x_wconf 86' lang='lat' dir='ltr'>statuta,</span> <span class='ocrx_word' id='word_1_120' title='bbox 770 926 918 960; x_wconf 86' lang='lat' dir='ltr'>privilegia,</span> <span class='ocrx_word' id='word_1_121' title='bbox 932 926 1013 954; x_wconf 80' lang='lat' dir='ltr'>licen-</span> 
     </span>
     <span class='ocr_line' id='line_1_20' title="bbox 194 965 1014 1000; baseline 0.002 -9"><span class='ocrx_word' id='word_1_122' title='bbox 194 965 259 999; x_wconf 87' lang='lat' dir='ltr'>tias,</span> <span class='ocrx_word' id='word_1_123' title='bbox 278 968 306 991; x_wconf 87' lang='lat' dir='ltr'>et</span> <span class='ocrx_word' id='word_1_124' title='bbox 327 965 434 992; x_wconf 89' lang='lat' dir='ltr'>indulta</span> <span class='ocrx_word' id='word_1_125' title='bbox 452 966 595 1000; x_wconf 88' lang='lat' dir='ltr'>precandi,</span> <span class='ocrx_word' id='word_1_126' title='bbox 615 969 642 992; x_wconf 88' lang='lat' dir='ltr'>et</span> <span class='ocrx_word' id='word_1_127' title='bbox 660 966 796 1000; x_wconf 85' lang='lat' dir='ltr'>psallendi</span> <span class='ocrx_word' id='word_1_128' title='bbox 815 974 892 992; x_wconf 87' lang='lat' dir='ltr'>more</span> <span class='ocrx_word' id='word_1_129' title='bbox 913 969 940 994; x_wconf 91' lang='lat' dir='ltr'>et</span> <span class='ocrx_word' id='word_1_130' title='bbox 959 967 1014 993; x_wconf 89' lang='lat' dir='ltr'>ritu</span> 
     </span>
    </p>
   </div>
   <div class='ocr_carea' id='block_1_5' title="bbox 194 1003 1015 1078">
    <p class='ocr_par' dir='ltr' id='par_1_8' title="bbox 194 1003 1015 1078">
     <span class='ocr_line' id='line_1_21' title="bbox 194 1003 1015 1039; baseline 0.001 -9"><span class='ocrx_word' id='word_1_131' title='bbox 194 1003 390 1039; x_wconf 69' lang='lat' dir='ltr'>praedictorum</span> <span class='ocrx_word' id='word_1_132' title='bbox 408 1004 615 1031; x_wconf 86' lang='lat' dir='ltr'>Breviariorum</span> <span class='ocrx_word' id='word_1_133' title='bbox 634 1012 854 1039; x_wconf 91' lang='lat' dir='ltr'>suppressorum.</span> <span class='ocrx_word' id='word_1_134' title='bbox 886 1005 1015 1039; x_wconf 82' lang='lat' dir='ltr'>Praecipit</span> 
     </span>
     <span class='ocr_line' id='line_1_22' title="bbox 195 1043 1015 1078; baseline -0.001 -7"><span class='ocrx_word' id='word_1_135' title='bbox 195 1043 339 1071; x_wconf 84' lang='lat' dir='ltr'>observan&#39;</span> <span class='ocrx_word' id='word_1_136' title='bbox 364 1043 417 1070; x_wconf 88' lang='lat' dir='ltr'>hoc</span> <span class='ocrx_word' id='word_1_137' title='bbox 438 1043 611 1070; x_wconf 89' lang='lat' dir='ltr'>Breviarium</span> <span class='ocrx_word' id='word_1_138' title='bbox 637 1044 665 1070; x_wconf 89' lang='lat' dir='ltr'>in</span> <span class='ocrx_word' id='word_1_139' title='bbox 690 1047 748 1070; x_wconf 85' lang='lat' dir='ltr'>toto</span> <span class='ocrx_word' id='word_1_140' title='bbox 776 1044 856 1078; x_wconf 90' lang='lat' dir='ltr'>orbe,</span> <span class='ocrx_word' id='word_1_141' title='bbox 882 1052 944 1071; x_wconf 91' lang='lat' dir='ltr'>cum</span> <span class='ocrx_word' id='word_1_142' title='bbox 971 1052 1015 1070; x_wconf 81' lang='lat' dir='ltr'>ex-</span> 
     </span>
    </p>
   </div>
   <div class='ocr_carea' id='block_1_6' title="bbox 190 1112 1018 1491">
    <p class='ocr_par' dir='ltr' id='par_1_9' title="bbox 232 1112 1015 1147">
     <span class='ocr_line' id='line_1_23' title="bbox 232 1112 1015 1147; baseline 0.003 -8"><span class='ocrx_word' id='word_1_143' title='bbox 232 1136 238 1145; x_wconf 59' lang='lat'>,</span> <span class='ocrx_word' id='word_1_144' title='bbox 261 1127 285 1147; x_wconf 35' lang='grc' dir='ltr'>ῃ</span> <span class='ocrx_word' id='word_1_145' title='bbox 299 1112 404 1139; x_wconf 89' lang='lat' dir='ltr'>lemens</span> <span class='ocrx_word' id='word_1_146' title='bbox 414 1113 491 1140; x_wconf 91' lang='lat' dir='ltr'>VIII.</span> <span class='ocrx_word' id='word_1_147' title='bbox 505 1113 586 1140; x_wconf 89' lang='lat' dir='ltr'>Bulla</span> <span class='ocrx_word' id='word_1_148' title='bbox 599 1121 662 1147; x_wconf 90' lang='lat' dir='ltr'>quae</span> <span class='ocrx_word' id='word_1_149' title='bbox 676 1113 784 1147; x_wconf 83' lang='lat' dir='ltr'>incipit:</span> <span class='ocrx_word' id='word_1_150' title='bbox 798 1113 868 1140; x_wconf 90' lang='lat' dir='ltr'>Cum</span> <span class='ocrx_word' id='word_1_151' title='bbox 881 1114 910 1140; x_wconf 91' lang='lat' dir='ltr'>in</span> <span class='ocrx_word' id='word_1_152' title='bbox 924 1114 1015 1141; x_wconf 85' lang='lat' dir='ltr'>Eccle-</span> 
     </span>
    </p>

    <p class='ocr_par' dir='ltr' id='par_1_10' title="bbox 276 1149 1016 1186">
     <span class='ocr_line' id='line_1_24' title="bbox 276 1149 1016 1186; baseline 0.003 -8"><span class='ocrx_word' id='word_1_153' title='bbox 276 1149 278 1153; x_wconf 81' lang='grc'>’</span> <span class='ocrx_word' id='word_1_154' title='bbox 312 1151 361 1185; x_wconf 90' lang='lat' dir='ltr'>sia,</span> <span class='ocrx_word' id='word_1_155' title='bbox 375 1151 440 1178; x_wconf 87' lang='lat' dir='ltr'>data</span> <span class='ocrx_word' id='word_1_156' title='bbox 454 1152 552 1178; x_wconf 73' lang='lat' dir='ltr'>Roma:</span> <span class='ocrx_word' id='word_1_157' title='bbox 566 1152 611 1178; x_wconf 90' lang='lat' dir='ltr'>die</span> <span class='ocrx_word' id='word_1_158' title='bbox 625 1153 664 1178; x_wconf 91' lang='lat'>10.</span> <span class='ocrx_word' id='word_1_159' title='bbox 679 1152 743 1186; x_wconf 87' lang='lat' dir='ltr'>Maji</span> <span class='ocrx_word' id='word_1_160' title='bbox 757 1160 829 1178; x_wconf 89' lang='lat' dir='ltr'>anno</span> <span class='ocrx_word' id='word_1_161' title='bbox 845 1153 911 1179; x_wconf 85' lang='lat'>1602</span> <span class='ocrx_word' id='word_1_162' title='bbox 927 1153 1016 1180; x_wconf 90' lang='lat' dir='ltr'>decla-</span> 
     </span>
    </p>

    <p class='ocr_par' dir='ltr' id='par_1_11' title="bbox 190 1188 1018 1491">
     <span class='ocr_line' id='line_1_25' title="bbox 240 1188 1015 1225; baseline 0.001 -8"><span class='ocrx_word' id='word_1_163' title='bbox 240 1188 263 1213; x_wconf 60' lang='grc' dir='ltr'>ὲ</span> <span class='ocrx_word' id='word_1_164' title='bbox 293 1202 295 1213; x_wconf 64' lang='lat'>1</span> <span class='ocrx_word' id='word_1_165' title='bbox 312 1193 365 1224; x_wconf 87' lang='lat' dir='ltr'>rat,</span> <span class='ocrx_word' id='word_1_166' title='bbox 383 1199 413 1217; x_wconf 90' lang='lat' dir='ltr'>se</span> <span class='ocrx_word' id='word_1_167' title='bbox 430 1198 480 1225; x_wconf 88' lang='lat' dir='ltr'>per</span> <span class='ocrx_word' id='word_1_168' title='bbox 494 1191 569 1218; x_wconf 89' lang='lat' dir='ltr'>viros</span> <span class='ocrx_word' id='word_1_169' title='bbox 582 1191 643 1225; x_wconf 89' lang='lat' dir='ltr'>pios</span> <span class='ocrx_word' id='word_1_170' title='bbox 661 1194 688 1218; x_wconf 90' lang='lat' dir='ltr'>et</span> <span class='ocrx_word' id='word_1_171' title='bbox 706 1191 830 1218; x_wconf 86' lang='lat' dir='ltr'>eruditos</span> <span class='ocrx_word' id='word_1_172' title='bbox 843 1192 1015 1218; x_wconf 88' lang='lat' dir='ltr'>Breviarium</span> 
     </span>
     <span class='ocr_line' id='line_1_26' title="bbox 197 1229 1016 1265; baseline 0.001 -9"><span class='ocrx_word' id='word_1_173' title='bbox 197 1229 355 1256; x_wconf 88' lang='lat' dir='ltr'>Romanum</span> <span class='ocrx_word' id='word_1_174' title='bbox 368 1237 385 1256; x_wconf 84' lang='lat' dir='ltr'>a</span> <span class='ocrx_word' id='word_1_175' title='bbox 398 1230 449 1257; x_wconf 91' lang='lat' dir='ltr'>Pio</span> <span class='ocrx_word' id='word_1_176' title='bbox 463 1230 495 1257; x_wconf 92' lang='lat' dir='ltr'>V.</span> <span class='ocrx_word' id='word_1_177' title='bbox 515 1230 627 1264; x_wconf 90' lang='lat' dir='ltr'>editum,</span> <span class='ocrx_word' id='word_1_178' title='bbox 641 1233 668 1257; x_wconf 89' lang='lat' dir='ltr'>et</span> <span class='ocrx_word' id='word_1_179' title='bbox 681 1238 829 1264; x_wconf 85' lang='lat' dir='ltr'>progressu</span> <span class='ocrx_word' id='word_1_180' title='bbox 843 1231 974 1265; x_wconf 88' lang='lat' dir='ltr'>temporis</span> <span class='ocrx_word' id='word_1_181' title='bbox 988 1231 1016 1257; x_wconf 93' lang='lat' dir='ltr'>in</span> 
     </span>
     <span class='ocr_line' id='line_1_27' title="bbox 196 1268 1016 1304; baseline 0.004 -10"><span class='ocrx_word' id='word_1_182' title='bbox 196 1268 290 1295; x_wconf 88' lang='lat' dir='ltr'>multis</span> <span class='ocrx_word' id='word_1_183' title='bbox 308 1268 498 1303; x_wconf 89' lang='lat' dir='ltr'>depravatum,</span> <span class='ocrx_word' id='word_1_184' title='bbox 516 1269 697 1304; x_wconf 84' lang='lat' dir='ltr'>examinasse,</span> <span class='ocrx_word' id='word_1_185' title='bbox 715 1274 742 1296; x_wconf 90' lang='lat' dir='ltr'>et</span> <span class='ocrx_word' id='word_1_186' title='bbox 760 1269 788 1296; x_wconf 91' lang='lat' dir='ltr'>in</span> <span class='ocrx_word' id='word_1_187' title='bbox 806 1273 909 1297; x_wconf 87' lang='lat' dir='ltr'>statum</span> <span class='ocrx_word' id='word_1_188' title='bbox 927 1270 1016 1304; x_wconf 88' lang='lat' dir='ltr'>pristi-</span> 
     </span>
     <span class='ocr_line' id='line_1_28' title="bbox 196 1307 1017 1344; baseline 0.002 -10"><span class='ocrx_word' id='word_1_189' title='bbox 196 1315 263 1334; x_wconf 91' lang='lat' dir='ltr'>num</span> <span class='ocrx_word' id='word_1_190' title='bbox 275 1307 442 1335; x_wconf 78' lang='lat' dir='ltr'>restituisse:</span> <span class='ocrx_word' id='word_1_191' title='bbox 461 1308 586 1343; x_wconf 86' lang='lat' dir='ltr'>illudque</span> <span class='ocrx_word' id='word_1_192' title='bbox 604 1309 643 1336; x_wconf 91' lang='lat' dir='ltr'>sic</span> <span class='ocrx_word' id='word_1_193' title='bbox 656 1309 813 1336; x_wconf 86' lang='lat' dir='ltr'>restitutum</span> <span class='ocrx_word' id='word_1_194' title='bbox 833 1309 861 1336; x_wconf 87' lang='lat' dir='ltr'>in</span> <span class='ocrx_word' id='word_1_195' title='bbox 876 1310 1017 1344; x_wconf 85' lang='lat' dir='ltr'>Typogra-</span> 
     </span>
     <span class='ocr_line' id='line_1_29' title="bbox 196 1346 1018 1382; baseline 0.002 -9"><span class='ocrx_word' id='word_1_196' title='bbox 196 1346 262 1381; x_wconf 80' lang='lat' dir='ltr'>phia</span> <span class='ocrx_word' id='word_1_197' title='bbox 270 1347 404 1374; x_wconf 87' lang='lat' dir='ltr'>Vaticana</span> <span class='ocrx_word' id='word_1_198' title='bbox 417 1347 545 1381; x_wconf 89' lang='lat' dir='ltr'>imprimi,</span> <span class='ocrx_word' id='word_1_199' title='bbox 560 1351 587 1375; x_wconf 90' lang='lat' dir='ltr'>et</span> <span class='ocrx_word' id='word_1_200' title='bbox 600 1348 735 1382; x_wconf 84' lang='lat' dir='ltr'>divulgari</span> <span class='ocrx_word' id='word_1_201' title='bbox 749 1348 867 1382; x_wconf 87' lang='lat' dir='ltr'>jussisse.</span> <span class='ocrx_word' id='word_1_202' title='bbox 886 1349 1018 1375; x_wconf 85' lang='lat' dir='ltr'>Prohibet</span> 
     </span>
     <span class='ocr_line' id='line_1_30' title="bbox 196 1385 1018 1421; baseline 0.002 -9"><span class='ocrx_word' id='word_1_203' title='bbox 196 1393 232 1412; x_wconf 86' lang='lat' dir='ltr'>ne</span> <span class='ocrx_word' id='word_1_204' title='bbox 245 1385 311 1412; x_wconf 86' lang='lat' dir='ltr'>alibi</span> <span class='ocrx_word' id='word_1_205' title='bbox 324 1385 500 1420; x_wconf 76' lang='lat' dir='ltr'>imprimatur</span> <span class='ocrx_word' id='word_1_206' title='bbox 507 1386 561 1413; x_wconf 86' lang='lat' dir='ltr'>nisi</span> <span class='ocrx_word' id='word_1_207' title='bbox 573 1387 649 1421; x_wconf 84' lang='lat' dir='ltr'>juxta</span> <span class='ocrx_word' id='word_1_208' title='bbox 659 1387 800 1421; x_wconf 88' lang='lat' dir='ltr'>exemplar</span> <span class='ocrx_word' id='word_1_209' title='bbox 809 1387 980 1421; x_wconf 83' lang='lat' dir='ltr'>Vaticanum,</span> <span class='ocrx_word' id='word_1_210' title='bbox 990 1391 1018 1414; x_wconf 90' lang='lat' dir='ltr'>et</span> 
     </span>
     <span class='ocr_line' id='line_1_31' title="bbox 190 1424 1016 1460; baseline 0.001 -9"><span class='ocrx_word' id='word_1_211' title='bbox 190 1424 292 1451; x_wconf 68' lang='lat' dir='ltr'>habita</span> <span class='ocrx_word' id='word_1_212' title='bbox 305 1424 515 1452; x_wconf 87' lang='lat' dir='ltr'>Ordinariorum</span> <span class='ocrx_word' id='word_1_213' title='bbox 528 1425 650 1459; x_wconf 88' lang='lat' dir='ltr'>lieentia,</span> <span class='ocrx_word' id='word_1_214' title='bbox 668 1426 720 1452; x_wconf 91' lang='lat' dir='ltr'>sub</span> <span class='ocrx_word' id='word_1_215' title='bbox 733 1434 815 1460; x_wconf 84' lang='lat' dir='ltr'>poena</span> <span class='ocrx_word' id='word_1_216' title='bbox 833 1426 1016 1452; x_wconf 83' lang='lat' dir='ltr'>excommuni-</span> 
     </span>
     <span class='ocr_line' id='line_1_32' title="bbox 197 1463 1016 1491; baseline 0.001 -1"><span class='ocrx_word' id='word_1_217' title='bbox 197 1463 314 1490; x_wconf 81' lang='lat' dir='ltr'>cationis</span> <span class='ocrx_word' id='word_1_218' title='bbox 322 1463 386 1490; x_wconf 80' lang='lat' dir='ltr'>latae</span> <span class='ocrx_word' id='word_1_219' title='bbox 398 1463 549 1491; x_wconf 85' lang='lat' dir='ltr'>sententiae.</span> <span class='ocrx_word' id='word_1_220' title='bbox 567 1464 710 1491; x_wconf 88' lang='lat' dir='ltr'>Interdicit</span> <span class='ocrx_word' id='word_1_221' title='bbox 721 1472 802 1491; x_wconf 89' lang='lat' dir='ltr'>usum</span> <span class='ocrx_word' id='word_1_222' title='bbox 811 1464 1016 1491; x_wconf 87' lang='lat' dir='ltr'>Breviariorum</span> 
     </span>
    </p>
   </div>
   <div class='ocr_carea' id='block_1_7' title="bbox 197 1533 1019 1879">
    <p class='ocr_par' dir='ltr' id='par_1_12' title="bbox 199 1533 1015 1638">
     <span class='ocr_line' id='line_1_33' title="bbox 317 1533 1015 1568; baseline 0.001 -9"><span class='ocrx_word' id='word_1_223' title='bbox 317 1533 406 1560; x_wconf 91' lang='lat' dir='ltr'>banus</span> <span class='ocrx_word' id='word_1_224' title='bbox 415 1533 492 1560; x_wconf 91' lang='lat' dir='ltr'>VIII.</span> <span class='ocrx_word' id='word_1_225' title='bbox 506 1533 587 1560; x_wconf 84' lang='lat' dir='ltr'>Bulla</span> <span class='ocrx_word' id='word_1_226' title='bbox 601 1541 664 1567; x_wconf 61' lang='lat' dir='ltr'>quae</span> <span class='ocrx_word' id='word_1_227' title='bbox 676 1533 782 1568; x_wconf 87' lang='lat' dir='ltr'>incipit:</span> <span class='ocrx_word' id='word_1_228' title='bbox 797 1534 927 1561; x_wconf 84' lang='lat' dir='ltr'>Divinam</span> <span class='ocrx_word' id='word_1_229' title='bbox 940 1534 1015 1561; x_wconf 91' lang='lat' dir='ltr'>Psal-</span> 
     </span>
     <span class='ocr_line' id='line_1_34' title="bbox 199 1534 1015 1638; baseline 0.001 -40"><span class='ocrx_word' id='word_1_230' title='bbox 199 1534 445 1638; x_wconf 66' lang='lat' dir='ltr'>OEmodiam,</span> <span class='ocrx_word' id='word_1_231' title='bbox 455 1572 520 1598; x_wconf 86' lang='lat' dir='ltr'>data</span> <span class='ocrx_word' id='word_1_232' title='bbox 526 1573 624 1599; x_wconf 77' lang='lat' dir='ltr'>Romae</span> <span class='ocrx_word' id='word_1_233' title='bbox 634 1572 678 1599; x_wconf 91' lang='lat' dir='ltr'>die</span> <span class='ocrx_word' id='word_1_234' title='bbox 687 1573 727 1599; x_wconf 82' lang='lat'>25.</span> <span class='ocrx_word' id='word_1_235' title='bbox 735 1573 860 1600; x_wconf 74' lang='lat' dir='ltr'>‚Ianuarii</span> <span class='ocrx_word' id='word_1_236' title='bbox 871 1580 942 1600; x_wconf 90' lang='lat' dir='ltr'>anno</span> <span class='ocrx_word' id='word_1_237' title='bbox 951 1573 1015 1600; x_wconf 82' lang='lat'>1631</span> 
     </span>
    </p>

    <p class='ocr_par' dir='ltr' id='par_1_13' title="bbox 197 1611 1019 1879">
     <span class='ocr_line' id='line_1_35' title="bbox 315 1611 1017 1653; baseline 0.001 -16"><span class='ocrx_word' id='word_1_238' title='bbox 315 1611 437 1653; x_wconf 55' lang='lat' dir='ltr'>deflarat</span> <span class='ocrx_word' id='word_1_239' title='bbox 450 1619 488 1644; x_wconf 89' lang='lat' dir='ltr'>se,</span> <span class='ocrx_word' id='word_1_240' title='bbox 501 1611 610 1646; x_wconf 86' lang='lat' dir='ltr'>piorum</span> <span class='ocrx_word' id='word_1_241' title='bbox 624 1612 824 1645; x_wconf 88' lang='lat' dir='ltr'>doctorumque</span> <span class='ocrx_word' id='word_1_242' title='bbox 834 1612 957 1639; x_wconf 90' lang='lat' dir='ltr'>virorum</span> <span class='ocrx_word' id='word_1_243' title='bbox 972 1612 1017 1638; x_wconf 89' lang='lat' dir='ltr'>ad-</span> 
     </span>
     <span class='ocr_line' id='line_1_36' title="bbox 197 1648 1018 1684; baseline 0.001 -8"><span class='ocrx_word' id='word_1_244' title='bbox 197 1648 285 1676; x_wconf 86' lang='lat' dir='ltr'>hibita</span> <span class='ocrx_word' id='word_1_245' title='bbox 302 1657 382 1683; x_wconf 83' lang='lat' dir='ltr'>cura,</span> <span class='ocrx_word' id='word_1_246' title='bbox 400 1650 573 1677; x_wconf 83' lang='lat' dir='ltr'>Breviarium</span> <span class='ocrx_word' id='word_1_247' title='bbox 591 1658 608 1677; x_wconf 89' lang='lat' dir='ltr'>a</span> <span class='ocrx_word' id='word_1_248' title='bbox 625 1650 676 1677; x_wconf 90' lang='lat' dir='ltr'>Pio</span> <span class='ocrx_word' id='word_1_249' title='bbox 690 1651 723 1678; x_wconf 89' lang='lat' dir='ltr'>V.</span> <span class='ocrx_word' id='word_1_250' title='bbox 742 1651 861 1684; x_wconf 90' lang='lat' dir='ltr'>editum,</span> <span class='ocrx_word' id='word_1_251' title='bbox 880 1655 907 1678; x_wconf 91' lang='lat' dir='ltr'>et</span> <span class='ocrx_word' id='word_1_252' title='bbox 925 1659 941 1678; x_wconf 87' lang='lat' dir='ltr'>a</span> <span class='ocrx_word' id='word_1_253' title='bbox 959 1651 1018 1678; x_wconf 89' lang='lat' dir='ltr'>Cle-</span> 
     </span>
     <span class='ocr_line' id='line_1_37' title="bbox 198 1688 1018 1724; baseline 0.002 -10"><span class='ocrx_word' id='word_1_254' title='bbox 198 1691 290 1715; x_wconf 80' lang='lat' dir='ltr'>mente</span> <span class='ocrx_word' id='word_1_255' title='bbox 307 1688 385 1715; x_wconf 91' lang='lat' dir='ltr'>VIII.</span> <span class='ocrx_word' id='word_1_256' title='bbox 405 1689 588 1723; x_wconf 71' lang='lat' dir='ltr'>recognstum,</span> <span class='ocrx_word' id='word_1_257' title='bbox 611 1697 627 1716; x_wconf 88' lang='lat' dir='ltr'>a</span> <span class='ocrx_word' id='word_1_258' title='bbox 648 1689 774 1724; x_wconf 89' lang='lat' dir='ltr'>pluribus</span> <span class='ocrx_word' id='word_1_259' title='bbox 794 1690 900 1716; x_wconf 92' lang='lat' dir='ltr'>mendis</span> <span class='ocrx_word' id='word_1_260' title='bbox 920 1698 1018 1724; x_wconf 87' lang='lat' dir='ltr'>expur-</span> 
     </span>
     <span class='ocr_line' id='line_1_38' title="bbox 198 1727 1018 1762; baseline 0.001 -8"><span class='ocrx_word' id='word_1_261' title='bbox 198 1734 291 1760; x_wconf 81' lang='lat' dir='ltr'>gasse:</span> <span class='ocrx_word' id='word_1_262' title='bbox 308 1727 439 1761; x_wconf 82' lang='lat' dir='ltr'>Hymnus</span> <span class='ocrx_word' id='word_1_263' title='bbox 457 1727 493 1754; x_wconf 90' lang='lat' dir='ltr'>ad</span> <span class='ocrx_word' id='word_1_264' title='bbox 511 1728 600 1761; x_wconf 90' lang='lat' dir='ltr'>metri,</span> <span class='ocrx_word' id='word_1_265' title='bbox 617 1731 645 1755; x_wconf 89' lang='lat' dir='ltr'>et</span> <span class='ocrx_word' id='word_1_266' title='bbox 663 1728 807 1755; x_wconf 83' lang='lat' dir='ltr'>latinitatis</span> <span class='ocrx_word' id='word_1_267' title='bbox 819 1729 928 1762; x_wconf 86' lang='lat' dir='ltr'>regulas</span> <span class='ocrx_word' id='word_1_268' title='bbox 940 1736 1018 1755; x_wconf 89' lang='lat' dir='ltr'>revo-</span> 
     </span>
     <span class='ocr_line' id='line_1_39' title="bbox 198 1765 1019 1801; baseline 0.002 -9"><span class='ocrx_word' id='word_1_269' title='bbox 198 1772 289 1792; x_wconf 78' lang='lat' dir='ltr'>casse:</span> <span class='ocrx_word' id='word_1_270' title='bbox 313 1765 347 1792; x_wconf 90' lang='lat' dir='ltr'>In</span> <span class='ocrx_word' id='word_1_271' title='bbox 363 1766 495 1800; x_wconf 85' lang='lat' dir='ltr'>Psalmis,</span> <span class='ocrx_word' id='word_1_272' title='bbox 515 1770 542 1793; x_wconf 89' lang='lat' dir='ltr'>et</span> <span class='ocrx_word' id='word_1_273' title='bbox 561 1766 680 1794; x_wconf 90' lang='lat' dir='ltr'>Canticis</span> <span class='ocrx_word' id='word_1_274' title='bbox 698 1767 947 1801; x_wconf 84' lang='lat' dir='ltr'>interpunctionem</span> <span class='ocrx_word' id='word_1_275' title='bbox 964 1767 1019 1794; x_wconf 92' lang='lat' dir='ltr'>edi-</span> 
     </span>
     <span class='ocr_line' id='line_1_40' title="bbox 199 1803 1019 1839; baseline 0.002 -9"><span class='ocrx_word' id='word_1_276' title='bbox 199 1803 282 1831; x_wconf 86' lang='lat' dir='ltr'>tionis</span> <span class='ocrx_word' id='word_1_277' title='bbox 304 1804 425 1839; x_wconf 81' lang='lat' dir='ltr'>vulgatae</span> <span class='ocrx_word' id='word_1_278' title='bbox 445 1805 611 1832; x_wconf 85' lang='lat' dir='ltr'>restituisse:</span> <span class='ocrx_word' id='word_1_279' title='bbox 638 1805 798 1839; x_wconf 88' lang='lat' dir='ltr'>Sermones,</span> <span class='ocrx_word' id='word_1_280' title='bbox 820 1806 970 1838; x_wconf 76' lang='lat' dir='ltr'>Romilius,</span> <span class='ocrx_word' id='word_1_281' title='bbox 992 1809 1019 1832; x_wconf 90' lang='lat' dir='ltr'>et</span> 
     </span>
     <span class='ocr_line' id='line_1_41' title="bbox 199 1841 1018 1879; baseline 0.002 -10"><span class='ocrx_word' id='word_1_282' title='bbox 199 1841 365 1870; x_wconf 86' lang='lat' dir='ltr'>Sanctorum</span> <span class='ocrx_word' id='word_1_283' title='bbox 382 1843 520 1878; x_wconf 83' lang='lat' dir='ltr'>historias,</span> <span class='ocrx_word' id='word_1_284' title='bbox 533 1844 640 1871; x_wconf 79' lang='lat' dir='ltr'>collatis</span> <span class='ocrx_word' id='word_1_285' title='bbox 657 1845 797 1871; x_wconf 76' lang='lat' dir='ltr'>veteribus</span> <span class='ocrx_word' id='word_1_286' title='bbox 816 1844 1018 1879; x_wconf 84' lang='lat' dir='ltr'>manuscriptis,</span> 
     </span>
    </p>
   </div>
   <div class='ocr_carea' id='block_1_8' title="bbox 1064 383 1880 1079">
    <p class='ocr_par' dir='ltr' id='par_1_14' title="bbox 1064 383 1880 1079">
     <span class='ocr_line' id='line_1_42' title="bbox 1064 383 1876 420; baseline 0.006 -11"><span class='ocrx_word' id='word_1_287' title='bbox 1064 383 1189 417; x_wconf 88' lang='lat' dir='ltr'>ceptione</span> <span class='ocrx_word' id='word_1_288' title='bbox 1211 384 1261 410; x_wconf 80' lang='lat'>200</span> <span class='ocrx_word' id='word_1_289' title='bbox 1283 392 1431 418; x_wconf 84' lang='lat' dir='ltr'>annorum,</span> <span class='ocrx_word' id='word_1_290' title='bbox 1458 385 1492 411; x_wconf 92' lang='lat' dir='ltr'>de</span> <span class='ocrx_word' id='word_1_291' title='bbox 1518 393 1573 418; x_wconf 92' lang='lat' dir='ltr'>quo</span> <span class='ocrx_word' id='word_1_292' title='bbox 1595 393 1686 420; x_wconf 70' lang='lat' dir='ltr'>supra.</span> <span class='ocrx_word' id='word_1_293' title='bbox 1722 387 1823 414; x_wconf 88' lang='lat' dir='ltr'>Statuit</span> <span class='ocrx_word' id='word_1_294' title='bbox 1848 388 1876 414; x_wconf 93' lang='lat' dir='ltr'>in</span> 
     </span>
     <span class='ocr_line' id='line_1_43' title="bbox 1065 422 1875 457; baseline 0.006 -9"><span class='ocrx_word' id='word_1_295' title='bbox 1065 429 1097 448; x_wconf 90' lang='lat' dir='ltr'>eo</span> <span class='ocrx_word' id='word_1_296' title='bbox 1124 422 1190 448; x_wconf 91' lang='lat' dir='ltr'>nihil</span> <span class='ocrx_word' id='word_1_297' title='bbox 1216 423 1392 457; x_wconf 86' lang='lat' dir='ltr'>mutandum,</span> <span class='ocrx_word' id='word_1_298' title='bbox 1419 423 1589 457; x_wconf 89' lang='lat' dir='ltr'>addendum,</span> <span class='ocrx_word' id='word_1_299' title='bbox 1616 428 1642 450; x_wconf 85' lang='lat' dir='ltr'>et</span> <span class='ocrx_word' id='word_1_300' title='bbox 1669 426 1875 452; x_wconf 89' lang='lat' dir='ltr'>detrahendum.</span> 
     </span>
     <span class='ocr_line' id='line_1_44' title="bbox 1065 461 1876 495; baseline 0.005 -8"><span class='ocrx_word' id='word_1_301' title='bbox 1065 461 1175 494; x_wconf 87' lang='lat' dir='ltr'>Obligat</span> <span class='ocrx_word' id='word_1_302' title='bbox 1193 469 1330 495; x_wconf 90' lang='lat' dir='ltr'>quosque,</span> <span class='ocrx_word' id='word_1_303' title='bbox 1348 462 1395 495; x_wconf 93' lang='lat' dir='ltr'>qui</span> <span class='ocrx_word' id='word_1_304' title='bbox 1414 466 1541 489; x_wconf 91' lang='lat' dir='ltr'>tenentur</span> <span class='ocrx_word' id='word_1_305' title='bbox 1558 462 1649 489; x_wconf 80' lang='lat' dir='ltr'>Horas</span> <span class='ocrx_word' id='word_1_306' title='bbox 1667 464 1819 491; x_wconf 85' lang='lat' dir='ltr'>Canonicas</span> <span class='ocrx_word' id='word_1_307' title='bbox 1837 472 1876 491; x_wconf 86' lang='lat' dir='ltr'>re-</span> 
     </span>
     <span class='ocr_line' id='line_1_45' title="bbox 1065 500 1877 534; baseline 0.005 -8"><span class='ocrx_word' id='word_1_308' title='bbox 1065 500 1162 533; x_wconf 87' lang='lat' dir='ltr'>citare,</span> <span class='ocrx_word' id='word_1_309' title='bbox 1189 503 1219 527; x_wconf 88' lang='lat' dir='ltr'>ut</span> <span class='ocrx_word' id='word_1_310' title='bbox 1241 501 1293 527; x_wconf 90' lang='lat' dir='ltr'>hoc</span> <span class='ocrx_word' id='word_1_311' title='bbox 1314 504 1427 527; x_wconf 88' lang='lat' dir='ltr'>utantur</span> <span class='ocrx_word' id='word_1_312' title='bbox 1449 501 1603 534; x_wconf 89' lang='lat' dir='ltr'>Breviario,</span> <span class='ocrx_word' id='word_1_313' title='bbox 1630 502 1696 529; x_wconf 86' lang='lat' dir='ltr'>alias</span> <span class='ocrx_word' id='word_1_314' title='bbox 1722 511 1777 529; x_wconf 91' lang='lat' dir='ltr'>non</span> <span class='ocrx_word' id='word_1_315' title='bbox 1800 504 1877 530; x_wconf 87' lang='lat' dir='ltr'>satis-</span> 
     </span>
     <span class='ocr_line' id='line_1_46' title="bbox 1066 538 1877 575; baseline 0.005 -11"><span class='ocrx_word' id='word_1_316' title='bbox 1066 538 1167 565; x_wconf 84' lang='lat' dir='ltr'>faciant</span> <span class='ocrx_word' id='word_1_317' title='bbox 1193 540 1299 566; x_wconf 88' lang='lat' dir='ltr'>muneri</span> <span class='ocrx_word' id='word_1_318' title='bbox 1326 548 1383 566; x_wconf 87' lang='lat' dir='ltr'>suo.</span> <span class='ocrx_word' id='word_1_319' title='bbox 1419 541 1504 567; x_wconf 83' lang='lat' dir='ltr'>Jubet</span> <span class='ocrx_word' id='word_1_320' title='bbox 1532 540 1657 566; x_wconf 89' lang='lat' dir='ltr'>omnibus</span> <span class='ocrx_word' id='word_1_321' title='bbox 1684 542 1821 575; x_wconf 86' lang='lat' dir='ltr'>Praelatis,</span> <span class='ocrx_word' id='word_1_322' title='bbox 1847 545 1877 568; x_wconf 88' lang='lat' dir='ltr'>ut</span> 
     </span>
     <span class='ocr_line' id='line_1_47' title="bbox 1064 577 1876 612; baseline 0.005 -9"><span class='ocrx_word' id='word_1_323' title='bbox 1064 577 1116 604; x_wconf 89' lang='lat' dir='ltr'>hoc</span> <span class='ocrx_word' id='word_1_324' title='bbox 1134 578 1309 604; x_wconf 88' lang='lat' dir='ltr'>introducant</span> <span class='ocrx_word' id='word_1_325' title='bbox 1328 582 1383 604; x_wconf 90' lang='lat' dir='ltr'>tam</span> <span class='ocrx_word' id='word_1_326' title='bbox 1402 579 1429 605; x_wconf 93' lang='lat' dir='ltr'>in</span> <span class='ocrx_word' id='word_1_327' title='bbox 1448 579 1540 611; x_wconf 92' lang='lat' dir='ltr'>choro,</span> <span class='ocrx_word' id='word_1_328' title='bbox 1558 587 1639 612; x_wconf 88' lang='lat' dir='ltr'>quam</span> <span class='ocrx_word' id='word_1_329' title='bbox 1659 583 1736 606; x_wconf 86' lang='lat' dir='ltr'>extra</span> <span class='ocrx_word' id='word_1_330' title='bbox 1755 581 1876 607; x_wconf 89' lang='lat' dir='ltr'>chorum.</span> 
     </span>
     <span class='ocr_line' id='line_1_48' title="bbox 1065 616 1878 651; baseline 0.004 -9"><span class='ocrx_word' id='word_1_331' title='bbox 1065 616 1150 643; x_wconf 89' lang='lat' dir='ltr'>Tollit</span> <span class='ocrx_word' id='word_1_332' title='bbox 1168 617 1273 650; x_wconf 88' lang='lat' dir='ltr'>peccati</span> <span class='ocrx_word' id='word_1_333' title='bbox 1292 618 1498 651; x_wconf 76' lang='lat' dir='ltr'>obligationem,</span> <span class='ocrx_word' id='word_1_334' title='bbox 1522 626 1584 651; x_wconf 82' lang='lat' dir='ltr'>quae</span> <span class='ocrx_word' id='word_1_335' title='bbox 1606 622 1678 651; x_wconf 91' lang='lat' dir='ltr'>erat,</span> <span class='ocrx_word' id='word_1_336' title='bbox 1700 619 1831 645; x_wconf 89' lang='lat' dir='ltr'>recitandi</span> <span class='ocrx_word' id='word_1_337' title='bbox 1850 619 1878 645; x_wconf 92' lang='lat' dir='ltr'>in</span> 
     </span>
     <span class='ocr_line' id='line_1_49' title="bbox 1064 655 1877 691; baseline 0.002 -10"><span class='ocrx_word' id='word_1_338' title='bbox 1064 655 1149 682; x_wconf 89' lang='lat' dir='ltr'>choro</span> <span class='ocrx_word' id='word_1_339' title='bbox 1172 656 1301 682; x_wconf 85' lang='lat' dir='ltr'>Officium</span> <span class='ocrx_word' id='word_1_340' title='bbox 1324 664 1439 690; x_wconf 88' lang='lat' dir='ltr'>parvum</span> <span class='ocrx_word' id='word_1_341' title='bbox 1460 657 1490 683; x_wconf 92' lang='lat' dir='ltr'>B.</span> <span class='ocrx_word' id='word_1_342' title='bbox 1511 657 1546 683; x_wconf 92' lang='lat' dir='ltr'>M.</span> <span class='ocrx_word' id='word_1_343' title='bbox 1567 657 1599 683; x_wconf 92' lang='lat' dir='ltr'>V.</span> <span class='ocrx_word' id='word_1_344' title='bbox 1622 661 1648 683; x_wconf 89' lang='lat' dir='ltr'>et</span> <span class='ocrx_word' id='word_1_345' title='bbox 1669 657 1877 691; x_wconf 88' lang='lat' dir='ltr'>Defunctorum,</span> 
     </span>
     <span class='ocr_line' id='line_1_50' title="bbox 1065 694 1878 728; baseline 0.002 -8"><span class='ocrx_word' id='word_1_346' title='bbox 1065 694 1190 721; x_wconf 88' lang='lat' dir='ltr'>Psalmos</span> <span class='ocrx_word' id='word_1_347' title='bbox 1205 695 1411 722; x_wconf 85' lang='lat' dir='ltr'>Poenitentiales</span> <span class='ocrx_word' id='word_1_348' title='bbox 1429 699 1456 722; x_wconf 91' lang='lat' dir='ltr'>et</span> <span class='ocrx_word' id='word_1_349' title='bbox 1474 695 1635 728; x_wconf 85' lang='lat' dir='ltr'>Graduales,</span> <span class='ocrx_word' id='word_1_350' title='bbox 1655 696 1729 728; x_wconf 81' lang='lat' dir='ltr'>juxta</span> <span class='ocrx_word' id='word_1_351' title='bbox 1742 696 1878 723; x_wconf 87' lang='lat' dir='ltr'>Rubricas</span> 
     </span>
     <span class='ocr_line' id='line_1_51' title="bbox 1065 733 1878 768; baseline 0.002 -9"><span class='ocrx_word' id='word_1_352' title='bbox 1065 733 1208 760; x_wconf 90' lang='lat' dir='ltr'>Breviarii.</span> <span class='ocrx_word' id='word_1_353' title='bbox 1239 734 1382 767; x_wconf 88' lang='lat' dir='ltr'>Hortatur,</span> <span class='ocrx_word' id='word_1_354' title='bbox 1400 737 1430 760; x_wconf 92' lang='lat' dir='ltr'>ut</span> <span class='ocrx_word' id='word_1_355' title='bbox 1448 734 1595 761; x_wconf 90' lang='lat' dir='ltr'>recitentur</span> <span class='ocrx_word' id='word_1_356' title='bbox 1612 735 1716 768; x_wconf 86' lang='lat' dir='ltr'>eadem,</span> <span class='ocrx_word' id='word_1_357' title='bbox 1730 735 1878 768; x_wconf 87' lang='lat' dir='ltr'>propositis</span> 
     </span>
     <span class='ocr_line' id='line_1_52' title="bbox 1066 773 1878 807; baseline 0.001 -9"><span class='ocrx_word' id='word_1_358' title='bbox 1066 773 1240 805; x_wconf 84' lang='lat' dir='ltr'>indulgentiis</span> <span class='ocrx_word' id='word_1_359' title='bbox 1250 773 1357 799; x_wconf 90' lang='lat' dir='ltr'>dierum</span> <span class='ocrx_word' id='word_1_360' title='bbox 1370 777 1479 800; x_wconf 89' lang='lat' dir='ltr'>centum</span> <span class='ocrx_word' id='word_1_361' title='bbox 1493 773 1670 800; x_wconf 88' lang='lat' dir='ltr'>recitantibus</span> <span class='ocrx_word' id='word_1_362' title='bbox 1681 773 1808 800; x_wconf 81' lang='lat' dir='ltr'>Officium</span> <span class='ocrx_word' id='word_1_363' title='bbox 1818 781 1878 807; x_wconf 90' lang='lat' dir='ltr'>par-</span> 
     </span>
     <span class='ocr_line' id='line_1_53' title="bbox 1066 812 1879 846; baseline 0.001 -9"><span class='ocrx_word' id='word_1_364' title='bbox 1066 819 1131 838; x_wconf 93' lang='lat' dir='ltr'>vum</span> <span class='ocrx_word' id='word_1_365' title='bbox 1146 812 1175 837; x_wconf 91' lang='lat' dir='ltr'>B.</span> <span class='ocrx_word' id='word_1_366' title='bbox 1191 812 1226 837; x_wconf 88' lang='lat' dir='ltr'>M.</span> <span class='ocrx_word' id='word_1_367' title='bbox 1242 812 1273 838; x_wconf 88' lang='lat' dir='ltr'>V.</span> <span class='ocrx_word' id='word_1_368' title='bbox 1287 815 1313 838; x_wconf 87' lang='lat' dir='ltr'>et</span> <span class='ocrx_word' id='word_1_369' title='bbox 1327 812 1542 839; x_wconf 81' lang='lat' dir='ltr'>Defunctorum:</span> <span class='ocrx_word' id='word_1_370' title='bbox 1557 812 1752 846; x_wconf 87' lang='lat' dir='ltr'>quinquaginta</span> <span class='ocrx_word' id='word_1_371' title='bbox 1766 813 1879 839; x_wconf 89' lang='lat' dir='ltr'>recitan-</span> 
     </span>
     <span class='ocr_line' id='line_1_54' title="bbox 1066 850 1878 884; baseline 0.001 -8"><span class='ocrx_word' id='word_1_372' title='bbox 1066 850 1140 876; x_wconf 85' lang='lat' dir='ltr'>tibus</span> <span class='ocrx_word' id='word_1_373' title='bbox 1159 850 1285 877; x_wconf 89' lang='lat' dir='ltr'>Psalmos</span> <span class='ocrx_word' id='word_1_374' title='bbox 1304 851 1510 877; x_wconf 88' lang='lat' dir='ltr'>Poenitentiales</span> <span class='ocrx_word' id='word_1_375' title='bbox 1533 855 1559 877; x_wconf 88' lang='lat' dir='ltr'>et</span> <span class='ocrx_word' id='word_1_376' title='bbox 1578 850 1745 884; x_wconf 81' lang='lat' dir='ltr'>GradualeS,</span> <span class='ocrx_word' id='word_1_377' title='bbox 1768 851 1878 884; x_wconf 90' lang='lat' dir='ltr'>quando</span> 
     </span>
     <span class='ocr_line' id='line_1_55' title="bbox 1066 889 1879 923; baseline 0.001 -8"><span class='ocrx_word' id='word_1_378' title='bbox 1066 889 1195 915; x_wconf 87' lang='lat' dir='ltr'>Rubricae</span> <span class='ocrx_word' id='word_1_379' title='bbox 1217 897 1249 916; x_wconf 88' lang='lat' dir='ltr'>ea</span> <span class='ocrx_word' id='word_1_380' title='bbox 1272 890 1458 923; x_wconf 72' lang='lat' dir='ltr'>praescribant.</span> <span class='ocrx_word' id='word_1_381' title='bbox 1495 890 1556 917; x_wconf 89' lang='lat' dir='ltr'>Non</span> <span class='ocrx_word' id='word_1_382' title='bbox 1580 893 1669 916; x_wconf 88' lang='lat' dir='ltr'>tamen</span> <span class='ocrx_word' id='word_1_383' title='bbox 1692 889 1762 916; x_wconf 90' lang='lat' dir='ltr'>tollit</span> <span class='ocrx_word' id='word_1_384' title='bbox 1788 890 1879 916; x_wconf 89' lang='lat' dir='ltr'>lauda-</span> 
     </span>
     <span class='ocr_line' id='line_1_56' title="bbox 1066 928 1880 962; baseline 0 -8"><span class='ocrx_word' id='word_1_385' title='bbox 1066 928 1148 954; x_wconf 90' lang='lat' dir='ltr'>bilem</span> <span class='ocrx_word' id='word_1_386' title='bbox 1162 928 1395 961; x_wconf 86' lang='lat' dir='ltr'>consuetudinem,</span> <span class='ocrx_word' id='word_1_387' title='bbox 1409 929 1456 954; x_wconf 94' lang='lat' dir='ltr'>ubi</span> <span class='ocrx_word' id='word_1_388' title='bbox 1470 932 1519 962; x_wconf 88' lang='lat' dir='ltr'>est,</span> <span class='ocrx_word' id='word_1_389' title='bbox 1532 928 1664 955; x_wconf 90' lang='lat' dir='ltr'>recitandi</span> <span class='ocrx_word' id='word_1_390' title='bbox 1679 928 1807 955; x_wconf 77' lang='lat' dir='ltr'>Officium</span> <span class='ocrx_word' id='word_1_391' title='bbox 1821 936 1880 962; x_wconf 85' lang='lat' dir='ltr'>par-</span> 
     </span>
     <span class='ocr_line' id='line_1_57' title="bbox 1066 967 1880 1001; baseline 0 -8"><span class='ocrx_word' id='word_1_392' title='bbox 1066 975 1131 993; x_wconf 92' lang='lat' dir='ltr'>vum</span> <span class='ocrx_word' id='word_1_393' title='bbox 1151 968 1181 993; x_wconf 94' lang='lat' dir='ltr'>B.</span> <span class='ocrx_word' id='word_1_394' title='bbox 1196 968 1231 994; x_wconf 92' lang='lat' dir='ltr'>M.</span> <span class='ocrx_word' id='word_1_395' title='bbox 1246 967 1278 994; x_wconf 82' lang='lat' dir='ltr'>V.</span> <span class='ocrx_word' id='word_1_396' title='bbox 1298 967 1325 993; x_wconf 93' lang='lat' dir='ltr'>in</span> <span class='ocrx_word' id='word_1_397' title='bbox 1343 968 1440 1001; x_wconf 88' lang='lat' dir='ltr'>choro,</span> <span class='ocrx_word' id='word_1_398' title='bbox 1458 968 1514 994; x_wconf 92' lang='lat' dir='ltr'>imo</span> <span class='ocrx_word' id='word_1_399' title='bbox 1533 967 1657 994; x_wconf 90' lang='lat' dir='ltr'>eamdem</span> <span class='ocrx_word' id='word_1_400' title='bbox 1676 967 1834 1000; x_wconf 85' lang='lat' dir='ltr'>confirmat,</span> <span class='ocrx_word' id='word_1_401' title='bbox 1853 970 1880 993; x_wconf 90' lang='lat' dir='ltr'>et</span> 
     </span>
     <span class='ocr_line' id='line_1_58' title="bbox 1066 1006 1879 1040; baseline 0 -8"><span class='ocrx_word' id='word_1_402' title='bbox 1066 1006 1176 1033; x_wconf 87' lang='lat' dir='ltr'>tandem</span> <span class='ocrx_word' id='word_1_403' title='bbox 1197 1010 1304 1040; x_wconf 90' lang='lat' dir='ltr'>tempus</span> <span class='ocrx_word' id='word_1_404' title='bbox 1324 1006 1445 1033; x_wconf 88' lang='lat' dir='ltr'>decernit</span> <span class='ocrx_word' id='word_1_405' title='bbox 1465 1006 1637 1040; x_wconf 85' lang='lat' dir='ltr'>obligationis</span> <span class='ocrx_word' id='word_1_406' title='bbox 1659 1006 1695 1032; x_wconf 86' lang='lat' dir='ltr'>ad</span> <span class='ocrx_word' id='word_1_407' title='bbox 1717 1014 1796 1032; x_wconf 92' lang='lat' dir='ltr'>usum</span> <span class='ocrx_word' id='word_1_408' title='bbox 1816 1006 1879 1032; x_wconf 90' lang='lat' dir='ltr'>Bre-</span> 
     </span>
     <span class='ocr_line' id='line_1_59' title="bbox 1066 1045 1605 1079; baseline 0 -8"><span class='ocrx_word' id='word_1_409' title='bbox 1066 1045 1145 1072; x_wconf 83' lang='lat' dir='ltr'>viarii</span> <span class='ocrx_word' id='word_1_410' title='bbox 1164 1048 1227 1079; x_wconf 90' lang='lat' dir='ltr'>post</span> <span class='ocrx_word' id='word_1_411' title='bbox 1243 1045 1365 1079; x_wconf 81' lang='lat' dir='ltr'>ejusdem</span> <span class='ocrx_word' id='word_1_412' title='bbox 1383 1045 1605 1079; x_wconf 89' lang='lat' dir='ltr'>publicationem.</span> 
     </span>
    </p>
   </div>
   <div class='ocr_carea' id='block_1_9' title="bbox 1067 1114 1880 1498">
    <p class='ocr_par' dir='ltr' id='par_1_15' title="bbox 1067 1114 1880 1498">
     <span class='ocr_line' id='line_1_60' title="bbox 1067 1114 1879 1148; baseline 0.001 -8"><span class='ocrx_word' id='word_1_413' title='bbox 1067 1114 1263 1148; x_wconf 84' lang='lat' dir='ltr'>impressorum</span> <span class='ocrx_word' id='word_1_414' title='bbox 1273 1115 1377 1148; x_wconf 86' lang='lat' dir='ltr'>absque</span> <span class='ocrx_word' id='word_1_415' title='bbox 1387 1115 1433 1141; x_wconf 89' lang='lat' dir='ltr'>tali</span> <span class='ocrx_word' id='word_1_416' title='bbox 1443 1114 1651 1142; x_wconf 88' lang='lat' dir='ltr'>Ordinariorum</span> <span class='ocrx_word' id='word_1_417' title='bbox 1660 1114 1766 1141; x_wconf 87' lang='lat' dir='ltr'>licentia</span> <span class='ocrx_word' id='word_1_418' title='bbox 1779 1115 1806 1141; x_wconf 91' lang='lat' dir='ltr'>in</span> <span class='ocrx_word' id='word_1_419' title='bbox 1815 1114 1879 1141; x_wconf 88' lang='lat' dir='ltr'>scri-</span> 
     </span>
     <span class='ocr_line' id='line_1_61' title="bbox 1067 1153 1879 1188; baseline 0 -8"><span class='ocrx_word' id='word_1_420' title='bbox 1067 1153 1129 1187; x_wconf 85' lang='lat' dir='ltr'>ptis,</span> <span class='ocrx_word' id='word_1_421' title='bbox 1143 1162 1206 1187; x_wconf 92' lang='lat' dir='ltr'>quae</span> <span class='ocrx_word' id='word_1_422' title='bbox 1220 1154 1301 1180; x_wconf 89' lang='lat' dir='ltr'>fidem</span> <span class='ocrx_word' id='word_1_423' title='bbox 1312 1153 1395 1180; x_wconf 86' lang='lat' dir='ltr'>faciat</span> <span class='ocrx_word' id='word_1_424' title='bbox 1404 1154 1438 1180; x_wconf 91' lang='lat' dir='ltr'>de</span> <span class='ocrx_word' id='word_1_425' title='bbox 1452 1154 1595 1180; x_wconf 86' lang='lat' dir='ltr'>collatione</span> <span class='ocrx_word' id='word_1_426' title='bbox 1606 1153 1677 1180; x_wconf 91' lang='lat' dir='ltr'>facta</span> <span class='ocrx_word' id='word_1_427' title='bbox 1686 1154 1879 1188; x_wconf 78' lang='lat' dir='ltr'>praedictorum</span> 
     </span>
     <span class='ocr_line' id='line_1_62' title="bbox 1068 1192 1879 1226; baseline -0.001 -7"><span class='ocrx_word' id='word_1_428' title='bbox 1068 1193 1271 1219; x_wconf 87' lang='lat' dir='ltr'>Breviariorum</span> <span class='ocrx_word' id='word_1_429' title='bbox 1286 1201 1348 1219; x_wconf 90' lang='lat' dir='ltr'>cum</span> <span class='ocrx_word' id='word_1_430' title='bbox 1366 1193 1490 1226; x_wconf 86' lang='lat' dir='ltr'>originali</span> <span class='ocrx_word' id='word_1_431' title='bbox 1504 1194 1643 1219; x_wconf 90' lang='lat' dir='ltr'>Romano:</span> <span class='ocrx_word' id='word_1_432' title='bbox 1663 1193 1739 1226; x_wconf 88' lang='lat' dir='ltr'>cujus</span> <span class='ocrx_word' id='word_1_433' title='bbox 1757 1192 1837 1219; x_wconf 90' lang='lat' dir='ltr'>etiam</span> <span class='ocrx_word' id='word_1_434' title='bbox 1851 1192 1879 1218; x_wconf 92' lang='lat' dir='ltr'>li-</span> 
     </span>
     <span class='ocr_line' id='line_1_63' title="bbox 1068 1230 1878 1265; baseline -0.001 -8"><span class='ocrx_word' id='word_1_435' title='bbox 1068 1231 1164 1258; x_wconf 82' lang='lat' dir='ltr'>eentiae</span> <span class='ocrx_word' id='word_1_436' title='bbox 1183 1232 1261 1265; x_wconf 81' lang='lat' dir='ltr'>copia</span> <span class='ocrx_word' id='word_1_437' title='bbox 1282 1231 1372 1264; x_wconf 89' lang='lat' dir='ltr'>initio,</span> <span class='ocrx_word' id='word_1_438' title='bbox 1394 1232 1437 1258; x_wconf 92' lang='lat' dir='ltr'>vel</span> <span class='ocrx_word' id='word_1_439' title='bbox 1460 1231 1487 1257; x_wconf 91' lang='lat' dir='ltr'>in</span> <span class='ocrx_word' id='word_1_440' title='bbox 1506 1231 1579 1258; x_wconf 86' lang='lat' dir='ltr'>calce</span> <span class='ocrx_word' id='word_1_441' title='bbox 1598 1232 1728 1265; x_wconf 92' lang='lat' dir='ltr'>cujusque</span> <span class='ocrx_word' id='word_1_442' title='bbox 1747 1230 1878 1257; x_wconf 86' lang='lat' dir='ltr'>Breviarii</span> 
     </span>
     <span class='ocr_line' id='line_1_64' title="bbox 1069 1270 1878 1304; baseline -0.002 -7"><span class='ocrx_word' id='word_1_443' title='bbox 1069 1278 1177 1304; x_wconf 83' lang='lat' dir='ltr'>semper</span> <span class='ocrx_word' id='word_1_444' title='bbox 1198 1270 1378 1304; x_wconf 89' lang='lat' dir='ltr'>imprimatur.</span> <span class='ocrx_word' id='word_1_445' title='bbox 1415 1270 1556 1297; x_wconf 82' lang='lat' dir='ltr'>Praedictis</span> <span class='ocrx_word' id='word_1_446' title='bbox 1577 1270 1727 1297; x_wconf 88' lang='lat' dir='ltr'>Ordinariis</span> <span class='ocrx_word' id='word_1_447' title='bbox 1746 1270 1878 1304; x_wconf 87' lang='lat' dir='ltr'>prohibet,</span> 
     </span>
     <span class='ocr_line' id='line_1_65' title="bbox 1069 1308 1880 1343; baseline -0.001 -8"><span class='ocrx_word' id='word_1_448' title='bbox 1069 1317 1103 1335; x_wconf 94' lang='lat' dir='ltr'>ne</span> <span class='ocrx_word' id='word_1_449' title='bbox 1121 1309 1225 1343; x_wconf 89' lang='lat' dir='ltr'>aliquid</span> <span class='ocrx_word' id='word_1_450' title='bbox 1243 1309 1307 1335; x_wconf 92' lang='lat' dir='ltr'>addi</span> <span class='ocrx_word' id='word_1_451' title='bbox 1322 1309 1364 1336; x_wconf 90' lang='lat' dir='ltr'>vel</span> <span class='ocrx_word' id='word_1_452' title='bbox 1383 1309 1489 1336; x_wconf 87' lang='lat' dir='ltr'>detrahi</span> <span class='ocrx_word' id='word_1_453' title='bbox 1502 1309 1667 1343; x_wconf 85' lang='lat' dir='ltr'>permittant.</span> <span class='ocrx_word' id='word_1_454' title='bbox 1699 1309 1734 1335; x_wconf 88' lang='lat' dir='ltr'>Et</span> <span class='ocrx_word' id='word_1_455' title='bbox 1752 1309 1810 1335; x_wconf 87' lang='lat' dir='ltr'>haec</span> <span class='ocrx_word' id='word_1_456' title='bbox 1828 1308 1880 1334; x_wconf 88' lang='lat' dir='ltr'>sub</span> 
     </span>
     <span class='ocr_line' id='line_1_66' title="bbox 1069 1347 1880 1382; baseline -0.001 -8"><span class='ocrx_word' id='word_1_457' title='bbox 1069 1356 1151 1382; x_wconf 88' lang='lat' dir='ltr'>poena</span> <span class='ocrx_word' id='word_1_458' title='bbox 1169 1348 1464 1381; x_wconf 81' lang='lat' dir='ltr'>excommunicationis,</span> <span class='ocrx_word' id='word_1_459' title='bbox 1483 1348 1669 1381; x_wconf 90' lang='lat' dir='ltr'>suspensionis</span> <span class='ocrx_word' id='word_1_460' title='bbox 1689 1356 1704 1374; x_wconf 86' lang='lat' dir='ltr'>a</span> <span class='ocrx_word' id='word_1_461' title='bbox 1724 1347 1830 1380; x_wconf 85' lang='lat' dir='ltr'>divinis,</span> <span class='ocrx_word' id='word_1_462' title='bbox 1848 1354 1880 1373; x_wconf 89' lang='lat' dir='ltr'>ac</span> 
     </span>
     <span class='ocr_line' id='line_1_67' title="bbox 1068 1386 1879 1421; baseline -0.002 -8"><span class='ocrx_word' id='word_1_463' title='bbox 1068 1387 1205 1414; x_wconf 89' lang='lat' dir='ltr'>interdicti</span> <span class='ocrx_word' id='word_1_464' title='bbox 1224 1388 1259 1413; x_wconf 93' lang='lat' dir='ltr'>ab</span> <span class='ocrx_word' id='word_1_465' title='bbox 1273 1387 1396 1421; x_wconf 87' lang='lat' dir='ltr'>ingressu</span> <span class='ocrx_word' id='word_1_466' title='bbox 1410 1387 1547 1413; x_wconf 86' lang='lat' dir='ltr'>Ecclesiae.</span> <span class='ocrx_word' id='word_1_467' title='bbox 1572 1387 1767 1413; x_wconf 86' lang='lat' dir='ltr'>Verumtamen</span> <span class='ocrx_word' id='word_1_468' title='bbox 1781 1386 1807 1411; x_wconf 93' lang='lat' dir='ltr'>in</span> <span class='ocrx_word' id='word_1_469' title='bbox 1821 1393 1879 1419; x_wconf 86' lang='lat' dir='ltr'>gra-</span> 
     </span>
     <span class='ocr_line' id='line_1_68' title="bbox 1068 1425 1879 1460; baseline -0.002 -8"><span class='ocrx_word' id='word_1_470' title='bbox 1068 1426 1133 1452; x_wconf 86' lang='lat' dir='ltr'>tiam</span> <span class='ocrx_word' id='word_1_471' title='bbox 1156 1434 1322 1460; x_wconf 87' lang='lat' dir='ltr'>pauperum,</span> <span class='ocrx_word' id='word_1_472' title='bbox 1349 1425 1488 1452; x_wconf 86' lang='lat' dir='ltr'>Breviaria</span> <span class='ocrx_word' id='word_1_473' title='bbox 1511 1426 1641 1452; x_wconf 88' lang='lat' dir='ltr'>hactenus</span> <span class='ocrx_word' id='word_1_474' title='bbox 1664 1425 1795 1458; x_wconf 90' lang='lat' dir='ltr'>impressa</span> <span class='ocrx_word' id='word_1_475' title='bbox 1818 1432 1879 1450; x_wconf 90' lang='lat' dir='ltr'>ven-</span> 
     </span>
     <span class='ocr_line' id='line_1_69' title="bbox 1068 1463 1724 1498; baseline -0.003 -7"><span class='ocrx_word' id='word_1_476' title='bbox 1068 1465 1141 1498; x_wconf 90' lang='lat' dir='ltr'>dere,</span> <span class='ocrx_word' id='word_1_477' title='bbox 1156 1465 1230 1498; x_wconf 91' lang='lat' dir='ltr'>apud</span> <span class='ocrx_word' id='word_1_478' title='bbox 1243 1472 1272 1491; x_wconf 87' lang='lat' dir='ltr'>se</span> <span class='ocrx_word' id='word_1_479' title='bbox 1285 1464 1409 1498; x_wconf 84' lang='lat' dir='ltr'>retinere,</span> <span class='ocrx_word' id='word_1_480' title='bbox 1423 1472 1455 1490; x_wconf 88' lang='lat' dir='ltr'>ac</span> <span class='ocrx_word' id='word_1_481' title='bbox 1468 1464 1521 1490; x_wconf 90' lang='lat' dir='ltr'>illis</span> <span class='ocrx_word' id='word_1_482' title='bbox 1534 1464 1572 1490; x_wconf 92' lang='lat' dir='ltr'>uti</span> <span class='ocrx_word' id='word_1_483' title='bbox 1586 1463 1724 1498; x_wconf 83' lang='lat' dir='ltr'>permittit.</span> 
     </span>
    </p>
   </div>
   <div class='ocr_carea' id='block_1_10' title="bbox 1068 1532 1880 1877">
    <p class='ocr_par' dir='ltr' id='par_1_16' title="bbox 1068 1532 1880 1877">
     <span class='ocr_line' id='line_1_70' title="bbox 1069 1532 1880 1568; baseline -0.004 -8"><span class='ocrx_word' id='word_1_484' title='bbox 1069 1534 1266 1568; x_wconf 81' lang='lat' dir='ltr'>recognovisse.</span> <span class='ocrx_word' id='word_1_485' title='bbox 1303 1533 1487 1566; x_wconf 89' lang='lat' dir='ltr'>Quamobrem</span> <span class='ocrx_word' id='word_1_486' title='bbox 1513 1533 1638 1565; x_wconf 85' lang='lat' dir='ltr'>mandat,</span> <span class='ocrx_word' id='word_1_487' title='bbox 1664 1535 1694 1558; x_wconf 90' lang='lat' dir='ltr'>ut</span> <span class='ocrx_word' id='word_1_488' title='bbox 1715 1532 1788 1565; x_wconf 81' lang='lat' dir='ltr'>juxta</span> <span class='ocrx_word' id='word_1_489' title='bbox 1810 1532 1880 1558; x_wconf 86' lang='lat' dir='ltr'>hanc</span> 
     </span>
     <span class='ocr_line' id='line_1_71' title="bbox 1068 1571 1879 1606; baseline -0.004 -7"><span class='ocrx_word' id='word_1_490' title='bbox 1068 1573 1265 1600; x_wconf 88' lang='lat' dir='ltr'>correctionem</span> <span class='ocrx_word' id='word_1_491' title='bbox 1283 1573 1381 1599; x_wconf 85' lang='lat' dir='ltr'>Romae</span> <span class='ocrx_word' id='word_1_492' title='bbox 1400 1572 1585 1606; x_wconf 86' lang='lat' dir='ltr'>imprimatur,</span> <span class='ocrx_word' id='word_1_493' title='bbox 1605 1571 1667 1597; x_wconf 91' lang='lat' dir='ltr'>alibi</span> <span class='ocrx_word' id='word_1_494' title='bbox 1686 1571 1761 1604; x_wconf 82' lang='lat' dir='ltr'>juxta</span> <span class='ocrx_word' id='word_1_495' title='bbox 1782 1571 1879 1597; x_wconf 85' lang='lat' dir='ltr'>Roma-</span> 
     </span>
     <span class='ocr_line' id='line_1_72' title="bbox 1069 1608 1879 1646; baseline -0.006 -7"><span class='ocrx_word' id='word_1_496' title='bbox 1069 1620 1135 1639; x_wconf 89' lang='lat' dir='ltr'>nurn</span> <span class='ocrx_word' id='word_1_497' title='bbox 1154 1612 1294 1646; x_wconf 87' lang='lat' dir='ltr'>exemplar</span> <span class='ocrx_word' id='word_1_498' title='bbox 1312 1611 1477 1644; x_wconf 83' lang='lat' dir='ltr'>excudatur,</span> <span class='ocrx_word' id='word_1_499' title='bbox 1499 1610 1614 1637; x_wconf 88' lang='lat' dir='ltr'>servatis</span> <span class='ocrx_word' id='word_1_500' title='bbox 1632 1609 1831 1636; x_wconf 88' lang='lat' dir='ltr'>conditionibus</span> <span class='ocrx_word' id='word_1_501' title='bbox 1852 1608 1879 1635; x_wconf 90' lang='lat' dir='ltr'>in</span> 
     </span>
     <span class='ocr_line' id='line_1_73' title="bbox 1069 1647 1880 1685; baseline -0.005 -8"><span class='ocrx_word' id='word_1_502' title='bbox 1069 1651 1256 1685; x_wconf 89' lang='lat' dir='ltr'>suprascripta</span> <span class='ocrx_word' id='word_1_503' title='bbox 1273 1650 1421 1677; x_wconf 87' lang='lat' dir='ltr'>Clementis</span> <span class='ocrx_word' id='word_1_504' title='bbox 1439 1649 1518 1675; x_wconf 89' lang='lat' dir='ltr'>Bulla</span> <span class='ocrx_word' id='word_1_505' title='bbox 1538 1648 1715 1681; x_wconf 84' lang='lat' dir='ltr'>enumeratis,</span> <span class='ocrx_word' id='word_1_506' title='bbox 1734 1655 1803 1680; x_wconf 89' lang='lat' dir='ltr'>quas</span> <span class='ocrx_word' id='word_1_507' title='bbox 1823 1647 1880 1673; x_wconf 87' lang='lat' dir='ltr'>fere</span> 
     </span>
     <span class='ocr_line' id='line_1_74' title="bbox 1069 1687 1880 1723; baseline -0.005 -7"><span class='ocrx_word' id='word_1_508' title='bbox 1069 1690 1166 1716; x_wconf 88' lang='lat' dir='ltr'>iisdem</span> <span class='ocrx_word' id='word_1_509' title='bbox 1176 1690 1267 1716; x_wconf 91' lang='lat' dir='ltr'>verbis</span> <span class='ocrx_word' id='word_1_510' title='bbox 1281 1689 1386 1723; x_wconf 89' lang='lat' dir='ltr'>repetit.</span> <span class='ocrx_word' id='word_1_511' title='bbox 1409 1688 1576 1721; x_wconf 87' lang='lat' dir='ltr'>Adjungens,</span> <span class='ocrx_word' id='word_1_512' title='bbox 1590 1687 1699 1714; x_wconf 86' lang='lat' dir='ltr'>easdem</span> <span class='ocrx_word' id='word_1_513' title='bbox 1713 1687 1880 1713; x_wconf 88' lang='lat' dir='ltr'>conditiones</span> 
     </span>
     <span class='ocr_line' id='line_1_75' title="bbox 1069 1724 1879 1762; baseline -0.005 -7"><span class='ocrx_word' id='word_1_514' title='bbox 1069 1729 1220 1755; x_wconf 88' lang='lat' dir='ltr'>servandas</span> <span class='ocrx_word' id='word_1_515' title='bbox 1239 1729 1266 1754; x_wconf 91' lang='lat' dir='ltr'>in</span> <span class='ocrx_word' id='word_1_516' title='bbox 1288 1727 1466 1762; x_wconf 87' lang='lat' dir='ltr'>impressione</span> <span class='ocrx_word' id='word_1_517' title='bbox 1487 1734 1596 1760; x_wconf 89' lang='lat' dir='ltr'>eorum,</span> <span class='ocrx_word' id='word_1_518' title='bbox 1618 1733 1680 1759; x_wconf 83' lang='lat' dir='ltr'>quae</span> <span class='ocrx_word' id='word_1_519' title='bbox 1702 1733 1718 1751; x_wconf 90' lang='lat' dir='ltr'>a</span> <span class='ocrx_word' id='word_1_520' title='bbox 1739 1724 1879 1752; x_wconf 87' lang='lat' dir='ltr'>Breviario</span> 
     </span>
     <span class='ocr_line' id='line_1_76' title="bbox 1071 1763 1879 1799; baseline -0.006 -5"><span class='ocrx_word' id='word_1_521' title='bbox 1071 1767 1197 1794; x_wconf 88' lang='lat' dir='ltr'>Romano</span> <span class='ocrx_word' id='word_1_522' title='bbox 1224 1770 1314 1793; x_wconf 88' lang='lat' dir='ltr'>ortum</span> <span class='ocrx_word' id='word_1_523' title='bbox 1340 1767 1454 1799; x_wconf 90' lang='lat' dir='ltr'>habent,</span> <span class='ocrx_word' id='word_1_524' title='bbox 1484 1764 1636 1799; x_wconf 79' lang='lat' dir='ltr'>eujusmodi</span> <span class='ocrx_word' id='word_1_525' title='bbox 1666 1768 1729 1790; x_wconf 92' lang='lat' dir='ltr'>sunt</span> <span class='ocrx_word' id='word_1_526' title='bbox 1754 1763 1879 1796; x_wconf 82' lang='lat' dir='ltr'>Missalia,</span> 
     </span>
     <span class='ocr_line' id='line_1_77' title="bbox 1071 1802 1880 1839; baseline -0.005 -7"><span class='ocrx_word' id='word_1_527' title='bbox 1071 1806 1229 1839; x_wconf 89' lang='lat' dir='ltr'>Diurnalia,</span> <span class='ocrx_word' id='word_1_528' title='bbox 1253 1805 1352 1832; x_wconf 86' lang='lat' dir='ltr'>Officia</span> <span class='ocrx_word' id='word_1_529' title='bbox 1373 1812 1460 1839; x_wconf 86' lang='lat' dir='ltr'>parva</span> <span class='ocrx_word' id='word_1_530' title='bbox 1479 1804 1509 1831; x_wconf 95' lang='lat' dir='ltr'>B.</span> <span class='ocrx_word' id='word_1_531' title='bbox 1529 1804 1564 1830; x_wconf 92' lang='lat' dir='ltr'>M.</span> <span class='ocrx_word' id='word_1_532' title='bbox 1584 1803 1631 1836; x_wconf 86' lang='lat' dir='ltr'>V.,</span> <span class='ocrx_word' id='word_1_533' title='bbox 1654 1802 1752 1830; x_wconf 84' lang='lat' dir='ltr'>Officia</span> <span class='ocrx_word' id='word_1_534' title='bbox 1771 1802 1880 1836; x_wconf 87' lang='lat' dir='ltr'>majoris</span> 
     </span>
     <span class='ocr_line' id='line_1_78' title="bbox 1070 1843 1523 1877; baseline -0.007 -6"><span class='ocrx_word' id='word_1_535' title='bbox 1070 1844 1268 1875; x_wconf 86' lang='lat' dir='ltr'>Hebdomadae‚</span> <span class='ocrx_word' id='word_1_536' title='bbox 1282 1847 1309 1871; x_wconf 89' lang='lat' dir='ltr'>et</span> <span class='ocrx_word' id='word_1_537' title='bbox 1323 1843 1376 1870; x_wconf 86' lang='lat' dir='ltr'>alia</span> <span class='ocrx_word' id='word_1_538' title='bbox 1389 1843 1417 1870; x_wconf 91' lang='lat' dir='ltr'>id</span> <span class='ocrx_word' id='word_1_539' title='bbox 1431 1850 1523 1877; x_wconf 83' lang='lat' dir='ltr'>genus.</span> 
     </span>
    </p>
   </div>
   <div class='ocr_carea' id='block_1_11' title="bbox 476 1971 1614 2090">
    <p class='ocr_par' dir='ltr' id='par_1_17' title="bbox 476 1971 1614 2090">
     <span class='ocr_line' id='line_1_79' title="bbox 626 1971 1460 2016; baseline -0.001 -2"><span class='ocrx_word' id='word_1_540' title='bbox 626 1973 710 2015; x_wconf 89' lang='lat' dir='ltr'>EX</span> <span class='ocrx_word' id='word_1_541' title='bbox 735 1973 1142 2016; x_wconf 86' lang='lat' dir='ltr'><strong>DECRETORUM</strong></span> <span class='ocrx_word' id='word_1_542' title='bbox 1167 1971 1460 2015; x_wconf 87' lang='lat' dir='ltr'>REGISTRO</span> 
     </span>
     <span class='ocr_line' id='line_1_80' title="bbox 476 2027 1614 2090; baseline -0.013 0"><span class='ocrx_word' id='word_1_543' title='bbox 476 2039 711 2090; x_wconf 82' lang='lat' dir='ltr'><strong>SACRAE</strong></span> <span class='ocrx_word' id='word_1_544' title='bbox 744 2035 1006 2087; x_wconf 85' lang='lat' dir='ltr'>RITUUM</span> <span class='ocrx_word' id='word_1_545' title='bbox 1037 2027 1614 2083; x_wconf 82' lang='lat' dir='ltr'>GONGREGATIONIS</span> 
     </span>
    </p>
   </div>
   <div class='ocr_carea' id='block_1_12' title="bbox 596 2109 1494 2140">
    <p class='ocr_par' dir='ltr' id='par_1_18' title="bbox 596 2109 1494 2140">
     <span class='ocr_line' id='line_1_81' title="bbox 596 2109 1494 2140; baseline -0.003 -1"><span class='ocrx_word' id='word_1_546' title='bbox 596 2111 684 2139; x_wconf 76' lang='lat' dir='ltr'>HAEG</span> <span class='ocrx_word' id='word_1_547' title='bbox 714 2111 768 2139; x_wconf 90' lang='lat' dir='ltr'>AD</span> <span class='ocrx_word' id='word_1_548' title='bbox 799 2111 1041 2140; x_wconf 86' lang='lat' dir='ltr'>BREVIARIUM</span> <span class='ocrx_word' id='word_1_549' title='bbox 1071 2111 1261 2140; x_wconf 89' lang='lat' dir='ltr'>ROMANUM</span> <span class='ocrx_word' id='word_1_550' title='bbox 1290 2109 1494 2139; x_wconf 75' lang='lat' dir='ltr'>ATTINENT.</span> 
     </span>
    </p>
   </div>
   <div class='ocr_carea' id='block_1_13' title="bbox 202 2209 1021 2663">
    <p class='ocr_par' dir='ltr' id='par_1_19' title="bbox 268 2199 1019 2243">
     <span class='ocr_line' id='line_1_82' title="bbox 289 2209 1019 2243; baseline -0.004 -4.084"><span class='ocrx_word' id='word_1_551' title='bbox 289 2221 292 2231; x_wconf 60' lang='grc' dir='ltr'><em>ν</em></span> <span class='ocrx_word' id='word_1_552' title='bbox 347 2219 411 2238; x_wconf 87' lang='lat' dir='ltr'>acra</span> <span class='ocrx_word' id='word_1_553' title='bbox 429 2211 545 2237; x_wconf 89' lang='lat' dir='ltr'>Rituum</span> <span class='ocrx_word' id='word_1_554' title='bbox 560 2209 742 2243; x_wconf 85' lang='lat' dir='ltr'>Congregatio</span> <span class='ocrx_word' id='word_1_555' title='bbox 761 2209 911 2236; x_wconf 86' lang='lat' dir='ltr'>declaravit</span> <span class='ocrx_word' id='word_1_556' title='bbox 929 2213 956 2236; x_wconf 89' lang='lat' dir='ltr'>et</span> <span class='ocrx_word' id='word_1_557' title='bbox 975 2209 1019 2236; x_wconf 89' lang='lat' dir='ltr'>de-</span> 
     </span>
    </p>

    <p class='ocr_par' dir='ltr' id='par_1_20' title="bbox 202 2246 1021 2663">
     <span class='ocr_line' id='line_1_83' title="bbox 313 2246 1018 2283; baseline -0.003 -7"><span class='ocrx_word' id='word_1_558' title='bbox 313 2246 327 2262; x_wconf 62' lang='grc'>““</span> <span class='ocrx_word' id='word_1_559' title='bbox 359 2250 454 2283; x_wconf 90' lang='lat' dir='ltr'>crevit,</span> <span class='ocrx_word' id='word_1_560' title='bbox 472 2257 528 2276; x_wconf 90' lang='lat' dir='ltr'>non</span> <span class='ocrx_word' id='word_1_561' title='bbox 546 2248 669 2282; x_wconf 88' lang='lat' dir='ltr'>potuisse</span> <span class='ocrx_word' id='word_1_562' title='bbox 687 2252 753 2282; x_wconf 83' lang='lat' dir='ltr'>post</span> <span class='ocrx_word' id='word_1_563' title='bbox 767 2248 875 2275; x_wconf 89' lang='lat' dir='ltr'>Bullam</span> <span class='ocrx_word' id='word_1_564' title='bbox 891 2248 918 2274; x_wconf 88' lang='lat' dir='ltr'>S.</span> <span class='ocrx_word' id='word_1_565' title='bbox 932 2248 976 2274; x_wconf 95' lang='lat' dir='ltr'>Pii</span> <span class='ocrx_word' id='word_1_566' title='bbox 986 2248 1018 2275; x_wconf 90' lang='lat' dir='ltr'>V.</span> 
     </span>
     <span class='ocr_line' id='line_1_84' title="bbox 246 2280 1021 2321; baseline -0.005 -5"><span class='ocrx_word' id='word_1_567' title='bbox 246 2280 333 2319; x_wconf 20' lang='lat'>⁷743</span> <span class='ocrx_word' id='word_1_568' title='bbox 359 2289 394 2315; x_wconf 88' lang='lat' dir='ltr'>de</span> <span class='ocrx_word' id='word_1_569' title='bbox 411 2287 556 2315; x_wconf 90' lang='lat' dir='ltr'>Breviario</span> <span class='ocrx_word' id='word_1_570' title='bbox 574 2287 714 2320; x_wconf 86' lang='lat' dir='ltr'>Romano,</span> <span class='ocrx_word' id='word_1_571' title='bbox 738 2295 828 2321; x_wconf 89' lang='lat' dir='ltr'>neque</span> <span class='ocrx_word' id='word_1_572' title='bbox 852 2294 933 2320; x_wconf 88' lang='lat' dir='ltr'>posse</span> <span class='ocrx_word' id='word_1_573' title='bbox 951 2286 1021 2313; x_wconf 91' lang='lat' dir='ltr'>loco-</span> 
     </span>
     <span class='ocr_line' id='line_1_85' title="bbox 202 2324 1020 2360; baseline -0.005 -5"><span class='ocrx_word' id='word_1_574' title='bbox 202 2335 264 2354; x_wconf 87' lang='lat' dir='ltr'>rum</span> <span class='ocrx_word' id='word_1_575' title='bbox 289 2327 466 2360; x_wconf 83' lang='lat' dir='ltr'>ordinarios,</span> <span class='ocrx_word' id='word_1_576' title='bbox 494 2329 550 2352; x_wconf 89' lang='lat' dir='ltr'>tam</span> <span class='ocrx_word' id='word_1_577' title='bbox 573 2325 725 2352; x_wconf 71' lang='lat' dir='ltr'>Saeculares</span> <span class='ocrx_word' id='word_1_578' title='bbox 753 2333 836 2359; x_wconf 89' lang='lat' dir='ltr'>quam</span> <span class='ocrx_word' id='word_1_579' title='bbox 861 2324 1020 2358; x_wconf 66' lang='lat' dir='ltr'>Regulam,</span> 
     </span>
     <span class='ocr_line' id='line_1_86' title="bbox 202 2363 1020 2399; baseline -0.004 -7"><span class='ocrx_word' id='word_1_580' title='bbox 202 2366 305 2392; x_wconf 88' lang='lat' dir='ltr'>addere</span> <span class='ocrx_word' id='word_1_581' title='bbox 315 2365 500 2398; x_wconf 86' lang='lat' dir='ltr'>Kalendariis,</span> <span class='ocrx_word' id='word_1_582' title='bbox 509 2365 591 2391; x_wconf 87' lang='lat' dir='ltr'>etiam</span> <span class='ocrx_word' id='word_1_583' title='bbox 602 2365 730 2399; x_wconf 87' lang='lat' dir='ltr'>propriis,</span> <span class='ocrx_word' id='word_1_584' title='bbox 740 2364 902 2391; x_wconf 86' lang='lat' dir='ltr'>Sanctorum</span> <span class='ocrx_word' id='word_1_585' title='bbox 913 2363 1020 2395; x_wconf 85' lang='lat' dir='ltr'>Officia,</span> 
     </span>
     <span class='ocr_line' id='line_1_87' title="bbox 202 2401 1020 2437; baseline -0.005 -6"><span class='ocrx_word' id='word_1_586' title='bbox 202 2405 255 2431; x_wconf 90' lang='lat' dir='ltr'>nisi</span> <span class='ocrx_word' id='word_1_587' title='bbox 278 2413 310 2431; x_wconf 90' lang='lat' dir='ltr'>ea</span> <span class='ocrx_word' id='word_1_588' title='bbox 334 2405 478 2431; x_wconf 91' lang='lat' dir='ltr'>dumtaxat</span> <span class='ocrx_word' id='word_1_589' title='bbox 500 2411 563 2437; x_wconf 85' lang='lat' dir='ltr'>quae</span> <span class='ocrx_word' id='word_1_590' title='bbox 586 2403 722 2430; x_wconf 89' lang='lat' dir='ltr'>Breviarii</span> <span class='ocrx_word' id='word_1_591' title='bbox 746 2402 863 2429; x_wconf 89' lang='lat' dir='ltr'>Romani</span> <span class='ocrx_word' id='word_1_592' title='bbox 882 2401 1020 2436; x_wconf 72' lang='lat' dir='ltr'>Rubi-icis,</span> 
     </span>
     <span class='ocr_line' id='line_1_88' title="bbox 202 2440 1020 2475; baseline -0.006 -5"><span class='ocrx_word' id='word_1_593' title='bbox 202 2443 247 2470; x_wconf 84' lang='lat' dir='ltr'>vel</span> <span class='ocrx_word' id='word_1_594' title='bbox 270 2443 362 2470; x_wconf 85' lang='lat' dir='ltr'>Sacrae</span> <span class='ocrx_word' id='word_1_595' title='bbox 385 2443 500 2470; x_wconf 92' lang='lat' dir='ltr'>Rituum</span> <span class='ocrx_word' id='word_1_596' title='bbox 520 2442 758 2475; x_wconf 86' lang='lat' dir='ltr'>Congregationis,</span> <span class='ocrx_word' id='word_1_597' title='bbox 782 2449 831 2467; x_wconf 90' lang='lat' dir='ltr'>seu</span> <span class='ocrx_word' id='word_1_598' title='bbox 849 2440 928 2467; x_wconf 88' lang='lat' dir='ltr'>Sedis</span> <span class='ocrx_word' id='word_1_599' title='bbox 946 2440 1020 2473; x_wconf 91' lang='lat' dir='ltr'>Apo-</span> 
     </span>
     <span class='ocr_line' id='line_1_89' title="bbox 203 2477 1020 2514; baseline -0.006 -6"><span class='ocrx_word' id='word_1_600' title='bbox 203 2482 307 2508; x_wconf 85' lang='lat' dir='ltr'>stolicae</span> <span class='ocrx_word' id='word_1_601' title='bbox 324 2481 434 2508; x_wconf 86' lang='lat' dir='ltr'>licentia</span> <span class='ocrx_word' id='word_1_602' title='bbox 452 2481 651 2508; x_wconf 87' lang='lat' dir='ltr'>conceduntur:</span> <span class='ocrx_word' id='word_1_603' title='bbox 670 2488 760 2514; x_wconf 91' lang='lat' dir='ltr'>neque</span> <span class='ocrx_word' id='word_1_604' title='bbox 774 2479 887 2513; x_wconf 89' lang='lat' dir='ltr'>propria</span> <span class='ocrx_word' id='word_1_605' title='bbox 905 2477 1020 2504; x_wconf 87' lang='lat' dir='ltr'>auctori-</span> 
     </span>
     <span class='ocr_line' id='line_1_90' title="bbox 203 2516 1020 2554; baseline -0.007 -7"><span class='ocrx_word' id='word_1_606' title='bbox 203 2524 267 2553; x_wconf 89' lang='lat' dir='ltr'>tate,</span> <span class='ocrx_word' id='word_1_607' title='bbox 286 2521 386 2554; x_wconf 90' lang='lat' dir='ltr'>quovis</span> <span class='ocrx_word' id='word_1_608' title='bbox 403 2523 549 2554; x_wconf 85' lang='lat' dir='ltr'>praetextu,</span> <span class='ocrx_word' id='word_1_609' title='bbox 567 2522 674 2545; x_wconf 85' lang='lat' dir='ltr'>mutare</span> <span class='ocrx_word' id='word_1_610' title='bbox 690 2519 773 2545; x_wconf 87' lang='lat' dir='ltr'>ritum</span> <span class='ocrx_word' id='word_1_611' title='bbox 792 2518 839 2551; x_wconf 91' lang='lat' dir='ltr'>qui</span> <span class='ocrx_word' id='word_1_612' title='bbox 857 2517 975 2543; x_wconf 87' lang='lat' dir='ltr'>habetur</span> <span class='ocrx_word' id='word_1_613' title='bbox 993 2516 1020 2542; x_wconf 92' lang='lat' dir='ltr'>in</span> 
     </span>
     <span class='ocr_line' id='line_1_91' title="bbox 203 2555 1021 2588; baseline -0.007 -2"><span class='ocrx_word' id='word_1_614' title='bbox 203 2559 373 2586; x_wconf 89' lang='lat' dir='ltr'>Kalendario</span> <span class='ocrx_word' id='word_1_615' title='bbox 386 2559 513 2585; x_wconf 88' lang='lat' dir='ltr'>Romano</span> <span class='ocrx_word' id='word_1_616' title='bbox 531 2565 580 2584; x_wconf 88' lang='lat' dir='ltr'>seu</span> <span class='ocrx_word' id='word_1_617' title='bbox 594 2557 724 2584; x_wconf 87' lang='lat' dir='ltr'>Rubricis</span> <span class='ocrx_word' id='word_1_618' title='bbox 737 2555 881 2588; x_wconf 72' lang='lat' dir='ltr'>Breviarii,</span> <span class='ocrx_word' id='word_1_619' title='bbox 898 2555 926 2581; x_wconf 90' lang='lat' dir='ltr'>in</span> <span class='ocrx_word' id='word_1_620' title='bbox 944 2555 1021 2581; x_wconf 89' lang='lat' dir='ltr'>altio-</span> 
     </span>
     <span class='ocr_line' id='line_1_92' title="bbox 203 2593 1020 2631; baseline -0.007 -7"><span class='ocrx_word' id='word_1_621' title='bbox 203 2604 261 2624; x_wconf 83' lang='lat' dir='ltr'>rem</span> <span class='ocrx_word' id='word_1_622' title='bbox 281 2597 374 2631; x_wconf 87' lang='lat' dir='ltr'>ritum,</span> <span class='ocrx_word' id='word_1_623' title='bbox 391 2605 481 2631; x_wconf 91' lang='lat' dir='ltr'>neque</span> <span class='ocrx_word' id='word_1_624' title='bbox 495 2596 643 2623; x_wconf 85' lang='lat' dir='ltr'>extendere</span> <span class='ocrx_word' id='word_1_625' title='bbox 656 2603 786 2623; x_wconf 87' lang='lat' dir='ltr'>concessa</span> <span class='ocrx_word' id='word_1_626' title='bbox 800 2594 898 2620; x_wconf 85' lang='lat' dir='ltr'>Officia</span> <span class='ocrx_word' id='word_1_627' title='bbox 912 2593 946 2619; x_wconf 90' lang='lat' dir='ltr'>de</span> <span class='ocrx_word' id='word_1_628' title='bbox 960 2593 1020 2619; x_wconf 84' lang='lat' dir='ltr'>loco</span> 
     </span>
     <span class='ocr_line' id='line_1_93' title="bbox 204 2635 356 2663; baseline 0.013 -2"><span class='ocrx_word' id='word_1_629' title='bbox 204 2635 240 2662; x_wconf 86' lang='lat' dir='ltr'>ad</span> <span class='ocrx_word' id='word_1_630' title='bbox 257 2636 356 2663; x_wconf 84' lang='lat' dir='ltr'>locum.</span> 
     </span>
    </p>
   </div>
   <div class='ocr_carea' id='block_1_14' title="bbox 256 2669 1019 2708">
    <p class='ocr_par' dir='ltr' id='par_1_21' title="bbox 256 2669 1019 2708">
     <span class='ocr_line' id='line_1_94' title="bbox 256 2669 1019 2708; baseline -0.009 -6"><span class='ocrx_word' id='word_1_631' title='bbox 256 2675 326 2701; x_wconf 90' lang='lat' dir='ltr'>Item</span> <span class='ocrx_word' id='word_1_632' title='bbox 341 2675 428 2701; x_wconf 88' lang='lat' dir='ltr'>vetuit</span> <span class='ocrx_word' id='word_1_633' title='bbox 442 2678 469 2701; x_wconf 86' lang='lat' dir='ltr'>et</span> <span class='ocrx_word' id='word_1_634' title='bbox 481 2673 623 2708; x_wconf 89' lang='lat' dir='ltr'>prohibuit</span> <span class='ocrx_word' id='word_1_635' title='bbox 637 2671 769 2699; x_wconf 87' lang='lat' dir='ltr'>celebrari</span> <span class='ocrx_word' id='word_1_636' title='bbox 784 2678 834 2705; x_wconf 87' lang='lat' dir='ltr'>per</span> <span class='ocrx_word' id='word_1_637' title='bbox 848 2673 933 2697; x_wconf 85' lang='lat' dir='ltr'>totam</span> <span class='ocrx_word' id='word_1_638' title='bbox 948 2669 1019 2696; x_wconf 88' lang='lat' dir='ltr'>Civi-</span> 
     </span>
    </p>
   </div>
   <div class='ocr_carea' id='block_1_15' title="bbox 358 2797 530 2823">
    <p class='ocr_par' dir='ltr' id='par_1_22' title="bbox 358 2797 530 2823">
     <span class='ocr_line' id='line_1_95' title="bbox 358 2797 530 2823; baseline -0.006 -1"><span class='ocrx_word' id='word_1_639' title='bbox 358 2797 422 2822; x_wconf 84' lang='lat' dir='ltr'>Pars</span> <span class='ocrx_word' id='word_1_640' title='bbox 437 2799 530 2823; x_wconf 88' lang='lat' dir='ltr'>Verna.</span> 
     </span>
    </p>
   </div>
   <div class='ocr_carea' id='block_1_16' title="bbox 1071 2199 1880 2694">
    <p class='ocr_par' dir='ltr' id='par_1_23' title="bbox 1071 2199 1880 2432">
     <span class='ocr_line' id='line_1_96' title="bbox 1072 2199 1879 2243; baseline -0.011 -9"><span class='ocrx_word' id='word_1_641' title='bbox 1072 2211 1155 2234; x_wconf 88' lang='lat' dir='ltr'>tatem</span> <span class='ocrx_word' id='word_1_642' title='bbox 1178 2206 1222 2232; x_wconf 91' lang='lat' dir='ltr'>vel</span> <span class='ocrx_word' id='word_1_643' title='bbox 1241 2205 1403 2238; x_wconf 88' lang='lat' dir='ltr'>Dioecesim,</span> <span class='ocrx_word' id='word_1_644' title='bbox 1426 2204 1507 2231; x_wconf 84' lang='lat' dir='ltr'>etiam</span> <span class='ocrx_word' id='word_1_645' title='bbox 1531 2203 1565 2230; x_wconf 87' lang='lat' dir='ltr'>de</span> <span class='ocrx_word' id='word_1_646' title='bbox 1586 2202 1780 2235; x_wconf 87' lang='lat' dir='ltr'>cuiuscumque</span> <span class='ocrx_word' id='word_1_647' title='bbox 1803 2199 1879 2243; x_wconf 77' lang='lat' dir='ltr'>Ordi-</span> 
     </span>
     <span class='ocr_line' id='line_1_97' title="bbox 1071 2238 1880 2278; baseline -0.011 -6"><span class='ocrx_word' id='word_1_648' title='bbox 1071 2246 1142 2272; x_wconf 91' lang='lat' dir='ltr'>narii</span> <span class='ocrx_word' id='word_1_649' title='bbox 1160 2245 1334 2278; x_wconf 85' lang='lat' dir='ltr'>auctoritate,</span> <span class='ocrx_word' id='word_1_650' title='bbox 1357 2244 1468 2270; x_wconf 84' lang='lat' dir='ltr'>Festum</span> <span class='ocrx_word' id='word_1_651' title='bbox 1491 2250 1553 2268; x_wconf 88' lang='lat' dir='ltr'>cum</span> <span class='ocrx_word' id='word_1_652' title='bbox 1571 2240 1682 2272; x_wconf 82' lang='lat' dir='ltr'>Officio,</span> <span class='ocrx_word' id='word_1_653' title='bbox 1705 2247 1738 2265; x_wconf 90' lang='lat' dir='ltr'>eo</span> <span class='ocrx_word' id='word_1_654' title='bbox 1761 2238 1834 2272; x_wconf 92' lang='lat' dir='ltr'>quod</span> <span class='ocrx_word' id='word_1_655' title='bbox 1852 2245 1880 2263; x_wconf 90' lang='lat' dir='ltr'>m</span> 
     </span>
     <span class='ocr_line' id='line_1_98' title="bbox 1071 2276 1880 2320; baseline -0.011 -9"><span class='ocrx_word' id='word_1_656' title='bbox 1071 2285 1132 2311; x_wconf 91' lang='lat' dir='ltr'>loco</span> <span class='ocrx_word' id='word_1_657' title='bbox 1156 2284 1228 2311; x_wconf 88' lang='lat' dir='ltr'>adsit</span> <span class='ocrx_word' id='word_1_658' title='bbox 1251 2282 1372 2309; x_wconf 80' lang='lat' dir='ltr'>Ecclesia</span> <span class='ocrx_word' id='word_1_659' title='bbox 1390 2280 1570 2312; x_wconf 85' lang='lat' dir='ltr'>Parochialis,</span> <span class='ocrx_word' id='word_1_660' title='bbox 1593 2278 1637 2305; x_wconf 90' lang='lat' dir='ltr'>vel</span> <span class='ocrx_word' id='word_1_661' title='bbox 1658 2277 1814 2311; x_wconf 77' lang='lat' dir='ltr'>Reguhris,</span> <span class='ocrx_word' id='word_1_662' title='bbox 1838 2276 1880 2320; x_wconf 67' lang='lat' dir='ltr'>vel</span> 
     </span>
     <span class='ocr_line' id='line_1_99' title="bbox 1072 2315 1880 2355; baseline -0.012 -6"><span class='ocrx_word' id='word_1_663' title='bbox 1072 2322 1236 2355; x_wconf 80' lang='lat' dir='ltr'>Abbatiaiis,</span> <span class='ocrx_word' id='word_1_664' title='bbox 1254 2324 1302 2348; x_wconf 84' lang='lat' dir='ltr'>aut</span> <span class='ocrx_word' id='word_1_665' title='bbox 1315 2321 1406 2354; x_wconf 92' lang='lat' dir='ltr'>aliqua</span> <span class='ocrx_word' id='word_1_666' title='bbox 1420 2318 1553 2352; x_wconf 88' lang='lat' dir='ltr'>Reliquia,</span> <span class='ocrx_word' id='word_1_667' title='bbox 1567 2317 1616 2344; x_wconf 88' lang='lat' dir='ltr'>sed</span> <span class='ocrx_word' id='word_1_668' title='bbox 1629 2319 1735 2343; x_wconf 87' lang='lat' dir='ltr'>tantum</span> <span class='ocrx_word' id='word_1_669' title='bbox 1754 2315 1781 2341; x_wconf 94' lang='lat' dir='ltr'>in</span> <span class='ocrx_word' id='word_1_670' title='bbox 1795 2315 1880 2349; x_wconf 76' lang='lat' dir='ltr'>ipsius</span> 
     </span>
     <span class='ocr_line' id='line_1_100' title="bbox 1072 2356 1880 2391; baseline -0.012 -3"><span class='ocrx_word' id='word_1_671' title='bbox 1072 2361 1164 2388; x_wconf 89' lang='lat' dir='ltr'>Sancti</span> <span class='ocrx_word' id='word_1_672' title='bbox 1183 2359 1303 2386; x_wconf 87' lang='lat' dir='ltr'>Ecclesia</span> <span class='ocrx_word' id='word_1_673' title='bbox 1322 2359 1438 2391; x_wconf 83' lang='lat' dir='ltr'>titulari,</span> <span class='ocrx_word' id='word_1_674' title='bbox 1461 2365 1509 2383; x_wconf 89' lang='lat' dir='ltr'>seu</span> <span class='ocrx_word' id='word_1_675' title='bbox 1531 2356 1578 2382; x_wconf 91' lang='lat' dir='ltr'>ubi</span> <span class='ocrx_word' id='word_1_676' title='bbox 1601 2358 1758 2381; x_wconf 86' lang='lat' dir='ltr'>asservatur</span> <span class='ocrx_word' id='word_1_677' title='bbox 1782 2360 1880 2386; x_wconf 86' lang='lat' dir='ltr'>corpus</span> 
     </span>
     <span class='ocr_line' id='line_1_101' title="bbox 1073 2394 1611 2432; baseline -0.011 -6"><span class='ocrx_word' id='word_1_678' title='bbox 1073 2403 1120 2426; x_wconf 89' lang='lat' dir='ltr'>aut</span> <span class='ocrx_word' id='word_1_679' title='bbox 1138 2398 1251 2432; x_wconf 82' lang='lat' dir='ltr'>insignis</span> <span class='ocrx_word' id='word_1_680' title='bbox 1270 2397 1405 2430; x_wconf 87' lang='lat' dir='ltr'>Reliquia,</span> <span class='ocrx_word' id='word_1_681' title='bbox 1421 2399 1448 2422; x_wconf 89' lang='lat' dir='ltr'>et</span> <span class='ocrx_word' id='word_1_682' title='bbox 1466 2403 1520 2421; x_wconf 90' lang='lat' dir='ltr'>non</span> <span class='ocrx_word' id='word_1_683' title='bbox 1539 2394 1611 2420; x_wconf 88' lang='lat' dir='ltr'>alibi.</span> 
     </span>
    </p>

    <p class='ocr_par' dir='ltr' id='par_1_24' title="bbox 1073 2431 1880 2587">
     <span class='ocr_line' id='line_1_102' title="bbox 1123 2431 1880 2470; baseline -0.012 -6"><span class='ocrx_word' id='word_1_684' title='bbox 1123 2437 1246 2470; x_wconf 87' lang='lat' dir='ltr'>Insignes</span> <span class='ocrx_word' id='word_1_685' title='bbox 1269 2439 1359 2462; x_wconf 90' lang='lat' dir='ltr'>autem</span> <span class='ocrx_word' id='word_1_686' title='bbox 1379 2433 1519 2467; x_wconf 89' lang='lat' dir='ltr'>Reliquias</span> <span class='ocrx_word' id='word_1_687' title='bbox 1542 2431 1691 2458; x_wconf 86' lang='lat' dir='ltr'>declaravit</span> <span class='ocrx_word' id='word_1_688' title='bbox 1713 2437 1772 2457; x_wconf 86' lang='lat' dir='ltr'>esse</span> <span class='ocrx_word' id='word_1_689' title='bbox 1790 2432 1880 2463; x_wconf 79' lang='lat' dir='ltr'>caput,</span> 
     </span>
     <span class='ocr_line' id='line_1_103' title="bbox 1073 2468 1880 2508; baseline -0.012 -5"><span class='ocrx_word' id='word_1_690' title='bbox 1073 2476 1227 2508; x_wconf 86' lang='lat' dir='ltr'>brachium,</span> <span class='ocrx_word' id='word_1_691' title='bbox 1251 2482 1326 2507; x_wconf 84' lang='lat' dir='ltr'>crus,</span> <span class='ocrx_word' id='word_1_692' title='bbox 1349 2476 1397 2499; x_wconf 88' lang='lat' dir='ltr'>aut</span> <span class='ocrx_word' id='word_1_693' title='bbox 1419 2471 1493 2498; x_wconf 91' lang='lat' dir='ltr'>illam</span> <span class='ocrx_word' id='word_1_694' title='bbox 1510 2474 1617 2505; x_wconf 88' lang='lat' dir='ltr'>partem</span> <span class='ocrx_word' id='word_1_695' title='bbox 1635 2469 1758 2503; x_wconf 88' lang='lat' dir='ltr'>corporis</span> <span class='ocrx_word' id='word_1_696' title='bbox 1775 2468 1803 2494; x_wconf 92' lang='lat' dir='ltr'>in</span> <span class='ocrx_word' id='word_1_697' title='bbox 1826 2474 1880 2501; x_wconf 85' lang='lat' dir='ltr'>qua</span> 
     </span>
     <span class='ocr_line' id='line_1_104' title="bbox 1073 2509 1880 2549; baseline -0.012 -8"><span class='ocrx_word' id='word_1_698' title='bbox 1073 2522 1171 2549; x_wconf 87' lang='lat' dir='ltr'>passus</span> <span class='ocrx_word' id='word_1_699' title='bbox 1189 2517 1230 2540; x_wconf 90' lang='lat' dir='ltr'>est</span> <span class='ocrx_word' id='word_1_700' title='bbox 1246 2513 1364 2546; x_wconf 86' lang='lat' dir='ltr'>Martyr,</span> <span class='ocrx_word' id='word_1_701' title='bbox 1382 2510 1463 2537; x_wconf 91' lang='lat' dir='ltr'>modo</span> <span class='ocrx_word' id='word_1_702' title='bbox 1483 2509 1518 2536; x_wconf 88' lang='lat' dir='ltr'>sit</span> <span class='ocrx_word' id='word_1_703' title='bbox 1535 2509 1652 2543; x_wconf 84' lang='lat' dir='ltr'>integra,</span> <span class='ocrx_word' id='word_1_704' title='bbox 1669 2511 1696 2534; x_wconf 91' lang='lat' dir='ltr'>et</span> <span class='ocrx_word' id='word_1_705' title='bbox 1714 2515 1768 2533; x_wconf 89' lang='lat' dir='ltr'>non</span> <span class='ocrx_word' id='word_1_706' title='bbox 1787 2513 1880 2540; x_wconf 84' lang='lat' dir='ltr'>parva,</span> 
     </span>
     <span class='ocr_line' id='line_1_105' title="bbox 1073 2548 1867 2587; baseline -0.01 -8"><span class='ocrx_word' id='word_1_707' title='bbox 1073 2557 1099 2579; x_wconf 89' lang='lat' dir='ltr'>et</span> <span class='ocrx_word' id='word_1_708' title='bbox 1117 2552 1235 2586; x_wconf 87' lang='lat' dir='ltr'>legitime</span> <span class='ocrx_word' id='word_1_709' title='bbox 1253 2552 1288 2577; x_wconf 90' lang='lat' dir='ltr'>ab</span> <span class='ocrx_word' id='word_1_710' title='bbox 1307 2548 1458 2577; x_wconf 86' lang='lat' dir='ltr'>Ordinariis</span> <span class='ocrx_word' id='word_1_711' title='bbox 1476 2548 1636 2582; x_wconf 81' lang='lat' dir='ltr'>approbata.</span> <span class='ocrx_word' id='word_1_712' title='bbox 1833 2582 1839 2587; x_wconf 38' lang='grc' dir='ltr'>ι</span> <span class='ocrx_word' id='word_1_713' title='bbox 1862 2581 1867 2587; x_wconf 48' lang='grc'><strong>”</strong></span> 
     </span>
    </p>

    <p class='ocr_par' dir='ltr' id='par_1_25' title="bbox 1071 2582 1880 2694">
     <span class='ocr_line' id='line_1_106' title="bbox 1122 2582 1879 2622; baseline -0.012 -5"><span class='ocrx_word' id='word_1_714' title='bbox 1122 2591 1165 2617; x_wconf 95' lang='lat' dir='ltr'>De</span> <span class='ocrx_word' id='word_1_715' title='bbox 1183 2589 1284 2617; x_wconf 87' lang='lat' dir='ltr'>sanctis</span> <span class='ocrx_word' id='word_1_716' title='bbox 1302 2587 1444 2622; x_wconf 84' lang='lat' dir='ltr'>Episcopis</span> <span class='ocrx_word' id='word_1_717' title='bbox 1462 2586 1593 2618; x_wconf 85' lang='lat' dir='ltr'>locorum,</span> <span class='ocrx_word' id='word_1_718' title='bbox 1612 2584 1791 2618; x_wconf 86' lang='lat' dir='ltr'>Martyribus,</span> <span class='ocrx_word' id='word_1_719' title='bbox 1809 2582 1879 2609; x_wconf 81' lang='lat' dir='ltr'>Civi-</span> 
     </span>
     <span class='ocr_line' id='line_1_107' title="bbox 1072 2622 1879 2662; baseline -0.011 -7"><span class='ocrx_word' id='word_1_720' title='bbox 1072 2631 1131 2662; x_wconf 86' lang='lat' dir='ltr'>bus,</span> <span class='ocrx_word' id='word_1_721' title='bbox 1149 2631 1176 2654; x_wconf 88' lang='lat' dir='ltr'>et</span> <span class='ocrx_word' id='word_1_722' title='bbox 1189 2628 1248 2654; x_wconf 86' lang='lat' dir='ltr'>aliis</span> <span class='ocrx_word' id='word_1_723' title='bbox 1261 2627 1356 2659; x_wconf 69' lang='lat' dir='ltr'>restis,</span> <span class='ocrx_word' id='word_1_724' title='bbox 1370 2626 1404 2652; x_wconf 91' lang='lat' dir='ltr'>de</span> <span class='ocrx_word' id='word_1_725' title='bbox 1418 2625 1519 2658; x_wconf 88' lang='lat' dir='ltr'>quibus</span> <span class='ocrx_word' id='word_1_726' title='bbox 1532 2625 1560 2650; x_wconf 91' lang='lat' dir='ltr'>in</span> <span class='ocrx_word' id='word_1_727' title='bbox 1574 2622 1740 2650; x_wconf 86' lang='lat' dir='ltr'>Kalendario</span> <span class='ocrx_word' id='word_1_728' title='bbox 1754 2622 1879 2647; x_wconf 89' lang='lat' dir='ltr'>Romano</span> 
     </span>
     <span class='ocr_line' id='line_1_108' title="bbox 1071 2658 1880 2694; baseline -0.012 0"><span class='ocrx_word' id='word_1_729' title='bbox 1071 2675 1119 2694; x_wconf 88' lang='lat' dir='ltr'>seu</span> <span class='ocrx_word' id='word_1_730' title='bbox 1138 2666 1266 2693; x_wconf 86' lang='lat' dir='ltr'>Rubricis</span> <span class='ocrx_word' id='word_1_731' title='bbox 1284 2663 1419 2691; x_wconf 85' lang='lat' dir='ltr'>Breviarii</span> <span class='ocrx_word' id='word_1_732' title='bbox 1441 2663 1508 2690; x_wconf 93' lang='lat' dir='ltr'>nihil</span> <span class='ocrx_word' id='word_1_733' title='bbox 1530 2663 1659 2694; x_wconf 91' lang='lat' dir='ltr'>habetur,</span> <span class='ocrx_word' id='word_1_734' title='bbox 1680 2660 1720 2687; x_wconf 87' lang='lat' dir='ltr'>uti</span> <span class='ocrx_word' id='word_1_735' title='bbox 1742 2659 1824 2686; x_wconf 87' lang='lat' dir='ltr'>etiam</span> <span class='ocrx_word' id='word_1_736' title='bbox 1845 2658 1880 2683; x_wconf 86' lang='lat' dir='ltr'>de</span> 
     </span>
    </p>
   </div>
   <div class='ocr_carea' id='block_1_17' title="bbox 128 99 1944 2758">
    <p class='ocr_par' dir='ltr' id='par_1_26' title="bbox 128 99 1944 2758">
     <span class='ocr_line' id='line_1_109' title="bbox 128 99 1944 2758; baseline 0 0"><span class='ocrx_word' id='word_1_737' title='bbox 128 99 1944 2758; x_wconf 95' lang='lat' dir='ltr'> </span> 
     </span>
    </p>
   </div>
  </div>
 </body>
</html>
