2028 2892
190 205 236 240 78
746 204 851 236 Feriu
879 203 1008 245 quintu
1035 202 1080 234 ad
1109 201 1344 234 Matutinum.

467 299 661 338 l'salmus
690 299 752 337 75.

198 350 384 455 Notus
409 355 452 395 in
480 354 633 395 Judaea
660 353 797 394 Deus:
823 354 845 379 *
877 352 919 392 in
948 352 1007 391 Is-

319 412 408 453 rael
435 423 638 462 magnum
667 421 826 451 nomen
854 409 954 459 ejus.

241 469 296 510 Et
316 469 455 509 factus
476 472 541 508 est
563 467 606 507 in
628 478 736 518 pace
756 465 879 506 locus
901 465 1007 516 ejus:

191 527 214 553 *
239 530 282 566 et
307 524 520 566 habitatio
551 524 641 575 ejus
669 522 712 562 in
739 522 854 563 Sion.

242 581 308 622 Ibi
337 580 550 631 confregit
574 578 795 632 potentias
819 580 1007 626 arcuum,

191 639 214 665 *
242 642 423 686 scutum,
450 635 653 687 glodium,
682 639 724 676 et
751 633 925 675 bellum.

241 694 496 735 Illuminans
511 698 558 734 tu
575 691 831 732 mirabiliter
851 703 876 731 a
888 691 1006 730 mon-

191 750 308 791 tibus
325 749 549 791 aeternisx*
560 747 723 789 turbati
738 751 838 788 sunt
856 759 1007 788 omnes

192 807 447 859 insipientes
476 804 621 846 eorde.

242 863 524 904 Dormierunt
550 873 749 902 somnum
777 860 1007 904 suum:¹⁸,¹et

191 919 298 960 nihil
325 919 581 960 invenerunt
609 929 759 958 omnes
787 916 868 956 viri
901 915 1006 957 divi-

191 976 350 1017 tiarum
373 975 417 1015 in
444 973 643 1015 manibus
672 973 771 1014 suis.

243 1031 313 1072 Ab
330 1031 627 1083 increpatione
644 1035 718 1071 tua
734 1029 854 1070 Deus
869 1028 1006 1070 Jacob

192 1090 214 1115 *
243 1088 588 1130 dormitaverunt
620 1086 693 1138 qui
718 1084 1008 1127 ascenderunt

192 1157 338 1196 equos

242 1201 310 1241 Tu
332 1199 538 1241 terribilis
567 1212 624 1248 es,
652 1204 695 1240 et
717 1198 813 1250 quis
833 1200 1007 1239 resistet

192 1256 296 1298 tibi?
325 1258 348 1283 *
376 1269 430 1297 ex
456 1261 559 1297 tunc
584 1256 647 1296 ira
674 1260 759 1296 tua.

242 1314 309 1355 De
354 1312 466 1354 coelo
516 1311 710 1353 auditum
759 1311 900 1352 fecisti
950 1312 1007 1362 ju-

192 1369 366 1411 dicium:
385 1371 408 1396 *
427 1374 542 1410 terra
566 1368 742 1410 tremuit
767 1373 810 1409 et
833 1367 1007 1419 quievit.

243 1426 350 1467 Cum
372 1428 625 1475 exsurgeret
641 1425 685 1465 in
705 1423 910 1476 judicium
924 1424 1006 1465 De-

191 1496 252 1532 us,
271 1484 293 1509 *
313 1487 360 1523 ut
378 1481 523 1523 salvos
543 1481 705 1523 faceret
727 1493 879 1522 omnes
898 1493 1008 1521 man-

191 1540 340 1579 suetos
368 1543 508 1579 terrae.

243 1595 457 1644 Quoniam
472 1594 682 1645 cogitatio
699 1593 887 1635 hominis
907 1605 1006 1634 con-

192 1650 383 1692 fitebitur
402 1650 498 1692 tibi:
521 1652 543 1677 *
569 1655 611 1691 et
632 1649 827 1702 reliquiae
846 1649 1007 1700 cogita-

192 1707 324 1748 tionis
353 1706 468 1748 diem
495 1707 654 1748 festum
681 1711 811 1757 agent
838 1706 928 1747 tibi.

243 1763 426 1812 Vovete,
447 1768 489 1804 et
509 1761 679 1804 reddite
700 1763 887 1803 Domino
911 1763 1007 1804 Deo

193 1823 355 1860 vestro:
387 1821 410 1845 ¹⁸¹
448 1831 599 1860 omnes
637 1819 711 1870 qui
746 1818 789 1859 in
825 1819 1008 1860 circuitu

194 1876 284 1926 ejus
312 1875 476 1916 affertis
503 1878 692 1916 munera.

243 1930 447 1972 Terribili
458 1936 501 1972 et
518 1931 557 1973 ei
569 1931 641 1983 qui
652 1931 791 1972 aufert
808 1931 1008 1984 spiritum

192 1987 452 2040 principum,
478 1989 501 2014 *
528 1986 710 2029 terribili
739 1987 855 2040 apud
883 1996 1008 2038 reges

193 2048 333 2084 terrae.

242 2108 274 2147 Α
282 2114 337 2148 nt.
352 2108 405 2149 Et
414 2107 713 2150 invocabimus
723 2121 879 2150 nomen
887 2114 1009 2151 tuum

193 2164 390 2206 Domine.

239 2229 333 2268 Ant.
374 2227 441 2270 Tu
470 2242 516 2270 es
544 2229 674 2270 Deus.

460 2305 653 2345 l'salmus
683 2307 746 2345 743.

194 2365 365 2470 Voce
382 2393 478 2421 mea
495 2380 551 2421 ad
563 2380 796 2421 Dominum
813 2381 1010 2422 clamavi:

311 2437 333 2461 *
357 2449 464 2477 voce
491 2449 588 2478 mea
616 2436 671 2477 ad
700 2437 851 2486 Deum,
881 2443 923 2479 et
952 2438 1010 2478 in·

196 2490 334 2531 tendit
362 2491 477 2532 mihi.

247 2547 296 2586 In
325 2546 395 2588 die
422 2548 714 2590 tribulationis
742 2562 850 2590 meae
870 2550 1011 2591 Deum

197 2602 421 2653 exquisivi,
433 2605 630 2646 manibus
643 2605 751 2646 meis
767 2611 897 2647 nocte
913 2619 1011 2647 con-

196 2662 263 2698 tra
291 2671 407 2699 eum:
434 2661 457 2686 *
485 2666 527 2701 et
555 2674 641 2702 non
667 2675 762 2702 sum
790 2661 1011 2714 deeeptus.

248 2715 408 2756 Renuit
436 2716 653 2758 consolari
681 2718 823 2759 anima
850 2731 961 2759 mea:
989 2721 1012 2746 *

1060 305 1229 335 memor
1246 293 1308 334 fui
1326 293 1422 342 Dei,
1447 297 1490 334 et
1514 291 1760 333 delectatus
1779 304 1886 341 sum,

1062 355 1105 391 et
1126 350 1391 391 exercitatus
1417 362 1529 390 sum:
1550 352 1594 389 et
1614 346 1776 389 defecit
1801 349 1886 400 spi-

1061 406 1170 447 ritus
1198 419 1331 448 meus.

1105 463 1464 515 Anticipaverunt
1475 460 1645 512 vigilias
1657 459 1772 502 oculi
1785 460 1886 502 mei:

1061 521 1084 546 *
1095 519 1297 560 turbatus
1309 532 1415 568 sum,
1433 523 1476 560 et
1490 529 1579 558 non
1595 530 1692 558 sum
1701 515 1886 559 locutus.

1114 576 1315 626 Cogitavi
1343 574 1437 616 dies
1466 576 1686 625 antiquos:
1705 575 1729 600 *
1749 578 1793 615 et
1815 586 1886 615 an-

1060 644 1142 673 nos
1170 634 1359 674 aeternos
1387 632 1431 672 in
1458 635 1605 672 mente
1633 629 1778 672 habui.

1111 689 1168 730 Et
1204 688 1440 730 meditatus
1483 700 1580 728 sum
1617 691 1747 729 nocte
1787 699 1887 729 cum

1061 745 1196 787 corde
1228 758 1346 794 meo,
1373 746 1397 772 ¹⁸¹
1431 748 1475 785 et
1513 743 1806 795 exercitabar,
1843 749 1887 786 et

1061 801 1299 854 scopebam
1330 801 1532 854 spiritum
1559 813 1718 842 meum.

1112 857 1337 910 Numquid
1364 858 1408 898 in
1439 859 1652 899 aeternum
1684 857 1887 910 projiciet

1060 915 1196 956 Deus:
1215 917 1239 942 *
1262 920 1336 956 aut
1364 927 1451 956 non
1479 916 1674 967 apponet
1701 918 1749 956 ut
1771 926 1886 955 com-

1060 971 1263 1023 placitior
1291 972 1348 1012 sit
1376 969 1544 1013 adhuc?

1114 1028 1203 1069 Aut
1230 1028 1274 1069 in
1294 1028 1425 1069 finem
1448 1026 1797 1069 misericordiam
1817 1039 1885 1068 su-

1061 1097 1130 1125 am
1158 1084 1401 1134 abscindet,
1429 1086 1452 1112 *
1480 1097 1506 1125 a
1532 1084 1815 1135 generatione
1842 1084 1887 1125 in

1060 1139 1411 1191 generationem?

1112 1199 1202 1240 Aut
1217 1197 1502 1239 obliviscetur
1518 1197 1719 1239 misereri
1738 1195 1885 1239 Deus?

1061 1255 1084 1281 *
1111 1260 1186 1296 aut
1203 1254 1443 1296 continebit
1468 1254 1513 1295 in
1535 1254 1600 1295 ira
1619 1267 1699 1295 sua
1718 1254 1884 1296 miseri-

1061 1311 1234 1352 cordias
1263 1309 1390 1352 suas?

1111 1368 1168 1409 Et
1195 1367 1302 1409 dixi:
1329 1368 1458 1409 Nunc
1477 1367 1609 1420 coepi:
1628 1369 1653 1395 *
1669 1366 1766 1409 haec
1793 1381 1884 1409 mu-

1059 1425 1169 1466 tatio
1198 1424 1393 1466 dexterae
1420 1424 1606 1466 Excelsi.

1111 1481 1279 1522 Memor
1315 1481 1378 1522 fui
1414 1483 1600 1534 operum
1633 1480 1828 1522 Domini:
1859 1482 1885 1508 ¹⁸¹

1060 1537 1162 1589 quia
1188 1550 1356 1579 memor
1384 1550 1460 1596 ero
1485 1538 1541 1580 ab
1567 1537 1692 1579 initio
1711 1536 1884 1579 mirabi-

1058 1593 1165 1635 lium
1191 1596 1379 1644 tuorum,

1111 1651 1166 1692 Et
1193 1650 1441 1693 meditabor
1473 1651 1518 1692 in
1545 1650 1749 1692 omnibus
1781 1651 1884 1703 ope-

1060 1706 1181 1748 ribus
1199 1707 1300 1749 tuis:
1321 1710 1344 1735 *
1369 1713 1412 1750 et
1431 1708 1475 1749 in
1498 1706 1883 1749 adinventionibus

1059 1763 1146 1804 tuis
1174 1764 1423 1806 exercebor.

1111 1819 1232 1862 Deus
1274 1821 1318 1862 in
1359 1826 1511 1864 sancto
1552 1821 1623 1863 via
1656 1826 1748 1862 tua:
1784 1819 1883 1873 quis

1059 1876 1180 1918 Deus
1208 1890 1391 1928 magnus
1420 1878 1533 1920 sicut
1559 1878 1682 1920 Deus
1710 1874 1883 1919 noster?

1061 1934 1083 1959 *
1104 1938 1153 1974 tu
1181 1946 1228 1975 es
1251 1934 1372 1976 Deus
1401 1935 1476 1987 qui
1503 1935 1610 1976 facis
1637 1933 1863 1976 mirabilia,

1112 1989 1275 2031 Notam
1306 1991 1448 2033 fecisti
1475 1992 1519 2032 in
1546 1990 1725 2045 populis
1752 1990 1883 2032 virtu-

1061 2050 1148 2087 tem
1175 2052 1311 2088 tuam:
1337 2050 1360 2075 *
1379 2047 1605 2090 redemisti
1630 2048 1675 2089 in
1701 2045 1884 2089 brAchio

1060 2107 1136 2144 tuo
1171 2103 1385 2156 populum
1412 2109 1552 2155 tuum,
1583 2104 1702 2146 filios
1732 2103 1884 2154 Jacob,

1061 2164 1104 2200 et
1131 2160 1155 2200 J
1159 2160 1308 2212 oseph.

1113 2215 1329 2258 Viderunt
1363 2222 1407 2259 te
1435 2231 1563 2270 aquae
1591 2218 1732 2268 Deus,
1767 2216 1884 2259 vide-

1062 2278 1162 2313 runt
1189 2277 1233 2314 te
1261 2286 1403 2324 aquae:
1430 2275 1454 2301 *
1483 2280 1526 2316 et
1554 2275 1806 2324 timuerunt,
1842 2277 1886 2314 et

1061 2328 1249 2370 turbatae
1274 2334 1375 2370 sunt
1403 2330 1562 2383 abyssi.

1113 2384 1351 2426 Multitudo
1392 2387 1561 2428 sonitus
1598 2388 1827 2439 aquarum:
1862 2387 1886 2413 *

1063 2453 1216 2482 vocem
1245 2440 1460 2484 dederunt
1486 2443 1638 2485 nubes.

1114 2497 1287 2538 Etenim
1319 2501 1491 2549 sagittae
1523 2505 1612 2541 tuae
1645 2501 1887 2541 transeunt:

1064 2555 1086 2578 ¹⁸¹
1114 2565 1200 2594 vox
1228 2555 1409 2595 tonitrui
1437 2555 1502 2596 tui
1529 2557 1573 2596 in
1605 2561 1712 2598 rota.

1114 2608 1357 2650 Illuxerunt
1374 2612 1701 2654 coruscationes
1715 2617 1805 2654 tuae
1821 2623 1887 2652 or-

1063 2663 1107 2705 bi
1130 2670 1275 2706 terrae:
1303 2667 1327 2692 *
1355 2669 1576 2709 commota
1604 2673 1686 2718 est,
1715 2673 1760 2710 et
1787 2680 1887 2710 con-

1064 2722 1241 2763 tremuit
1267 2726 1396 2763 terra.
