2028 2892
168 215 234 250 194

220 308 268 358 Y
296 311 426 363 Eripe
447 323 517 351 me
536 310 724 351 Domine
744 310 799 351 ab
819 309 994 350 hemine

167 367 294 408 malo.
324 368 369 416 lxssa
390 368 430 407 A
450 367 544 407 viro
563 367 713 418 iniquo
736 366 855 418 eripe
875 378 956 406 me.

222 431 290 470 Ad
318 430 487 479 Magnis.
520 430 616 469 Ant.
646 430 691 469 Si
715 430 812 481 quis
836 430 942 478 sitit,
967 430 991 454 *

168 486 311 527 veniat
331 485 387 527 ad
411 498 498 535 me,
527 491 570 527 et
589 485 726 527 bibat:
755 491 798 527 et
821 485 876 526 de
896 498 994 526 ven-

166 547 232 583 tre
269 543 359 592 ejus
395 542 530 583 fluent
567 554 694 593 aquae
727 542 856 589 vivae,
889 541 994 582 dicit

167 598 391 638 Dominus.

218 668 365 700 Deinde
392 667 463 700 dic.
487 667 634 700 Preces
664 661 736 695 112·

499 724 662 763 Oratio.

253 791 293 827 a,
323 779 574 829 quaesumus
598 777 802 826 Demine,
826 776 993 828 pepulo

262 839 338 874 tuo
367 833 553 884 salutem
581 833 739 873 mentis
767 837 811 873 et
840 834 993 884 cerpo-

167 889 241 929 ris:
266 894 313 930 ut
338 889 464 929 bonis
490 887 697 940 operibus
722 887 993 935 inhaerendo,

166 950 241 986 tua
271 957 445 996 semper
473 946 693 985 mereatur
717 944 993 996 protectione

167 999 352 1041 defendi.
382 1001 464 1041 Per
482 1000 730 1040 Deminum.

219 1077 397 1118 (Iapitula
437 1076 622 1118 prat-dictu
663 1076 842 1109 dicuntur
876 1076 909 1108 in
944 1076 995 1109 fe-

168 1125 249 1156 riali
278 1124 414 1157 (M'iicio
441 1135 562 1165 nsque
589 1124 635 1156 ad
660 1123 810 1156 Feriam
835 1124 895 1156 lv.
918 1134 995 1156 ma-

171 1173 259 1210 jori>-
290 1172 569 1204 llcbdoniadae:
597 1172 681 1204 Ant.
709 1183 800 1204 1010
826 1182 894 1214 per
918 1171 995 1204 Ho-

168 1231 229 1253 ras
256 1231 375 1262 iisque
403 1220 451 1252 ud
477 1220 584 1253 Doni.
613 1220 646 1252 in
675 1220 827 1252 l'ulmis.

358 1346 543 1381 Feria
577 1345 806 1381 Tertia.

172 1403 325 1444 Lectio
350 1403 490 1443 sancti
509 1402 735 1453 Evangelii
753 1401 994 1443 secandum

467 1459 492 1498 J
495 1460 691 1499 oannem.

275 1522 420 1561 Lectio
444 1522 465 1559 i.
736 1524 838 1571 Cap.
859 1521 893 1559 7.

166 1571 242 1676 In
258 1575 332 1617 illo
349 1577 564 1627 tempore:
583 1574 851 1616 Ambulabat
865 1576 890 1616 J
894 1588 994 1616 esus

233 1632 275 1671 in
300 1630 543 1671 Galilaeam:
568 1644 656 1672 non
681 1631 795 1671 enim
818 1631 996 1672 volebat

167 1688 211 1727 in
242 1685 440 1727 Judaeam
472 1686 711 1735 ambulare,
744 1687 847 1738 quia
879 1700 995 1738 quae-

168 1742 322 1783 rebant
350 1755 449 1783 eum
473 1741 615 1783 Judaei
643 1742 899 1784 interficere.
939 1743 996 1784 Et

168 1798 346 1850 reliqua.

278 1866 466 1907 llomilia
494 1866 631 1907 sancti
660 1867 892 1917 Augustini

469 1922 691 1974 Episcopi.

300 1991 502 2023 'frat-tatus
529 1992 582 2023 ΒΗ.
612 1991 645 2023 in
671 1991 871 2024 dommum.

180 2056 195 2110 54¹
232 2074 234 2076 -
259 2057 286 2083 n
311 2043 396 2085 isto
421 2043 647 2094 Evangelii
674 2044 883 2097 capitulo,
914 2045 995 2086 fra-

178 2105 179 2108 ’
223 2094 243 2132 -‘·
274 2105 380 2149 tres,
423 2100 637 2141 Deminus
678 2105 828 2142 noster
867 2101 995 2142 Jesus

170 2155 366 2197 Christus
404 2155 645 2197 secandum
687 2156 908 2197 heminem
950 2170 996 2198 se

170 2211 404 2263 plarimum
434 2212 759 2254 commendavit
792 2212 896 2254 fidei
924 2225 997 2253 no-

170 2271 284 2308 strae.
319 2268 493 2309 Etenim
518 2280 692 2320 semper
716 2267 801 2309 hoc
822 2268 910 2319 egit
935 2268 997 2309 di-

171 2323 252 2363 ctis
273 2328 316 2364 et
335 2323 459 2365 factis
474 2324 575 2372 suis,
594 2329 643 2365 ut
656 2324 777 2365 Deus
793 2323 998 2365 credatur

172 2383 215 2419 et
230 2378 377 2420 homo:
395 2380 516 2421 Deus
537 2380 611 2432 qui
630 2392 711 2421 nos
732 2380 844 2429 fecit,
863 2379 996 2421 homo

173 2434 246 2485 qui
265 2447 346 2475 nos
366 2436 578 2487 quaesivit:
606 2435 728 2477 Deus
749 2448 847 2476 cum
867 2436 997 2477 Patre

172 2502 363 2541 semper,
395 2491 527 2532 homo
555 2491 785 2533 nobiscum
811 2504 865 2532 ex
891 2493 996 2533 tem-

171 2557 291 2597 pore.
336 2545 436 2586 Non
469 2547 583 2588 enim
617 2549 834 2599 quaereret
867 2560 995 2598 quem

172 2600 351 2649 fecerat,
376 2601 457 2642 nisi
484 2603 609 2644 fieret
632 2603 727 2655 ipse
748 2602 867 2654 quod
888 2603 996 2643 fece-

172 2661 250 2696 rat.
278 2657 442 2697 Verum
461 2657 545 2698 hoc
569 2660 850 2707 mementete,
878 2664 922 2699 et
942 2658 996 2699 de

172 2711 378 2754 cerdibus
410 2714 565 2754 vestris
596 2714 730 2756 nolite
763 2714 997 2756 dimittere:

692 218 790 250 Infra
819 214 1110 249 llcbdoinadum
1139 213 1348 247 Passionis.

1047 309 1110 349 sic
1153 321 1251 350 esse
1290 310 1510 351 Christum
1554 307 1777 349 heminem
1820 307 1877 348 fa-

1047 370 1182 414 ctum,
1207 370 1255 407 ut
1277 378 1366 407 non
1390 364 1607 407 destiterit
1627 363 1750 405 Deus
1770 375 1878 404 esse.

1046 420 1227 462 Manens
1263 422 1385 463 Deus
1427 420 1599 472 accepit
1639 419 1878 468 heminem‚

1048 476 1121 528 qui
1140 476 1244 518 fecit
1260 477 1494 518 heminem.

1102 544 1152 595 R.
1186 541 1376 593 Adjutor
1413 545 1457 582 et
1489 541 1722 592 susceptor
1753 552 1878 581 meus

1048 609 1094 637 es
1118 601 1166 637 tu
1186 597 1390 638 Demine:
1415 601 1460 638 et
1483 597 1528 636 in
1547 595 1731 637 verbum
1754 599 1878 636 tuum

1048 653 1238 704 speravi:
1262 658 1285 682 *
1301 653 1532 694 Declinate
1552 665 1578 692 a
1595 664 1666 693 me
1684 650 1880 702 maligni:

1048 713 1091 749 et
1136 709 1369 750 scrutabor
1413 708 1621 750 mandata
1657 707 1740 749 Dei
1782 707 1879 748 mei.

1053 764 1100 814 Y'.
1129 765 1311 816 Iniquos
1346 760 1451 806 o'dio
1482 763 1632 805 habui:
1666 768 1710 805 et
1735 763 1880 814 legem

1046 825 1166 861 tuam
1186 820 1331 861 dilexi.
1359 820 1601 862 Declinate.

1363 892 1514 932 Lectio
1534 892 1574 931 ii.

1052 935 1280 1057 Quando
1298 966 1404 1005 ergo
1419 953 1549 994 latuit
1562 957 1610 994 ut
1624 952 1770 1002 homo,
1790 964 1879 993 non

1147 1010 1391 1063 potentiam
1436 1008 1684 1062 perdidisse
1724 1010 1879 1061 putan-

1047 1065 1130 1107 dus
1149 1070 1232 1115 est,
1261 1065 1341 1107 sed
1365 1065 1615 1117 exemplum
1637 1064 1880 1106 infirmitati

1046 1122 1301 1174 praebuisse.
1342 1121 1422 1163 Ille
1457 1121 1574 1162 enim
1601 1120 1778 1173 quando
1807 1122 1880 1161 vo-

1045 1178 1141 1227 luit,
1169 1178 1375 1219 detentus
1404 1182 1487 1219 est:
1522 1176 1701 1228 quando
1729 1175 1880 1226 veluit,

1045 1237 1219 1275 occisus
1252 1239 1330 1275 est.
1371 1233 1459 1275 Sed
1493 1233 1702 1285 queniam
1735 1233 1881 1276 futura

1047 1294 1171 1331 erant
1194 1289 1392 1331 membra
1412 1290 1521 1341 ejus,
1546 1288 1592 1330 id
1617 1294 1701 1339 est,
1725 1288 1880 1330 fideles

1047 1347 1152 1397 ejus,
1180 1346 1254 1398 qui
1279 1359 1368 1387 non
1387 1345 1600 1386 haberent
1619 1344 1739 1385 illam
1757 1349 1880 1397 pote-

1046 1404 1222 1451 statem,
1257 1414 1388 1454 quam
1416 1400 1611 1442 habebat
1637 1401 1734 1453 ipse
1757 1400 1880 1442 Deus

1046 1463 1212 1500 noster:
1234 1457 1354 1510 quod
1369 1457 1545 1507 latebat,
1565 1456 1687 1509 quod
1707 1469 1755 1498 se
1773 1460 1880 1498 tam-

1048 1527 1180 1566 quam
1210 1527 1266 1555 ne
1294 1513 1586 1562 occideretur,
1619 1511 1881 1562 occultabat,

1046 1570 1132 1612 hoc
1147 1570 1371 1612 indicabat
1386 1570 1556 1611 factura
1571 1581 1668 1611 esse
1682 1568 1881 1610 membra

1047 1640 1135 1675 sua,
1155 1627 1198 1667 in
1217 1626 1376 1678 quibus
1396 1626 1548 1678 utique
1565 1625 1775 1667 membris
1789 1625 1880 1667 suis

1047 1683 1141 1735 ipse
1159 1688 1264 1724 erat.

1105 1746 1154 1795 lx‘g.
1175 1742 1361 1784 Docebo
1384 1743 1558 1795 iniquos
1580 1742 1674 1783 vias
1696 1746 1810 1783 tuas:
1836 1746 1880 1783 et

1047 1800 1168 1852 impii
1188 1799 1245 1840 ad
1264 1804 1308 1840 te
1330 1800 1658 1840 convertentur:
1680 1799 1702 1822 *
1720 1796 1881 1839 Libera

1047 1868 1117 1897 me
1138 1855 1193 1897 de
1213 1855 1512 1905 sanguinibus,
1532 1855 1654 1896 Deus
1672 1854 1795 1895 Deus
1815 1866 1879 1894 sa-

1047 1912 1151 1953 lutis
1176 1924 1300 1953 meae.
1344 1909 1393 1959 Y.
1418 1911 1609 1952 Domine
1637 1910 1755 1952 labia
1781 1922 1881 1951 mea

1048 1968 1234 2020 aperies:
1267 1972 1311 2009 et
1343 1980 1393 2008 os
1426 1979 1573 2008 meum
1605 1965 1882 2008 annuntiabit

1047 2024 1224 2066 laudem
1241 2029 1373 2065 tuam.
1400 2023 1572 2064 Libera.

1355 2091 1505 2131 Lectio
1527 2091 1580 2130 iii.

1051 2152 1199 2257 Non
1224 2157 1338 2199 enim
1359 2157 1558 2198 Christus
1582 2156 1626 2196 in
1643 2156 1806 2209 capite,
1835 2161 1880 2198 et

1151 2226 1239 2255 non
1268 2213 1311 2253 in
1337 2215 1541 2265 cerpore:
1574 2212 1654 2254 sed
1680 2211 1879 2254 Christus

1047 2274 1170 2310 totus
1185 2269 1229 2309 in
1240 2269 1398 2321 capite,
1414 2274 1459 2310 et
1473 2269 1517 2309 in
1529 2270 1730 2321 corpore.
1749 2268 1879 2318 Quod

1048 2338 1155 2376 ergo
1174 2324 1371 2366 membra
1391 2326 1498 2375 ejus,
1526 2325 1637 2376 ipse:
1665 2324 1785 2376 quod
1808 2337 1879 2365 au-

1048 2386 1137 2422 tem
1169 2382 1282 2433 ipse,
1323 2393 1411 2422 non
1442 2383 1650 2422 continuo
1683 2380 1876 2422 membra

1050 2438 1150 2488 ejus.
1178 2437 1292 2477 Nam
1312 2437 1349 2477 si
1368 2449 1455 2478 non
1475 2437 1561 2489 ipsi
1581 2441 1729 2478 essent
1747 2448 1878 2477 mem-

1048 2493 1128 2534 bra
1155 2493 1260 2544 ejus,
1286 2505 1375 2533 non
1400 2492 1566 2534 diceret
1589 2492 1737 2533 Saulo:
1765 2491 1881 2541 Quid

1048 2561 1118 2590 me
1138 2547 1441 2600 persequeris?
1469 2549 1570 2590 Non
1591 2548 1705 2590 enim
1723 2547 1880 2589 Saulus

1050 2605 1204 2656 ipsum,
1225 2603 1303 2645 sed
1322 2603 1522 2645 membra
1540 2604 1647 2655 ejus,
1665 2603 1711 2644 id
1731 2607 1813 2652 est,
1833 2603 1879 2643 fi-

1050 2660 1170 2701 deles
1190 2660 1296 2711 ejus‚
1320 2660 1363 2700 in
1382 2665 1498 2701 terra
1517 2658 1880 2712 persequebatur.

1048 2716 1201 2757 Neluit
1218 2721 1364 2757 tamen
1385 2715 1531 2758 dicere
1553 2720 1731 2757 sanctos
1745 2727 1880 2764 meos,
