2066 2956
757 186 932 220 Ofticium
958 186 1242 219 Defunctorum

203 288 252 339 R.
270 285 490 327 Memento
505 284 591 326 mei
605 284 737 334 138118,
758 283 859 336 quia
875 295 976 324 ven-

151 348 222 385 tus
255 346 321 383 est
351 342 442 383 vita
471 353 579 391 mea,
610 346 632 369 *
666 340 761 382 Nec
793 339 977 392 aspiciat

152 412 223 441 me
249 398 366 439 visus
395 397 592 439 hominis.
624 395 672 446 V.
706 397 774 438 De
800 395 976 448 profun-

154 456 222 498 dis
240 454 424 497 clamavi
439 453 496 495 ad
510 458 554 495 te
568 453 770 495 Domine:
788 452 976 493 Domine

153 511 311 554 exaudi
330 523 486 552 vocem
504 523 658 552 meam.
683 509 726 551 N
728 522 790 552 ec.

253 571 403 611 Lectio
424 584 459 609 v.
707 568 792 609 Job
814 570 869 607 14.

151 623 345 728 Homo
376 628 504 665 natus
536 622 592 664 de
622 622 820 672 muliere,
853 620 977 662 brevi

255 680 408 722 vivens
423 682 638 732 tempore,
656 678 851 731 repletur
869 677 975 718 mul-

152 738 210 779 tis
227 737 423 778 miseriis.
456 737 539 787 Qui
563 735 688 788 quasi
706 735 789 776 flos
810 733 974 785 egredi-

154 798 224 835 tur
260 798 303 835 et
339 793 596 842 conteritur,
633 796 677 833 et
712 791 822 842 fugit
857 790 977 832 velut

153 850 318 899 umbra,
338 854 381 891 et
398 862 636 902 numquam
653 849 696 889 in
716 847 874 889 eodem
894 852 976 888 sta-

154 911 204 948 tu
219 908 458 959 permanet.
489 906 546 947 Et
569 905 747 956 dignum
766 904 889 945 ducis
909 917 975 944 su-

154 975 234 1015 per
272 962 573 1014 hujuscemodi
613 963 783 1014 aperire
824 960 977 1002 oculos

155 1024 272 1068 tuos,
305 1024 349 1060 et
380 1017 599 1060 adducere
632 1031 731 1059 eum
760 1021 907 1058 tecum
933 1017 976 1057 in

154 1074 380 1127 judicium?
407 1075 513 1125 Quis
530 1078 679 1127 potest
696 1074 841 1115 facere
858 1087 978 1114 mun-

155 1130 259 1173 dum
288 1131 343 1173 de
370 1131 593 1172 immundo
624 1132 887 1183 conceptum
916 1131 978 1170 se-

154 1187 289 1229 mine?
310 1188 467 1230 Nonne
486 1192 534 1229 tu
553 1187 627 1240 qui
647 1186 766 1228 solus
787 1185 855 1228 es?
874 1187 978 1227 Bre-

154 1256 232 1286 ves
266 1243 359 1286 dies
391 1244 580 1285 hominis
614 1248 730 1294 sunt,
771 1246 978 1284 numerus

154 1300 368 1342 mensium
392 1301 482 1352 ejus
506 1299 624 1353 apud
646 1304 690 1341 te
714 1304 794 1341 est:
822 1299 979 1341 consti-

154 1357 275 1398 tuisti
299 1355 509 1398 terminos
536 1357 642 1408 ejus,
669 1356 742 1408 qui
765 1356 980 1408 praeteriri

154 1426 243 1454 non
273 1415 491 1465 poterunt.
542 1411 720 1454 Recede
755 1411 978 1464 paululum

156 1469 211 1510 ab
239 1481 310 1519 eo,
341 1474 389 1510 ut
415 1469 626 1521 quiescat,
660 1468 802 1510 donec
827 1470 979 1520 optata

155 1526 316 1574 veniat,
344 1526 455 1566 sieut
478 1525 736 1567 mercenarii
760 1524 854 1566 dies
880 1525 980 1576 ejus.

205 1584 255 1635 R.
287 1582 374 1623 Hei
395 1581 501 1622 mihi
523 1581 729 1630 Domine,
753 1581 854 1632 quia
879 1593 979 1633 pec-

156 1638 252 1680 cavi
278 1638 405 1679 nimis
436 1638 481 1678 in
512 1638 603 1679 vita
633 1650 746 1679 mea:
778 1636 893 1687 Quid
919 1637 979 1678 fa-

156 1695 279 1745 ciam,
297 1694 449 1736 miser?
469 1694 543 1736 ubi
563 1694 739 1744 fugiam,
758 1694 841 1735 11181
860 1693 917 1735 3(1
934 1698 979 1735 18

154 1752 276 1793 Deus
299 1750 444 1793 meus?
468 1754 489 1775 *
514 1751 723 1792 Miserere
745 1750 848 1800 mei,
877 1749 979 1792 dum

155 1809 325 1850 veneris
349 1809 393 1849 in
419 1808 658 1850 novissimo
683 1807 765 1850 die.
800 1804 850 1855 V.
876 1808 978 1848 Ani-

155 1878 226 1906 ma
249 1878 347 1907 mea
370 1865 546 1907 turbata
569 1870 636 1906 881
655 1864 800 1915 valde,
829 1864 908 1906 sed
931 1869 978 1906 tu

155 1921 344 1964 Domine
363 1925 568 1964 succurre
589 1922 638 1963 ei.
665 1921 884 1963 Miserere.

259 1976 409 2018 Lectio
428 1978 480 2017 vi.
661 1978 682 2017 J
689 1977 745 2018 ob
766 1978 823 2017 14.
844 1991 877 2018 8.

158 2010 306 2134 Quis
334 2033 439 2074 mihi
462 2033 547 2075 hoc
571 2033 752 2084 tribuat,
779 2034 895 2075 utin
920 2034 979 2074 in-

251 2090 375 2131 ferno
394 2091 603 2142 protegas
627 2103 712 2140 me,
737 2095 781 2131 81
799 2090 980 2132 abscon-

158 2146 237 2187 das
263 2159 348 2196 me,
381 2146 522 2187 donec
554 2148 828 2198 pertranseat
859 2146 981 2188 furor

156 2208 272 2252 tuus,
299 2207 342 2244 81
361 2204 601 2244 constituas
620 2202 724 2243 mihi
741 2207 915 2255 tempus
933 2203 977 2243 in

158 2272 245 2311 quo
265 2257 510 2301 recorderis
529 2257 636 2300 mei?
660 2259 849 2300 Putasne
868 2262 980 2301 mor-

156 2320 256 2357 tuus
279 2316 412 2356 homo
436 2328 607 2356 rursum
629 2313 769 2356 vivat?
803 2316 979 2359 Cunctis

157 2372 311 2413 diebus
337 2371 494 2424 quibus
517 2385 631 2413 nunc
649 2371 803 2421 milito,
828 2374 979 2424 exspe-

158 2433 229 2470 cto
260 2428 401 2470 donec
424 2428 569 2470 veniat
596 2428 840 2469 immutatio
871 2441 980 2469 mea.

157 2484 352 2526 Vocabis
383 2497 470 2534 me,
512 2490 555 2527 et
588 2497 669 2535 ego
702 2484 980 2537 respondebo

156 2539 252 2581 tibi:
277 2541 400 2593 operi
423 2543 629 2582 manuum
652 2543 824 2582 tuarum
843 2540 979 2592 porri-

159 2608 235 2646 ges
255 2596 490 2638 dexteram.
520 2597 588 2638 Tu
609 2597 785 2649 quidem
804 2609 979 2647 gressus

158 2664 280 2693 meos
301 2652 599 2703 dinumerasti,
624 2653 703 2695 sed
725 2665 857 2705 parce
880 2665 979 2704 1188·

159 2708 268 2749 catis
285 2709 404 2750 meis.

1082 284 1131 334 R
1165 280 1234 322 Ne
1266 278 1509 322 recorderis
1541 280 1726 331 peccata
1756 290 1855 319 mea

1027 326 1231 386 Domine,
1262 343 1284 365 *
1311 337 1427 377 Dum
1459 335 1630 377 veneris
1662 334 1854 386 judicare

1029 393 1237 435 saeculum
1255 405 1335 445 per
1354 393 1510 443 ignem.
1534 392 1582 442 V.
1602 391 1752 442 Dirige
1766 391 1854 431 Do-

1028 451 1144 492 mine
1162 450 1283 491 Deus
1305 461 1427 490 meus
1452 449 1496 489 in
1519 449 1760 500 conspectu
1778 452 1854 489 tuo

1028 507 1143 548 viam
1161 519 1315 547 meam.
1342 506 1470 546 Dum.
1501 505 1549 556 V
1569 504 1786 557 Requiem
1801 516 1855 544 ae-

1029 565 1210 605 ternam.
1235 563 1363 603 Dum.

1080 627 1222 660 Postea
1259 627 1306 659 ad
1346 627 1513 662 Laudes,
1553 632 1591 659 111
1635 626 1730 658 infra
1759 620 1856 664 [188]

1031 675 1185 718 quando
1212 675 1353 708 dicitur
1381 686 1495 709 unum
1526 680 1671 709 tantum
1698 672 1857 706 Noctur—

1031 733 1130 756 num.

1247 772 1296 810 In
1320 772 1390 810 III.
1420 773 1642 811 Nooturno.

1125 836 1211 886 J'r‘o
1237 836 1365 870 Furia
1392 837 1457 870 H.
1483 842 1523 871 et
1548 837 1754 871 Sabbato.

1086 891 1183 930 Ant.
1211 887 1494 940 Complaceat
1514 887 1538 912 *
1556 886 1637 928 tibi
1659 886 1858 935 Domine,

1034 950 1081 987 ut
1096 945 1255 997 eripias
1269 957 1354 985 me:
1373 944 1561 985 Domine
1582 943 1638 984 ad
1657 942 1858 995 adjuvan-

1035 1002 1139 1044 dum
1156 1015 1226 1043 me
1244 1001 1425 1054 respice.

1307 1067 1501 1107 Psalmus
1522 1068 1586 1106 35).

1039 1137 1040 1140 ’
1074 1129 1384 1182 ᾖς’-1811881308
1421 1126 1675 1178 exspectavi
1713 1126 1859 1167 Domi-

1043 1186 1048 1227 ’ἰ
1083 1215 1135 1243 ⁴
1165 1185 1385 1234 1111111,*81
1404 1183 1589 1225 intendit
1607 1182 1722 1223 mihi.

1143 1248 1144 1254 ’
1218 1241 1274 1282 Ε1
1299 1239 1522 1282 exaudivit
1546 1252 1701 1307 preces
1725 1251 1860 1280 meas:

1034 1299 1058 1325 *
1077 1302 1120 1339 81
1140 1297 1291 1339 eduxit
1308 1310 1379 1339 me
1399 1297 1455 1338 de
1473 1296 1571 1337 lacu
1590 1296 1792 1345 miseriae,
1818 1300 1861 1336 et

1034 1354 1089 1396 de
1107 1354 1200 1395 luto
1220 1354 1351 1395 faecis.

1083 1411 1141 1452 Et
1172 1410 1327 1452 statuit
1359 1423 1492 1462 super
1523 1414 1695 1462 petram
1723 1407 1859 1460 pedes

1032 1480 1170 1509 meos:
1189 1467 1213 1493 *
1234 1472 1277 1508 et
1299 1466 1458 1508 direxit
1479 1479 1657 1518 gressus
1675 1477 1808 1506 meos.

1084 1524 1140 1565 Et
1158 1524 1335 1564 immisit
1355 1523 1397 1563 in
1416 1536 1466 1564 os
1482 1535 1628 1564 meum
1644 1522 1861 1563 canticum

1032 1593 1205 1630 novum,
1225 1581 1248 1606 *
1268 1592 1443 1622 carmen
1462 1579 1559 1621 Deo
1579 1584 1744 1620 nostro.

1083 1637 1309 1679 Videbunt
1335 1635 1475 1685 multi,
1508 1641 1552 1677 81
1580 1635 1810 1677 timebunt:
1837 1636 1860 1661 *

1033 1698 1076 1735 81
1095 1693 1335 1746 sperabunt
1352 1693 1396 1733 in
1415 1692 1618 1733 Domino.

1083 1750 1248 1792 Beatus
1267 1751 1345 1799 vir,
1369 1749 1488 1800 cujus
1509 1753 1575 1789 est
1592 1761 1752 1789 nomen
1770 1748 1857 1789 Do-

1032 1807 1138 1848 mini
1169 1819 1270 1859 spes
1304 1807 1409 1858 ejus:
1429 1806 1452 1831 *
1472 1810 1517 1847 et
1547 1817 1635 1846 non
1666 1805 1858 1857 respexit

1032 1864 1076 1905 in
1095 1864 1311 1905 vanitates
1331 1868 1373 1904 et
1391 1862 1581 1903 insanias
1601 1861 1743 1903 falsas.

1084 1919 1223 1961 Multa
1259 1919 1403 1961 fecisti
1438 1923 1487 1960 tu
1518 1918 1706 1959 Domine
1738 1917 1858 1959 Deus

1032 1989 1156 2018 meus
1178 1975 1395 2018 mirabilia
1413 1979 1501 2017 tua:
1520 1975 1543 2000 *
1563 1979 1608 2016 et
1634 1974 1858 2025 cogitatio—

1032 2032 1159 2130 nilbus
1191 2033 1277 2074 tuis
1307 2044 1396 2073 non
1424 2036 1492 2073 est
1520 2031 1594 2083 qui
1622 2030 1774 2071 similis
1802 2030 1859 2071 sit

1033 2089 1065 2130 ti
1098 2089 1124 2130 i.

1085 2145 1354 2187 Annuntiavi
1395 2150 1438 2186 et
1475 2145 1650 2185 locutus
1687 2155 1799 2183 sum:
1835 2142 1858 2167 *

1033 2202 1311 2255 multiplicati
1337 2206 1438 2243 sunt
1464 2212 1596 2252 super
1619 2202 1858 2240 numerum.

1085 2259 1354 2300 Sacrificium
1379 2263 1422 2299 et
1446 2256 1714 2299 oblationem
1737 2254 1858 2296 nolu-

1034 2315 1119 2356 isti:
1137 2315 1161 2341 *
1180 2328 1308 2357 aures
1332 2319 1479 2356 autem
1502 2312 1725 2366 perfecisti
1743 2312 1858 2352 mihi.

1085 2372 1405 2413 Holocaustum
1452 2375 1495 2411 et
1540 2381 1624 2422 pro
1671 2371 1858 2421 peccato

1033 2441 1122 2469 non
1151 2427 1402 2481 postulasti:
1426 2427 1449 2452 *
1474 2431 1577 2468 tunc
1607 2424 1710 2466 dixi:
1742 2425 1858 2466 Ε888

1033 2485 1171 2526 venio.

1084 2541 1135 2581 In
1167 2541 1310 2592 capite
1340 2538 1441 2580 libri
1468 2538 1681 2590 scriptum
1709 2542 1776 2579 est
1803 2537 1858 2579 de

1032 2604 1103 2638 'me
1133 2602 1181 2638 ut
1212 2597 1400 2637 facerem
1428 2594 1697 2636 voluntatem
1724 2599 1859 2635 tuam:

1033 2653 1056 2679 *
1074 2654 1195 2694 Deus
1213 2664 1337 2693 meus
1354 2650 1486 2700 volui,
1512 2655 1555 2692 et
1577 2650 1720 2702 legem
1738 2655 1859 2694 tuam

1032 2709 1076 2750 in
1094 2707 1240 2751 medio
1260 2706 1407 2751 cordis
1425 2706 1523 2751 mei-
