2066 2956
445 186 619 220 Officium
646 186 814 219 votivum
842 186 887 219 (le
913 188 968 220 Ss.
995 187 1195 229 Apostolis
1224 188 1333 221 l'etro
1359 192 1395 221 et
1421 188 1548 220 I'uulo.

431 281 581 322 Lectio
602 282 683 321 viii.

233 342 464 394 uicemque
474 341 697 395 reliquerit
706 347 887 396 patrem,
899 340 973 385 a'ut

258 403 457 448 matrem,
480 403 555 440 aut
576 398 769 450 domum,
795 403 870 440 aut
890 399 970 440 fra-

150 459 255 505 tres,
279 459 354 496 aut
376 456 567 506 sorores,
591 454 842 508 centuplum
862 458 971 497 aeci-

150 511 242 563 piet
260 510 304 551 in
321 510 407 552 hoc
430 511 607 562 saeculo,
632 516 675 553 et
698 512 832 553 vitam
851 514 972 554 aeter-

150 579 251 608 nam
267 566 522 619 possidebit.
554 567 716 610 Multos
737 567 912 620 quidem
929 568 972 608 in

149 622 235 664 hoc
271 622 455 673 saeculo,
490 624 566 676 qui
598 637 676 666 sua
707 624 973 677 pauperibus

150 678 437 728 donaverunt,
460 679 662 722 uberiore
685 680 892 723 thesauro
912 681 972 722 lo-

150 735 396 788 cupletatos
414 736 548 778 fuisse
568 737 861 788 cognovimus.
893 737 974 779 Est

150 791 466 844 pulcherrimus
498 792 640 844 locus,
674 799 723 835 ut
755 794 885 835 etiam
917 793 974 834 ad

151 847 493 890 misericordiam
528 851 834 902 provocentur.
887 848 974 891 Sed

150 916 240 945 non
265 903 426 946 debent
453 917 478 946 a
502 905 692 947 Domino
719 906 974 948 saeculerem

150 959 399 1012 hujusmodi
421 963 595 1012 exigere
614 961 871 1012 mercedem,
894 975 975 1004 nec

152 1018 328 1069 sperare
353 1029 451 1068 quae
473 1017 622 1059 mundi
646 1023 760 1068 sunt;
788 1017 867 1060 sed
887 1032 973 1060 ma-

151 1073 229 1123 gis,
252 1073 352 1126 quia
370 1073 433 1123 iis,
458 1074 531 1126 qui
550 1074 694 1116 omnia
712 1074 974 1126 reliquerint,

151 1129 271 1171 Deus
297 1130 443 1182 portio
472 1135 548 1172 est.
600 1131 702 1183 Ipse
730 1135 797 1172 est
823 1131 974 1182 utique

152 1197 318 1227 merces
341 1186 536 1238 perfecta
554 1186 772 1237 vinetum,
797 1187 870 1238 qui
888 1200 976 1228 non

153 1241 345 1294 centupli
372 1242 708 1293 enumeratione,
735 1242 813 1284 sed
837 1243 974 1295 perfe-

154 1302 236 1339 ctae
260 1297 539 1351 plenitudinis
566 1299 853 1341 aestimatione
879 1312 974 1341 cen-

154 1355 283 1395 setur.
318 1354 425 1405 Ego,
444 1355 594 1406 inquit,
612 1356 732 1397 Deus
750 1361 851 1397 tuus
871 1369 975 1397 sum.

153 1409 255 1451 Non
273 1409 394 1452 dixit:
416 1411 515 1461 Ero,
537 1411 629 1452 sed:
653 1412 677 1452 J
680 1425 749 1453 am
768 1425 874 1462 sum,
892 1413 976 1464 jam

152 1465 360 1517 inhabito,
378 1467 463 1519 jam
481 1467 701 1520 possideo.

206 1543 255 1594 R.
280 1544 359 1586 Isti
378 1549 477 1586 sunt
495 1545 575 1586 viri
594 1546 742 1596 sancti,
763 1559 874 1598 quos
894 1546 975 1588 ele-

153 1599 216 1651 git
237 1600 451 1642 Dominus
478 1601 521 1642 in
547 1602 725 1644 caritate
750 1615 838 1644 non
863 1602 975 1653 ficta,

155 1660 199 1698 et
238 1655 359 1699 dedit
403 1657 487 1698 illis
527 1657 710 1708 gloriam
752 1659 974 1712 sempiter-

154 1725 267 1753 nam:
283 1714 304 1736 ²⁸
320 1713 515 1764 Quorum
530 1713 729 1772 doctrina
747 1715 883 1766 fulget
896 1716 975 1757 Ec-

155 1769 297 1819 clesia,
320 1774 368 1810 ut
391 1770 483 1811 sole
505 1769 618 1812 luna.
657 1768 703 1813 ,Υ-
728 1772 874 1813 Sancti
896 1785 976 1825 per

154 1824 287 1866 fidem
305 1825 500 1868 vicerunt
518 1839 661 1878 regna,
687 1828 857 1880 operati
876 1833 976 1870 sunt

155 1881 370 1932 justitiam.
409 1883 614 1933 Quorum.
665 1882 817 1925 Gloria
847 1884 975 1926 Patri.

156 1937 359 1987 Quorum.

1207 283 1425 334 Tempore
1446 282 1653 322 I'aschuli.

1074 344 1123 395 R.
1163 342 1348 385 candidi
1378 343 1481 386 facti
1516 348 1614 385 sunt
1645 343 1847 385 Nazaraei

1025 400 1130 451 ejus,
1150 399 1336 452 allelui-213
1362 399 1640 452 splendorem
1659 400 1755 441 Deo
1777 399 1847 441 de-

1025 455 1197 505 derunt,
1226 455 1406 505 alleluja.
1431 456 1451 477 *
1475 456 1532 497 Et
1556 457 1668 498 sicut
1687 456 1759 514 lac
1777 468 1846 497 co-

1025 511 1189 563 agulati
1207 516 1317 562 sunt,
1337 511 1518 564 alleluja,
1537 512 1646 554 allel.
1672 511 1718 553 λ’.
1740 512 1846 554 Can-

1026 566 1217 609 didiores
1236 568 1351 618 nive,
1380 568 1607 610 nitidiores
1627 569 1756 619 lacte,
1782 582 1848 609 ru-

1024 623 1303 666 bicundiores
1340 624 1471 666 ebore
1509 627 1705 677 antiquo,
1750 638 1845 677 sap-

1025 679 1152 732 phiro
1190 680 1473 733 pulchriores.
1531 681 1588 723 Et
1623 681 1741 723 sicut·
1769 680 1847 722 lac.

1024 735 1178 777 Gloria
1196 737 1324 779 Patri.
1355 737 1412 779 Et
1435 737 1547 779 sicut
1565 737 1643 779 lac.

1324 795 1473 835 Lectio
1495 795 1546 833 ix.

1025 846 1224 952 Habes
1242 853 1374 895 homo
1400 854 1512 896 inter
1532 853 1668 896 multa
1690 856 1848 907 propo-

1146 910 1239 960 sita,
1265 910 1394 951 etiam
1416 909 1663 962 hujusmodi
1685 910 1846 963 portio-

1026 978 1135 1007 nem.
1186 967 1423 1019 Proposuit
1453 966 1532 1008 tibi
1563 966 1775 1007 Dominus
1807 966 1850 1006 in

1026 1022 1227 1075 portione
1246 1022 1560 1076 possessiones,
1585 1023 1629 1063 in
1646 1022 1849 1075 portione

1027 1092 1198 1128 aurum,
1228 1079 1272 1119 in
1299 1079 1502 1132 portione
1531 1081 1775 1130 argentum,
1806 1079 1850 1119 in

1027 1135 1230 1187 portione
1253 1135 1456 1185 honores,
1484 1135 1527 1175 in
1551 1135 1753 1187 portione
1775 1147 1849 1175 no-

1027 1191 1253 1242 bilitatem,
1277 1191 1510 1244 proposuit
1532 1191 1663 1233 etiam
1685 1191 1728 1231 in
1751 1203 1849 1243 por-

1027 1247 1146 1288 tione
1166 1250 1367 1300 seipsum.
1403 1247 1553 1289 Habes
1571 1248 1700 1298 igitur
1719 1247 1849 1300 pluri-

1027 1316 1120 1344 mas
1145 1304 1385 1356 portiones3
1415 1304 1524 1355 elige
1551 1306 1681 1355 quam
1706 1308 1850 1356 putas3

1027 1373 1115 1401 non
1132 1365 1176 1401 te
1198 1364 1403 1402 numerus
1422 1360 1659 1413 perturbet,
1682 1358 1760 1401 sed
1780 1362 1849 1400 ex-

1028 1417 1131 1458 citet
1156 1417 1312 1468 gretia3
1341 1430 1427 1459 non
1452 1422 1495 1458 te
1523 1416 1647 1458 labor
1673 1418 1850 1466 avertat,

1028 1471 1107 1514 sed
1124 1473 1290 1515 fructus
1308 1473 1470 1515 invitet.
1521 1473 1584 1514 Te
1610 1472 1762 1513 Deum.
1791 1473 1850 1512 15.

1290 1546 1367 1586 Ad.
1388 1545 1594 1586 Laudes.

1079 1597 1126 1647 V·
1155 1604 1216 1644 In¹
1235 1616 1407 1645 omnem
1434 1608 1594 1645 terram
1622 1602 1754 1644 exivit
1781 1615 1847 1643 so-

1027 1673 1107 1701 nus
1140 1662 1301 1701 eorum.
1351 1660 1396 1710 Ru
1432 1660 1488 1701 Et
1519 1659 1562 1699 in
1589 1659 1699 1700 fines
1731 1658 1849 1700 orbis

1027 1722 1156 1758 terrae
1174 1716 1308 1758 verba
1328 1718 1489 1758 eorum.

1079 1771 1146 1811 Ad
1170 1770 1326 1811 Bened.
1349 1772 1445 1811 Ant,
1480 1770 1671 1812 Gloriosi
1693 1771 1848 1824 princi-

1028 1842 1107 1882 pes
1129 1834 1275 1878 terrae‚
1300 1829 1323 1854 *
1347 1827 1570 1880 quomodo
1594 1827 1637 1867 in
1660 1828 1748 1869 vita
1772 1841 1850 1869 sua

1028 1884 1271 1927 dilexerunt
1295 1897 1356 1935 se,
1384 1884 1443 1925 ita
1467 1890 1510 1926 et
1533 1884 1575 1924 in
1598 1889 1739 1926 morte
1763 1897 1849 1925 non

1028 1946 1128 1983 sunt
1146 1941 1348 1994 separati.
