2028 2892
571 171 768 204 Dominica
797 172 890 204 infru
918 172 1099 205 Octavam
1129 172 1388 205 Ascensionis.

1764 177 1830 212 333

405 268 677 318 Dominiea

208 337 313 377 infra
344 336 551 377 Octavam
583 337 873 377 Ascensionis.

182 410 321 445 Totum
349 410 524 445 Officium
553 412 593 445 fit
625 412 670 446 de
703 411 950 450 Aseensione,

131 458 301 502 exceptis
315 458 386 494 his,
405 469 491 502 quae
506 459 566 493 hic
582 460 769 493 habentur
782 460 949 503 propria,

181 517 219 552 Si
242 518 443 554 Lectiones
470 521 494 554 l.
519 520 704 555 Nocturni
731 523 837 555 lec-tic
864 527 950 555 sunt

130 566 263 609 pridie.
282 568 436 610 quando
454 569 600 603 scilicet
618 569 653 602 in
669 569 838 603 Sabbato
856 580 950 613 prae-

129 614 276 649 cedenti
296 617 460 651 occurrit
478 617 613 651 festum
632 617 666 651 S.
682 618 701 650 ,Ι
710 619 845 652 oannis
865 622 948 651 ante

128 666 277 705 portam
296 664 480 701 Latinam.
502 666 539 698 in
556 665 757 700 Dominica
776 667 950 709 legantur

127 709 328 745 Lectiones
355 711 476 746 Feriae
501 712 545 746 Π.
570 714 775 756 sequentis.

368 791 416 830 In
439 792 467 830 I.
491 792 711 832 Nocturno.

131 863 287 916 Incipit
301 863 501 916 Epistola
518 864 658 918 prima
675 864 794 907 beati
803 866 828 907 J
831 866 952 907 oanis

432 922 649 974 Apostoli.

231 986 380 1029 Lectio
411 991 433 1029 i.
694 992 796 1043 Cap.
819 993 845 1031 1.

134 1049 450 1148 t‘fffffuit
477 1051 530 1093 ab
558 1052 953 1151 ingtioaouoddau-

272 1120 695 1216 ”nd
715 1123 951 1219 ‘Uespa

131 1231 241 1269 mus,
272 1225 316 1261 et
345 1233 496 1262 manus
523 1227 686 1263 nostrae
714 1228 951 1265 contrecta-

131 1276 284 1317 verunt
303 1275 357 1318 de
372 1276 507 1319 verbo
524 1277 641 1319 vitae:
661 1284 704 1320 et
718 1279 807 1320 vita
821 1279 951 1320 mani-

130 1330 287 1373 festata
302 1338 378 1382 est,
398 1338 441 1374 et
455 1332 652 1384 vidimus,
671 1340 715 1376 et
730 1337 952 1382 testamur,

131 1392 175 1428 et
199 1388 500 1430 annuntiamus
523 1389 649 1432 vobis
674 1390 807 1432 vitam
831 1393 951 1433 aeter-

130 1455 248 1493 nam,
287 1456 386 1495 quae
417 1450 510 1487 erat
536 1445 653 1499 apud
680 1447 873 1496 Patrem,
910 1453 953 1489 et

131 1500 334 1552 apparuit
359 1500 500 1542 nobis:
533 1501 652 1553 quod
680 1501 881 1553 vidimus,
910 1509 953 1545 et

131 1554 388 1606 audivimus,
414 1558 715 1599 annuntiamus
739 1558 879 1609 vobis,
905 1566 953 1602 ut

132 1616 175 1653 et
199 1624 279 1653 vos
308 1612 561 1655 societatem
585 1614 782 1656 habeatis
807 1615 950 1657 nobis-

130 1680 246 1718 cum,
284 1673 327 1710 et
362 1671 548 1711 societas
584 1676 734 1712 nostra
767 1671 822 1713 sit
854 1685 952 1714 cum

128 1723 272 1774 Patre,
292 1730 335 1766 et
353 1738 452 1766 cum
469 1726 580 1768 Filio
601 1727 690 1779 ejus
709 1727 734 1768 J
737 1740 814 1769 esu
833 1728 950 1770 Chri-

130 1784 210 1821 sto.
263 1780 320 1823 Et
354 1780 449 1823 haec
485 1782 712 1824 scribimus
746 1784 872 1826 vobis
904 1790 951 1827 ut

129 1835 370 1887 gaudeatis,
396 1843 439 1880 et
461 1838 667 1890 gaudium
684 1846 877 1882 vestrum
896 1842 951 1884 sit

129 1892 315 1945 plenum.
359 1894 416 1936 Et
447 1894 542 1936 haec
574 1901 640 1937 est
672 1897 950 1947 annuntiatio,

131 1959 260 1999 quam
283 1949 525 1991 audivimus
548 1950 602 1992 ab
628 1964 697 2001 eo,
723 1957 766 1994 et
792 1965 950 1995 annun-

129 2003 286 2046 tiamus
313 2005 453 2047 vobis:
489 2007 703 2057 Quoniam
729 2008 850 2050 Deus
877 2009 951 2051 lux

131 2065 216 2156 est,
253 2066 296 2102 et
330 2062 522 2104 tenebrae
558 2063 601 2103 in
638 2076 690 2104 eo
728 2076 815 2105 non
851 2071 950 2108 sunt

130 2129 157 2157 u
175 2116 240 2157 lae.

175 2184 223 2234 R!-
270 2182 376 2224 Post
416 2183 666 2235 passionem
707 2197 830 2225 suam
871 2198 950 2237 per

130 2237 224 2278 dies
254 2237 538 2290 quadraginta
561 2242 778 2292 apparens
802 2241 879 2290 eis,
908 2247 951 2283 et

130 2293 313 2346 loquens
341 2294 396 2336 de
423 2307 557 2346 regno
585 2296 682 2345 Dei,
715 2296 899 2348 alleluja:
920 2303 941 2323 ’⁸‘

130 2350 187 2391 Et
225 2350 472 2392 videntibus
511 2351 596 2393 illis
638 2352 832 2394 elevatus
874 2358 950 2403 est,

131 2405 312 2458 alleluja:
338 2411 382 2448 et
403 2407 541 2449 nubes
566 2410 758 2462 suscepit
778 2422 876 2451 eum
895 2410 949 2451 ab

132 2462 266 2503 oculis
286 2465 454 2513 eorum,
480 2463 659 2516 alleluja.
692 2462 737 2512 V.
770 2466 826 2507 Et
851 2479 949 2507 con-

132 2519 312 2559 vescens
330 2520 543 2572 praecepit
561 2521 639 2570 eis,
658 2521 712 2562 ab
732 2521 756 2562 J
759 2522 949 2574 erosoly-

131 2573 212 2614 mis
239 2587 293 2615 ne
314 2574 601 2626 discederent,
630 2576 708 2618 sed
728 2580 949 2629 exspecta-

133 2633 228 2670 rent
253 2631 585 2682 promissionem
612 2633 764 2674 Patris.
807 2633 864 2674 Et
891 2634 948 2674 vi-

134 2682 345 2727 dentibus.

281 2824 344 2850 Pars
359 2825 453 2852 Vema.

1319 268 1465 308 Lectio
1484 270 1521 308 ii.

1075 333 1089 374 i
1104 333 1339 375 dixerimus
1356 335 1560 387 quoniam
1575 336 1830 378 societatem

1091 389 1301 432 habemus
1319 404 1417 433 cum
1437 405 1501 442 eo,
1522 398 1564 434 et
1582 392 1625 432 in
1638 392 1830 434 tenebris

1006 446 1293 497 ambulamus,
1326 450 1572 498 mentimur,
1606 454 1648 490 et
1676 449 1829 491 verita-

1005 508 1094 544 tem
1112 515 1200 544 non
1218 503 1410 545 facimus.
1446 504 1490 546 Si
1510 510 1654 546 autem
1673 505 1715 545 in
1734 505 1830 547 luce

1006 559 1277 601 ambulamus
1319 561 1431 602 sicut
1472 567 1514 602 et
1554 561 1649 614 ipse
1686 567 1753 604 est
1787 562 1831 602 in

1005 615 1120 666 luce,
1158 616 1413 659 societatem
1439 617 1651 659 habemus
1683 618 1739 660 ad
1771 621 1829 659 in-

1005 673 1154 723 vicem,
1175 678 1218 715 et
1237 674 1411 725 sanguis
1426 675 1449 715 J
1454 687 1531 715 esu
1546 674 1715 726 Christi,
1734 675 1831 715 Filii

1006 730 1112 781 ejus,
1146 730 1352 772 emundat
1384 743 1464 772 nos
1495 730 1550 773 ab
1584 732 1700 772 omni
1732 745 1830 784 pec-

1006 788 1117 827 cato.
1163 786 1208 827 Si
1236 786 1471 829 dixerimus
1500 788 1705 839 quoniam
1731 801 1830 841 pec-

1005 845 1151 884 catum
1177 856 1265 884 non
1293 843 1518 894 habemus,
1546 845 1631 897 ipsi
1658 858 1738 886 nos
1767 859 1830 887 se-

1006 897 1220 949 ducimus,
1254 906 1297 942 et
1324 901 1483 943 veritas
1516 901 1559 941 in
1586 901 1713 942 nobis
1744 915 1831 943 non

1007 960 1083 996 est.
1111 956 1155 997 Si
1171 956 1456 998 confiteamur
1471 959 1653 1010 peccata
1667 964 1831 1000 nostra:

1005 1010 1147 1053 fidelis
1181 1018 1262 1063 est,
1301 1018 1344 1055 et
1375 1014 1529 1066 justus,
1561 1019 1609 1055 ut
1641 1017 1832 1056 remittat

1004 1067 1131 1109 nobis
1156 1072 1339 1122 peccata
1363 1075 1529 1120 nostra,
1558 1076 1601 1112 et
1627 1070 1832 1113 emundet

1005 1136 1086 1165 nos
1113 1124 1166 1166 ab
1194 1126 1310 1167 omni
1335 1126 1573 1178 iniquitate.
1607 1127 1651 1168 Si
1678 1126 1831 1169 dixeri-

1004 1194 1100 1222 mus
1147 1183 1352 1234 quoniam
1402 1196 1489 1224 non
1534 1184 1831 1236 peccavimus:

1004 1236 1261 1280 mendacem
1291 1239 1472 1281 facimus
1510 1253 1626 1290 eum,
1664 1246 1707 1282 et
1738 1253 1830 1282 ver-

1005 1293 1108 1335 bum
1129 1296 1218 1347 ejus
1237 1309 1325 1338 non
1344 1302 1410 1338 est
1428 1297 1471 1337 in
1490 1296 1627 1339 nobis.

1056 1367 1105 1418 R„
1146 1364 1298 1406 Omnis
1338 1365 1618 1418 pulchritudo
1655 1366 1832 1407 Domini

1005 1419 1196 1462 exaltata
1212 1427 1278 1462 est
1293 1435 1425 1474 super
1440 1422 1598 1464 sidera:
1611 1428 1630 1448 *
1651 1423 1829 1475 Species

1006 1476 1096 1527 ejus
1131 1477 1175 1517 in
1212 1477 1400 1520 nubibus
1438 1478 1553 1529 coeli,
1592 1484 1635 1521 et
1671 1492 1831 1521 nomen

1006 1533 1095 1584 ejus
1110 1533 1154 1574 in
1170 1536 1382 1575 aeternum
1396 1537 1634 1587 permanet,
1650 1535 1830 1587 alleluja.

1002 1586 1051 1638 V.
1089 1590 1130 1630 A
1163 1603 1334 1632 summo
1364 1591 1477 1633 coelo
1507 1592 1699 1642 egressio
1729 1592 1829 1644 ejus,

1005 1650 1048 1687 et
1074 1650 1283 1688 occursus
1308 1648 1397 1700 ejus
1423 1661 1560 1700 usque
1584 1648 1640 1691 ad
1660 1654 1830 1690 sumum

1004 1703 1104 1754 ejus.
1131 1704 1308 1756 Species
1327 1705 1428 1756 ejus.

1106 1781 1254 1821 Lectio
1276 1781 1328 1821 iii.
1569 1782 1670 1833 Cap.
1686 1784 1721 1822 2.

999 1845 1188 1950 Filioli
1211 1852 1309 1903 mei,
1333 1852 1428 1895 haec
1452 1853 1595 1896 scribo
1614 1854 1755 1905 vobis,
1782 1861 1828 1897 ut

1106 1921 1193 1950 non
1225 1909 1427 1962 peccetis.
1468 1909 1554 1952 Sed
1588 1915 1630 1952 et
1662 1911 1698 1952 si
1732 1912 1827 1964 quis

1003 1965 1270 2016 peccaverit,
1313 1964 1576 2008 advocatum
1617 1966 1827 2009 habemus

1003 2020 1121 2073 apud
1138 2021 1327 2072 Patrem,
1353 2022 1378 2063 J
1381 2035 1503 2064 esum
1528 2022 1746 2065 Christum
1767 2025 1825 2075 ju-

1003 2082 1134 2118 stum:
1166 2083 1209 2119 et
1240 2078 1335 2131 ipse
1369 2084 1436 2121 est
1462 2079 1716 2133 propitiatio
1744 2093 1825 2132 pro

1004 2135 1196 2186 peccatis
1227 2135 1402 2177 nostris:
1434 2149 1521 2177 non
1552 2149 1633 2189 pro
1666 2137 1825 2178 nostris

1003 2195 1148 2231 autem
1162 2196 1339 2241 tantum,
1357 2191 1435 2234 sed
1451 2192 1579 2234 etiam
1593 2205 1674 2245 pro
1690 2195 1824 2234 totius

1003 2245 1161 2288 mundi.
1189 2247 1245 2289 Et
1266 2247 1309 2288 in
1333 2247 1418 2289 hoc
1442 2248 1601 2289 scimus
1621 2249 1826 2299 quoniam

1003 2303 1286 2352 cognovimus
1310 2316 1422 2352 eum,
1447 2303 1483 2344 si
1505 2302 1710 2345 mandata
1734 2305 1824 2357 ejus

1003 2356 1298 2400 observemus.
1352 2359 1435 2409 Qui
1471 2358 1575 2400 dicit
1612 2372 1657 2401 se
1693 2373 1824 2403 nosse

1003 2425 1111 2462 eum,
1132 2419 1174 2455 et
1192 2413 1396 2456 mandeta
1411 2415 1502 2466 ejus
1520 2427 1607 2456 non
1622 2416 1823 2467 custodit,

1002 2468 1189 2510 mendax
1212 2475 1292 2519 est,
1317 2476 1359 2511 et
1380 2470 1424 2510 in
1446 2470 1531 2511 hoc
1552 2472 1713 2513 veritas
1736 2486 1822 2514 non

1002 2529 1079 2565 est.
1108 2525 1191 2575 Qui
1209 2531 1353 2567 autem
1367 2531 1512 2567 servat
1525 2527 1707 2569 verbum
1722 2530 1822 2581 ejus,

1003 2592 1103 2621 vere
1135 2581 1178 2621 in
1209 2581 1293 2622 hoc
1325 2581 1482 2622 caritas
1512 2581 1595 2623 Dei
1629 2584 1823 2636 perfecta

1002 2641 1084 2677 est:
1111 2641 1154 2677 et
1180 2637 1223 2676 in
1250 2636 1334 2677 hoc
1362 2637 1520 2678 seimus
1548 2640 1753 2690 quoniam
1778 2641 1821 2681 in

1000 2690 1098 2742 ipso
1126 2704 1285 2732 sumus.
1326 2692 1410 2742 Qui
1439 2692 1543 2735 dicit
1570 2707 1617 2736 se
1648 2696 1692 2735 in
1721 2696 1820 2748 ipso

1551 2823 1616 2857 22*
