2066 2956
243 188 335 231 [292]
589 185 599 218 l
610 188 620 216 )
627 185 634 217 i
641 197 658 218 c

690 185 735 218 17.
759 185 867 218 Febr.
916 184 1032 226 Fugio
1061 184 1100 216 Ι).
1127 184 1170 217 Χ.
1195 184 1228 217 J.
1254 185 1293 218 C.
1320 186 1357 218 in
1384 185 1604 228 iklgyptuni.

406 285 494 326 Ad
525 285 911 327 matutinum.

300 352 418 390 lnvit.
447 351 720 393 Salvaterem
739 351 976 392 Deminum
996 364 1070 392 no-

243 414 379 451 strum
407 409 431 450 J
435 421 557 450 esum
585 408 804 451 Christum
836 408 1070 459 fugientem

243 466 284 506 in
310 466 570 519 AEgyptum,
592 470 613 492 ¹⁸
641 465 802 507 Venite
828 463 1071 507 adoremus.

293 526 357 563 l's.
391 525 554 577 Venite,
574 526 852 568 exsultemus,
870 527 907 567 2.

297 589 501 640 llymnus.
537 590 702 640 Regem
721 586 1070 643 tremendae-glo-

242 645 329 686 riae.
348 652 393 686 ut
415 659 557 697 supra.
589 644 694 697 [291]

478 716 526 755 In
554 716 582 754 Ι.
613 715 834 754 Nocturno.

297 776 393 816 Ant.
424 776 607 828 Accepit
626 776 651 816 J
654 776 795 829 oseph
816 776 1003 816 Puerum
1027 779 1071 816 et

243 832 427 874 Matrem
456 833 546 884 ejus
573 838 719 882 nocte,
748 838 791 874 et
819 832 999 873 secessit
1027 832 1071 872 in

243 890 496 942 AEgyptum.
794 943 800 949 ι

294 948 353 982 I‘s.
377 949 489 983 trium
512 949 795 983 Nocturnorum
822 955 860 982 ut
884 949 919 982 in
943 949 1069 983 Festis

243 996 280 1030 Β.
307 997 352 1030 M.
380 997 421 1030 v,
450 997 541 1041 [155]

293 1049 392 1089 Ant.
428 1050 537 1091 Erat
564 1049 624 1090 ibi
652 1062 792 1101 usque
819 1049 876 1091 ad
905 1049 1072 1091 obitum

244 1105 446 1147 Herodis.

296 1163 394 1203 A.nt
422 1162 521 1204 Fuit
545 1162 759 1204 Deminus
783 1175 882 1204 cum
905 1163 929 1203 J
933 1162 1070 1215 oseph

243 1219 286 1259 in
305 1219 512 1280 AEgypto.

294 1271 344 1320 V.
382 1276 449 1316 Ex
477 1276 685 1328 AEgypto
727 1278 774 1328 R.
808 1276 978 1318 Vocavi
1004 1277 1071 1316 Fi-

243 1332 348 1373 lium
367 1345 524 1373 meum.

433 1402 497 1443 l)e
521 1401 636 1443 Osea
658 1402 892 1456 Propheta.

345 1460 529 1503 Lectio
521 1478 542 1502 l.
793 1465 825 1503 C
829 1477 894 1515 ·1p.
916 1465 964 1503 11.

249 1532 332 1588 [ἢ
349 1524 438 1566 icut
457 1537 583 1566 mane
603 1525 794 1575 transiit,
821 1527 1074 1578 pertransiit

324 1588 334 1594 ·“
366 1594 443 1622 rex
470 1581 618 1622 Israel.
655 1582 765 1632 Quia
790 1595 900 1635 puer
925 1583 1074 1632 Israel,

338 1656 339 1660 ¹
367 1643 410 1680 et
434 1637 567 1680 dilexi
592 1651 705 1680 eum:
731 1644 775 1681 et
800 1652 854 1680 ex
877 1640 1074 1692 AEgypto

245 1695 401 1737 vocavi
419 1695 576 1737 Filium
599 1708 756 1738 meum.
790 1697 945 1738 Vocav
948 1699 1075 1738 erunt

246 1763 341 1801 eos,
376 1752 438 1793 sic
472 1752 672 1794 abierunt
704 1765 730 1794 a
762 1753 872 1795 facie
906 1755 1074 1795 eerum:

246 1807 416 1849 Baalim
434 1809 735 1860 immolabant,
762 1814 807 1851 et
831 1810 1074 1852 simulacris

245 1865 562 1907 sacrificabant.
598 1866 654 1908 Et
680 1879 762 1917 ego
791 1867 915 1919 quasi
941 1869 1074 1908 nutri·

245 1921 337 1963 cius
374 1921 603 1975 Ephraim,
645 1923 880 1975 portabam
916 1936 993 1965 eos
1029 1923 1073 1964 in

245 1977 437 2020 brachiis
456 1979 579 2020 meis:
604 1984 647 2021 et
665 1980 924 2030 nescierunt,
954 1979 1074 2031 quod

246 2037 442 2077 curarem
478 2048 566 2077 eos.
619 2036 670 2076 In
702 2036 902 2078 funiculis
931 2036 1075 2078 Adam

245 2092 415 2134 traham
448 2105 540 2142 eos,
573 2092 617 2133 in
648 2093 833 2134 vinculis
866 2093 1075 2136 caritatis:

247 2154 291 2191 et
311 2162 387 2191 ero
408 2149 470 2191 eis
491 2149 616 2203 quasi
633 2150 830 2192 exaltans
845 2151 991 2202 jugum
1008 2163 1074 2192 su-

245 2218 326 2258 per
353 2206 552 2247 maxillas
581 2209 748 2248 eorum:
781 2212 825 2249 et
858 2206 1074 2249 declinavi

247 2262 304 2304 ad
323 2276 438 2313 eum,
456 2268 506 2305 ut
523 2266 784 2306 vesceretur.
810 2263 913 2306 Non
932 2277 1074 2307 rever-

246 2321 363 2361 tetur
387 2320 430 2361 in
454 2325 616 2362 terram
639 2321 838 2374 AEgypti,
868 2326 911 2363 et
934 2321 1075 2363 Assur

246 2375 342 2428 ipse
369 2389 446 2418 rex
474 2378 578 2429 ejus:
613 2378 820 2430 queniam
845 2377 1076 2421 noluerunt

249 2434 455 2474 converti.
493 2434 639 2487 Coepit
663 2434 836 2485 gladius
861 2434 903 2475 in
929 2435 1074 2476 civita-

247 2487 366 2529 tibus
407 2491 514 2541 ejus,
560 2496 603 2532 et
644 2494 873 2532 consumet
909 2491 1075 2533 electos

250 2544 355 2594 ejuS‚
376 2551 418 2587 et
438 2545 639 2589 comedet
658 2548 804 2600 capita
823 2550 985 2589 eerum.
1020 2549 1076 2590 Et

249 2601 440 2653 populus
455 2615 577 2644 meus
591 2603 801 2656 pendebit
816 2603 872 2646 ad
887 2603 1076 2646 reditum

250 2669 408 2698 meum:
452 2659 597 2710 jugum
637 2665 784 2707 autem
824 2661 1076 2714 imponetur

251 2712 312 2754 eis
333 2713 470 2764 simul,
491 2715 610 2767 quod
628 2729 716 2758 non
736 2717 965 2759 auferetur.

1180 283 1230 334 R.
1256 281 1376 323 Dicit
1401 282 1635 331 D6minus,
1663 280 1884 324 descende
1907 282 1951 322 in

1122 339 1379 392 AEgy'ptum:
1407 350 1489 389 ego
1516 337 1782 380 descendam
1805 343 1952 380 tecum

1121 394 1237 436 illuc:
1271 395 1292 417 *
1313 395 1370 436 Et
1405 406 1488 445 ego
1522 394 1624 436 inde
1657 393 1876 436 adducam
1906 399 1952 437 te

1122 453 1427 494 revertentem.
1478 447 1526 498 Y.
1557 451 1748 502 Surgens
1784 451 1953 504 Joseph

1123 509 1294 561 accepit
1330 509 1520 550 Puerum
1557 513 1601 549 et
1636 508 1823 550 Matrem
1860 509 1952 561 ejus

1122 570 1263 607 nocte.
1295 566 1352 607 Et
1371 578 1465 616 ego.

1309 641 1376 680 De
1400 639 1517 680 Isaia
1537 637 1773 691 Propheta.

1229 705 1380 746 Lectio
1402 706 1440 746 ii.
1668 707 1771 758 Cap.
1792 707 1850 747 19.

1125 763 1288 870 Ecce
1325 765 1543 807 Deminus
1579 764 1788 808 ascendet
1822 778 1955 819 super

1230 821 1392 864 nubem
1423 822 1582 872 levem,
1615 827 1659 864 et
1684 821 1955 874 ingredietur

1123 880 1383 932 AEg5ptum,
1411 884 1455 921 et
1481 879 1876 922 commovebuntur
1901 879 1954 921 si-

1123 936 1319 978 mulacra
1351 936 1537 989 AEgypti
1570 949 1595 977 a
1627 936 1737 978 facie
1766 937 1878 988 eiuS,
1911 940 1955 979 et

1124 1006 1201 1034 cor
1216 993 1401 1046 AEgypti
1419 992 1618 1035 tabescet
1631 993 1675 1034 in
1689 993 1837 1034 medio
1853 993 1955 1045 ejus.

1124 1050 1180 1091 Et
1222 1053 1485 1091 concarrere
1525 1049 1684 1091 faciam
1719 1049 1956 1103 AEgyptios

1125 1106 1335 1148 adversus
1371 1106 1623 1160 AEgyptios:
1662 1111 1707 1148 et
1741 1105 1957 1159 pugnabit

1124 1163 1189 1203 vir
1225 1167 1378 1204 contra
1415 1162 1594 1204 fratrem
1629 1175 1773 1212 suum,
1810 1166 1855 1204 et
1889 1162 1957 1204 vir

1125 1224 1279 1261 contra
1307 1221 1495 1261 amicum
1523 1233 1665 1270 suum,
1700 1219 1854 1262 civitas
1883 1218 1955 1261 ad-

1124 1278 1278 1317 versus
1294 1276 1527 1326 civitatem,
1546 1289 1729 1327 regnum
1743 1275 1956 1318 adversus

1125 1345 1319 1383 regnum.
1372 1332 1430 1374 Et
1467 1331 1742 1385 dirumpetur
1778 1331 1957 1386 spiritus

1124 1389 1310 1442 AEgypti
1327 1389 1371 1430 in
1389 1388 1631 1431 visceribus
1655 1389 1763 1442 ejus,
1788 1394 1832 1431 et
1856 1401 1955 1430 con-

1126 1445 1269 1487 silium
1297 1447 1388 1498 ejus
1417 1445 1724 1499 praecipitabo:
1757 1450 1801 1488 et
1826 1445 1957 1488 inter-

1126 1501 1346 1553 rogabunt
1361 1502 1596 1544 simulacra
1616 1516 1705 1553 sua,
1725 1507 1769 1544 et
1784 1502 1956 1544 divinos

1127 1572 1229 1601 suos
1249 1563 1293 1600 et
1311 1558 1533 1612 pythOnes
1549 1563 1592 1601 et
1607 1559 1781 1601 ariolos.
1801 1558 1859 1600 Et
1872 1563 1956 1601 tra-

1126 1616 1228 1658 dam
1255 1617 1499 1669 AEgyptum
1528 1616 1572 1657 in
1599 1629 1731 1658 manu
1760 1615 1956 1658 domino-

1126 1686 1222 1714 rum
1242 1672 1494 1723 crudelium,
1515 1678 1559 1715 et
1577 1686 1655 1715 rex
1675 1673 1800 1715 fortis
1820 1671 1956 1714 domi-

1125 1725 1301 1771 nabitur
1327 1732 1496 1780 eorum,
1523 1730 1583 1771 ait
1602 1729 1818 1771 Deminus
1836 1729 1958 1771 Deus

1127 1789 1407 1828 exercituum.

1181 1851 1227 1901 [ἦ.
1248 1848 1347 1889 Rex
1364 1840 1515 1889 noster
1535 1846 1739 1890 adveniet
1758 1846 1958 1888 Christus

1127 1908 1147 1930 *
1162 1905 1302 1955 Quem
1311 1905 1336 1945 J
1339 1907 1503 1946 oannes
1513 1903 1773 1974 praedicavit
1783 1904 1958 1956 Agnum

1127 1973 1224 2002 esse
1255 1964 1499 2003 venturum.
1552 1957 1601 2008 V.
1639 1961 1780 2014 Super
1812 1960 1957 2014 ipsum

1127 2017 1412 2060 continebunt
1430 2030 1556 2069 reges
1575 2030 1626 2059 os
1645 2030 1787 2068 suum,
1814 2016 1958 2070 ipsum

1127 2079 1279 2125 gentes
1300 2073 1666 2127 deprecabuntur.
1695 2075 1846 2124 Quem.

1230 2140 1411 2181 Lectio
1403 2141 1457 2180 1ii.
1623 2141 1725 2192 Cap.
1742 2142 1799 2181 19.
1815 2154 1849 2182 c.

1176 2223 1204 2250 n
1233 2209 1303 2251 die
1331 2209 1405 2250 illa
1432 2209 1514 2251 erit
1542 2209 1678 2251 altare
1705 2207 1883 2250 Demini
1913 2208 1958 2248 in

1194 2265 1340 2307 medio
1366 2271 1496 2308 terrae
1516 2266 1711 2319 AEgypti,
1740 2270 1784 2307 et
1807 2264 1958 2306 titulus

1128 2322 1304 2363 Demini
1336 2323 1455 2374 juxta
1487 2322 1721 2363 terminum
1753 2322 1844 2373 ejus
1877 2320 1958 2362 erit

1127 2379 1171 2419 in
1195 2379 1384 2429 signum,
1412 2383 1455 2420 et
1479 2378 1522 2419 in
1546 2378 1845 2420 testimenium
1869 2377 1956 2418 Do-

1127 2436 1245 2476 mino
1271 2437 1542 2477 exercituum
1565 2435 1610 2475 in
1628 2440 1745 2476 terra
1764 2434 1957 2486 AEgypti.

1129 2491 1389 2534 Clamabunt
1424 2492 1539 2533 enim
1575 2491 1637 2546 ad.
1663 2491 1900 2532 Dominum
1933 2504 1959 2532 a

1129 2549 1239 2590 facie
1259 2548 1525 2598 tribulantis,
1553 2553 1597 2590 et
1619 2547 1765 2589 mittet
1789 2547 1851 2589 eis
1876 2547 1956 2588 sal-

1128 2607 1326 2646 vatorem
1364 2609 1407 2646 et
1443 2605 1836 2657 propugnatorem,
1883 2603 1958 2655 qui

1128 2662 1286 2703 liberet
1303 2674 1391 2703 eos.
1419 2661 1478 2702 Et
1498 2662 1789 2711 cognoscetur
1807 2660 1956 2702 Domi-

1128 2732 1208 2759 nus
1250 2718 1305 2760 ab
1342 2719 1553 2770 AEgypto,
1599 2723 1643 2759 et
1689 2719 1958 2769 cognoscent
