<?xml version="1.0" encoding="UTF-8"?>
<!DOCTYPE html PUBLIC "-//W3C//DTD XHTML 1.0 Transitional//EN"
    "http://www.w3.org/TR/xhtml1/DTD/xhtml1-transitional.dtd">
<html xmlns="http://www.w3.org/1999/xhtml" xml:lang="en" lang="en">
 <head>
  <title>
</title>
<meta http-equiv="Content-Type" content="text/html;charset=utf-8" />
  <meta name='ocr-system' content='tesseract 3.04.00' />
  <meta name='ocr-capabilities' content='ocr_page ocr_carea ocr_par ocr_line ocrx_word'/>
</head>
<body>
  <div class='ocr_page' id='page_1' title='image "./p2breviariumroma00cathuoft_0611.png"; bbox 0 0 2066 2904; ppageno 0'>
   <div class='ocr_carea' id='block_1_1' title="bbox 0 1609 8 2049">
    <p class='ocr_par' dir='ltr' id='par_1_1' title="bbox 0 1609 8 2049">
     <span class='ocr_line' id='line_1_1' title="bbox 0 1609 8 2049; textangle 90"><span class='ocrx_word' id='word_1_1' title='bbox 0 1878 8 2049; x_wconf 51' lang='lat' dir='ltr'>,zv—v-</span> <span class='ocrx_word' id='word_1_2' title='bbox 0 1609 7 1835; x_wconf 55' lang='lat'>-—·---—</span> 
     </span>
    </p>
   </div>
   <div class='ocr_carea' id='block_1_2' title="bbox 588 152 1448 196">
    <p class='ocr_par' dir='ltr' id='par_1_2' title="bbox 588 152 1448 196">
     <span class='ocr_line' id='line_1_2' title="bbox 588 152 1448 196; baseline -0.002 -9"><span class='ocrx_word' id='word_1_3' title='bbox 588 153 798 187; x_wconf 78' lang='lat' dir='ltr'>Commune</span> <span class='ocrx_word' id='word_1_4' title='bbox 824 153 1034 196; x_wconf 73' lang='lat' dir='ltr'>Martyrum</span> <span class='ocrx_word' id='word_1_5' title='bbox 1059 156 1231 195; x_wconf 80' lang='lat' dir='ltr'>tempore</span> <span class='ocrx_word' id='word_1_6' title='bbox 1257 152 1448 186; x_wconf 76' lang='lat' dir='ltr'>Pasehuli.</span> 
     </span>
    </p>
   </div>
   <div class='ocr_carea' id='block_1_3' title="bbox 188 251 954 716">
    <p class='ocr_par' dir='ltr' id='par_1_3' title="bbox 190 251 846 476">
     <span class='ocr_line' id='line_1_3' title="bbox 190 251 787 304; baseline -0.007 -8"><span class='ocrx_word' id='word_1_7' title='bbox 190 256 253 296; x_wconf 88' lang='lat' dir='ltr'>Tu</span> <span class='ocrx_word' id='word_1_8' title='bbox 271 254 408 296; x_wconf 90' lang='lat' dir='ltr'>vincis</span> <span class='ocrx_word' id='word_1_9' title='bbox 428 254 540 295; x_wconf 90' lang='lat' dir='ltr'>inter</span> <span class='ocrx_word' id='word_1_10' title='bbox 559 251 787 304; x_wconf 80' lang='lat' dir='ltr'>Martyres,</span> 
     </span>
     <span class='ocr_line' id='line_1_4' title="bbox 235 307 846 363; baseline -0.008 -10"><span class='ocrx_word' id='word_1_11' title='bbox 235 312 474 363; x_wconf 88' lang='lat' dir='ltr'>Parcisque</span> <span class='ocrx_word' id='word_1_12' title='bbox 494 307 846 351; x_wconf 69' lang='lat' dir='ltr'>Confessuribus:</span> 
     </span>
     <span class='ocr_line' id='line_1_5' title="bbox 237 365 832 414; baseline -0.01 -4"><span class='ocrx_word' id='word_1_13' title='bbox 237 369 306 410; x_wconf 94' lang='lat' dir='ltr'>Tu</span> <span class='ocrx_word' id='word_1_14' title='bbox 324 367 450 410; x_wconf 88' lang='lat' dir='ltr'>vince</span> <span class='ocrx_word' id='word_1_15' title='bbox 471 369 623 407; x_wconf 91' lang='lat' dir='ltr'>nostra</span> <span class='ocrx_word' id='word_1_16' title='bbox 642 365 832 414; x_wconf 83' lang='lat' dir='ltr'>crimina,</span> 
     </span>
     <span class='ocr_line' id='line_1_6' title="bbox 235 421 748 476; baseline -0.008 -10"><span class='ocrx_word' id='word_1_17' title='bbox 235 425 437 476; x_wconf 82' lang='lat' dir='ltr'>Largitor</span> <span class='ocrx_word' id='word_1_18' title='bbox 455 421 748 473; x_wconf 80' lang='lat' dir='ltr'>indulgentiae.</span> 
     </span>
    </p>

    <p class='ocr_par' dir='ltr' id='par_1_4' title="bbox 188 492 954 716">
     <span class='ocr_line' id='line_1_7' title="bbox 188 492 664 544; baseline -0.011 -7"><span class='ocrx_word' id='word_1_19' title='bbox 188 497 284 537; x_wconf 92' lang='lat' dir='ltr'>Deo</span> <span class='ocrx_word' id='word_1_20' title='bbox 302 493 423 535; x_wconf 90' lang='lat' dir='ltr'>Patri</span> <span class='ocrx_word' id='word_1_21' title='bbox 442 493 498 534; x_wconf 93' lang='lat' dir='ltr'>sit</span> <span class='ocrx_word' id='word_1_22' title='bbox 514 492 664 544; x_wconf 72' lang='lat' dir='ltr'>gloria,</span> 
     </span>
     <span class='ocr_line' id='line_1_8' title="bbox 236 548 782 602; baseline -0.007 -10"><span class='ocrx_word' id='word_1_23' title='bbox 236 552 294 592; x_wconf 92' lang='lat' dir='ltr'>Et</span> <span class='ocrx_word' id='word_1_24' title='bbox 311 550 436 599; x_wconf 82' lang='lat' dir='ltr'>Filio,</span> <span class='ocrx_word' id='word_1_25' title='bbox 461 550 535 602; x_wconf 92' lang='lat' dir='ltr'>qui</span> <span class='ocrx_word' id='word_1_26' title='bbox 554 562 579 590; x_wconf 90' lang='lat' dir='ltr'>a</span> <span class='ocrx_word' id='word_1_27' title='bbox 598 548 782 590; x_wconf 71' lang='lat' dir='ltr'>murtuis</span> 
     </span>
     <span class='ocr_line' id='line_1_9' title="bbox 238 604 766 656; baseline -0.008 -7"><span class='ocrx_word' id='word_1_28' title='bbox 238 607 444 656; x_wconf 82' lang='lat' dir='ltr'>Surrexit,</span> <span class='ocrx_word' id='word_1_29' title='bbox 464 619 516 648; x_wconf 89' lang='lat' dir='ltr'>ac</span> <span class='ocrx_word' id='word_1_30' title='bbox 534 604 766 654; x_wconf 83' lang='lat' dir='ltr'>Paraclito,</span> 
     </span>
     <span class='ocr_line' id='line_1_10' title="bbox 237 660 954 716; baseline -0.007 -11"><span class='ocrx_word' id='word_1_31' title='bbox 237 665 289 705; x_wconf 94' lang='lat' dir='ltr'>In</span> <span class='ocrx_word' id='word_1_32' title='bbox 309 664 574 716; x_wconf 79' lang='lat' dir='ltr'>sempiterna</span> <span class='ocrx_word' id='word_1_33' title='bbox 593 661 765 704; x_wconf 78' lang='lat' dir='ltr'>saecula.</span> <span class='ocrx_word' id='word_1_34' title='bbox 799 660 954 702; x_wconf 91' lang='lat' dir='ltr'>Amen.</span> 
     </span>
    </p>
   </div>
   <div class='ocr_carea' id='block_1_4' title="bbox 162 726 993 1082">
    <p class='ocr_par' dir='ltr' id='par_1_5' title="bbox 162 726 991 896">
     <span class='ocr_line' id='line_1_11' title="bbox 215 726 991 785; baseline -0.012 -7"><span class='ocrx_word' id='word_1_35' title='bbox 215 726 268 778; x_wconf 67' lang='lat' dir='ltr'>V.</span> <span class='ocrx_word' id='word_1_36' title='bbox 282 733 430 776; x_wconf 85' lang='lat' dir='ltr'>Sancti</span> <span class='ocrx_word' id='word_1_37' title='bbox 449 737 493 774; x_wconf 85' lang='lat' dir='ltr'>et</span> <span class='ocrx_word' id='word_1_38' title='bbox 510 731 610 785; x_wconf 89' lang='lat' dir='ltr'>justi</span> <span class='ocrx_word' id='word_1_39' title='bbox 624 731 669 772; x_wconf 92' lang='lat' dir='ltr'>in</span> <span class='ocrx_word' id='word_1_40' title='bbox 682 730 873 774; x_wconf 73' lang='lat' dir='ltr'>Domino</span> <span class='ocrx_word' id='word_1_41' title='bbox 889 741 991 780; x_wconf 89' lang='lat' dir='ltr'>gau-</span> 
     </span>
     <span class='ocr_line' id='line_1_12' title="bbox 163 786 991 842; baseline -0.01 -8"><span class='ocrx_word' id='word_1_42' title='bbox 163 792 278 841; x_wconf 82' lang='lat' dir='ltr'>dete,</span> <span class='ocrx_word' id='word_1_43' title='bbox 303 789 484 842; x_wconf 86' lang='lat' dir='ltr'>alleluja.</span> <span class='ocrx_word' id='word_1_44' title='bbox 527 789 576 840; x_wconf 68' lang='lat' dir='ltr'>R.</span> <span class='ocrx_word' id='word_1_45' title='bbox 592 788 688 830; x_wconf 91' lang='lat' dir='ltr'>Vos</span> <span class='ocrx_word' id='word_1_46' title='bbox 714 787 846 838; x_wconf 78' lang='lat' dir='ltr'>elegit</span> <span class='ocrx_word' id='word_1_47' title='bbox 868 786 991 827; x_wconf 89' lang='lat' dir='ltr'>Deus</span> 
     </span>
     <span class='ocr_line' id='line_1_13' title="bbox 162 843 841 896; baseline -0.007 -7"><span class='ocrx_word' id='word_1_48' title='bbox 162 849 206 889; x_wconf 91' lang='lat' dir='ltr'>in</span> <span class='ocrx_word' id='word_1_49' title='bbox 223 846 528 889; x_wconf 71' lang='lat' dir='ltr'>haereditatem·</span> <span class='ocrx_word' id='word_1_50' title='bbox 547 844 639 896; x_wconf 89' lang='lat' dir='ltr'>sibi,</span> <span class='ocrx_word' id='word_1_51' title='bbox 659 843 841 895; x_wconf 85' lang='lat' dir='ltr'>alleluja.</span> 
     </span>
    </p>

    <p class='ocr_par' dir='ltr' id='par_1_6' title="bbox 162 914 993 1082">
     <span class='ocr_line' id='line_1_14' title="bbox 216 914 992 966; baseline -0.003 -11"><span class='ocrx_word' id='word_1_52' title='bbox 216 914 286 955; x_wconf 86' lang='lat' dir='ltr'>Ad</span> <span class='ocrx_word' id='word_1_53' title='bbox 311 914 483 965; x_wconf 82' lang='lat' dir='ltr'>Magnis.</span> <span class='ocrx_word' id='word_1_54' title='bbox 523 915 622 955; x_wconf 77' lang='lat' dir='ltr'>Ant.</span> <span class='ocrx_word' id='word_1_55' title='bbox 661 914 754 955; x_wconf 84' lang='lat' dir='ltr'>Lux</span> <span class='ocrx_word' id='word_1_56' title='bbox 777 914 992 966; x_wconf 81' lang='lat' dir='ltr'>perpetua</span> 
     </span>
     <span class='ocr_line' id='line_1_15' title="bbox 162 970 993 1020; baseline -0.007 -4"><span class='ocrx_word' id='word_1_57' title='bbox 162 975 187 1001; x_wconf 85' lang='grc'>*</span> <span class='ocrx_word' id='word_1_58' title='bbox 213 972 377 1015; x_wconf 80' lang='lat' dir='ltr'>lucebit</span> <span class='ocrx_word' id='word_1_59' title='bbox 404 972 566 1014; x_wconf 91' lang='lat' dir='ltr'>sanctis</span> <span class='ocrx_word' id='word_1_60' title='bbox 593 971 679 1013; x_wconf 90' lang='lat' dir='ltr'>tuis</span> <span class='ocrx_word' id='word_1_61' title='bbox 706 970 912 1020; x_wconf 71' lang='lat' dir='ltr'>Domine,</span> <span class='ocrx_word' id='word_1_62' title='bbox 949 974 993 1011; x_wconf 92' lang='lat' dir='ltr'>et</span> 
     </span>
     <span class='ocr_line' id='line_1_16' title="bbox 164 1026 865 1082; baseline -0.007 -10"><span class='ocrx_word' id='word_1_63' title='bbox 164 1030 385 1072; x_wconf 77' lang='lat' dir='ltr'>aeternitas</span> <span class='ocrx_word' id='word_1_64' title='bbox 403 1031 664 1082; x_wconf 80' lang='lat' dir='ltr'>temporum,</span> <span class='ocrx_word' id='word_1_65' title='bbox 683 1026 865 1079; x_wconf 85' lang='lat' dir='ltr'>alleluja.</span> 
     </span>
    </p>
   </div>
   <div class='ocr_carea' id='block_1_5' title="bbox 217 1094 1113 1145">
    <p class='ocr_par' dir='ltr' id='par_1_7' title="bbox 217 1094 1113 1145">
     <span class='ocr_line' id='line_1_17' title="bbox 217 1094 1113 1145; baseline -0.001 -16"><span class='ocrx_word' id='word_1_66' title='bbox 217 1094 365 1137; x_wconf 81' lang='lat' dir='ltr'>Oratio,</span> <span class='ocrx_word' id='word_1_67' title='bbox 391 1095 422 1128; x_wconf 86' lang='lat' dir='ltr'>si</span> <span class='ocrx_word' id='word_1_68' title='bbox 447 1104 523 1129; x_wconf 89' lang='lat' dir='ltr'>non</span> <span class='ocrx_word' id='word_1_69' title='bbox 550 1094 653 1128; x_wconf 78' lang='lat' dir='ltr'>adsit</span> <span class='ocrx_word' id='word_1_70' title='bbox 677 1095 851 1138; x_wconf 84' lang='lat' dir='ltr'>propria,</span> <span class='ocrx_word' id='word_1_71' title='bbox 877 1096 991 1129; x_wconf 85' lang='lat' dir='ltr'>sumi·</span> <span class='ocrx_word' id='word_1_72' title='bbox 1053 1130 1060 1134; x_wconf 25' lang='grc' dir='ltr'><strong><em>ἐ</em></strong></span> <span class='ocrx_word' id='word_1_73' title='bbox 1084 1108 1113 1145; x_wconf 47' lang='lat'>52</span> 
     </span>
    </p>
   </div>
   <div class='ocr_carea' id='block_1_6' title="bbox 162 1142 991 1236">
    <p class='ocr_par' dir='ltr' id='par_1_8' title="bbox 162 1142 991 1236">
     <span class='ocr_line' id='line_1_18' title="bbox 162 1142 991 1186; baseline -0.001 -8"><span class='ocrx_word' id='word_1_74' title='bbox 162 1148 223 1178; x_wconf 89' lang='lat' dir='ltr'>tur</span> <span class='ocrx_word' id='word_1_75' title='bbox 240 1143 287 1177; x_wconf 90' lang='lat' dir='ltr'>de</span> <span class='ocrx_word' id='word_1_76' title='bbox 305 1142 507 1177; x_wconf 86' lang='lat' dir='ltr'>Communi</span> <span class='ocrx_word' id='word_1_77' title='bbox 527 1143 641 1177; x_wconf 83' lang='lat' dir='ltr'>unius</span> <span class='ocrx_word' id='word_1_78' title='bbox 659 1143 720 1177; x_wconf 84' lang='lat' dir='ltr'>vel</span> <span class='ocrx_word' id='word_1_79' title='bbox 737 1143 991 1186; x_wconf 87' lang='lat' dir='ltr'>plurimorum</span> 
     </span>
     <span class='ocr_line' id='line_1_19' title="bbox 162 1191 898 1236; baseline -0.001 -10"><span class='ocrx_word' id='word_1_80' title='bbox 162 1192 373 1235; x_wconf 78' lang='lat' dir='ltr'><strong>Martyrum</strong></span> <span class='ocrx_word' id='word_1_81' title='bbox 397 1196 505 1226; x_wconf 76' lang='lat' dir='ltr'>extra</span> <span class='ocrx_word' id='word_1_82' title='bbox 526 1197 678 1236; x_wconf 85' lang='lat' dir='ltr'>tempus</span> <span class='ocrx_word' id='word_1_83' title='bbox 699 1191 898 1226; x_wconf 83' lang='lat' dir='ltr'>Paschale.</span> 
     </span>
    </p>
   </div>
   <div class='ocr_carea' id='block_1_7' title="bbox 328 1271 831 1313">
    <p class='ocr_par' dir='ltr' id='par_1_9' title="bbox 328 1271 831 1313">
     <span class='ocr_line' id='line_1_20' title="bbox 328 1271 831 1313; baseline -0.002 0"><span class='ocrx_word' id='word_1_84' title='bbox 328 1272 415 1313; x_wconf 84' lang='lat' dir='ltr'>Ad</span> <span class='ocrx_word' id='word_1_85' title='bbox 441 1271 831 1313; x_wconf 72' lang='lat' dir='ltr'>Mat-utinum.</span> 
     </span>
    </p>
   </div>
   <div class='ocr_carea' id='block_1_8' title="bbox 167 1346 995 1635">
    <p class='ocr_par' dir='ltr' id='par_1_10' title="bbox 167 1346 993 1457">
     <span class='ocr_line' id='line_1_21' title="bbox 215 1346 993 1389; baseline -0.003 -2"><span class='ocrx_word' id='word_1_86' title='bbox 215 1347 339 1388; x_wconf 86' lang='lat' dir='ltr'>Invit.</span> <span class='ocrx_word' id='word_1_87' title='bbox 367 1347 599 1389; x_wconf 86' lang='lat' dir='ltr'>Exsultent</span> <span class='ocrx_word' id='word_1_88' title='bbox 620 1347 664 1387; x_wconf 93' lang='lat' dir='ltr'>in</span> <span class='ocrx_word' id='word_1_89' title='bbox 683 1346 873 1387; x_wconf 69' lang='lat' dir='ltr'>Dumino</span> <span class='ocrx_word' id='word_1_90' title='bbox 900 1358 993 1386; x_wconf 91' lang='lat' dir='ltr'>san-</span> 
     </span>
     <span class='ocr_line' id='line_1_22' title="bbox 167 1404 495 1457; baseline -0.009 -9"><span class='ocrx_word' id='word_1_91' title='bbox 167 1407 236 1456; x_wconf 89' lang='lat' dir='ltr'>cti,</span> <span class='ocrx_word' id='word_1_92' title='bbox 252 1406 275 1429; x_wconf 89' lang='lat'>*</span> <span class='ocrx_word' id='word_1_93' title='bbox 298 1404 495 1457; x_wconf 90' lang='lat' dir='ltr'>Alleluja.</span> 
     </span>
    </p>

    <p class='ocr_par' dir='ltr' id='par_1_11' title="bbox 215 1465 830 1515">
     <span class='ocr_line' id='line_1_23' title="bbox 215 1465 830 1515; baseline -0.003 -9"><span class='ocrx_word' id='word_1_94' title='bbox 215 1466 284 1506; x_wconf 91' lang='lat' dir='ltr'>Ps.</span> <span class='ocrx_word' id='word_1_95' title='bbox 315 1466 480 1515; x_wconf 87' lang='lat' dir='ltr'>Venite,</span> <span class='ocrx_word' id='word_1_96' title='bbox 499 1465 777 1507; x_wconf 79' lang='lat' dir='ltr'>exsultemus.</span> <span class='ocrx_word' id='word_1_97' title='bbox 794 1465 830 1505; x_wconf 86' lang='lat'>2.</span> 
     </span>
    </p>

    <p class='ocr_par' dir='ltr' id='par_1_12' title="bbox 215 1526 848 1579">
     <span class='ocr_line' id='line_1_24' title="bbox 215 1526 848 1579; baseline -0.003 -12"><span class='ocrx_word' id='word_1_98' title='bbox 215 1528 416 1579; x_wconf 81' lang='lat' dir='ltr'>Hymnus</span> <span class='ocrx_word' id='word_1_99' title='bbox 436 1540 517 1579; x_wconf 89' lang='lat' dir='ltr'>pro</span> <span class='ocrx_word' id='word_1_100' title='bbox 539 1539 624 1567; x_wconf 88' lang='lat' dir='ltr'>uno</span> <span class='ocrx_word' id='word_1_101' title='bbox 646 1526 848 1578; x_wconf 83' lang='lat' dir='ltr'>Martyre.</span> 
     </span>
    </p>

    <p class='ocr_par' dir='ltr' id='par_1_13' title="bbox 220 1583 995 1635">
     <span class='ocr_line' id='line_1_25' title="bbox 220 1583 995 1635; baseline -0.003 -11"><span class='ocrx_word' id='word_1_102' title='bbox 220 1584 339 1627; x_wconf 92' lang='lat' dir='ltr'>Deus</span> <span class='ocrx_word' id='word_1_103' title='bbox 363 1586 539 1626; x_wconf 82' lang='lat' dir='ltr'>tu6rum</span> <span class='ocrx_word' id='word_1_104' title='bbox 562 1583 757 1625; x_wconf 87' lang='lat' dir='ltr'>militum.</span> <span class='ocrx_word' id='word_1_105' title='bbox 781 1588 828 1623; x_wconf 84' lang='lat' dir='ltr'>ut</span> <span class='ocrx_word' id='word_1_106' title='bbox 852 1595 995 1635; x_wconf 84' lang='lat' dir='ltr'>supra.</span> 
     </span>
    </p>
   </div>
   <div class='ocr_carea' id='block_1_9' title="bbox 276 1661 885 1778">
    <p class='ocr_par' dir='ltr' id='par_1_14' title="bbox 276 1661 885 1778">
     <span class='ocr_line' id='line_1_26' title="bbox 276 1661 885 1714; baseline 0 -12"><span class='ocrx_word' id='word_1_107' title='bbox 276 1662 363 1702; x_wconf 89' lang='lat' dir='ltr'>Pro</span> <span class='ocrx_word' id='word_1_108' title='bbox 387 1661 584 1714; x_wconf 88' lang='lat' dir='ltr'>pluribus</span> <span class='ocrx_word' id='word_1_109' title='bbox 608 1661 885 1713; x_wconf 88' lang='lat' dir='ltr'>Martyribus.</span> 
     </span>
     <span class='ocr_line' id='line_1_27' title="bbox 472 1727 683 1778; baseline 0.005 -11"><span class='ocrx_word' id='word_1_110' title='bbox 472 1727 683 1778; x_wconf 85' lang='lat' dir='ltr'>Hymnus.</span> 
     </span>
    </p>
   </div>
   <div class='ocr_carea' id='block_1_10' title="bbox 243 1797 936 2022">
    <p class='ocr_par' dir='ltr' id='par_1_15' title="bbox 264 1797 936 1852">
     <span class='ocr_line' id='line_1_28' title="bbox 264 1797 936 1852; baseline -0.006 -11"><span class='ocrx_word' id='word_1_111' title='bbox 264 1800 403 1841; x_wconf 85' lang='lat' dir='ltr'>hristo</span> <span class='ocrx_word' id='word_1_112' title='bbox 422 1798 652 1852; x_wconf 87' lang='lat' dir='ltr'>profusum</span> <span class='ocrx_word' id='word_1_113' title='bbox 670 1797 936 1849; x_wconf 76' lang='lat' dir='ltr'>sanguinem,</span> 
     </span>
    </p>

    <p class='ocr_par' dir='ltr' id='par_1_16' title="bbox 243 1854 871 2022">
     <span class='ocr_line' id='line_1_29' title="bbox 282 1854 836 1908; baseline -0.005 -10"><span class='ocrx_word' id='word_1_114' title='bbox 282 1858 340 1898; x_wconf 92' lang='lat' dir='ltr'>Et</span> <span class='ocrx_word' id='word_1_115' title='bbox 357 1856 599 1908; x_wconf 58' lang='lat' dir='ltr'>Martyrum</span> <span class='ocrx_word' id='word_1_116' title='bbox 618 1854 836 1903; x_wconf 71' lang='lat' dir='ltr'>victdrias‚</span> 
     </span>
     <span class='ocr_line' id='line_1_30' title="bbox 245 1911 871 1966; baseline -0.008 -10"><span class='ocrx_word' id='word_1_117' title='bbox 245 1915 523 1966; x_wconf 71' lang='lat' dir='ltr'>Dignamque</span> <span class='ocrx_word' id='word_1_118' title='bbox 543 1911 656 1954; x_wconf 90' lang='lat' dir='ltr'>coelo</span> <span class='ocrx_word' id='word_1_119' title='bbox 676 1911 871 1952; x_wconf 87' lang='lat' dir='ltr'>lauream</span> 
     </span>
     <span class='ocr_line' id='line_1_31' title="bbox 243 1967 849 2022; baseline -0.008 -9"><span class='ocrx_word' id='word_1_120' title='bbox 243 1971 380 2012; x_wconf 88' lang='lat' dir='ltr'>Laetis</span> <span class='ocrx_word' id='word_1_121' title='bbox 400 1971 635 2022; x_wconf 72' lang='lat' dir='ltr'>sequamur</span> <span class='ocrx_word' id='word_1_122' title='bbox 654 1967 849 2010; x_wconf 71' lang='lat' dir='ltr'>vdcibus.</span> 
     </span>
    </p>
   </div>
   <div class='ocr_carea' id='block_1_11' title="bbox 198 2037 895 2262">
    <p class='ocr_par' dir='ltr' id='par_1_17' title="bbox 198 2037 895 2262">
     <span class='ocr_line' id='line_1_32' title="bbox 198 2037 700 2087; baseline -0.004 -7"><span class='ocrx_word' id='word_1_123' title='bbox 198 2040 385 2082; x_wconf 75' lang='lat' dir='ltr'>Terrure</span> <span class='ocrx_word' id='word_1_124' title='bbox 403 2039 521 2080; x_wconf 90' lang='lat' dir='ltr'>victo</span> <span class='ocrx_word' id='word_1_125' title='bbox 540 2037 700 2087; x_wconf 71' lang='lat' dir='ltr'>saeculi,</span> 
     </span>
     <span class='ocr_line' id='line_1_33' title="bbox 244 2094 895 2149; baseline -0.006 -11"><span class='ocrx_word' id='word_1_126' title='bbox 244 2097 482 2149; x_wconf 85' lang='lat' dir='ltr'>Poenisque</span> <span class='ocrx_word' id='word_1_127' title='bbox 502 2095 662 2148; x_wconf 89' lang='lat' dir='ltr'>spretis</span> <span class='ocrx_word' id='word_1_128' title='bbox 684 2094 895 2147; x_wconf 70' lang='lat' dir='ltr'>corporis,</span> 
     </span>
     <span class='ocr_line' id='line_1_34' title="bbox 245 2150 841 2204; baseline -0.005 -9"><span class='ocrx_word' id='word_1_129' title='bbox 245 2153 401 2195; x_wconf 89' lang='lat' dir='ltr'>Mortis</span> <span class='ocrx_word' id='word_1_130' title='bbox 421 2165 559 2194; x_wconf 89' lang='lat' dir='ltr'>sacrae</span> <span class='ocrx_word' id='word_1_131' title='bbox 579 2150 841 2204; x_wconf 79' lang='lat' dir='ltr'>compendio</span> 
     </span>
     <span class='ocr_line' id='line_1_35' title="bbox 246 2207 850 2262; baseline -0.005 -11"><span class='ocrx_word' id='word_1_132' title='bbox 246 2210 396 2252; x_wconf 86' lang='lat' dir='ltr'>Vitam</span> <span class='ocrx_word' id='word_1_133' title='bbox 414 2209 590 2251; x_wconf 81' lang='lat' dir='ltr'>beatam</span> <span class='ocrx_word' id='word_1_134' title='bbox 609 2207 850 2262; x_wconf 68' lang='lat' dir='ltr'>possident.</span> 
     </span>
    </p>
   </div>
   <div class='ocr_carea' id='block_1_12' title="bbox 196 2277 799 2490">
    <p class='ocr_par' dir='ltr' id='par_1_18' title="bbox 196 2277 799 2490">
     <span class='ocr_line' id='line_1_36' title="bbox 196 2277 799 2329; baseline 0 -11"><span class='ocrx_word' id='word_1_135' title='bbox 196 2278 447 2321; x_wconf 75' lang='lat' dir='ltr'>Traduntur</span> <span class='ocrx_word' id='word_1_136' title='bbox 466 2278 554 2329; x_wconf 87' lang='lat' dir='ltr'>igni</span> <span class='ocrx_word' id='word_1_137' title='bbox 573 2277 799 2329; x_wconf 78' lang='lat' dir='ltr'>Martyres,</span> 
     </span>
     <span class='ocr_line' id='line_1_37' title="bbox 246 2333 798 2378; baseline -0.007 0"><span class='ocrx_word' id='word_1_138' title='bbox 246 2336 304 2377; x_wconf 90' lang='lat' dir='ltr'>Et</span> <span class='ocrx_word' id='word_1_139' title='bbox 321 2335 562 2378; x_wconf 80' lang='lat' dir='ltr'>bestiarum</span> <span class='ocrx_word' id='word_1_140' title='bbox 581 2333 798 2376; x_wconf 76' lang='lat' dir='ltr'>dentibus:</span> 
     </span>
     <span class='ocr_line' id='line_1_38' title="bbox 247 2390 768 2442; baseline -0.004 -9"><span class='ocrx_word' id='word_1_141' title='bbox 247 2393 430 2434; x_wconf 80' lang='lat' dir='ltr'>Armata</span> <span class='ocrx_word' id='word_1_142' title='bbox 451 2391 577 2433; x_wconf 89' lang='lat' dir='ltr'>saevit</span> <span class='ocrx_word' id='word_1_143' title='bbox 595 2390 768 2442; x_wconf 88' lang='lat' dir='ltr'>ungulis</span> 
     </span>
     <span class='ocr_line' id='line_1_39' title="bbox 247 2448 791 2490; baseline -0.006 0"><span class='ocrx_word' id='word_1_144' title='bbox 247 2449 450 2490; x_wconf 73' lang='lat' dir='ltr'>Tortdris</span> <span class='ocrx_word' id='word_1_145' title='bbox 468 2448 608 2489; x_wconf 79' lang='lat' dir='ltr'>insani</span> <span class='ocrx_word' id='word_1_146' title='bbox 626 2460 791 2488; x_wconf 88' lang='lat' dir='ltr'>manus.</span> 
     </span>
    </p>
   </div>
   <div class='ocr_carea' id='block_1_13' title="bbox 200 2517 878 2740">
    <p class='ocr_par' dir='ltr' id='par_1_19' title="bbox 200 2517 878 2740">
     <span class='ocr_line' id='line_1_40' title="bbox 200 2517 786 2571; baseline 0 -13"><span class='ocrx_word' id='word_1_147' title='bbox 200 2517 372 2560; x_wconf 78' lang='lat' dir='ltr'>Nudata</span> <span class='ocrx_word' id='word_1_148' title='bbox 388 2518 584 2571; x_wconf 89' lang='lat' dir='ltr'>pendent</span> <span class='ocrx_word' id='word_1_149' title='bbox 602 2519 786 2559; x_wconf 85' lang='lat' dir='ltr'>viscera:</span> 
     </span>
     <span class='ocr_line' id='line_1_41' title="bbox 247 2573 878 2626; baseline -0.005 -10"><span class='ocrx_word' id='word_1_150' title='bbox 247 2575 431 2626; x_wconf 85' lang='lat' dir='ltr'>Sanguis</span> <span class='ocrx_word' id='word_1_151' title='bbox 450 2576 649 2616; x_wconf 79' lang='lat' dir='ltr'>sacratus</span> <span class='ocrx_word' id='word_1_152' title='bbox 669 2573 878 2615; x_wconf 90' lang='lat' dir='ltr'>funditur:</span> 
     </span>
     <span class='ocr_line' id='line_1_42' title="bbox 247 2629 873 2684; baseline -0.003 -12"><span class='ocrx_word' id='word_1_153' title='bbox 247 2631 335 2673; x_wconf 86' lang='lat' dir='ltr'>Sed</span> <span class='ocrx_word' id='word_1_154' title='bbox 352 2633 610 2684; x_wconf 83' lang='lat' dir='ltr'>permanent</span> <span class='ocrx_word' id='word_1_155' title='bbox 628 2629 873 2672; x_wconf 66' lang='lat' dir='ltr'>immobiles</span> 
     </span>
     <span class='ocr_line' id='line_1_43' title="bbox 249 2687 755 2740; baseline -0.002 -12"><span class='ocrx_word' id='word_1_156' title='bbox 249 2687 366 2728; x_wconf 85' lang='lat' dir='ltr'>Vitae</span> <span class='ocrx_word' id='word_1_157' title='bbox 382 2687 587 2740; x_wconf 78' lang='lat' dir='ltr'>perennis</span> <span class='ocrx_word' id='word_1_158' title='bbox 605 2687 755 2738; x_wconf 82' lang='lat' dir='ltr'>gratia.</span> 
     </span>
    </p>
   </div>
   <div class='ocr_carea' id='block_1_14' title="bbox 1072 248 1841 472">
    <p class='ocr_par' dir='ltr' id='par_1_20' title="bbox 1072 248 1841 472">
     <span class='ocr_line' id='line_1_44' title="bbox 1072 248 1841 302; baseline -0.001 -12"><span class='ocrx_word' id='word_1_159' title='bbox 1072 249 1132 291; x_wconf 93' lang='lat' dir='ltr'>Te</span> <span class='ocrx_word' id='word_1_160' title='bbox 1151 261 1267 291; x_wconf 88' lang='lat' dir='ltr'>nunc</span> <span class='ocrx_word' id='word_1_161' title='bbox 1284 248 1559 302; x_wconf 80' lang='lat' dir='ltr'>Redemptor</span> <span class='ocrx_word' id='word_1_162' title='bbox 1579 251 1841 301; x_wconf 77' lang='lat' dir='ltr'>quaesumus,</span> 
     </span>
     <span class='ocr_line' id='line_1_45' title="bbox 1117 306 1683 358; baseline -0.002 -10"><span class='ocrx_word' id='word_1_163' title='bbox 1117 306 1178 348; x_wconf 86' lang='lat' dir='ltr'>Ut</span> <span class='ocrx_word' id='word_1_164' title='bbox 1195 306 1439 358; x_wconf 79' lang='lat' dir='ltr'>Martyrum</span> <span class='ocrx_word' id='word_1_165' title='bbox 1458 306 1683 347; x_wconf 68' lang='lat' dir='ltr'>consortio</span> 
     </span>
     <span class='ocr_line' id='line_1_46' title="bbox 1119 362 1755 415; baseline -0.003 -11"><span class='ocrx_word' id='word_1_166' title='bbox 1119 363 1143 404; x_wconf 92' lang='lat' dir='ltr'><strong>J</strong></span> <span class='ocrx_word' id='word_1_167' title='bbox 1145 375 1284 414; x_wconf 87' lang='lat' dir='ltr'>ungas</span> <span class='ocrx_word' id='word_1_168' title='bbox 1303 365 1536 415; x_wconf 78' lang='lat' dir='ltr'>precantes</span> <span class='ocrx_word' id='word_1_169' title='bbox 1557 362 1755 404; x_wconf 83' lang='lat' dir='ltr'>servulos</span> 
     </span>
     <span class='ocr_line' id='line_1_47' title="bbox 1119 419 1831 472; baseline -0.003 -12"><span class='ocrx_word' id='word_1_170' title='bbox 1119 420 1171 460; x_wconf 92' lang='lat' dir='ltr'>In</span> <span class='ocrx_word' id='word_1_171' title='bbox 1192 419 1457 472; x_wconf 75' lang='lat' dir='ltr'>sempiterna</span> <span class='ocrx_word' id='word_1_172' title='bbox 1478 419 1649 461; x_wconf 78' lang='lat' dir='ltr'>saecula.</span> <span class='ocrx_word' id='word_1_173' title='bbox 1678 419 1831 460; x_wconf 90' lang='lat' dir='ltr'>Amen.</span> 
     </span>
    </p>
   </div>
   <div class='ocr_carea' id='block_1_15' title="bbox 1047 491 1879 585">
    <p class='ocr_par' dir='ltr' id='par_1_21' title="bbox 1047 491 1879 585">
     <span class='ocr_line' id='line_1_48' title="bbox 1102 491 1879 535; baseline -0.003 -9"><span class='ocrx_word' id='word_1_174' title='bbox 1102 492 1165 527; x_wconf 88' lang='lat' dir='ltr'>Sic</span> <span class='ocrx_word' id='word_1_175' title='bbox 1182 501 1335 535; x_wconf 82' lang='lat' dir='ltr'>semper</span> <span class='ocrx_word' id='word_1_176' title='bbox 1348 491 1614 525; x_wconf 72' lang='lat' dir='ltr'>terminandus</span> <span class='ocrx_word' id='word_1_177' title='bbox 1630 496 1687 525; x_wconf 78' lang='lat' dir='ltr'>est</span> <span class='ocrx_word' id='word_1_178' title='bbox 1703 492 1879 535; x_wconf 71' lang='lat' dir='ltr'>Hymnus</span> 
     </span>
     <span class='ocr_line' id='line_1_49' title="bbox 1047 541 1269 585; baseline -0.005 -10"><span class='ocrx_word' id='word_1_179' title='bbox 1047 541 1269 585; x_wconf 70' lang='lat' dir='ltr'>praedictus.</span> 
     </span>
    </p>
   </div>
   <div class='ocr_carea' id='block_1_16' title="bbox 1290 600 1639 640">
    <p class='ocr_par' dir='ltr' id='par_1_22' title="bbox 1290 600 1639 640">
     <span class='ocr_line' id='line_1_50' title="bbox 1290 600 1639 640; baseline -0.003 0"><span class='ocrx_word' id='word_1_180' title='bbox 1290 601 1339 640; x_wconf 88' lang='lat' dir='ltr'>In</span> <span class='ocrx_word' id='word_1_181' title='bbox 1362 600 1391 640; x_wconf 95' lang='lat' dir='ltr'>I.</span> <span class='ocrx_word' id='word_1_182' title='bbox 1416 600 1639 640; x_wconf 77' lang='lat' dir='ltr'>Nocturno.</span> 
     </span>
    </p>
   </div>
   <div class='ocr_carea' id='block_1_17' title="bbox 1043 670 1882 1072">
    <p class='ocr_par' dir='ltr' id='par_1_23' title="bbox 1043 670 1877 839">
     <span class='ocr_line' id='line_1_51' title="bbox 1103 670 1877 724; baseline 0.001 -13"><span class='ocrx_word' id='word_1_183' title='bbox 1103 670 1201 711; x_wconf 90' lang='lat' dir='ltr'>Ant.</span> <span class='ocrx_word' id='word_1_184' title='bbox 1239 671 1421 715; x_wconf 84' lang='lat' dir='ltr'>Stabunt</span> <span class='ocrx_word' id='word_1_185' title='bbox 1456 672 1555 724; x_wconf 92' lang='lat' dir='ltr'>justi</span> <span class='ocrx_word' id='word_1_186' title='bbox 1587 672 1611 698; x_wconf 84' lang='lat'>*</span> <span class='ocrx_word' id='word_1_187' title='bbox 1638 673 1681 713; x_wconf 91' lang='lat' dir='ltr'>in</span> <span class='ocrx_word' id='word_1_188' title='bbox 1718 685 1877 723; x_wconf 89' lang='lat' dir='ltr'>magna</span> 
     </span>
     <span class='ocr_line' id='line_1_52' title="bbox 1045 729 1876 781; baseline -0.004 -9"><span class='ocrx_word' id='word_1_189' title='bbox 1045 730 1293 772; x_wconf 81' lang='lat' dir='ltr'>constantia</span> <span class='ocrx_word' id='word_1_190' title='bbox 1309 729 1521 771; x_wconf 77' lang='lat' dir='ltr'>adversus</span> <span class='ocrx_word' id='word_1_191' title='bbox 1537 742 1625 779; x_wconf 89' lang='lat' dir='ltr'>eos,</span> <span class='ocrx_word' id='word_1_192' title='bbox 1647 729 1721 781; x_wconf 90' lang='lat' dir='ltr'>qui</span> <span class='ocrx_word' id='word_1_193' title='bbox 1741 742 1788 770; x_wconf 92' lang='lat' dir='ltr'>se</span> <span class='ocrx_word' id='word_1_194' title='bbox 1806 741 1876 769; x_wconf 88' lang='lat' dir='ltr'>an-</span> 
     </span>
     <span class='ocr_line' id='line_1_53' title="bbox 1043 785 1558 839; baseline -0.004 -10"><span class='ocrx_word' id='word_1_195' title='bbox 1043 787 1356 839; x_wconf 77' lang='lat' dir='ltr'>gustiaverunt,</span> <span class='ocrx_word' id='word_1_196' title='bbox 1376 785 1558 838; x_wconf 84' lang='lat' dir='ltr'>alleluja.</span> 
     </span>
    </p>

    <p class='ocr_par' dir='ltr' id='par_1_24' title="bbox 1050 855 1882 947">
     <span class='ocr_line' id='line_1_54' title="bbox 1101 855 1882 899; baseline -0.005 -7"><span class='ocrx_word' id='word_1_197' title='bbox 1101 858 1180 892; x_wconf 82' lang='lat' dir='ltr'>Sub</span> <span class='ocrx_word' id='word_1_198' title='bbox 1216 868 1291 891; x_wconf 72' lang='lat' dir='ltr'>unu</span> <span class='ocrx_word' id='word_1_199' title='bbox 1326 861 1473 891; x_wconf 78' lang='lat' dir='ltr'>tantum</span> <span class='ocrx_word' id='word_1_200' title='bbox 1507 856 1666 899; x_wconf 75' lang='lat' dir='ltr'>Antiph.</span> <span class='ocrx_word' id='word_1_201' title='bbox 1703 855 1882 889; x_wconf 76' lang='lat' dir='ltr'>dicuntur</span> 
     </span>
     <span class='ocr_line' id='line_1_55' title="bbox 1050 904 1650 947; baseline -0.007 -6"><span class='ocrx_word' id='word_1_202' title='bbox 1050 906 1193 941; x_wconf 72' lang='lat' dir='ltr'>Psalmi</span> <span class='ocrx_word' id='word_1_203' title='bbox 1220 905 1425 947; x_wconf 80' lang='lat' dir='ltr'>cujuslibet</span> <span class='ocrx_word' id='word_1_204' title='bbox 1452 904 1650 938; x_wconf 73' lang='lat' dir='ltr'>Nocturni,</span> 
     </span>
    </p>

    <p class='ocr_par' dir='ltr' id='par_1_25' title="bbox 1050 965 1881 1072">
     <span class='ocr_line' id='line_1_56' title="bbox 1050 965 1881 1019; baseline -0.004 -11"><span class='ocrx_word' id='word_1_205' title='bbox 1050 967 1210 1008; x_wconf 82' lang='lat' dir='ltr'>Psalmi</span> <span class='ocrx_word' id='word_1_206' title='bbox 1236 979 1317 1019; x_wconf 86' lang='lat' dir='ltr'>pro</span> <span class='ocrx_word' id='word_1_207' title='bbox 1348 979 1434 1006; x_wconf 85' lang='lat' dir='ltr'>uno</span> <span class='ocrx_word' id='word_1_208' title='bbox 1466 971 1508 1006; x_wconf 82' lang='lat' dir='ltr'>ct</span> <span class='ocrx_word' id='word_1_209' title='bbox 1534 965 1731 1018; x_wconf 88' lang='lat' dir='ltr'>pluribus</span> <span class='ocrx_word' id='word_1_210' title='bbox 1756 966 1881 1006; x_wconf 79' lang='lat' dir='ltr'>Mart.</span> 
     </span>
     <span class='ocr_line' id='line_1_57' title="bbox 1334 1031 1590 1072; baseline -0.004 -1"><span class='ocrx_word' id='word_1_211' title='bbox 1334 1031 1532 1072; x_wconf 81' lang='lat' dir='ltr'>Psalmus</span> <span class='ocrx_word' id='word_1_212' title='bbox 1562 1032 1590 1070; x_wconf 94' lang='lat'>1.</span> 
     </span>
    </p>
   </div>
   <div class='ocr_carea' id='block_1_18' title="bbox 1057 1093 1880 1205">
    <p class='ocr_par' dir='ltr' id='par_1_26' title="bbox 1057 1093 1880 1205">
     <span class='ocr_line' id='line_1_58' title="bbox 1057 1093 1879 1151; baseline -0.005 -13"><span class='ocrx_word' id='word_1_213' title='bbox 1057 1144 1061 1151; x_wconf 72' lang='lat'>,</span> <span class='ocrx_word' id='word_1_214' title='bbox 1101 1118 1128 1138; x_wconf 48' lang='grc' dir='ltr'>ω</span> <span class='ocrx_word' id='word_1_215' title='bbox 1148 1096 1282 1136; x_wconf 76' lang='lat' dir='ltr'>eatus</span> <span class='ocrx_word' id='word_1_216' title='bbox 1300 1093 1376 1144; x_wconf 86' lang='lat' dir='ltr'>vir,</span> <span class='ocrx_word' id='word_1_217' title='bbox 1398 1094 1472 1146; x_wconf 84' lang='lat' dir='ltr'>qui</span> <span class='ocrx_word' id='word_1_218' title='bbox 1490 1107 1579 1135; x_wconf 93' lang='lat' dir='ltr'>non</span> <span class='ocrx_word' id='word_1_219' title='bbox 1594 1093 1702 1135; x_wconf 79' lang='lat' dir='ltr'>abiit</span> <span class='ocrx_word' id='word_1_220' title='bbox 1717 1093 1762 1134; x_wconf 93' lang='lat' dir='ltr'>in</span> <span class='ocrx_word' id='word_1_221' title='bbox 1779 1106 1879 1135; x_wconf 93' lang='lat' dir='ltr'>con-</span> 
     </span>
     <span class='ocr_line' id='line_1_59' title="bbox 1057 1140 1880 1205; baseline -0.002 -12"><span class='ocrx_word' id='word_1_222' title='bbox 1057 1159 1062 1205; x_wconf 54' lang='lat'><em>}</em></span> <span class='ocrx_word' id='word_1_223' title='bbox 1085 1140 1151 1205; x_wconf 50' lang='lat' dir='ltr'>:iffi</span> <span class='ocrx_word' id='word_1_224' title='bbox 1176 1150 1272 1193; x_wconf 87' lang='lat' dir='ltr'>silio</span> <span class='ocrx_word' id='word_1_225' title='bbox 1291 1151 1537 1203; x_wconf 63' lang='lat' dir='ltr'>impiorum,</span> <span class='ocrx_word' id='word_1_226' title='bbox 1564 1155 1607 1192; x_wconf 92' lang='lat' dir='ltr'>et</span> <span class='ocrx_word' id='word_1_227' title='bbox 1627 1150 1671 1191; x_wconf 92' lang='lat' dir='ltr'>in</span> <span class='ocrx_word' id='word_1_228' title='bbox 1690 1151 1761 1191; x_wconf 86' lang='lat' dir='ltr'>via</span> <span class='ocrx_word' id='word_1_229' title='bbox 1779 1163 1880 1203; x_wconf 93' lang='lat' dir='ltr'>pec-</span> 
     </span>
    </p>
   </div>
   <div class='ocr_carea' id='block_1_19' title="bbox 1047 1196 1932 1540">
    <p class='ocr_par' dir='ltr' id='par_1_27' title="bbox 1047 1196 1932 1540">
     <span class='ocr_line' id='line_1_60' title="bbox 1050 1196 1881 1257; baseline -0.004 -7"><span class='ocrx_word' id='word_1_230' title='bbox 1050 1196 1152 1233; x_wconf 41' lang='grc' dir='ltr'>*ἒ*</span> <span class='ocrx_word' id='word_1_231' title='bbox 1175 1210 1375 1250; x_wconf 70' lang='lat' dir='ltr'>caturum</span> <span class='ocrx_word' id='word_1_232' title='bbox 1406 1221 1494 1249; x_wconf 93' lang='lat' dir='ltr'>non</span> <span class='ocrx_word' id='word_1_233' title='bbox 1527 1207 1666 1257; x_wconf 87' lang='lat' dir='ltr'>stetit,</span> <span class='ocrx_word' id='word_1_234' title='bbox 1699 1207 1722 1233; x_wconf 87' lang='lat'>*</span> <span class='ocrx_word' id='word_1_235' title='bbox 1755 1212 1799 1249; x_wconf 92' lang='lat' dir='ltr'>et</span> <span class='ocrx_word' id='word_1_236' title='bbox 1837 1207 1881 1247; x_wconf 92' lang='lat' dir='ltr'>in</span> 
     </span>
     <span class='ocr_line' id='line_1_61' title="bbox 1048 1263 1799 1317; baseline -0.001 -11"><span class='ocrx_word' id='word_1_237' title='bbox 1048 1264 1259 1306; x_wconf 80' lang='lat' dir='ltr'>cathedra</span> <span class='ocrx_word' id='word_1_238' title='bbox 1277 1264 1541 1317; x_wconf 80' lang='lat' dir='ltr'>pestilentiae</span> <span class='ocrx_word' id='word_1_239' title='bbox 1560 1277 1648 1306; x_wconf 92' lang='lat' dir='ltr'>non</span> <span class='ocrx_word' id='word_1_240' title='bbox 1668 1263 1799 1306; x_wconf 87' lang='lat' dir='ltr'>sedit:</span> 
     </span>
     <span class='ocr_line' id='line_1_62' title="bbox 1097 1321 1880 1373; baseline -0.001 -10"><span class='ocrx_word' id='word_1_241' title='bbox 1097 1321 1184 1363; x_wconf 90' lang='lat' dir='ltr'>Sed</span> <span class='ocrx_word' id='word_1_242' title='bbox 1199 1322 1242 1362; x_wconf 89' lang='lat' dir='ltr'>in</span> <span class='ocrx_word' id='word_1_243' title='bbox 1256 1321 1354 1372; x_wconf 87' lang='lat' dir='ltr'>lege</span> <span class='ocrx_word' id='word_1_244' title='bbox 1365 1321 1543 1362; x_wconf 71' lang='lat' dir='ltr'>Dumini</span> <span class='ocrx_word' id='word_1_245' title='bbox 1558 1321 1762 1363; x_wconf 86' lang='lat' dir='ltr'>voluntas</span> <span class='ocrx_word' id='word_1_246' title='bbox 1779 1321 1880 1373; x_wconf 77' lang='lat' dir='ltr'>ejus,</span> 
     </span>
     <span class='ocr_line' id='line_1_63' title="bbox 1047 1377 1881 1430; baseline 0 -11"><span class='ocrx_word' id='word_1_247' title='bbox 1047 1379 1070 1404; x_wconf 91' lang='lat'>*</span> <span class='ocrx_word' id='word_1_248' title='bbox 1087 1383 1131 1420; x_wconf 87' lang='lat' dir='ltr'>et</span> <span class='ocrx_word' id='word_1_249' title='bbox 1148 1378 1192 1419; x_wconf 90' lang='lat' dir='ltr'>in</span> <span class='ocrx_word' id='word_1_250' title='bbox 1211 1378 1308 1429; x_wconf 85' lang='lat' dir='ltr'>lege</span> <span class='ocrx_word' id='word_1_251' title='bbox 1324 1379 1415 1430; x_wconf 93' lang='lat' dir='ltr'>ejus</span> <span class='ocrx_word' id='word_1_252' title='bbox 1434 1377 1719 1420; x_wconf 76' lang='lat' dir='ltr'>meditabitur</span> <span class='ocrx_word' id='word_1_253' title='bbox 1738 1378 1809 1419; x_wconf 89' lang='lat' dir='ltr'>die</span> <span class='ocrx_word' id='word_1_254' title='bbox 1829 1391 1881 1419; x_wconf 90' lang='lat' dir='ltr'>ac</span> 
     </span>
     <span class='ocr_line' id='line_1_64' title="bbox 1047 1439 1932 1540; baseline -0.001 -11"><span class='ocrx_word' id='word_1_255' title='bbox 1047 1439 1265 1529; x_wconf 45' lang='lat' dir='ltr'>nogie&#39;erit</span> <span class='ocrx_word' id='word_1_256' title='bbox 1289 1492 1516 1540; x_wconf 88' lang='lat' dir='ltr'>tamquam</span> <span class='ocrx_word' id='word_1_257' title='bbox 1540 1486 1721 1539; x_wconf 88' lang='lat' dir='ltr'>lignum,</span> <span class='ocrx_word' id='word_1_258' title='bbox 1761 1486 1882 1539; x_wconf 91' lang='lat' dir='ltr'>quod</span> <span class='ocrx_word' id='word_1_259' title='bbox 1930 1498 1932 1500; x_wconf 76' lang='grc'>’</span> 
     </span>
    </p>
   </div>
   <div class='ocr_carea' id='block_1_20' title="bbox 1047 1543 1883 2736">
    <p class='ocr_par' dir='ltr' id='par_1_28' title="bbox 1047 1543 1883 1711">
     <span class='ocr_line' id='line_1_65' title="bbox 1047 1543 1883 1597; baseline -0.001 -12"><span class='ocrx_word' id='word_1_260' title='bbox 1047 1544 1291 1597; x_wconf 83' lang='lat' dir='ltr'>plantatum</span> <span class='ocrx_word' id='word_1_261' title='bbox 1303 1549 1370 1586; x_wconf 89' lang='lat' dir='ltr'>est</span> <span class='ocrx_word' id='word_1_262' title='bbox 1385 1557 1513 1586; x_wconf 90' lang='lat' dir='ltr'>secus</span> <span class='ocrx_word' id='word_1_263' title='bbox 1530 1543 1742 1585; x_wconf 91' lang='lat' dir='ltr'>decursus</span> <span class='ocrx_word' id='word_1_264' title='bbox 1758 1546 1883 1596; x_wconf 83' lang='lat' dir='ltr'>aqua-</span> 
     </span>
     <span class='ocr_line' id='line_1_66' title="bbox 1048 1599 1882 1653; baseline 0 -12"><span class='ocrx_word' id='word_1_265' title='bbox 1048 1614 1154 1648; x_wconf 92' lang='lat' dir='ltr'>rum,</span> <span class='ocrx_word' id='word_1_266' title='bbox 1173 1601 1197 1626; x_wconf 89' lang='lat'>*</span> <span class='ocrx_word' id='word_1_267' title='bbox 1226 1600 1346 1653; x_wconf 90' lang='lat' dir='ltr'>quod</span> <span class='ocrx_word' id='word_1_268' title='bbox 1378 1601 1569 1642; x_wconf 89' lang='lat' dir='ltr'>fructum</span> <span class='ocrx_word' id='word_1_269' title='bbox 1600 1614 1727 1642; x_wconf 93' lang='lat' dir='ltr'>suum</span> <span class='ocrx_word' id='word_1_270' title='bbox 1760 1599 1882 1642; x_wconf 89' lang='lat' dir='ltr'>dabit</span> 
     </span>
     <span class='ocr_line' id='line_1_67' title="bbox 1047 1658 1429 1711; baseline 0.003 -13"><span class='ocrx_word' id='word_1_271' title='bbox 1047 1658 1092 1698; x_wconf 91' lang='lat' dir='ltr'>in</span> <span class='ocrx_word' id='word_1_272' title='bbox 1110 1659 1311 1711; x_wconf 81' lang='lat' dir='ltr'>tempore</span> <span class='ocrx_word' id='word_1_273' title='bbox 1331 1671 1429 1699; x_wconf 90' lang='lat' dir='ltr'>suo:</span> 
     </span>
    </p>

    <p class='ocr_par' dir='ltr' id='par_1_29' title="bbox 1048 1713 1882 1871">
     <span class='ocr_line' id='line_1_68' title="bbox 1100 1713 1882 1767; baseline -0.001 -11"><span class='ocrx_word' id='word_1_274' title='bbox 1100 1715 1157 1756; x_wconf 92' lang='lat' dir='ltr'>Et</span> <span class='ocrx_word' id='word_1_275' title='bbox 1181 1715 1333 1756; x_wconf 70' lang='lat' dir='ltr'>folium</span> <span class='ocrx_word' id='word_1_276' title='bbox 1358 1715 1448 1767; x_wconf 90' lang='lat' dir='ltr'>ejus</span> <span class='ocrx_word' id='word_1_277' title='bbox 1472 1727 1561 1756; x_wconf 92' lang='lat' dir='ltr'>non</span> <span class='ocrx_word' id='word_1_278' title='bbox 1586 1713 1766 1755; x_wconf 79' lang='lat' dir='ltr'>defluet:</span> <span class='ocrx_word' id='word_1_279' title='bbox 1790 1714 1813 1739; x_wconf 88' lang='lat'>*</span> <span class='ocrx_word' id='word_1_280' title='bbox 1839 1718 1882 1755; x_wconf 87' lang='lat' dir='ltr'>et</span> 
     </span>
     <span class='ocr_line' id='line_1_69' title="bbox 1049 1771 1882 1824; baseline -0.002 -11"><span class='ocrx_word' id='word_1_281' title='bbox 1049 1772 1194 1813; x_wconf 69' lang='lat' dir='ltr'>Omnia</span> <span class='ocrx_word' id='word_1_282' title='bbox 1223 1774 1513 1824; x_wconf 81' lang='lat' dir='ltr'>quaecumque</span> <span class='ocrx_word' id='word_1_283' title='bbox 1541 1771 1673 1813; x_wconf 81' lang='lat' dir='ltr'>faciet</span> <span class='ocrx_word' id='word_1_284' title='bbox 1699 1783 1882 1823; x_wconf 91' lang='lat' dir='ltr'>prospe—</span> 
     </span>
     <span class='ocr_line' id='line_1_70' title="bbox 1048 1829 1273 1871; baseline -0.004 -1"><span class='ocrx_word' id='word_1_285' title='bbox 1048 1829 1273 1871; x_wconf 80' lang='lat' dir='ltr'>rabuntur.</span> 
     </span>
    </p>

    <p class='ocr_par' dir='ltr' id='par_1_30' title="bbox 1049 1884 1882 2041">
     <span class='ocr_line' id='line_1_71' title="bbox 1100 1884 1882 1938; baseline -0.003 -11"><span class='ocrx_word' id='word_1_286' title='bbox 1100 1886 1202 1927; x_wconf 90' lang='lat' dir='ltr'>Non</span> <span class='ocrx_word' id='word_1_287' title='bbox 1217 1886 1280 1927; x_wconf 94' lang='lat' dir='ltr'>sic</span> <span class='ocrx_word' id='word_1_288' title='bbox 1293 1885 1427 1938; x_wconf 84' lang='lat' dir='ltr'>impii,</span> <span class='ocrx_word' id='word_1_289' title='bbox 1442 1897 1531 1926; x_wconf 92' lang='lat' dir='ltr'>non</span> <span class='ocrx_word' id='word_1_290' title='bbox 1551 1885 1627 1926; x_wconf 90' lang='lat' dir='ltr'>sic:</span> <span class='ocrx_word' id='word_1_291' title='bbox 1642 1885 1666 1911; x_wconf 90' lang='lat'>*</span> <span class='ocrx_word' id='word_1_292' title='bbox 1682 1884 1762 1926; x_wconf 88' lang='lat' dir='ltr'>sed</span> <span class='ocrx_word' id='word_1_293' title='bbox 1775 1889 1882 1926; x_wconf 86' lang='lat' dir='ltr'>tam-</span> 
     </span>
     <span class='ocr_line' id='line_1_72' title="bbox 1051 1941 1882 1995; baseline -0.004 -11"><span class='ocrx_word' id='word_1_294' title='bbox 1051 1955 1182 1995; x_wconf 85' lang='lat' dir='ltr'>quam</span> <span class='ocrx_word' id='word_1_295' title='bbox 1201 1942 1357 1995; x_wconf 89' lang='lat' dir='ltr'>pulvis,</span> <span class='ocrx_word' id='word_1_296' title='bbox 1383 1955 1514 1995; x_wconf 91' lang='lat' dir='ltr'>quem</span> <span class='ocrx_word' id='word_1_297' title='bbox 1533 1941 1707 1994; x_wconf 82' lang='lat' dir='ltr'>pr6jicit</span> <span class='ocrx_word' id='word_1_298' title='bbox 1725 1946 1882 1983; x_wconf 89' lang='lat' dir='ltr'>ventus</span> 
     </span>
     <span class='ocr_line' id='line_1_73' title="bbox 1049 1999 1367 2041; baseline 0 -1"><span class='ocrx_word' id='word_1_299' title='bbox 1049 2013 1075 2040; x_wconf 89' lang='lat' dir='ltr'>a</span> <span class='ocrx_word' id='word_1_300' title='bbox 1093 1999 1205 2041; x_wconf 74' lang='lat' dir='ltr'>facie</span> <span class='ocrx_word' id='word_1_301' title='bbox 1224 2004 1367 2041; x_wconf 86' lang='lat' dir='ltr'>terrae.</span> 
     </span>
    </p>

    <p class='ocr_par' dir='ltr' id='par_1_31' title="bbox 1051 2054 1881 2222">
     <span class='ocr_line' id='line_1_74' title="bbox 1101 2054 1881 2107; baseline -0.005 -9"><span class='ocrx_word' id='word_1_302' title='bbox 1101 2056 1211 2098; x_wconf 89' lang='lat' dir='ltr'>Ideo</span> <span class='ocrx_word' id='word_1_303' title='bbox 1235 2069 1323 2097; x_wconf 93' lang='lat' dir='ltr'>non</span> <span class='ocrx_word' id='word_1_304' title='bbox 1349 2059 1580 2106; x_wconf 79' lang='lat' dir='ltr'>resurgent</span> <span class='ocrx_word' id='word_1_305' title='bbox 1605 2055 1727 2107; x_wconf 87' lang='lat' dir='ltr'>impii</span> <span class='ocrx_word' id='word_1_306' title='bbox 1754 2055 1798 2095; x_wconf 84' lang='lat' dir='ltr'>in</span> <span class='ocrx_word' id='word_1_307' title='bbox 1823 2054 1881 2106; x_wconf 91' lang='lat' dir='ltr'>ju-</span> 
     </span>
     <span class='ocr_line' id='line_1_75' title="bbox 1051 2111 1881 2165; baseline -0.004 -11"><span class='ocrx_word' id='word_1_308' title='bbox 1051 2112 1182 2154; x_wconf 83' lang='lat' dir='ltr'>dicio:</span> <span class='ocrx_word' id='word_1_309' title='bbox 1209 2113 1232 2139; x_wconf 87' lang='lat'>*</span> <span class='ocrx_word' id='word_1_310' title='bbox 1259 2125 1404 2165; x_wconf 90' lang='lat' dir='ltr'>neque</span> <span class='ocrx_word' id='word_1_311' title='bbox 1429 2114 1689 2165; x_wconf 67' lang='lat' dir='ltr'>peccatores</span> <span class='ocrx_word' id='word_1_312' title='bbox 1713 2111 1757 2152; x_wconf 89' lang='lat' dir='ltr'>in</span> <span class='ocrx_word' id='word_1_313' title='bbox 1782 2123 1881 2152; x_wconf 92' lang='lat' dir='ltr'>con-</span> 
     </span>
     <span class='ocr_line' id='line_1_76' title="bbox 1051 2169 1396 2222; baseline 0 -12"><span class='ocrx_word' id='word_1_314' title='bbox 1051 2169 1151 2211; x_wconf 84' lang='lat' dir='ltr'>cilio</span> <span class='ocrx_word' id='word_1_315' title='bbox 1170 2170 1396 2222; x_wconf 72' lang='lat' dir='ltr'>justurum.</span> 
     </span>
    </p>

    <p class='ocr_par' dir='ltr' id='par_1_32' title="bbox 1051 2224 1882 2448">
     <span class='ocr_line' id='line_1_77' title="bbox 1103 2224 1881 2276; baseline -0.005 -8"><span class='ocrx_word' id='word_1_316' title='bbox 1103 2227 1320 2276; x_wconf 69' lang='lat' dir='ltr'>Qudniam</span> <span class='ocrx_word' id='word_1_317' title='bbox 1334 2226 1457 2268; x_wconf 85' lang='lat' dir='ltr'>novit</span> <span class='ocrx_word' id='word_1_318' title='bbox 1467 2225 1683 2266; x_wconf 68' lang='lat' dir='ltr'>Dominus</span> <span class='ocrx_word' id='word_1_319' title='bbox 1694 2224 1810 2266; x_wconf 90' lang='lat' dir='ltr'>viam</span> <span class='ocrx_word' id='word_1_320' title='bbox 1823 2225 1881 2276; x_wconf 88' lang='lat' dir='ltr'>ju-</span> 
     </span>
     <span class='ocr_line' id='line_1_78' title="bbox 1051 2279 1882 2334; baseline -0.004 -10"><span class='ocrx_word' id='word_1_321' title='bbox 1051 2285 1235 2325; x_wconf 67' lang='lat' dir='ltr'>storum:</span> <span class='ocrx_word' id='word_1_322' title='bbox 1253 2284 1276 2310; x_wconf 88' lang='lat'>*</span> <span class='ocrx_word' id='word_1_323' title='bbox 1293 2288 1337 2325; x_wconf 90' lang='lat' dir='ltr'>et</span> <span class='ocrx_word' id='word_1_324' title='bbox 1355 2283 1438 2324; x_wconf 89' lang='lat' dir='ltr'>iter</span> <span class='ocrx_word' id='word_1_325' title='bbox 1455 2281 1692 2334; x_wconf 66' lang='lat' dir='ltr'>impiorum</span> <span class='ocrx_word' id='word_1_326' title='bbox 1709 2279 1882 2334; x_wconf 83' lang='lat' dir='ltr'>peribit.</span> 
     </span>
     <span class='ocr_line' id='line_1_79' title="bbox 1338 2345 1598 2386; baseline -0.008 0"><span class='ocrx_word' id='word_1_327' title='bbox 1338 2345 1534 2386; x_wconf 88' lang='lat' dir='ltr'>Psalmus</span> <span class='ocrx_word' id='word_1_328' title='bbox 1563 2347 1598 2385; x_wconf 82' lang='lat'>2.</span> 
     </span>
     <span class='ocr_line' id='line_1_80' title="bbox 1135 2398 1882 2448; baseline -0.005 -5"><span class='ocrx_word' id='word_1_329' title='bbox 1135 2413 1241 2443; x_wconf 88' lang='lat' dir='ltr'>uare</span> <span class='ocrx_word' id='word_1_330' title='bbox 1272 2401 1543 2442; x_wconf 80' lang='lat' dir='ltr'>fremuerunt</span> <span class='ocrx_word' id='word_1_331' title='bbox 1571 2398 1753 2448; x_wconf 87' lang='lat' dir='ltr'>Gentes,</span> <span class='ocrx_word' id='word_1_332' title='bbox 1781 2398 1805 2424; x_wconf 83' lang='lat'>*</span> <span class='ocrx_word' id='word_1_333' title='bbox 1838 2402 1882 2439; x_wconf 89' lang='lat' dir='ltr'>et</span> 
     </span>
    </p>

    <p class='ocr_par' dir='ltr' id='par_1_33' title="bbox 1153 2453 1838 2511">
     <span class='ocr_line' id='line_1_81' title="bbox 1153 2453 1838 2511; baseline -0.006 -12"><span class='ocrx_word' id='word_1_334' title='bbox 1153 2457 1309 2511; x_wconf 69' lang='lat' dir='ltr'>pupuli</span> <span class='ocrx_word' id='word_1_335' title='bbox 1326 2455 1526 2498; x_wconf 82' lang='lat' dir='ltr'>meditati</span> <span class='ocrx_word' id='word_1_336' title='bbox 1545 2459 1646 2496; x_wconf 87' lang='lat' dir='ltr'>sunt</span> <span class='ocrx_word' id='word_1_337' title='bbox 1667 2453 1838 2496; x_wconf 77' lang='lat' dir='ltr'>inania?</span> 
     </span>
    </p>

    <p class='ocr_par' dir='ltr' id='par_1_34' title="bbox 1050 2514 1882 2736">
     <span class='ocr_line' id='line_1_82' title="bbox 1102 2514 1880 2565; baseline -0.005 -9"><span class='ocrx_word' id='word_1_338' title='bbox 1102 2514 1348 2556; x_wconf 83' lang='lat' dir='ltr'>Astiterunt</span> <span class='ocrx_word' id='word_1_339' title='bbox 1373 2525 1499 2564; x_wconf 88' lang='lat' dir='ltr'>reges</span> <span class='ocrx_word' id='word_1_340' title='bbox 1523 2517 1672 2562; x_wconf 82' lang='lat' dir='ltr'>terrae,</span> <span class='ocrx_word' id='word_1_341' title='bbox 1700 2516 1744 2554; x_wconf 88' lang='lat' dir='ltr'>et</span> <span class='ocrx_word' id='word_1_342' title='bbox 1766 2514 1880 2565; x_wconf 84' lang='lat' dir='ltr'>prin-</span> 
     </span>
     <span class='ocr_line' id='line_1_83' title="bbox 1051 2568 1880 2624; baseline -0.004 -12"><span class='ocrx_word' id='word_1_343' title='bbox 1051 2571 1172 2624; x_wconf 87' lang='lat' dir='ltr'>cipes</span> <span class='ocrx_word' id='word_1_344' title='bbox 1200 2571 1499 2612; x_wconf 78' lang='lat' dir='ltr'>convenerunt</span> <span class='ocrx_word' id='word_1_345' title='bbox 1524 2569 1569 2610; x_wconf 92' lang='lat' dir='ltr'>in</span> <span class='ocrx_word' id='word_1_346' title='bbox 1596 2582 1732 2610; x_wconf 91' lang='lat' dir='ltr'>unum</span> <span class='ocrx_word' id='word_1_347' title='bbox 1758 2569 1782 2594; x_wconf 89' lang='lat'>*</span> <span class='ocrx_word' id='word_1_348' title='bbox 1808 2568 1880 2610; x_wconf 89' lang='lat' dir='ltr'>ad-</span> 
     </span>
     <span class='ocr_line' id='line_1_84' title="bbox 1050 2624 1882 2676; baseline -0.004 -7"><span class='ocrx_word' id='word_1_349' title='bbox 1050 2629 1203 2669; x_wconf 75' lang='lat' dir='ltr'>versus</span> <span class='ocrx_word' id='word_1_350' title='bbox 1219 2626 1466 2676; x_wconf 72' lang='lat' dir='ltr'>Duminum‚</span> <span class='ocrx_word' id='word_1_351' title='bbox 1482 2630 1527 2667; x_wconf 86' lang='lat' dir='ltr'>et</span> <span class='ocrx_word' id='word_1_352' title='bbox 1546 2624 1758 2667; x_wconf 79' lang='lat' dir='ltr'>adversus</span> <span class='ocrx_word' id='word_1_353' title='bbox 1769 2624 1882 2666; x_wconf 90' lang='lat' dir='ltr'>Chri-</span> 
     </span>
     <span class='ocr_line' id='line_1_85' title="bbox 1051 2685 1289 2736; baseline -0.004 -11"><span class='ocrx_word' id='word_1_354' title='bbox 1051 2689 1167 2726; x_wconf 87' lang='lat' dir='ltr'>stum</span> <span class='ocrx_word' id='word_1_355' title='bbox 1187 2685 1289 2736; x_wconf 91' lang='lat' dir='ltr'>ejus.</span> 
     </span>
    </p>
   </div>
   <div class='ocr_carea' id='block_1_21' title="bbox 100 94 1942 2794">
    <p class='ocr_par' dir='ltr' id='par_1_35' title="bbox 100 94 1942 2794">
     <span class='ocr_line' id='line_1_86' title="bbox 100 94 1942 2794; baseline 0 0"><span class='ocrx_word' id='word_1_356' title='bbox 100 94 1942 2794; x_wconf 95' lang='lat' dir='ltr'> </span> 
     </span>
    </p>
   </div>
  </div>
 </body>
</html>
