<?xml version="1.0" encoding="UTF-8"?>
<!DOCTYPE html PUBLIC "-//W3C//DTD XHTML 1.0 Transitional//EN"
    "http://www.w3.org/TR/xhtml1/DTD/xhtml1-transitional.dtd">
<html xmlns="http://www.w3.org/1999/xhtml" xml:lang="en" lang="en">
 <head>
  <title>
</title>
<meta http-equiv="Content-Type" content="text/html;charset=utf-8" />
  <meta name='ocr-system' content='tesseract 3.04.00' />
  <meta name='ocr-capabilities' content='ocr_page ocr_carea ocr_par ocr_line ocrx_word'/>
</head>
<body>
  <div class='ocr_page' id='page_1' title='image "./p2breviariumroma00cathuoft_0142.png"; bbox 0 0 2028 2892; ppageno 0'>
   <div class='ocr_carea' id='block_1_1' title="bbox 162 199 226 234">
    <p class='ocr_par' dir='ltr' id='par_1_1' title="bbox 162 199 226 234">
     <span class='ocr_line' id='line_1_1' title="bbox 162 199 226 234; baseline 0 0"><span class='ocrx_word' id='word_1_1' title='bbox 162 199 226 234; x_wconf 88' lang='grc'>114</span> 
     </span>
    </p>
   </div>
   <div class='ocr_carea' id='block_1_2' title="bbox 344 246 1879 374">
    <p class='ocr_par' dir='ltr' id='par_1_2' title="bbox 344 246 1879 374">
     <span class='ocr_line' id='line_1_2' title="bbox 344 246 1879 374; baseline 0 -118"><span class='ocrx_word' id='word_1_2' title='bbox 344 246 1879 374; x_wconf 95' lang='lat' dir='ltr'>    </span> 
     </span>
    </p>
   </div>
   <div class='ocr_carea' id='block_1_3' title="bbox 162 289 1023 2087">
    <p class='ocr_par' dir='ltr' id='par_1_3' title="bbox 162 289 987 402">
     <span class='ocr_line' id='line_1_3' title="bbox 162 289 987 346; baseline -0.008 -9"><span class='ocrx_word' id='word_1_3' title='bbox 162 300 329 337; x_wconf 86' lang='lat' dir='ltr'>nostra:</span> <span class='ocrx_word' id='word_1_4' title='bbox 356 294 379 319; x_wconf 89' lang='lat'>*</span> <span class='ocrx_word' id='word_1_5' title='bbox 407 292 696 346; x_wconf 70' lang='lat' dir='ltr'>opprobrium</span> <span class='ocrx_word' id='word_1_6' title='bbox 730 289 987 332; x_wconf 78' lang='lat' dir='ltr'>abundanti-</span> 
     </span>
     <span class='ocr_line' id='line_1_4' title="bbox 162 347 807 402; baseline -0.008 -9"><span class='ocrx_word' id='word_1_7' title='bbox 162 352 255 401; x_wconf 84' lang='lat' dir='ltr'>bus,</span> <span class='ocrx_word' id='word_1_8' title='bbox 284 356 327 392; x_wconf 91' lang='lat' dir='ltr'>et</span> <span class='ocrx_word' id='word_1_9' title='bbox 346 349 573 402; x_wconf 87' lang='lat' dir='ltr'>despectio</span> <span class='ocrx_word' id='word_1_10' title='bbox 594 347 807 401; x_wconf 88' lang='lat' dir='ltr'>superbis.</span> 
     </span>
    </p>

    <p class='ocr_par' dir='ltr' id='par_1_4' title="bbox 162 403 987 504">
     <span class='ocr_line' id='line_1_5' title="bbox 219 403 987 455; baseline -0.008 -7"><span class='ocrx_word' id='word_1_11' title='bbox 219 411 314 449; x_wconf 70' lang='lat' dir='ltr'>Ant.</span> <span class='ocrx_word' id='word_1_12' title='bbox 345 406 428 455; x_wconf 74' lang='lat' dir='ltr'>Oui</span> <span class='ocrx_word' id='word_1_13' title='bbox 447 405 620 447; x_wconf 80' lang='lat' dir='ltr'>habitas</span> <span class='ocrx_word' id='word_1_14' title='bbox 640 405 684 445; x_wconf 91' lang='lat' dir='ltr'>in</span> <span class='ocrx_word' id='word_1_15' title='bbox 704 403 840 451; x_wconf 88' lang='lat' dir='ltr'>coelis,</span> <span class='ocrx_word' id='word_1_16' title='bbox 861 403 987 443; x_wconf 91' lang='lat' dir='ltr'>mise-</span> 
     </span>
     <span class='ocr_line' id='line_1_6' title="bbox 162 461 415 504; baseline -0.008 0"><span class='ocrx_word' id='word_1_17' title='bbox 162 465 257 504; x_wconf 89' lang='lat' dir='ltr'>rere</span> <span class='ocrx_word' id='word_1_18' title='bbox 276 461 415 504; x_wconf 86' lang='lat' dir='ltr'>nobis.</span> 
     </span>
    </p>

    <p class='ocr_par' dir='ltr' id='par_1_5' title="bbox 217 518 634 571">
     <span class='ocr_line' id='line_1_7' title="bbox 217 518 634 571; baseline 0.007 -12"><span class='ocrx_word' id='word_1_19' title='bbox 217 522 312 560; x_wconf 66' lang='lat' dir='ltr'>Ant.</span> <span class='ocrx_word' id='word_1_20' title='bbox 351 518 634 571; x_wconf 42' lang='lat' dir='ltr'>ixdjutorium.</span> 
     </span>
    </p>

    <p class='ocr_par' dir='ltr' id='par_1_6' title="bbox 164 578 989 796">
     <span class='ocr_line' id='line_1_8' title="bbox 427 578 728 617; baseline 0 -1"><span class='ocrx_word' id='word_1_21' title='bbox 427 578 619 617; x_wconf 47' lang='lat' dir='ltr'>[hs-almus</span> <span class='ocrx_word' id='word_1_22' title='bbox 648 580 728 616; x_wconf 31' lang='lat'>12:⁷3.</span> 
     </span>
     <span class='ocr_line' id='line_1_9' title="bbox 257 628 989 683; baseline -0.005 -11"><span class='ocrx_word' id='word_1_23' title='bbox 257 631 310 672; x_wconf 91' lang='lat' dir='ltr'>isi</span> <span class='ocrx_word' id='word_1_24' title='bbox 338 630 441 683; x_wconf 89' lang='lat' dir='ltr'>quia</span> <span class='ocrx_word' id='word_1_25' title='bbox 468 629 685 670; x_wconf 77' lang='lat' dir='ltr'>Deminus</span> <span class='ocrx_word' id='word_1_26' title='bbox 721 633 815 670; x_wconf 87' lang='lat' dir='ltr'>erat</span> <span class='ocrx_word' id='word_1_27' title='bbox 844 628 888 668; x_wconf 92' lang='lat' dir='ltr'>in</span> <span class='ocrx_word' id='word_1_28' title='bbox 915 639 989 668; x_wconf 92' lang='lat' dir='ltr'>no-</span> 
     </span>
     <span class='ocr_line' id='line_1_10' title="bbox 274 683 989 736; baseline -0.006 -8"><span class='ocrx_word' id='word_1_29' title='bbox 274 687 358 736; x_wconf 77' lang='lat' dir='ltr'>bis‚</span> <span class='ocrx_word' id='word_1_30' title='bbox 387 686 505 728; x_wconf 89' lang='lat' dir='ltr'>dicat</span> <span class='ocrx_word' id='word_1_31' title='bbox 533 698 648 727; x_wconf 88' lang='lat' dir='ltr'>nune</span> <span class='ocrx_word' id='word_1_32' title='bbox 673 685 825 726; x_wconf 80' lang='lat' dir='ltr'>Israel:</span> <span class='ocrx_word' id='word_1_33' title='bbox 853 685 876 710; x_wconf 89' lang='lat'>*</span> <span class='ocrx_word' id='word_1_34' title='bbox 905 683 989 724; x_wconf 89' lang='lat' dir='ltr'>nisi</span> 
     </span>
     <span class='ocr_line' id='line_1_11' title="bbox 164 741 837 796; baseline -0.006 -11"><span class='ocrx_word' id='word_1_35' title='bbox 164 744 265 796; x_wconf 87' lang='lat' dir='ltr'>quia</span> <span class='ocrx_word' id='word_1_36' title='bbox 286 743 501 784; x_wconf 84' lang='lat' dir='ltr'>Dominus</span> <span class='ocrx_word' id='word_1_37' title='bbox 522 747 616 783; x_wconf 89' lang='lat' dir='ltr'>erat</span> <span class='ocrx_word' id='word_1_38' title='bbox 635 742 679 782; x_wconf 94' lang='lat' dir='ltr'>in</span> <span class='ocrx_word' id='word_1_39' title='bbox 698 741 837 790; x_wconf 79' lang='lat' dir='ltr'>nobis,</span> 
     </span>
    </p>

    <p class='ocr_par' dir='ltr' id='par_1_7' title="bbox 162 797 990 906">
     <span class='ocr_line' id='line_1_12' title="bbox 215 797 990 849; baseline -0.006 -7"><span class='ocrx_word' id='word_1_40' title='bbox 215 801 324 842; x_wconf 91' lang='lat' dir='ltr'>Cum</span> <span class='ocrx_word' id='word_1_41' title='bbox 336 803 622 849; x_wconf 80' lang='lat' dir='ltr'>exsurgerent</span> <span class='ocrx_word' id='word_1_42' title='bbox 632 798 832 839; x_wconf 77' lang='lat' dir='ltr'>hemines</span> <span class='ocrx_word' id='word_1_43' title='bbox 843 797 886 837; x_wconf 93' lang='lat' dir='ltr'>in</span> <span class='ocrx_word' id='word_1_44' title='bbox 898 810 990 847; x_wconf 86' lang='lat' dir='ltr'>nos,</span> 
     </span>
     <span class='ocr_line' id='line_1_13' title="bbox 162 855 891 906; baseline -0.005 -8"><span class='ocrx_word' id='word_1_45' title='bbox 162 859 185 883; x_wconf 88' lang='lat'>*</span> <span class='ocrx_word' id='word_1_46' title='bbox 204 857 318 898; x_wconf 89' lang='lat' dir='ltr'>forte</span> <span class='ocrx_word' id='word_1_47' title='bbox 341 856 466 897; x_wconf 87' lang='lat' dir='ltr'>vivos</span> <span class='ocrx_word' id='word_1_48' title='bbox 485 855 774 906; x_wconf 84' lang='lat' dir='ltr'>deglutissent</span> <span class='ocrx_word' id='word_1_49' title='bbox 793 866 891 895; x_wconf 91' lang='lat' dir='ltr'>nos:</span> 
     </span>
    </p>

    <p class='ocr_par' dir='ltr' id='par_1_8' title="bbox 163 910 991 1067">
     <span class='ocr_line' id='line_1_14' title="bbox 216 910 991 954; baseline -0.005 0"><span class='ocrx_word' id='word_1_50' title='bbox 216 913 324 954; x_wconf 91' lang='lat' dir='ltr'>Cum</span> <span class='ocrx_word' id='word_1_51' title='bbox 345 913 606 954; x_wconf 86' lang='lat' dir='ltr'>irasceretur</span> <span class='ocrx_word' id='word_1_52' title='bbox 633 911 753 951; x_wconf 88' lang='lat' dir='ltr'>furor</span> <span class='ocrx_word' id='word_1_53' title='bbox 774 912 927 952; x_wconf 85' lang='lat' dir='ltr'>eorum</span> <span class='ocrx_word' id='word_1_54' title='bbox 946 910 991 950; x_wconf 93' lang='lat' dir='ltr'>in</span> 
     </span>
     <span class='ocr_line' id='line_1_15' title="bbox 163 966 991 1019; baseline -0.002 -8"><span class='ocrx_word' id='word_1_55' title='bbox 163 982 260 1019; x_wconf 87' lang='lat' dir='ltr'>nos,</span> <span class='ocrx_word' id='word_1_56' title='bbox 286 970 308 995; x_wconf 86' lang='lat'>*</span> <span class='ocrx_word' id='word_1_57' title='bbox 331 968 514 1010; x_wconf 84' lang='lat' dir='ltr'>forsitan</span> <span class='ocrx_word' id='word_1_58' title='bbox 543 980 657 1019; x_wconf 88' lang='lat' dir='ltr'>aqua</span> <span class='ocrx_word' id='word_1_59' title='bbox 686 966 991 1009; x_wconf 87' lang='lat' dir='ltr'>absorbuisset</span> 
     </span>
     <span class='ocr_line' id='line_1_16' title="bbox 163 1038 255 1067; baseline -0.011 0"><span class='ocrx_word' id='word_1_60' title='bbox 163 1038 255 1067; x_wconf 89' lang='lat' dir='ltr'>nos.</span> 
     </span>
    </p>

    <p class='ocr_par' dir='ltr' id='par_1_9' title="bbox 163 1060 1020 1244">
     <span class='ocr_line' id='line_1_17' title="bbox 214 1060 1020 1132; baseline -0.002 -10"><span class='ocrx_word' id='word_1_61' title='bbox 214 1082 477 1123; x_wconf 90' lang='lat' dir='ltr'>Torrentem</span> <span class='ocrx_word' id='word_1_62' title='bbox 522 1079 806 1132; x_wconf 84' lang='lat' dir='ltr'>pertransivit</span> <span class='ocrx_word' id='word_1_63' title='bbox 847 1079 991 1120; x_wconf 82' lang='lat' dir='ltr'>anima</span> <span class='ocrx_word' id='word_1_64' title='bbox 1016 1060 1020 1120; x_wconf 80' lang='lat' dir='ltr'>l</span> 
     </span>
     <span class='ocr_line' id='line_1_18' title="bbox 163 1137 990 1189; baseline -0.004 -10"><span class='ocrx_word' id='word_1_65' title='bbox 163 1143 332 1179; x_wconf 88' lang='lat' dir='ltr'>nostra:</span> <span class='ocrx_word' id='word_1_66' title='bbox 352 1138 375 1162; x_wconf 90' lang='lat'>*</span> <span class='ocrx_word' id='word_1_67' title='bbox 395 1137 580 1178; x_wconf 75' lang='lat' dir='ltr'>fersitan</span> <span class='ocrx_word' id='word_1_68' title='bbox 608 1139 922 1189; x_wconf 82' lang='lat' dir='ltr'>pertransisset</span> <span class='ocrx_word' id='word_1_69' title='bbox 950 1138 990 1177; x_wconf 79' lang='lat' dir='ltr'>a·</span> 
     </span>
     <span class='ocr_line' id='line_1_19' title="bbox 163 1192 991 1244; baseline -0.004 -9"><span class='ocrx_word' id='word_1_70' title='bbox 163 1195 280 1235; x_wconf 89' lang='lat' dir='ltr'>nima</span> <span class='ocrx_word' id='word_1_71' title='bbox 300 1199 451 1235; x_wconf 88' lang='lat' dir='ltr'>nostra</span> <span class='ocrx_word' id='word_1_72' title='bbox 476 1206 635 1244; x_wconf 87' lang='lat' dir='ltr'>aquam</span> <span class='ocrx_word' id='word_1_73' title='bbox 659 1192 991 1234; x_wconf 76' lang='lat' dir='ltr'>intolerabilem.</span> 
     </span>
    </p>

    <p class='ocr_par' dir='ltr' id='par_1_10' title="bbox 165 1249 991 1405">
     <span class='ocr_line' id='line_1_20' title="bbox 217 1249 991 1300; baseline -0.003 -9"><span class='ocrx_word' id='word_1_74' title='bbox 217 1249 483 1291; x_wconf 85' lang='lat' dir='ltr'>Benedictus</span> <span class='ocrx_word' id='word_1_75' title='bbox 503 1249 719 1290; x_wconf 84' lang='lat' dir='ltr'>Dominus</span> <span class='ocrx_word' id='word_1_76' title='bbox 747 1250 771 1274; x_wconf 85' lang='grc'>*</span> <span class='ocrx_word' id='word_1_77' title='bbox 801 1249 875 1300; x_wconf 92' lang='lat' dir='ltr'>qui</span> <span class='ocrx_word' id='word_1_78' title='bbox 903 1261 991 1290; x_wconf 93' lang='lat' dir='ltr'>non</span> 
     </span>
     <span class='ocr_line' id='line_1_21' title="bbox 165 1304 991 1358; baseline -0.004 -9"><span class='ocrx_word' id='word_1_79' title='bbox 165 1306 288 1349; x_wconf 84' lang='lat' dir='ltr'>dedit</span> <span class='ocrx_word' id='word_1_80' title='bbox 316 1319 408 1355; x_wconf 84' lang='lat' dir='ltr'>nos,</span> <span class='ocrx_word' id='word_1_81' title='bbox 435 1306 480 1346; x_wconf 92' lang='lat' dir='ltr'>in</span> <span class='ocrx_word' id='word_1_82' title='bbox 508 1305 759 1358; x_wconf 81' lang='lat' dir='ltr'>captienem</span> <span class='ocrx_word' id='word_1_83' title='bbox 787 1304 991 1346; x_wconf 83' lang='lat' dir='ltr'>dentibus</span> 
     </span>
     <span class='ocr_line' id='line_1_22' title="bbox 165 1365 328 1405; baseline -0.012 0"><span class='ocrx_word' id='word_1_84' title='bbox 165 1365 328 1405; x_wconf 75' lang='lat' dir='ltr'>eerum.</span> 
     </span>
    </p>

    <p class='ocr_par' dir='ltr' id='par_1_11' title="bbox 163 1418 991 1528">
     <span class='ocr_line' id='line_1_23' title="bbox 215 1418 991 1470; baseline -0.001 -10"><span class='ocrx_word' id='word_1_85' title='bbox 215 1419 374 1460; x_wconf 90' lang='lat' dir='ltr'>Anima</span> <span class='ocrx_word' id='word_1_86' title='bbox 402 1423 553 1459; x_wconf 90' lang='lat' dir='ltr'>nostra</span> <span class='ocrx_word' id='word_1_87' title='bbox 580 1418 695 1459; x_wconf 89' lang='lat' dir='ltr'>sieut</span> <span class='ocrx_word' id='word_1_88' title='bbox 722 1430 875 1470; x_wconf 86' lang='lat' dir='ltr'>passer</span> <span class='ocrx_word' id='word_1_89' title='bbox 903 1420 991 1460; x_wconf 90' lang='lat' dir='ltr'>ere—</span> 
     </span>
     <span class='ocr_line' id='line_1_24' title="bbox 163 1474 934 1528; baseline -0.003 -11"><span class='ocrx_word' id='word_1_90' title='bbox 163 1481 240 1528; x_wconf 87' lang='lat' dir='ltr'>pta</span> <span class='ocrx_word' id='word_1_91' title='bbox 268 1480 335 1517; x_wconf 90' lang='lat' dir='ltr'>est</span> <span class='ocrx_word' id='word_1_92' title='bbox 354 1476 377 1500; x_wconf 88' lang='lat'>*</span> <span class='ocrx_word' id='word_1_93' title='bbox 396 1474 452 1516; x_wconf 90' lang='lat' dir='ltr'>de</span> <span class='ocrx_word' id='word_1_94' title='bbox 478 1474 638 1526; x_wconf 80' lang='lat' dir='ltr'>laqueo</span> <span class='ocrx_word' id='word_1_95' title='bbox 666 1475 934 1515; x_wconf 79' lang='lat' dir='ltr'>venantium:</span> 
     </span>
    </p>

    <p class='ocr_par' dir='ltr' id='par_1_12' title="bbox 163 1531 992 1629">
     <span class='ocr_line' id='line_1_25' title="bbox 215 1531 992 1583; baseline 0 -11"><span class='ocrx_word' id='word_1_96' title='bbox 215 1532 420 1583; x_wconf 80' lang='lat' dir='ltr'>Laqueus</span> <span class='ocrx_word' id='word_1_97' title='bbox 449 1533 664 1572; x_wconf 89' lang='lat' dir='ltr'>contritus</span> <span class='ocrx_word' id='word_1_98' title='bbox 693 1535 777 1580; x_wconf 86' lang='lat' dir='ltr'>est,</span> <span class='ocrx_word' id='word_1_99' title='bbox 797 1531 820 1556; x_wconf 89' lang='lat'>*</span> <span class='ocrx_word' id='word_1_100' title='bbox 839 1536 883 1572; x_wconf 91' lang='lat' dir='ltr'>et</span> <span class='ocrx_word' id='word_1_101' title='bbox 910 1544 992 1572; x_wconf 90' lang='lat' dir='ltr'>nos</span> 
     </span>
     <span class='ocr_line' id='line_1_26' title="bbox 163 1587 519 1629; baseline 0 -1"><span class='ocrx_word' id='word_1_102' title='bbox 163 1587 338 1629; x_wconf 82' lang='lat' dir='ltr'>liberati</span> <span class='ocrx_word' id='word_1_103' title='bbox 359 1600 519 1628; x_wconf 90' lang='lat' dir='ltr'>sumus.</span> 
     </span>
    </p>

    <p class='ocr_par' dir='ltr' id='par_1_13' title="bbox 165 1643 992 1797">
     <span class='ocr_line' id='line_1_27' title="bbox 216 1643 992 1695; baseline 0.001 -11"><span class='ocrx_word' id='word_1_104' title='bbox 216 1643 496 1695; x_wconf 79' lang='lat' dir='ltr'>Adjuterium</span> <span class='ocrx_word' id='word_1_105' title='bbox 523 1648 723 1685; x_wconf 91' lang='lat' dir='ltr'>nostrum</span> <span class='ocrx_word' id='word_1_106' title='bbox 747 1644 791 1684; x_wconf 92' lang='lat' dir='ltr'>in</span> <span class='ocrx_word' id='word_1_107' title='bbox 815 1644 992 1686; x_wconf 84' lang='lat' dir='ltr'>nomine</span> 
     </span>
     <span class='ocr_line' id='line_1_28' title="bbox 165 1700 992 1751; baseline 0.001 -10"><span class='ocrx_word' id='word_1_108' title='bbox 165 1700 354 1749; x_wconf 87' lang='lat' dir='ltr'>Domini,</span> <span class='ocrx_word' id='word_1_109' title='bbox 374 1700 397 1725; x_wconf 86' lang='lat'>*</span> <span class='ocrx_word' id='word_1_110' title='bbox 418 1700 493 1751; x_wconf 92' lang='lat' dir='ltr'>qui</span> <span class='ocrx_word' id='word_1_111' title='bbox 521 1700 625 1741; x_wconf 89' lang='lat' dir='ltr'>fecit</span> <span class='ocrx_word' id='word_1_112' title='bbox 653 1700 814 1742; x_wconf 88' lang='lat' dir='ltr'>coelum</span> <span class='ocrx_word' id='word_1_113' title='bbox 843 1706 886 1742; x_wconf 91' lang='lat' dir='ltr'>et</span> <span class='ocrx_word' id='word_1_114' title='bbox 908 1706 992 1742; x_wconf 90' lang='lat' dir='ltr'>ter—</span> 
     </span>
     <span class='ocr_line' id='line_1_29' title="bbox 165 1769 269 1797; baseline -0.01 0"><span class='ocrx_word' id='word_1_115' title='bbox 165 1769 269 1797; x_wconf 87' lang='lat' dir='ltr'>ram.</span> 
     </span>
    </p>

    <p class='ocr_par' dir='ltr' id='par_1_14' title="bbox 166 1811 992 1910">
     <span class='ocr_line' id='line_1_30' title="bbox 223 1811 992 1864; baseline 0.005 -13"><span class='ocrx_word' id='word_1_116' title='bbox 223 1814 320 1852; x_wconf 72' lang='lat' dir='ltr'>Ant.</span> <span class='ocrx_word' id='word_1_117' title='bbox 348 1811 617 1864; x_wconf 55' lang='lat' dir='ltr'>Adiutotium</span> <span class='ocrx_word' id='word_1_118' title='bbox 635 1819 834 1855; x_wconf 90' lang='lat' dir='ltr'>nostrum</span> <span class='ocrx_word' id='word_1_119' title='bbox 854 1814 898 1854; x_wconf 92' lang='lat' dir='ltr'>in</span> <span class='ocrx_word' id='word_1_120' title='bbox 917 1816 992 1855; x_wconf 79' lang='lat' dir='ltr'>ne-</span> 
     </span>
     <span class='ocr_line' id='line_1_31' title="bbox 166 1868 488 1910; baseline -0.003 -1"><span class='ocrx_word' id='word_1_121' title='bbox 166 1868 282 1910; x_wconf 91' lang='lat' dir='ltr'>mine</span> <span class='ocrx_word' id='word_1_122' title='bbox 300 1868 488 1909; x_wconf 78' lang='lat' dir='ltr'>Demini.</span> 
     </span>
    </p>

    <p class='ocr_par' dir='ltr' id='par_1_15' title="bbox 222 1924 1023 2087">
     <span class='ocr_line' id='line_1_32' title="bbox 222 1924 546 1966; baseline 0.003 -2"><span class='ocrx_word' id='word_1_123' title='bbox 222 1927 316 1964; x_wconf 57' lang='lat' dir='ltr'>Ant.</span> <span class='ocrx_word' id='word_1_124' title='bbox 354 1924 546 1966; x_wconf 57' lang='lat' dir='ltr'>lienefae.</span> 
     </span>
     <span class='ocr_line' id='line_1_33' title="bbox 431 1974 1023 2023; baseline 0 0"><span class='ocrx_word' id='word_1_125' title='bbox 431 1984 623 2023; x_wconf 26' lang='lat' dir='ltr'>lr‘salmus</span> <span class='ocrx_word' id='word_1_126' title='bbox 655 1986 733 2023; x_wconf 71' lang='lat'>124.</span> <span class='ocrx_word' id='word_1_127' title='bbox 1019 1974 1023 2023; x_wconf 84' lang='lat' dir='ltr'>l</span> 
     </span>
     <span class='ocr_line' id='line_1_34' title="bbox 253 2027 1023 2087; baseline 0.003 -10"><span class='ocrx_word' id='word_1_128' title='bbox 253 2036 298 2077; x_wconf 91' lang='lat' dir='ltr'>ui</span> <span class='ocrx_word' id='word_1_129' title='bbox 325 2037 553 2079; x_wconf 88' lang='lat' dir='ltr'>confidunt</span> <span class='ocrx_word' id='word_1_130' title='bbox 578 2038 621 2078; x_wconf 91' lang='lat' dir='ltr'>in</span> <span class='ocrx_word' id='word_1_131' title='bbox 640 2038 853 2087; x_wconf 83' lang='lat' dir='ltr'>Domino,</span> <span class='ocrx_word' id='word_1_132' title='bbox 881 2039 994 2080; x_wconf 88' lang='lat' dir='ltr'>sicut</span> <span class='ocrx_word' id='word_1_133' title='bbox 1019 2027 1023 2086; x_wconf 80' lang='grc' dir='ltr'>ἰ</span> 
     </span>
    </p>
   </div>
   <div class='ocr_carea' id='block_1_4' title="bbox 110 132 1923 154">
    <p class='ocr_par' dir='ltr' id='par_1_16' title="bbox 110 132 1923 154">
     <span class='ocr_line' id='line_1_35' title="bbox 110 132 1923 154; baseline 0 2738"><span class='ocrx_word' id='word_1_134' title='bbox 110 132 1923 154; x_wconf 95' lang='lat' dir='ltr'> </span> 
     </span>
    </p>
   </div>
   <div class='ocr_carea' id='block_1_5' title="bbox 733 194 1301 239">
    <p class='ocr_par' dir='ltr' id='par_1_17' title="bbox 733 194 1301 239">
     <span class='ocr_line' id='line_1_36' title="bbox 733 194 1301 239; baseline -0.007 -9"><span class='ocrx_word' id='word_1_135' title='bbox 733 197 840 230; x_wconf 67' lang='lat' dir='ltr'>Furia</span> <span class='ocrx_word' id='word_1_136' title='bbox 868 203 1001 239; x_wconf 69' lang='lat' dir='ltr'>quartu</span> <span class='ocrx_word' id='word_1_137' title='bbox 1027 195 1074 227; x_wconf 63' lang='lat' dir='ltr'>ald</span> <span class='ocrx_word' id='word_1_138' title='bbox 1099 194 1301 236; x_wconf 47' lang='lat' dir='ltr'>Vesper-ds.</span> 
     </span>
    </p>
   </div>
   <div class='ocr_carea' id='block_1_6' title="bbox 161 256 1879 320">
    <p class='ocr_par' dir='ltr' id='par_1_18' title="bbox 161 256 1879 320">
     <span class='ocr_line' id='line_1_37' title="bbox 161 256 1879 320; baseline 0 -59"><span class='ocrx_word' id='word_1_139' title='bbox 161 261 162 320; x_wconf 95' lang='lat' dir='ltr'> </span> <span class='ocrx_word' id='word_1_140' title='bbox 1874 256 1879 261; x_wconf 95' lang='lat' dir='ltr'> </span> 
     </span>
    </p>
   </div>
   <div class='ocr_carea' id='block_1_7' title="bbox 1041 282 1881 2088">
    <p class='ocr_par' dir='ltr' id='par_1_19' title="bbox 1041 282 1875 498">
     <span class='ocr_line' id='line_1_38' title="bbox 1094 282 1874 334; baseline -0.006 -6"><span class='ocrx_word' id='word_1_141' title='bbox 1094 286 1378 328; x_wconf 79' lang='lat' dir='ltr'>Declinantes</span> <span class='ocrx_word' id='word_1_142' title='bbox 1403 289 1551 326; x_wconf 89' lang='lat' dir='ltr'>autem</span> <span class='ocrx_word' id='word_1_143' title='bbox 1573 283 1619 324; x_wconf 93' lang='lat' dir='ltr'>in</span> <span class='ocrx_word' id='word_1_144' title='bbox 1643 282 1874 334; x_wconf 80' lang='lat' dir='ltr'>obligatio-</span> 
     </span>
     <span class='ocr_line' id='line_1_39' title="bbox 1041 341 1873 391; baseline -0.006 -6"><span class='ocrx_word' id='word_1_145' title='bbox 1041 357 1119 385; x_wconf 88' lang='lat' dir='ltr'>nes</span> <span class='ocrx_word' id='word_1_146' title='bbox 1157 342 1349 384; x_wconf 79' lang='lat' dir='ltr'>adducet</span> <span class='ocrx_word' id='word_1_147' title='bbox 1383 341 1601 382; x_wconf 82' lang='lat' dir='ltr'>D6minus</span> <span class='ocrx_word' id='word_1_148' title='bbox 1636 352 1737 381; x_wconf 87' lang='lat' dir='ltr'>eum</span> <span class='ocrx_word' id='word_1_149' title='bbox 1770 351 1873 391; x_wconf 90' lang='lat' dir='ltr'>ope-</span> 
     </span>
     <span class='ocr_line' id='line_1_40' title="bbox 1041 396 1875 450; baseline -0.006 -9"><span class='ocrx_word' id='word_1_150' title='bbox 1041 399 1240 441; x_wconf 80' lang='lat' dir='ltr'>rantibus</span> <span class='ocrx_word' id='word_1_151' title='bbox 1268 398 1563 450; x_wconf 81' lang='lat' dir='ltr'>iniquitatem:</span> <span class='ocrx_word' id='word_1_152' title='bbox 1582 396 1606 421; x_wconf 88' lang='lat'>*</span> <span class='ocrx_word' id='word_1_153' title='bbox 1625 408 1714 449; x_wconf 78' lang='lat' dir='ltr'>pax</span> <span class='ocrx_word' id='word_1_154' title='bbox 1741 407 1875 448; x_wconf 88' lang='lat' dir='ltr'>super</span> 
     </span>
     <span class='ocr_line' id='line_1_41' title="bbox 1042 455 1190 498; baseline -0.007 -1"><span class='ocrx_word' id='word_1_155' title='bbox 1042 455 1190 498; x_wconf 80' lang='lat' dir='ltr'>Israel.</span> 
     </span>
    </p>

    <p class='ocr_par' dir='ltr' id='par_1_20' title="bbox 1042 508 1874 610">
     <span class='ocr_line' id='line_1_42' title="bbox 1100 508 1874 559; baseline -0.008 -4"><span class='ocrx_word' id='word_1_156' title='bbox 1100 517 1195 555; x_wconf 66' lang='lat' dir='ltr'>Ant.</span> <span class='ocrx_word' id='word_1_157' title='bbox 1230 511 1416 554; x_wconf 86' lang='lat' dir='ltr'>Benefac</span> <span class='ocrx_word' id='word_1_158' title='bbox 1440 509 1632 551; x_wconf 75' lang='lat' dir='ltr'>Demine</span> <span class='ocrx_word' id='word_1_159' title='bbox 1655 508 1802 559; x_wconf 87' lang='lat' dir='ltr'>bonis,</span> <span class='ocrx_word' id='word_1_160' title='bbox 1831 513 1874 549; x_wconf 89' lang='lat' dir='ltr'>et</span> 
     </span>
     <span class='ocr_line' id='line_1_43' title="bbox 1042 567 1343 610; baseline -0.007 0"><span class='ocrx_word' id='word_1_161' title='bbox 1042 569 1175 610; x_wconf 87' lang='lat' dir='ltr'>rectis</span> <span class='ocrx_word' id='word_1_162' title='bbox 1196 567 1343 610; x_wconf 89' lang='lat' dir='ltr'>eorde.</span> 
     </span>
    </p>

    <p class='ocr_par' dir='ltr' id='par_1_21' title="bbox 1096 624 1532 668">
     <span class='ocr_line' id='line_1_44' title="bbox 1096 624 1532 668; baseline -0.007 -1"><span class='ocrx_word' id='word_1_163' title='bbox 1096 629 1194 668; x_wconf 60' lang='lat' dir='ltr'>Ant.</span> <span class='ocrx_word' id='word_1_164' title='bbox 1234 624 1351 666; x_wconf 86' lang='lat' dir='ltr'>Facti</span> <span class='ocrx_word' id='word_1_165' title='bbox 1371 636 1532 665; x_wconf 90' lang='lat' dir='ltr'>sumus.</span> 
     </span>
    </p>

    <p class='ocr_par' dir='ltr' id='par_1_22' title="bbox 1043 682 1876 897">
     <span class='ocr_line' id='line_1_45' title="bbox 1309 682 1616 722; baseline -0.007 0"><span class='ocrx_word' id='word_1_166' title='bbox 1309 683 1505 722; x_wconf 73' lang='lat' dir='ltr'>l&#39;salmus</span> <span class='ocrx_word' id='word_1_167' title='bbox 1532 682 1616 720; x_wconf 75' lang='lat'>125.</span> 
     </span>
     <span class='ocr_line' id='line_1_46' title="bbox 1046 737 1875 842; baseline -0.006 -58"><span class='ocrx_word' id='word_1_168' title='bbox 1046 737 1123 842; x_wconf 88' lang='lat' dir='ltr'>In</span> <span class='ocrx_word' id='word_1_169' title='bbox 1157 740 1458 784; x_wconf 86' lang='lat' dir='ltr'>convertendo</span> <span class='ocrx_word' id='word_1_170' title='bbox 1487 739 1705 781; x_wconf 85' lang='lat' dir='ltr'>Dominus</span> <span class='ocrx_word' id='word_1_171' title='bbox 1739 738 1875 791; x_wconf 87' lang='lat' dir='ltr'>capti-</span> 
     </span>
     <span class='ocr_line' id='line_1_47' title="bbox 1108 795 1876 840; baseline -0.007 0"><span class='ocrx_word' id='word_1_172' title='bbox 1108 799 1292 840; x_wconf 81' lang='lat' dir='ltr'>vitatem</span> <span class='ocrx_word' id='word_1_173' title='bbox 1310 797 1432 839; x_wconf 89' lang='lat' dir='ltr'>Sion:</span> <span class='ocrx_word' id='word_1_174' title='bbox 1450 798 1473 823; x_wconf 87' lang='lat'>*</span> <span class='ocrx_word' id='word_1_175' title='bbox 1494 796 1598 838; x_wconf 79' lang='lat' dir='ltr'>facti</span> <span class='ocrx_word' id='word_1_176' title='bbox 1623 809 1774 838; x_wconf 90' lang='lat' dir='ltr'>sumus</span> <span class='ocrx_word' id='word_1_177' title='bbox 1796 795 1876 836; x_wconf 89' lang='lat' dir='ltr'>sic-</span> 
     </span>
     <span class='ocr_line' id='line_1_48' title="bbox 1043 854 1346 897; baseline -0.007 0"><span class='ocrx_word' id='word_1_178' title='bbox 1043 861 1091 897; x_wconf 93' lang='lat' dir='ltr'>ut</span> <span class='ocrx_word' id='word_1_179' title='bbox 1111 854 1346 897; x_wconf 80' lang='lat' dir='ltr'>consolati:</span> 
     </span>
    </p>

    <p class='ocr_par' dir='ltr' id='par_1_23' title="bbox 1044 907 1878 1067">
     <span class='ocr_line' id='line_1_49' title="bbox 1095 907 1877 964; baseline -0.006 -11"><span class='ocrx_word' id='word_1_180' title='bbox 1095 912 1221 953; x_wconf 90' lang='lat' dir='ltr'>Tunc</span> <span class='ocrx_word' id='word_1_181' title='bbox 1251 909 1481 964; x_wconf 73' lang='lat' dir='ltr'>‘repletum</span> <span class='ocrx_word' id='word_1_182' title='bbox 1519 913 1587 950; x_wconf 91' lang='lat' dir='ltr'>est</span> <span class='ocrx_word' id='word_1_183' title='bbox 1622 907 1786 960; x_wconf 78' lang='lat' dir='ltr'>gaudio</span> <span class='ocrx_word' id='word_1_184' title='bbox 1827 920 1877 949; x_wconf 90' lang='lat' dir='ltr'>os</span> 
     </span>
     <span class='ocr_line' id='line_1_50' title="bbox 1044 963 1878 1017; baseline -0.005 -7"><span class='ocrx_word' id='word_1_185' title='bbox 1044 974 1260 1010; x_wconf 86' lang='lat' dir='ltr'>nostrum:</span> <span class='ocrx_word' id='word_1_186' title='bbox 1279 969 1302 993; x_wconf 85' lang='lat'>*</span> <span class='ocrx_word' id='word_1_187' title='bbox 1328 972 1372 1009; x_wconf 94' lang='lat' dir='ltr'>et</span> <span class='ocrx_word' id='word_1_188' title='bbox 1392 966 1541 1017; x_wconf 89' lang='lat' dir='ltr'>lingua</span> <span class='ocrx_word' id='word_1_189' title='bbox 1564 970 1717 1007; x_wconf 89' lang='lat' dir='ltr'>nostra</span> <span class='ocrx_word' id='word_1_190' title='bbox 1736 963 1878 1006; x_wconf 87' lang='lat' dir='ltr'>exsul-</span> 
     </span>
     <span class='ocr_line' id='line_1_51' title="bbox 1044 1025 1223 1067; baseline -0.011 0"><span class='ocrx_word' id='word_1_191' title='bbox 1044 1025 1223 1067; x_wconf 71' lang='lat' dir='ltr'>tatiOne.</span> 
     </span>
    </p>

    <p class='ocr_par' dir='ltr' id='par_1_24' title="bbox 1045 1077 1878 1190">
     <span class='ocr_line' id='line_1_52' title="bbox 1096 1077 1877 1123; baseline -0.004 -1"><span class='ocrx_word' id='word_1_192' title='bbox 1096 1081 1221 1123; x_wconf 89' lang='lat' dir='ltr'>Tune</span> <span class='ocrx_word' id='word_1_193' title='bbox 1243 1080 1391 1123; x_wconf 84' lang='lat' dir='ltr'>dicent</span> <span class='ocrx_word' id='word_1_194' title='bbox 1410 1080 1524 1121; x_wconf 90' lang='lat' dir='ltr'>inter</span> <span class='ocrx_word' id='word_1_195' title='bbox 1540 1079 1723 1120; x_wconf 88' lang='lat' dir='ltr'>Gentes:</span> <span class='ocrx_word' id='word_1_196' title='bbox 1742 1078 1767 1105; x_wconf 88' lang='lat'>*</span> <span class='ocrx_word' id='word_1_197' title='bbox 1787 1077 1877 1119; x_wconf 91' lang='lat' dir='ltr'>Ma-</span> 
     </span>
     <span class='ocr_line' id='line_1_53' title="bbox 1045 1134 1878 1190; baseline -0.005 -11"><span class='ocrx_word' id='word_1_198' title='bbox 1045 1138 1269 1190; x_wconf 80' lang='lat' dir='ltr'>gnifieavit</span> <span class='ocrx_word' id='word_1_199' title='bbox 1283 1136 1501 1178; x_wconf 76' lang='lat' dir='ltr'>Deminus</span> <span class='ocrx_word' id='word_1_200' title='bbox 1520 1135 1666 1177; x_wconf 80' lang='lat' dir='ltr'>facere</span> <span class='ocrx_word' id='word_1_201' title='bbox 1684 1134 1878 1176; x_wconf 86' lang='lat' dir='ltr'>cumeis.</span> 
     </span>
    </p>

    <p class='ocr_par' dir='ltr' id='par_1_25' title="bbox 1045 1191 1878 1293">
     <span class='ocr_line' id='line_1_54' title="bbox 1098 1191 1878 1245; baseline -0.004 -10"><span class='ocrx_word' id='word_1_202' title='bbox 1098 1193 1396 1245; x_wconf 80' lang='lat' dir='ltr'>Magnificavit</span> <span class='ocrx_word' id='word_1_203' title='bbox 1410 1192 1629 1234; x_wconf 78' lang='lat' dir='ltr'>Deminus</span> <span class='ocrx_word' id='word_1_204' title='bbox 1644 1191 1789 1233; x_wconf 77' lang='lat' dir='ltr'>facere</span> <span class='ocrx_word' id='word_1_205' title='bbox 1803 1203 1878 1232; x_wconf 92' lang='lat' dir='ltr'>no-</span> 
     </span>
     <span class='ocr_line' id='line_1_55' title="bbox 1045 1249 1805 1293; baseline -0.004 -1"><span class='ocrx_word' id='word_1_206' title='bbox 1045 1251 1231 1293; x_wconf 85' lang='lat' dir='ltr'>biseum:</span> <span class='ocrx_word' id='word_1_207' title='bbox 1250 1251 1274 1275; x_wconf 89' lang='lat'>*</span> <span class='ocrx_word' id='word_1_208' title='bbox 1295 1250 1399 1291; x_wconf 89' lang='lat' dir='ltr'>facti</span> <span class='ocrx_word' id='word_1_209' title='bbox 1419 1262 1569 1291; x_wconf 91' lang='lat' dir='ltr'>sumus</span> <span class='ocrx_word' id='word_1_210' title='bbox 1588 1249 1805 1290; x_wconf 76' lang='lat' dir='ltr'>laetantes.</span> 
     </span>
    </p>

    <p class='ocr_par' dir='ltr' id='par_1_26' title="bbox 1045 1304 1880 1413">
     <span class='ocr_line' id='line_1_56' title="bbox 1099 1304 1880 1358; baseline -0.004 -10"><span class='ocrx_word' id='word_1_211' title='bbox 1099 1308 1319 1349; x_wconf 81' lang='lat' dir='ltr'>Converte</span> <span class='ocrx_word' id='word_1_212' title='bbox 1347 1306 1539 1347; x_wconf 84' lang='lat' dir='ltr'>Domine</span> <span class='ocrx_word' id='word_1_213' title='bbox 1575 1304 1880 1358; x_wconf 76' lang='lat' dir='ltr'>captivitatem</span> 
     </span>
     <span class='ocr_line' id='line_1_57' title="bbox 1045 1361 1880 1413; baseline -0.005 -7"><span class='ocrx_word' id='word_1_214' title='bbox 1045 1369 1254 1413; x_wconf 88' lang='lat' dir='ltr'>nostram,</span> <span class='ocrx_word' id='word_1_215' title='bbox 1272 1364 1295 1389; x_wconf 85' lang='grc'>*</span> <span class='ocrx_word' id='word_1_216' title='bbox 1318 1363 1431 1405; x_wconf 88' lang='lat' dir='ltr'>sicut</span> <span class='ocrx_word' id='word_1_217' title='bbox 1450 1367 1624 1404; x_wconf 89' lang='lat' dir='ltr'>torrens</span> <span class='ocrx_word' id='word_1_218' title='bbox 1641 1361 1686 1403; x_wconf 93' lang='lat' dir='ltr'>in</span> <span class='ocrx_word' id='word_1_219' title='bbox 1700 1361 1880 1403; x_wconf 84' lang='lat' dir='ltr'>Austro.</span> 
     </span>
    </p>

    <p class='ocr_par' dir='ltr' id='par_1_27' title="bbox 1046 1416 1880 1520">
     <span class='ocr_line' id='line_1_58' title="bbox 1098 1416 1880 1471; baseline -0.005 -10"><span class='ocrx_word' id='word_1_220' title='bbox 1098 1420 1183 1471; x_wconf 91' lang='lat' dir='ltr'>Qui</span> <span class='ocrx_word' id='word_1_221' title='bbox 1218 1419 1435 1461; x_wconf 84' lang='lat' dir='ltr'>seminant</span> <span class='ocrx_word' id='word_1_222' title='bbox 1468 1420 1513 1460; x_wconf 90' lang='lat' dir='ltr'>in</span> <span class='ocrx_word' id='word_1_223' title='bbox 1545 1417 1757 1468; x_wconf 74' lang='lat' dir='ltr'>lacrimis,</span> <span class='ocrx_word' id='word_1_224' title='bbox 1785 1417 1809 1443; x_wconf 86' lang='lat'>*</span> <span class='ocrx_word' id='word_1_225' title='bbox 1835 1416 1880 1458; x_wconf 93' lang='lat' dir='ltr'>in</span> 
     </span>
     <span class='ocr_line' id='line_1_59' title="bbox 1046 1476 1541 1520; baseline -0.006 0"><span class='ocrx_word' id='word_1_226' title='bbox 1046 1476 1343 1520; x_wconf 82' lang='lat' dir='ltr'>exsultatione</span> <span class='ocrx_word' id='word_1_227' title='bbox 1362 1480 1541 1518; x_wconf 91' lang='lat' dir='ltr'>metent.</span> 
     </span>
    </p>

    <p class='ocr_par' dir='ltr' id='par_1_28' title="bbox 1045 1529 1880 1632">
     <span class='ocr_line' id='line_1_60' title="bbox 1097 1529 1880 1582; baseline -0.006 -7"><span class='ocrx_word' id='word_1_228' title='bbox 1097 1534 1265 1575; x_wconf 82' lang='lat' dir='ltr'>Euntes</span> <span class='ocrx_word' id='word_1_229' title='bbox 1293 1532 1417 1574; x_wconf 83' lang='lat' dir='ltr'>ibant</span> <span class='ocrx_word' id='word_1_230' title='bbox 1445 1537 1489 1574; x_wconf 91' lang='lat' dir='ltr'>et</span> <span class='ocrx_word' id='word_1_231' title='bbox 1517 1531 1699 1582; x_wconf 89' lang='lat' dir='ltr'>flebant,</span> <span class='ocrx_word' id='word_1_232' title='bbox 1730 1530 1755 1557; x_wconf 87' lang='lat'>*</span> <span class='ocrx_word' id='word_1_233' title='bbox 1782 1529 1880 1571; x_wconf 88' lang='lat' dir='ltr'>mit-</span> 
     </span>
     <span class='ocr_line' id='line_1_61' title="bbox 1045 1589 1490 1632; baseline -0.007 0"><span class='ocrx_word' id='word_1_234' title='bbox 1045 1593 1189 1632; x_wconf 77' lang='lat' dir='ltr'>tentes</span> <span class='ocrx_word' id='word_1_235' title='bbox 1210 1589 1377 1631; x_wconf 85' lang='lat' dir='ltr'>semina</span> <span class='ocrx_word' id='word_1_236' title='bbox 1400 1601 1490 1630; x_wconf 88' lang='lat' dir='ltr'>sua.</span> 
     </span>
    </p>

    <p class='ocr_par' dir='ltr' id='par_1_29' title="bbox 1045 1643 1881 1802">
     <span class='ocr_line' id='line_1_62' title="bbox 1097 1643 1881 1688; baseline -0.006 0"><span class='ocrx_word' id='word_1_237' title='bbox 1097 1646 1340 1688; x_wconf 88' lang='lat' dir='ltr'>Venientes</span> <span class='ocrx_word' id='word_1_238' title='bbox 1381 1650 1529 1686; x_wconf 90' lang='lat' dir='ltr'>autem</span> <span class='ocrx_word' id='word_1_239' title='bbox 1565 1643 1743 1686; x_wconf 85' lang='lat' dir='ltr'>venient</span> <span class='ocrx_word' id='word_1_240' title='bbox 1780 1655 1881 1684; x_wconf 87' lang='lat' dir='ltr'>eum</span> 
     </span>
     <span class='ocr_line' id='line_1_63' title="bbox 1047 1701 1881 1754; baseline -0.006 -9"><span class='ocrx_word' id='word_1_241' title='bbox 1047 1702 1357 1751; x_wconf 78' lang='lat' dir='ltr'>exsultatic&#39;me‚</span> <span class='ocrx_word' id='word_1_242' title='bbox 1382 1702 1406 1727; x_wconf 78' lang='lat'>’⁸‘</span> <span class='ocrx_word' id='word_1_243' title='bbox 1427 1703 1657 1754; x_wconf 78' lang='lat' dir='ltr'>portantes</span> <span class='ocrx_word' id='word_1_244' title='bbox 1685 1701 1881 1752; x_wconf 88' lang='lat' dir='ltr'>manipu-</span> 
     </span>
     <span class='ocr_line' id='line_1_64' title="bbox 1045 1760 1254 1802; baseline -0.014 0"><span class='ocrx_word' id='word_1_245' title='bbox 1045 1760 1114 1802; x_wconf 92' lang='lat' dir='ltr'>los</span> <span class='ocrx_word' id='word_1_246' title='bbox 1138 1771 1254 1801; x_wconf 90' lang='lat' dir='ltr'>suos.</span> 
     </span>
    </p>

    <p class='ocr_par' dir='ltr' id='par_1_30' title="bbox 1103 1812 1879 1857">
     <span class='ocr_line' id='line_1_65' title="bbox 1103 1812 1879 1857; baseline -0.004 0"><span class='ocrx_word' id='word_1_247' title='bbox 1103 1820 1137 1857; x_wconf 71' lang='lat' dir='ltr'>A</span> <span class='ocrx_word' id='word_1_248' title='bbox 1146 1825 1201 1857; x_wconf 85' lang='lat' dir='ltr'>nt.</span> <span class='ocrx_word' id='word_1_249' title='bbox 1227 1815 1351 1857; x_wconf 82' lang='lat' dir='ltr'>Facti</span> <span class='ocrx_word' id='word_1_250' title='bbox 1362 1827 1512 1856; x_wconf 90' lang='lat' dir='ltr'>sumus</span> <span class='ocrx_word' id='word_1_251' title='bbox 1524 1814 1638 1856; x_wconf 88' lang='lat' dir='ltr'>sicut</span> <span class='ocrx_word' id='word_1_252' title='bbox 1648 1812 1879 1856; x_wconf 65' lang='lat' dir='ltr'>consoleti.</span> 
     </span>
    </p>

    <p class='ocr_par' dir='ltr' id='par_1_31' title="bbox 1048 1872 1881 1985">
     <span class='ocr_line' id='line_1_66' title="bbox 1101 1872 1881 1928; baseline -0.005 -10"><span class='ocrx_word' id='word_1_253' title='bbox 1101 1879 1252 1928; x_wconf 75' lang='lat' dir='ltr'>Teum.</span> <span class='ocrx_word' id='word_1_254' title='bbox 1291 1876 1500 1916; x_wconf 62' lang='lat' dir='ltr'>paschali.</span> <span class='ocrx_word' id='word_1_255' title='bbox 1546 1876 1642 1915; x_wconf 66' lang='lat' dir='ltr'>Ant.</span> <span class='ocrx_word' id='word_1_256' title='bbox 1686 1872 1881 1925; x_wconf 77' lang='lat' dir='ltr'>Alleluia,</span> 
     </span>
     <span class='ocr_line' id='line_1_67' title="bbox 1048 1932 1441 1985; baseline -0.008 -9"><span class='ocrx_word' id='word_1_257' title='bbox 1048 1933 1230 1985; x_wconf 79' lang='lat' dir='ltr'>alleluja,</span> <span class='ocrx_word' id='word_1_258' title='bbox 1257 1932 1441 1984; x_wconf 80' lang='lat' dir='ltr'>alleluia.</span> 
     </span>
    </p>

    <p class='ocr_par' dir='ltr' id='par_1_32' title="bbox 1052 1991 1881 2088">
     <span class='ocr_line' id='line_1_68' title="bbox 1103 1991 1880 2041; baseline -0.004 -11"><span class='ocrx_word' id='word_1_259' title='bbox 1103 1999 1241 2041; x_wconf 59' lang='lat' dir='ltr'>Capit..</span> <span class='ocrx_word' id='word_1_260' title='bbox 1276 1998 1465 2040; x_wconf 46' lang='lat' dir='ltr'>lli-mnus.</span> <span class='ocrx_word' id='word_1_261' title='bbox 1493 1991 1554 2037; x_wconf 66' lang='grc' dir='ltr'>Υ..</span> <span class='ocrx_word' id='word_1_262' title='bbox 1581 1995 1806 2038; x_wconf 58' lang='lat' dir='ltr'>Antiphonti</span> <span class='ocrx_word' id='word_1_263' title='bbox 1834 1994 1880 2027; x_wconf 75' lang='lat' dir='ltr'>ad</span> 
     </span>
     <span class='ocr_line' id='line_1_69' title="bbox 1052 2044 1881 2088; baseline -0.007 -7"><span class='ocrx_word' id='word_1_264' title='bbox 1052 2048 1279 2088; x_wconf 54' lang='lat' dir='ltr'>Magnilicnt.</span> <span class='ocrx_word' id='word_1_265' title='bbox 1306 2051 1341 2079; x_wconf 80' lang='lat' dir='ltr'>et</span> <span class='ocrx_word' id='word_1_266' title='bbox 1366 2045 1498 2078; x_wconf 76' lang='lat' dir='ltr'>Oratio</span> <span class='ocrx_word' id='word_1_267' title='bbox 1524 2054 1594 2087; x_wconf 70' lang='lat' dir='ltr'>pro</span> <span class='ocrx_word' id='word_1_268' title='bbox 1613 2044 1815 2087; x_wconf 79' lang='lat' dir='ltr'>Tempore.</span> <span class='ocrx_word' id='word_1_269' title='bbox 1845 2047 1881 2075; x_wconf 83' lang='lat' dir='ltr'>ut</span> 
     </span>
    </p>
   </div>
   <div class='ocr_carea' id='block_1_8' title="bbox 269 2088 1618 2138">
    <p class='ocr_par' dir='ltr' id='par_1_33' title="bbox 269 2088 1618 2138">
     <span class='ocr_line' id='line_1_70' title="bbox 269 2088 1618 2138; baseline -0.005 -4"><span class='ocrx_word' id='word_1_270' title='bbox 269 2105 396 2134; x_wconf 80' lang='lat' dir='ltr'>mons</span> <span class='ocrx_word' id='word_1_271' title='bbox 429 2093 551 2135; x_wconf 82' lang='lat' dir='ltr'>Sion:</span> <span class='ocrx_word' id='word_1_272' title='bbox 574 2095 597 2119; x_wconf 84' lang='lat'>*</span> <span class='ocrx_word' id='word_1_273' title='bbox 625 2107 713 2135; x_wconf 86' lang='lat' dir='ltr'>nOII</span> <span class='ocrx_word' id='word_1_274' title='bbox 748 2096 993 2136; x_wconf 53' lang='lat' dir='ltr'>eommOve-</span> <span class='ocrx_word' id='word_1_275' title='bbox 1020 2088 1022 2104; x_wconf 56' lang='lat'>³</span> <span class='ocrx_word' id='word_1_276' title='bbox 1053 2095 1085 2128; x_wconf 82' lang='lat' dir='ltr'>iu</span> <span class='ocrx_word' id='word_1_277' title='bbox 1115 2094 1298 2138; x_wconf 64' lang='lat' dir='ltr'>Vcsperis</span> <span class='ocrx_word' id='word_1_278' title='bbox 1326 2094 1448 2126; x_wconf 58' lang='lat' dir='ltr'>Feri&amp;-</span> <span class='ocrx_word' id='word_1_279' title='bbox 1474 2092 1518 2126; x_wconf 84' lang='lat' dir='ltr'>Il.</span> <span class='ocrx_word' id='word_1_280' title='bbox 1546 2092 1618 2128; x_wconf 88' lang='lat'>112.</span> 
     </span>
    </p>
   </div>
   <div class='ocr_carea' id='block_1_9' title="bbox 166 2149 997 2751">
    <p class='ocr_par' dir='ltr' id='par_1_34' title="bbox 166 2149 994 2247">
     <span class='ocr_line' id='line_1_71' title="bbox 166 2149 994 2203; baseline 0.001 -13"><span class='ocrx_word' id='word_1_281' title='bbox 166 2149 284 2191; x_wconf 92' lang='lat' dir='ltr'>bitur</span> <span class='ocrx_word' id='word_1_282' title='bbox 312 2150 356 2190; x_wconf 92' lang='lat' dir='ltr'>in</span> <span class='ocrx_word' id='word_1_283' title='bbox 384 2151 611 2202; x_wconf 82' lang='lat' dir='ltr'>aeternum,</span> <span class='ocrx_word' id='word_1_284' title='bbox 650 2151 725 2203; x_wconf 90' lang='lat' dir='ltr'>qui</span> <span class='ocrx_word' id='word_1_285' title='bbox 752 2150 923 2193; x_wconf 76' lang='lat' dir='ltr'>habitat</span> <span class='ocrx_word' id='word_1_286' title='bbox 950 2151 994 2191; x_wconf 91' lang='lat' dir='ltr'>in</span> 
     </span>
     <span class='ocr_line' id='line_1_72' title="bbox 167 2205 419 2247; baseline 0.004 -2"><span class='ocrx_word' id='word_1_287' title='bbox 167 2205 419 2247; x_wconf 82' lang='lat' dir='ltr'>Jerusalem.</span> 
     </span>
    </p>

    <p class='ocr_par' dir='ltr' id='par_1_35' title="bbox 170 2261 996 2427">
     <span class='ocr_line' id='line_1_73' title="bbox 221 2261 995 2316; baseline 0.004 -14"><span class='ocrx_word' id='word_1_288' title='bbox 221 2261 393 2304; x_wconf 87' lang='lat' dir='ltr'>Montes</span> <span class='ocrx_word' id='word_1_289' title='bbox 412 2263 455 2303; x_wconf 91' lang='lat' dir='ltr'>in</span> <span class='ocrx_word' id='word_1_290' title='bbox 475 2263 660 2305; x_wconf 86' lang='lat' dir='ltr'>circuitu</span> <span class='ocrx_word' id='word_1_291' title='bbox 679 2265 785 2316; x_wconf 89' lang='lat' dir='ltr'>ejus:</span> <span class='ocrx_word' id='word_1_292' title='bbox 803 2264 827 2290; x_wconf 87' lang='lat'>*</span> <span class='ocrx_word' id='word_1_293' title='bbox 847 2269 891 2305; x_wconf 91' lang='lat' dir='ltr'>et</span> <span class='ocrx_word' id='word_1_294' title='bbox 907 2263 995 2304; x_wconf 84' lang='lat' dir='ltr'>Do-</span> 
     </span>
     <span class='ocr_line' id='line_1_74' title="bbox 170 2317 996 2372; baseline 0.005 -15"><span class='ocrx_word' id='word_1_295' title='bbox 170 2317 311 2358; x_wconf 88' lang='lat' dir='ltr'>minus</span> <span class='ocrx_word' id='word_1_296' title='bbox 342 2318 605 2361; x_wconf 82' lang='lat' dir='ltr'>in&#39;circuitu</span> <span class='ocrx_word' id='word_1_297' title='bbox 637 2320 792 2372; x_wconf 77' lang='lat' dir='ltr'>pepuli</span> <span class='ocrx_word' id='word_1_298' title='bbox 821 2320 903 2369; x_wconf 89' lang='lat' dir='ltr'>sui,</span> <span class='ocrx_word' id='word_1_299' title='bbox 941 2332 996 2360; x_wconf 86' lang='lat' dir='ltr'>ex</span> 
     </span>
     <span class='ocr_line' id='line_1_75' title="bbox 171 2372 917 2427; baseline 0.004 -14"><span class='ocrx_word' id='word_1_300' title='bbox 171 2372 255 2414; x_wconf 89' lang='lat' dir='ltr'>hoc</span> <span class='ocrx_word' id='word_1_301' title='bbox 273 2386 386 2415; x_wconf 90' lang='lat' dir='ltr'>nunc</span> <span class='ocrx_word' id='word_1_302' title='bbox 406 2380 449 2416; x_wconf 91' lang='lat' dir='ltr'>et</span> <span class='ocrx_word' id='word_1_303' title='bbox 471 2388 612 2427; x_wconf 91' lang='lat' dir='ltr'>usque</span> <span class='ocrx_word' id='word_1_304' title='bbox 631 2376 676 2416; x_wconf 93' lang='lat' dir='ltr'>in</span> <span class='ocrx_word' id='word_1_305' title='bbox 696 2375 917 2417; x_wconf 81' lang='lat' dir='ltr'>saeculum.</span> 
     </span>
    </p>

    <p class='ocr_par' dir='ltr' id='par_1_36' title="bbox 171 2429 997 2648">
     <span class='ocr_line' id='line_1_76' title="bbox 223 2429 996 2484; baseline 0.005 -15"><span class='ocrx_word' id='word_1_306' title='bbox 223 2429 334 2479; x_wconf 88' lang='lat' dir='ltr'>Quia</span> <span class='ocrx_word' id='word_1_307' title='bbox 349 2443 435 2471; x_wconf 92' lang='lat' dir='ltr'>non</span> <span class='ocrx_word' id='word_1_308' title='bbox 454 2431 671 2484; x_wconf 89' lang='lat' dir='ltr'>relinquet</span> <span class='ocrx_word' id='word_1_309' title='bbox 681 2432 898 2473; x_wconf 85' lang='lat' dir='ltr'>Dominus</span> <span class='ocrx_word' id='word_1_310' title='bbox 914 2433 996 2473; x_wconf 91' lang='lat' dir='ltr'>vir-</span> 
     </span>
     <span class='ocr_line' id='line_1_77' title="bbox 171 2489 996 2540; baseline 0.005 -15"><span class='ocrx_word' id='word_1_311' title='bbox 171 2497 270 2535; x_wconf 87' lang='lat' dir='ltr'>gam</span> <span class='ocrx_word' id='word_1_312' title='bbox 288 2489 571 2536; x_wconf 87' lang='lat' dir='ltr'>peecatorum</span> <span class='ocrx_word' id='word_1_313' title='bbox 595 2500 729 2540; x_wconf 87' lang='lat' dir='ltr'>super</span> <span class='ocrx_word' id='word_1_314' title='bbox 753 2493 919 2529; x_wconf 89' lang='lat' dir='ltr'>sortem</span> <span class='ocrx_word' id='word_1_315' title='bbox 937 2489 996 2540; x_wconf 91' lang='lat' dir='ltr'>ju-</span> 
     </span>
     <span class='ocr_line' id='line_1_78' title="bbox 172 2542 997 2596; baseline 0.005 -15"><span class='ocrx_word' id='word_1_316' title='bbox 172 2542 357 2581; x_wconf 84' lang='lat' dir='ltr'>storum:</span> <span class='ocrx_word' id='word_1_317' title='bbox 383 2542 407 2567; x_wconf 86' lang='grc'><em>*</em></span> <span class='ocrx_word' id='word_1_318' title='bbox 435 2547 483 2583; x_wconf 92' lang='lat' dir='ltr'>ut</span> <span class='ocrx_word' id='word_1_319' title='bbox 510 2556 598 2584; x_wconf 90' lang='lat' dir='ltr'>non</span> <span class='ocrx_word' id='word_1_320' title='bbox 626 2543 865 2585; x_wconf 85' lang='lat' dir='ltr'>extendant</span> <span class='ocrx_word' id='word_1_321' title='bbox 895 2545 997 2596; x_wconf 87' lang='lat' dir='ltr'>justi</span> 
     </span>
     <span class='ocr_line' id='line_1_79' title="bbox 173 2595 829 2648; baseline 0.006 -12"><span class='ocrx_word' id='word_1_322' title='bbox 173 2595 229 2637; x_wconf 89' lang='lat' dir='ltr'>ad</span> <span class='ocrx_word' id='word_1_323' title='bbox 248 2596 522 2648; x_wconf 76' lang='lat' dir='ltr'>iniquitatem</span> <span class='ocrx_word' id='word_1_324' title='bbox 542 2613 695 2641; x_wconf 89' lang='lat' dir='ltr'>manus</span> <span class='ocrx_word' id='word_1_325' title='bbox 717 2613 829 2640; x_wconf 90' lang='lat' dir='ltr'>suas.</span> 
     </span>
    </p>

    <p class='ocr_par' dir='ltr' id='par_1_37' title="bbox 173 2653 996 2751">
     <span class='ocr_line' id='line_1_80' title="bbox 224 2653 996 2706; baseline 0.006 -14"><span class='ocrx_word' id='word_1_326' title='bbox 224 2653 415 2694; x_wconf 87' lang='lat' dir='ltr'>Benefae</span> <span class='ocrx_word' id='word_1_327' title='bbox 439 2654 626 2697; x_wconf 73' lang='lat' dir='ltr'>Demine</span> <span class='ocrx_word' id='word_1_328' title='bbox 653 2655 796 2706; x_wconf 90' lang='lat' dir='ltr'>bonis,</span> <span class='ocrx_word' id='word_1_329' title='bbox 817 2656 839 2682; x_wconf 84' lang='lat'>*</span> <span class='ocrx_word' id='word_1_330' title='bbox 861 2661 905 2697; x_wconf 93' lang='lat' dir='ltr'>et</span> <span class='ocrx_word' id='word_1_331' title='bbox 933 2669 996 2698; x_wconf 93' lang='lat' dir='ltr'>re-</span> 
     </span>
     <span class='ocr_line' id='line_1_81' title="bbox 173 2708 710 2751; baseline 0.006 -2"><span class='ocrx_word' id='word_1_332' title='bbox 173 2708 257 2750; x_wconf 89' lang='lat' dir='ltr'>ctis</span> <span class='ocrx_word' id='word_1_333' title='bbox 277 2709 421 2751; x_wconf 86' lang='lat' dir='ltr'>corde.</span> <span class='ocrx_word' id='word_1_334' title='bbox 708 2733 710 2735; x_wconf 96' lang='lat'>·</span> 
     </span>
    </p>
   </div>
   <div class='ocr_carea' id='block_1_10' title="bbox 1051 2143 1883 2296">
    <p class='ocr_par' dir='ltr' id='par_1_38' title="bbox 1051 2143 1883 2296">
     <span class='ocr_line' id='line_1_82' title="bbox 1101 2143 1883 2182; baseline -0.006 -2"><span class='ocrx_word' id='word_1_335' title='bbox 1101 2148 1255 2182; x_wconf 60' lang='lat' dir='ltr'>Preces,</span> <span class='ocrx_word' id='word_1_336' title='bbox 1289 2146 1319 2179; x_wconf 68' lang='lat' dir='ltr'>si</span> <span class='ocrx_word' id='word_1_337' title='bbox 1353 2145 1528 2179; x_wconf 62' lang='lat' dir='ltr'>dicendae</span> <span class='ocrx_word' id='word_1_338' title='bbox 1562 2144 1652 2179; x_wconf 62' lang='lat' dir='ltr'>sint.</span> <span class='ocrx_word' id='word_1_339' title='bbox 1693 2143 1883 2177; x_wconf 66' lang='lat' dir='ltr'>habemur</span> 
     </span>
     <span class='ocr_line' id='line_1_83' title="bbox 1051 2192 1654 2237; baseline 0.002 -9"><span class='ocrx_word' id='word_1_340' title='bbox 1051 2206 1166 2237; x_wconf 63' lang='lat' dir='ltr'>supra</span> <span class='ocrx_word' id='word_1_341' title='bbox 1195 2195 1229 2228; x_wconf 82' lang='lat' dir='ltr'>in</span> <span class='ocrx_word' id='word_1_342' title='bbox 1260 2195 1373 2236; x_wconf 62' lang='lat' dir='ltr'>X&#39;csp.</span> <span class='ocrx_word' id='word_1_343' title='bbox 1406 2194 1487 2226; x_wconf 75' lang='lat' dir='ltr'>Fer.</span> <span class='ocrx_word' id='word_1_344' title='bbox 1514 2192 1557 2225; x_wconf 88' lang='lat' dir='ltr'>ll.</span> <span class='ocrx_word' id='word_1_345' title='bbox 1581 2193 1654 2228; x_wconf 85' lang='lat'>112.</span> 
     </span>
     <span class='ocr_line' id='line_1_84' title="bbox 1256 2266 1674 2296; baseline -0.005 -14"><span class='ocrx_word' id='word_1_346' title='bbox 1256 2279 1405 2282; x_wconf 21' lang='lat' dir='ltr'>„fiam</span> <span class='ocrx_word' id='word_1_347' title='bbox 1426 2266 1500 2296; x_wconf 64' lang='lat'>{38}</span> <span class='ocrx_word' id='word_1_348' title='bbox 1668 2279 1674 2280; x_wconf 24' lang='lat'><em>⁷</em></span> 
     </span>
    </p>
   </div>
   <div class='ocr_carea' id='block_1_11' title="bbox 1100 2335 1827 2386">
    <p class='ocr_par' dir='ltr' id='par_1_39' title="bbox 1100 2335 1827 2386">
     <span class='ocr_line' id='line_1_85' title="bbox 1100 2335 1827 2386; baseline -0.004 -9"><span class='ocrx_word' id='word_1_349' title='bbox 1100 2336 1249 2377; x_wconf 86' lang='lat' dir='ltr'>Feria</span> <span class='ocrx_word' id='word_1_350' title='bbox 1273 2336 1461 2386; x_wconf 82' lang='lat' dir='ltr'>quarta</span> <span class='ocrx_word' id='word_1_351' title='bbox 1479 2335 1545 2376; x_wconf 87' lang='lat' dir='ltr'>ad</span> <span class='ocrx_word' id='word_1_352' title='bbox 1561 2335 1827 2385; x_wconf 81' lang='lat' dir='ltr'>vesperas.</span> 
     </span>
    </p>
   </div>
   <div class='ocr_carea' id='block_1_12' title="bbox 1104 2408 1881 2764">
    <p class='ocr_par' dir='ltr' id='par_1_40' title="bbox 1104 2408 1881 2764">
     <span class='ocr_line' id='line_1_86' title="bbox 1108 2408 1657 2451; baseline 0.002 -3"><span class='ocrx_word' id='word_1_353' title='bbox 1108 2411 1203 2448; x_wconf 57' lang='lat' dir='ltr'>Ant.</span> <span class='ocrx_word' id='word_1_354' title='bbox 1239 2408 1333 2450; x_wconf 78' lang='lat' dir='ltr'>Non</span> <span class='ocrx_word' id='word_1_355' title='bbox 1352 2409 1657 2451; x_wconf 85' lang='lat' dir='ltr'>confundetur.</span> 
     </span>
     <span class='ocr_line' id='line_1_87' title="bbox 1104 2467 1856 2519; baseline 0 -10"><span class='ocrx_word' id='word_1_356' title='bbox 1104 2470 1255 2519; x_wconf 68' lang='lat' dir='ltr'>Teius).</span> <span class='ocrx_word' id='word_1_357' title='bbox 1290 2470 1495 2509; x_wconf 67' lang='lat' dir='ltr'>l’asehali.</span> <span class='ocrx_word' id='word_1_358' title='bbox 1535 2471 1629 2508; x_wconf 60' lang='lat' dir='ltr'>Ant.</span> <span class='ocrx_word' id='word_1_359' title='bbox 1661 2467 1856 2519; x_wconf 67' lang='lat' dir='ltr'>Alleluia.</span> 
     </span>
     <span class='ocr_line' id='line_1_88' title="bbox 1317 2539 1620 2577; baseline 0.003 -1"><span class='ocrx_word' id='word_1_360' title='bbox 1317 2539 1511 2577; x_wconf 51' lang='lat' dir='ltr'>psalmus</span> <span class='ocrx_word' id='word_1_361' title='bbox 1539 2540 1620 2577; x_wconf 69' lang='lat'>1215.</span> 
     </span>
     <span class='ocr_line' id='line_1_89' title="bbox 1163 2597 1881 2682; baseline -0.001 -43"><span class='ocrx_word' id='word_1_362' title='bbox 1163 2599 1234 2682; x_wconf 49' lang='lat' dir='ltr'>Issi</span> <span class='ocrx_word' id='word_1_363' title='bbox 1251 2599 1468 2640; x_wconf 81' lang='lat' dir='ltr'>Dominus</span> <span class='ocrx_word' id='word_1_364' title='bbox 1493 2598 1781 2641; x_wconf 78' lang='lat' dir='ltr'>aedificaverit</span> <span class='ocrx_word' id='word_1_365' title='bbox 1806 2597 1881 2639; x_wconf 91' lang='lat' dir='ltr'>do-</span> 
     </span>
     <span class='ocr_line' id='line_1_90' title="bbox 1164 2654 1880 2714; baseline -0.001 -18"><span class='ocrx_word' id='word_1_366' title='bbox 1164 2672 1177 2714; x_wconf 36' lang='lat'>,3</span> <span class='ocrx_word' id='word_1_367' title='bbox 1197 2668 1332 2705; x_wconf 83' lang='lat' dir='ltr'>mum,</span> <span class='ocrx_word' id='word_1_368' title='bbox 1353 2655 1376 2681; x_wconf 88' lang='lat'>*</span> <span class='ocrx_word' id='word_1_369' title='bbox 1398 2655 1442 2695; x_wconf 93' lang='lat' dir='ltr'>in</span> <span class='ocrx_word' id='word_1_370' title='bbox 1469 2668 1631 2697; x_wconf 87' lang='lat' dir='ltr'>vanum</span> <span class='ocrx_word' id='word_1_371' title='bbox 1657 2654 1880 2696; x_wconf 87' lang='lat' dir='ltr'>laborave-</span> 
     </span>
     <span class='ocr_line' id='line_1_91' title="bbox 1161 2711 1765 2764; baseline -0.003 -11"><span class='ocrx_word' id='word_1_372' title='bbox 1161 2715 1171 2733; x_wconf 34' lang='grc' dir='ltr'><em>Γ</em></span> <span class='ocrx_word' id='word_1_373' title='bbox 1199 2717 1300 2753; x_wconf 92' lang='lat' dir='ltr'>runt</span> <span class='ocrx_word' id='word_1_374' title='bbox 1321 2712 1396 2764; x_wconf 94' lang='lat' dir='ltr'>qui</span> <span class='ocrx_word' id='word_1_375' title='bbox 1415 2711 1638 2754; x_wconf 83' lang='lat' dir='ltr'>aedificant</span> <span class='ocrx_word' id='word_1_376' title='bbox 1658 2724 1765 2754; x_wconf 89' lang='lat' dir='ltr'>eam.</span> 
     </span>
    </p>
   </div>
   <div class='ocr_carea' id='block_1_13' title="bbox 1156 2601 1193 2690">
    <p class='ocr_par' dir='ltr' id='par_1_41' title="bbox 1156 2601 1193 2690">
     <span class='ocr_line' id='line_1_92' title="bbox 1156 2601 1193 2690; baseline 0 -74"><span class='ocrx_word' id='word_1_377' title='bbox 1156 2601 1163 2616; x_wconf 95' lang='lat' dir='ltr'> </span> <span class='ocrx_word' id='word_1_378' title='bbox 1175 2601 1193 2690; x_wconf 95' lang='lat' dir='ltr'>  </span> 
     </span>
    </p>
   </div>
   <div class='ocr_carea' id='block_1_14' title="bbox 1081 2655 1157 2720">
    <p class='ocr_par' dir='ltr' id='par_1_42' title="bbox 1081 2655 1157 2720">
     <span class='ocr_line' id='line_1_93' title="bbox 1081 2655 1157 2720; baseline -0.026 0"><span class='ocrx_word' id='word_1_379' title='bbox 1081 2655 1157 2720; x_wconf 45' lang='lat'>&amp;¹</span> 
     </span>
    </p>
   </div>
   <div class='ocr_carea' id='block_1_15' title="bbox 1067 2601 1179 2736">
    <p class='ocr_par' dir='ltr' id='par_1_43' title="bbox 1067 2601 1179 2736">
     <span class='ocr_line' id='line_1_94' title="bbox 1067 2601 1179 2736; baseline 0 -20"><span class='ocrx_word' id='word_1_380' title='bbox 1067 2601 1080 2716; x_wconf 95' lang='lat' dir='ltr'>  </span> <span class='ocrx_word' id='word_1_381' title='bbox 1177 2690 1179 2736; x_wconf 95' lang='lat' dir='ltr'>  </span> 
     </span>
    </p>
   </div>
   <div class='ocr_carea' id='block_1_16' title="bbox 1053 2613 1067 2722">
    <p class='ocr_par' dir='ltr' id='par_1_44' title="bbox 1053 2613 1067 2722">
     <span class='ocr_line' id='line_1_95' title="bbox 1053 2613 1067 2722; baseline 0 0"><span class='ocrx_word' id='word_1_382' title='bbox 1053 2613 1067 2722; x_wconf 68' lang='lat' dir='ltr'>l</span> 
     </span>
    </p>
   </div>
   <div class='ocr_carea' id='block_1_17' title="bbox 1051 2601 1164 2736">
    <p class='ocr_par' dir='ltr' id='par_1_45' title="bbox 1051 2601 1164 2736">
     <span class='ocr_line' id='line_1_96' title="bbox 1051 2601 1164 2736; baseline 0 0"><span class='ocrx_word' id='word_1_383' title='bbox 1051 2601 1053 2736; x_wconf 95' lang='lat' dir='ltr'> </span> <span class='ocrx_word' id='word_1_384' title='bbox 1067 2716 1078 2736; x_wconf 95' lang='lat' dir='ltr'>  </span> <span class='ocrx_word' id='word_1_385' title='bbox 1157 2716 1164 2736; x_wconf 95' lang='lat' dir='ltr'> </span> 
     </span>
    </p>
   </div>
   <div class='ocr_carea' id='block_1_18' title="bbox 118 2786 1937 2821">
    <p class='ocr_par' dir='ltr' id='par_1_46' title="bbox 118 2786 1937 2821">
     <span class='ocr_line' id='line_1_97' title="bbox 118 2786 1937 2821; baseline 0 71"><span class='ocrx_word' id='word_1_386' title='bbox 118 2786 1937 2821; x_wconf 95' lang='lat' dir='ltr'> </span> 
     </span>
    </p>
   </div>
  </div>
 </body>
</html>
