2028 2892
201 208 271 244 328

204 305 325 354 tiam,
349 305 392 345 in
418 304 679 347 abstinentia
701 310 846 347 autem
869 304 1034 357 patien-

206 361 326 411 tiam,
349 361 394 402 in
416 362 626 414 patientia
649 367 795 404 autem
814 361 1033 414 pietatem,

204 417 249 458 in
271 418 434 470 pietate
458 424 603 460 autem
628 420 822 459 amorem
841 417 1034 459 fraterni-

205 474 322 524 tatis,
344 474 389 514 in
411 477 560 516 amore
584 480 730 516 autem
752 473 1034 515 fraternitatis

206 530 443 572 caritatem.
478 532 590 573 Haec
612 531 726 573 enim
747 531 783 572 si
806 529 1035 573 vobiscum

205 586 368 637 adsint,
401 593 444 630 et
476 591 702 642 superent,
739 600 827 629 non
858 589 1033 637 vacuos,

205 656 287 685 nec
312 644 404 686 sine
429 645 573 687 fructu
597 658 677 687 vos
704 646 970 686 constituent
991 643 1035 684 in

204 700 382 742 Domini
408 702 547 744 nostri
571 703 596 743 J
599 715 676 744 esu
703 700 862 743 Christi
890 700 1034 751 cogni-

205 757 334 799 tione.
382 758 461 800 Cui
488 759 601 800 enim
628 772 715 800 non
742 762 907 811 praesto
936 762 1036 799 sunt

204 814 318 865 haec,
347 828 490 857 caecus
517 821 599 866 est,
628 821 671 858 et
694 829 825 857 manu
849 818 1034 863 tentans,

206 871 472 914 oblivionem
508 873 727 926 accipiens
763 870 1034 926 purgationis

204 930 402 970 veterum
422 932 601 971 suorum
620 928 890 971 delictorum.

262 990 307 1040 Ra
336 985 487 1027 Omnis
510 985 790 1040 pulchritudo
814 988 911 1029 Dni.
936 987 1035 1029 320.

513 1050 661 1089 Lectio
684 1049 735 1087 iii.

209 1092 528 1214 Quapropter
565 1100 720 1142 fratres
752 1100 891 1152 magis
924 1103 1035 1144 sata-

307 1157 407 1207 gite,
426 1162 474 1198 ut
489 1170 568 1210 per
585 1157 702 1199 bona
720 1160 855 1210 opera
872 1163 1035 1199 certam

204 1217 396 1254 vestram
415 1213 692 1255 vocationem
712 1219 755 1255 et
778 1213 1036 1255 electionem

206 1268 394 1310 faciatis:
426 1269 522 1311 haec
550 1270 664 1311 enim
692 1270 917 1321 facientes,
948 1284 1035 1312 non

206 1325 446 1378 peccabitis
467 1325 714 1379 aliquando.
742 1327 813 1369 Sic
831 1327 944 1368 enim
962 1327 1036 1369 ab·

205 1381 421 1424 undanter
461 1383 776 1425 ministrabitur
813 1383 939 1425 vobis
975 1384 1036 1425 in-

204 1438 362 1480 troitus
378 1439 421 1479 in
437 1441 648 1481 aeternum
664 1452 845 1491 regnum
859 1440 1036 1481 Domini

204 1495 360 1546 nostri,
393 1502 437 1538 et
463 1496 703 1538 Salvatoris
731 1497 836 1538 Jesu
865 1496 1035 1539 Christi.

204 1551 392 1605 Propter
408 1551 529 1604 quod
546 1553 751 1606 incipiam
765 1566 846 1595 vos
863 1566 1036 1607 semper

206 1611 485 1650 commonere
505 1608 559 1651 de
578 1609 660 1651 his:
689 1615 732 1652 et
756 1609 933 1662 quidem
956 1611 1035 1652 sci-

207 1666 328 1707 entes
356 1671 400 1707 et
431 1666 714 1708 confirmatos
741 1679 823 1708 vos
854 1667 898 1707 in
925 1680 1036 1720 prae—

206 1722 318 1763 senti
337 1722 533 1764 veritate.
569 1723 594 1763 J
595 1727 741 1764 ustum
760 1728 907 1774 autem
926 1723 1036 1765 arbi-

205 1783 299 1819 tror
319 1777 528 1830 quamdiu
551 1792 647 1820 sum
667 1778 711 1819 in
729 1779 816 1821 hoc
837 1779 1036 1821 taberna-

207 1834 318 1885 culo,
338 1835 549 1876 suscitare
567 1847 648 1877 vos
666 1835 710 1875 in
728 1836 1036 1878 comonitione:

207 1896 353 1932 certus
391 1891 511 1943 quod
546 1891 677 1934 velox
713 1897 780 1934 est
816 1891 1035 1946 depositio

206 1946 476 1989 tabernaculi
492 1948 578 1990 mei
597 1947 838 1991 secundum
857 1948 977 2001 quod
993 1954 1037 1991 et

206 2003 421 2046 Dominus
446 2010 596 2046 noster
614 2005 639 2045 J
641 2017 742 2046 esus
764 2005 961 2048 Christus
984 2006 1037 2047 si-

206 2060 429 2111 gnificavit
453 2061 568 2102 mihi.
606 2061 735 2103 Dabo
762 2068 908 2104 autem
934 2065 1037 2116 ope-

208 2130 302 2158 ram
321 2123 364 2159 et
384 2117 635 2170 frequenter
653 2118 814 2160 habere
834 2132 915 2160 vos
934 2125 1037 2172 post

208 2173 378 2216 obitum
409 2187 573 2225 meum,
609 2179 657 2216 ut
687 2174 845 2216 horum
875 2178 1036 2218 memo-

207 2230 315 2271 riam
335 2231 514 2273 faciatis.

264 2289 311 2340 Rg.
337 2288 544 2331 Exaltare
563 2289 762 2332 Domine.
790 2290 889 2331 320.

438 2353 486 2392 In
509 2353 560 2391 11.
586 2352 808 2391 Nocturno

299 2410 449 2453 Sermo
469 2411 610 2453 sancti
628 2411 789 2453 Leonis
808 2411 952 2463 Papae.

275 2467 319 2498 Sc
316 2476 389 2498 Tm
415 2490 443 2498 ...
471 2466 516 2499 dc
542 2465 782 2499 Ascensionc
809 2464 971 2497 Domini

513 2513 546 2552 L
551 2514 663 2553 ectio
685 2513 736 2551 ix.

215 2573 626 2625 (aeramentum
655 2570 943 2622 dilectissimi,
972 2586 1038 2613 sa-

327 2626 430 2668 lutis
444 2635 618 2680 nostrae,
639 2642 769 2681 quam
784 2629 927 2681 pretio
943 2632 1038 2670 san-

216 2683 251 2708 ³<
328 2683 468 2733 guinis
492 2685 557 2726 sui
578 2685 871 2727 universitatis
893 2685 1038 2727 condi-

210 2743 280 2779 tor
321 2739 518 2781 aestimav
520 2741 572 2790 1t
616 2754 642 2782 a
683 2741 753 2783 die
795 2742 1038 2794 corporalis

764 213 861 245 lutra
888 215 1069 246 (mavum
1100 213 1359 246 Asccnsionis.

1089 310 1210 347 ortus
1237 318 1377 358 usque
1408 305 1464 348 ad
1497 306 1660 348 exitum
1686 306 1915 360 passionis,

1087 375 1166 415 per
1184 362 1554 416 dispensationem
1569 362 1823 404 humilitatis
1838 362 1914 403 im·

1087 419 1255 472 pletum
1277 426 1355 462 est.
1398 420 1456 462 Et
1478 420 1580 462 licet
1603 419 1757 471 multa,
1785 419 1916 461 etiam

1088 477 1131 517 in
1149 476 1289 518 forma
1309 477 1434 527 servi,
1456 476 1692 519 divinitatis
1711 477 1833 528 signa
1851 489 1916 517 ra-

1091 532 1317 576 diaverint:
1331 534 1509 588 proprie
1523 539 1669 576 tamen
1683 534 1797 575 illius
1810 535 1917 575 tem-

1088 591 1208 643 poris
1223 591 1338 633 actio
1352 590 1409 633 ad
1424 590 1810 634 demonstrandam
1825 603 1917 632 sus-

1090 648 1205 701 cepti
1231 647 1418 690 hominis
1443 648 1651 701 pertinuit
1676 647 1916 690 veritatem.

1089 704 1196 747 Post
1212 705 1463 758 passionem
1482 718 1587 747 vero
1606 705 1747 758 ruptis
1764 704 1917 746 mortis

1088 762 1291 812 vinculis,
1327 774 1426 814 quae
1457 762 1545 803 vim
1578 774 1702 803 suam
1731 761 1775 802 in
1807 773 1918 811 eum,

1090 818 1164 870 qui
1178 819 1350 871 peccati
1364 823 1457 861 erat
1471 818 1655 869 nescius,
1671 816 1916 860 incedendo

1088 874 1356 928 perdiderat;
1383 875 1610 918 infirmitas
1634 875 1678 921 in
1701 874 1917 924 virtutem,

1041 953 1046 955 -
1090 931 1332 974 mortalitas
1350 932 1394 973 in
1412 929 1794 982 immortalitatem,
1818 942 1918 972 con-

1089 988 1265 1029 tumelia
1283 989 1484 1031 transivit
1501 988 1545 1029 in
1563 988 1762 1040 gloriam:
1787 999 1918 1040 quam

1088 1043 1302 1087 Dominus
1326 1046 1351 1086 J
1353 1058 1453 1087 esus
1479 1045 1676 1087 Christus
1702 1044 1747 1086 in
1769 1042 1917 1085 multis

1088 1101 1415 1154 manifestisque
1445 1101 1736 1151 documentis,
1762 1099 1918 1141 multo-

1088 1171 1184 1199 rum
1212 1157 1451 1200 declaravit
1479 1157 1747 1212 aspectibus,
1776 1155 1919 1198 donec

1087 1214 1356 1268 triumphum
1379 1215 1593 1266 victoriae,
1617 1227 1747 1267 quem
1770 1225 1919 1266 repor-

1088 1272 1203 1315 tarat
1222 1284 1247 1312 a
1265 1272 1459 1323 mortuis,
1479 1271 1656 1314 inferret
1675 1276 1719 1313 et
1738 1269 1872 1326 coelis.

1142 1332 1191 1383 R
1216 1328 1411 1382 Tempus
1432 1334 1509 1370 est.
1537 1329 1630 1370 322.

1397 1384 1548 1425 Lectio
1569 1398 1606 1423 v.

1091 1436 1249 1543 Sicut
1260 1455 1365 1494 ergo
1376 1442 1421 1483 in
1433 1442 1709 1484 solemnitate
1721 1439 1919 1494 paschali

1173 1500 1435 1542 resurrectio
1463 1499 1641 1542 Domini
1675 1498 1756 1546 fuit
1789 1497 1918 1540 nobis

1089 1569 1223 1598 causa
1240 1556 1434 1599 laetandi:
1459 1556 1521 1598 ita
1545 1555 1743 1598 ascensio
1765 1555 1856 1608 ejus
1874 1554 1919 1597 in

1090 1613 1227 1655 coelos
1250 1613 1532 1675 praesentium
1553 1612 1681 1655 nobis
1700 1617 1768 1654 est
1784 1613 1919 1654 mate-

1088 1670 1152 1710 ria
1177 1664 1451 1721 gaudiorum,
1477 1668 1772 1711 recolentibus
1796 1667 1918 1709 illum

1090 1725 1216 1776 diem,
1236 1732 1279 1768 et
1298 1726 1378 1768 rite
1397 1725 1717 1774 venerantibus,
1738 1737 1826 1776 quo
1845 1736 1918 1765 na-

1089 1784 1199 1824 turae
1230 1787 1394 1824 nostrae
1421 1782 1641 1824 humilitas
1671 1781 1715 1822 in
1743 1780 1916 1823 Christo

1090 1851 1221 1891 super
1241 1852 1414 1881 omnem
1434 1839 1533 1881 coeli
1551 1838 1762 1888 militiam,
1786 1849 1918 1890 super

1090 1907 1241 1937 omnes
1256 1895 1431 1938 ordines
1446 1894 1726 1946 Angelorum,
1746 1898 1790 1936 et
1803 1893 1917 1935 ultra

1090 1952 1282 1993 omnium
1323 1951 1596 1994 altiti'idinem
1635 1952 1916 2004 potestatum,

1089 2007 1147 2050 ad
1165 2008 1248 2049 Dei
1267 2008 1409 2050 Patris
1429 2013 1496 2050 est
1513 2008 1725 2061 provecta
1745 2006 1916 2048 conses-

1089 2078 1196 2106 sum.
1241 2065 1338 2115 Quo
1366 2064 1518 2107 ordine
1544 2066 1727 2117 operum
1752 2062 1917 2105 divino·

1089 2134 1184 2162 rum
1206 2133 1287 2162 nos
1310 2120 1493 2171 fundati,
1516 2133 1597 2162 nos
1621 2118 1827 2162 aedificati
1849 2131 1917 2159 su-

1090 2190 1200 2218 mus:
1218 2182 1265 2219 ut
1278 2177 1517 2219 mirabilior
1534 2177 1658 2218 fieret
1672 2175 1813 2227 gratia
1822 2173 1916 2224 Dei,

1091 2245 1190 2275 cum
1225 2234 1404 2275 remotis
1441 2246 1467 2274 a
1505 2234 1744 2286 conspectu
1779 2231 1917 2272 homi-

1089 2303 1206 2339 num,
1235 2302 1333 2342 quae
1358 2290 1514 2332 merito
1539 2289 1827 2331 reverentiam
1850 2287 1917 2328 sui

1090 2345 1387 2389 sentiebantur
1426 2346 1642 2395 indicere,
1681 2343 1793 2386 fides
1829 2355 1917 2394 non

1090 2401 1314 2453 deficeret,
1340 2416 1442 2457 spes
1465 2415 1553 2444 non
1577 2402 1822 2464 fluctuaret,
1849 2402 1917 2442 ca-

1089 2459 1194 2501 ritas
1213 2471 1301 2500 non
1319 2462 1501 2514 teperet.

1144 2514 1193 2564 Κ·
1219 2515 1319 2557 Non
1338 2516 1548 2558 turbetur.
1575 2514 1667 2555 322.

1390 2567 1540 2607 Lectio
1566 2581 1590 2605 v
1596 2567 1617 2605 ἰ,

1195 2631 1404 2680 agnarum
1438 2627 1508 2670 hic
1543 2628 1668 2679 vigor
1702 2633 1769 2669 est
1801 2627 1916 2669 men-

1214 2686 1331 2734 tium,
1351 2691 1394 2729 et
1412 2683 1540 2727 valde
1559 2683 1753 2726 fidelium
1772 2684 1917 2726 lumen

1091 2747 1157 2784 est
1176 2741 1429 2791 animarum,
1452 2741 1751 2782 incunctanter
1770 2739 1917 2782 crede-
