2028 2892
716 172 915 206 Dominicu
943 174 987 207 Π.
1015 179 1102 217 post
1127 174 1286 209 Pascha.

146 266 357 309 bonitatis
375 267 573 317 formam,
593 279 724 318 quam
742 278 822 307 nos
842 266 976 308 imite-

147 336 259 372 mur,
288 323 500 374 adjungit,
529 322 694 364 dicens:
724 323 876 363 Bonus
902 335 975 374 pa-

147 383 242 420 stor
267 379 455 420 animam
479 392 603 420 suam
626 378 751 431 ponit
776 391 857 430 pro
887 378 975 419 ovi-

147 434 230 477 bus
244 435 345 477 suis.
365 435 489 476 Fecit
505 434 625 487 quod
637 434 820 476 m6nuit:
835 436 975 476 osten-

148 490 213 532 dit
233 490 354 543 quod
372 491 507 542 jussit.
542 492 693 532 Bonus
717 495 869 543 pastor
893 503 975 542 pro

148 547 305 589 ovibus
335 547 425 588 suis
455 547 643 588 animam
669 559 793 588 suam
816 547 975 599 posuit,

147 607 196 644 ut
232 603 277 643 in
314 605 592 644 sacramento
630 607 784 644 nostro
816 615 975 655 corpus

146 671 274 700 suum
310 663 355 701 et
392 659 648 710 sanguinem
684 660 890 708 verteret,
932 663 976 700 et

147 728 254 756 oves
284 728 392 767 quas
421 714 684 764 redemerat,
713 715 856 756 carnis
884 728 975 756 suae

146 771 352 813 alimento
371 771 561 812 satiaret.

194 834 244 886 R.
284 834 482 876 Christus
514 838 747 885 resurgens
780 847 834 876 ex
861 837 973 875 mot-

145 892 247 940 tuis,
266 891 351 943 jam
370 903 458 932 non
476 891 677 940 moritur,
696 903 816 932 mors
834 891 896 930 illi
914 890 973 931 ul-

145 952 215 989 tra
241 960 330 988 non
361 946 670 988 dominabitur:
708 947 828 998 quod
861 947 975 988 enim

145 1006 345 1045 mortuus
365 1007 432 1044 est
454 1005 658 1055 peccato,
685 1005 884 1044 mortuus
909 1007 975 1044 est

146 1058 296 1101 semel:
320 1059 341 1081 *
377 1058 508 1108 Quod
536 1063 683 1100 autem
710 1059 833 1108 vivit,
867 1059 975 1100 vivit

143 1115 260 1165 Deo,
279 1115 466 1166 alleluja,
485 1114 668 1166 alleluja.
699 1108 748 1158 V.
773 1114 974 1156 Mortuus

145 1175 212 1213 θεῖ
239 1171 376 1212 semel
402 1175 587 1223 propter
621 1169 780 1212 delicta
807 1175 973 1220 nostra,

144 1231 189 1268 et
218 1226 459 1268 resurrexit
490 1230 674 1278 propter
706 1226 972 1277 justificatio-

142 1295 244 1324 nem
261 1288 469 1325 nostram.
497 1280 639 1332 Quod.

426 1363 577 1403 Lectio
598 1363 681 1402 viii.

229 1435 376 1475 stensa
400 1434 528 1476 nobis
552 1438 619 1476 θεῖ
642 1433 696 1475 (1θ
716 1435 972 1485 contemptu

236 1491 391 1531 mortis
426 1490 514 1539 via,
555 1502 686 1542 quam
721 1491 972 1541 sequamur:

143 1546 349 1598 apposita
377 1550 444 1587 est
467 1546 628 1595 forma,
660 1545 731 1586 cui
754 1545 971 1596 imprima-

143 1614 250 1643 mur.
280 1602 475 1643 Primum
497 1601 626 1643 nobis
646 1605 727 1650 est,
753 1601 972 1642 exteriora

142 1661 294 1699 nostra
320 1657 663 1699 misericorditer
692 1656 848 1698 ovibus
881 1657 971 1708 ejus

142 1713 411 1765 impendere:
429 1715 701 1765 postremum
715 1725 832 1762 vero,
850 1713 887 1753 si
900 1725 968 1753 ne-

143 1770 266 1810 cesse
295 1769 369 1819 sit,
401 1769 533 1810 etiam
559 1773 749 1810 mortem
775 1773 972 1810 nostram

141 1837 225 1877 pro
253 1824 420 1867 eisdem
448 1825 604 1866 ovibus
631 1825 890 1866 ministrare.
931 1825 972 1865 A

141 1881 281 1933 primo
301 1886 448 1922 autem
468 1881 554 1922 hoc
576 1881 754 1921 minimo
773 1883 970 1932 perveni-

141 1942 214 1977 tur
232 1936 289 1979 ad
307 1938 581 1989 postremum
599 1937 748 1988 majus.
768 1936 856 1977 Sed
872 1949 971 1976 cum

142 1992 544 2045 incomparabiliter
571 1993 700 2043 longe
732 1992 789 2032 sit
815 1991 971 2032 melior

143 2048 300 2098 anima,
321 2061 408 2101 qua
424 2050 624 2097 vivimus,
650 2060 780 2099 quam
796 2048 969 2088 terrena

143 2104 389 2145 substantia
413 2117 543 2156 quam
564 2104 753 2145 exterius
773 2102 969 2154 posside-

142 2172 254 2200 mus:
283 2160 358 2212 qui
380 2173 469 2202 non
493 2160 568 2202 dat
590 2171 671 2212 pro
696 2157 852 2199 ovibus
872 2157 968 2199 sub-

143 2216 348 2257 stantiam
363 2229 497 2266 suam,
519 2215 695 2268 quando
713 2226 795 2266 pro
814 2213 881 2254 his
896 2213 968 2254 da-

141 2275 268 2312 turus
288 2276 356 2313 est
375 2272 563 2312 animam
583 2269 728 2312 suam?

194 2335 244 2386 Rg.
284 2336 482 2377 Surrexit
512 2339 666 2387 pastor
694 2333 853 2382 bonus,
895 2332 969 2383 qui

142 2391 332 2432 animam
363 2404 487 2432 suam
519 2390 667 2442 posuit
698 2401 779 2441 pro
813 2387 968 2428 ovibus

142 2447 247 2497 suis,
274 2451 318 2488 et
336 2459 419 2499 pro
437 2459 571 2497 grege
590 2458 670 2486 suo
689 2444 802 2485 mori
820 2443 967 2492 digna-

140 2507 212 2544 tus
231 2508 312 2544 est:
332 2501 355 2523 *
368 2503 567 2554 Alleluia,
586 2501 767 2552 alleluja,
787 2499 967 2549 alleluja.

143 2553 193 2601 V·
215 2559 389 2600 Etenim
407 2557 578 2599 Pascha
600 2562 798 2598 nostrum
816 2555 966 2594 immo-

141 2613 256 2655 latus
280 2619 347 2655 est
373 2614 582 2655 Christus.
626 2611 822 2662 Alleluja.
865 2608 965 2648 Glo-

141 2669 206 2710 ria
222 2670 356 2712 Patri.
384 2669 583 2720 Alleluia.

1328 269 1477 310 Lectio
1498 271 1549 309 ix.

1106 325 1124 362 t
1153 326 1253 362 sunt
1279 322 1489 373 nonnulli,
1523 323 1596 375 qui
1623 323 1727 364 dum
1754 324 1852 376 plus

1120 379 1338 419 terrenam
1374 378 1676 428 substantiam,
1722 393 1852 431 quam

1029 447 1136 476 oves
1170 433 1369 484 diligunt,
1401 435 1557 475 merito
1589 447 1747 476 nomen
1778 448 1851 488 pa-

1028 490 1160 531 storis
1180 489 1385 542 perdunt:
1405 488 1460 530 de
1481 489 1636 541 quibus
1653 491 1851 542 protinus

1027 545 1247 587 sabditur:
1285 545 1580 586 Mercenarius
1614 551 1775 597 autem,
1809 553 1852 589 et

1029 602 1103 654 qui
1122 614 1208 642 non
1229 605 1295 642 est
1316 606 1482 653 pastor,
1507 603 1626 654 quus
1645 615 1732 643 non
1751 609 1852 645 sunt

1028 670 1134 699 oves
1152 657 1355 710 propriae,
1374 656 1494 698 videt
1512 657 1662 709 lupum
1681 659 1851 700 venien-

1026 719 1126 763 tem,
1147 719 1190 755 et
1210 713 1388 754 dimittit
1407 725 1523 762 oveS,
1544 718 1586 754 et
1606 713 1724 763 fugit.
1751 715 1850 756 Non

1026 775 1195 822 pastor,
1227 768 1306 810 sed
1338 769 1631 810 mercenarius
1659 772 1850 820 vocatur,

1030 826 1104 877 qui
1140 837 1229 866 non
1267 837 1349 877 pro
1382 826 1531 865 am6re
1561 825 1713 866 intimo
1746 838 1850 867 oves

1027 881 1296 930 Dominicas‚
1352 880 1431 921 sed
1480 880 1537 921 ad
1585 882 1850 933 temporales

1026 936 1254 978 mercedes
1318 936 1470 988 pascit.
1555 936 1850 978 Mercenarius

1028 993 1191 1045 quippe
1212 997 1292 1042 θεῖ,
1320 992 1394 1044 qui
1416 991 1560 1032 locum
1581 992 1758 1044 quidem
1775 1006 1848 1045 pa-

1027 1049 1157 1090 stdris
1185 1052 1321 1097 tenet,
1353 1047 1432 1088 sed
1463 1047 1583 1088 lucra
1610 1048 1850 1090 animarum

1026 1117 1114 1145 non
1135 1104 1306 1156 quaerit:
1326 1103 1509 1144 terrenis
1529 1103 1771 1144 ccmmodis
1789 1107 1849 1145 in-

1026 1160 1134 1210 hiat,
1173 1160 1341 1200 honore
1374 1159 1645 1211 praelationis
1678 1160 1850 1210 gaudet,

1025 1215 1343 1268 temporalibus
1371 1215 1503 1255 lucris
1529 1215 1743 1266 pascitur,
1775 1216 1850 1256 im-

1024 1274 1162 1324 pensa
1187 1271 1271 1312 sibi
1297 1270 1351 1311 ab
1380 1270 1629 1311 hominibus
1652 1274 1849 1312 reveren-

1025 1328 1087 1368 tia
1105 1328 1289 1368 laetatur.

1079 1385 1141 1424 Te
1160 1383 1304 1423 Deum
1322 1379 1561 1422 laudamus.
1580 1382 1638 1422 15.

1283 1453 1362 1494 Ad
1383 1453 1590 1494 Laudes.

1077 1514 1161 1547 Ant.
1188 1518 1223 1546 ct
1248 1513 1308 1547 Ps.
1334 1514 1381 1547 dc
1405 1512 1603 1547 I'saltcrio.
1634 1511 1683 1545 15.

1101 1572 1358 1623 Capitulum.
1508 1573 1536 1611 1.
1551 1571 1664 1612 Petr.
1679 1572 1715 1610 2.
1731 1571 1768 1610 d.

1025 1627 1295 1735 Carissimi:
1309 1631 1506 1672 Christus
1518 1643 1675 1683 passus
1689 1635 1755 1671 est
1766 1643 1848 1682 pro

1113 1687 1257 1737 nobis,
1282 1687 1408 1728 vobis
1433 1686 1681 1738 relinquens
1707 1688 1847 1727 exem-

1023 1744 1147 1796 plum
1176 1748 1225 1784 ut
1257 1742 1500 1794 sequamini
1530 1742 1714 1792 vestigia
1747 1743 1847 1793 ejus.

1026 1800 1110 1850 Qui
1127 1801 1358 1852 peccatum
1375 1811 1464 1839 non
1478 1798 1591 1847 fecit,
1608 1810 1690 1838 nec
1704 1798 1846 1838 inven—

1023 1860 1094 1896 tus
1114 1860 1180 1896 θεῖ
1199 1854 1327 1896 dolus
1345 1854 1389 1894 in
1409 1866 1485 1894 ore
1505 1854 1606 1904 ejus.

1078 1916 1287 1965 Hymnus.
1309 1915 1480 1955 Aurora
1499 1913 1669 1954 coelum.
1688 1914 1746 1953 19.

1077 1969 1126 2021 V.
1151 1975 1202 2015 In
1227 1973 1546 2015 resurrectione
1571 1976 1646 2013 tua
1665 1972 1844 2020 Christe,

1022 2030 1203 2081 alleluja.
1236 2032 1285 2082 Rz.
1308 2028 1419 2070 Coeli
1436 2033 1480 2069 et
1497 2033 1615 2069 terra
1632 2027 1843 2075 laetentur,

1021 2086 1202 2137 alleluja.

1076 2149 1147 2190 Ad
1165 2149 1325 2190 Bened.
1345 2150 1442 2189 Ant.
1463 2149 1557 2197 Ego
1578 2159 1673 2187 sum
1690 2150 1843 2197 pastor

1021 2207 1182 2247 ovium:
1209 2206 1233 2232 *
1258 2217 1340 2255 ego
1365 2217 1461 2245 sum
1484 2203 1568 2250 via,
1595 2201 1771 2250 veritas,
1799 2206 1843 2242 et

1019 2263 1122 2303 vita:
1143 2273 1224 2312 ego
1241 2273 1336 2301 sum
1350 2263 1501 2311 pastor
1515 2258 1666 2305 bonus,
1685 2260 1728 2297 et
1743 2268 1841 2305 cog·

1018 2319 1155 2358 n6sco
1188 2328 1294 2356 oves
1325 2327 1464 2362 meas,
1497 2316 1541 2353 et
1571 2313 1841 2361 cognoscunt

1018 2385 1089 2413 me
1107 2384 1229 2421 meae,
1249 2370 1430 2420 alleluja,
1448 2367 1629 2417 alleluja.

1355 2434 1516 2475 Oratio.

1022 2493 1202 2596 Deus,
1230 2498 1303 2549 qui
1326 2498 1369 2536 in
1389 2493 1486 2536 Filii
1508 2492 1571 2533 tui
1594 2492 1838 2534 humilitate

1134 2555 1344 2604 jacentem
1389 2548 1599 2590 mundum
1646 2549 1841 2589 erexisti:

1017 2609 1220 2650 fidelibus
1248 2607 1332 2648 tuis
1359 2606 1617 2657 perpetuam
1647 2602 1838 2644 concede

1017 2665 1228 2714 laetitiam3
1246 2667 1294 2703 ut
1311 2673 1421 2713 quos
1440 2661 1665 2712 perpetuae
1685 2658 1838 2699 mortis
