<?xml version="1.0" encoding="UTF-8"?>
<!DOCTYPE html PUBLIC "-//W3C//DTD XHTML 1.0 Transitional//EN"
    "http://www.w3.org/TR/xhtml1/DTD/xhtml1-transitional.dtd">
<html xmlns="http://www.w3.org/1999/xhtml" xml:lang="en" lang="en">
 <head>
  <title>
</title>
<meta http-equiv="Content-Type" content="text/html;charset=utf-8" />
  <meta name='ocr-system' content='tesseract 3.04.00' />
  <meta name='ocr-capabilities' content='ocr_page ocr_carea ocr_par ocr_line ocrx_word'/>
</head>
<body>
  <div class='ocr_page' id='page_1' title='image "./p2breviariumroma00cathuoft_0160.png"; bbox 0 0 2028 2892; ppageno 0'>
   <div class='ocr_carea' id='block_1_1' title="bbox 159 208 226 242">
    <p class='ocr_par' dir='ltr' id='par_1_1' title="bbox 159 208 226 242">
     <span class='ocr_line' id='line_1_1' title="bbox 159 208 226 242; baseline 0 0"><span class='ocrx_word' id='word_1_1' title='bbox 159 208 226 242; x_wconf 88' lang='lat'>132</span> 
     </span>
    </p>
   </div>
   <div class='ocr_carea' id='block_1_2' title="bbox 519 252 1874 321">
    <p class='ocr_par' dir='ltr' id='par_1_2' title="bbox 519 252 1874 321">
     <span class='ocr_line' id='line_1_2' title="bbox 519 252 1874 321; baseline 0 0"><span class='ocrx_word' id='word_1_2' title='bbox 519 252 1874 321; x_wconf 95' lang='lat' dir='ltr'>   </span> 
     </span>
    </p>
   </div>
   <div class='ocr_carea' id='block_1_3' title="bbox 158 294 1001 2760">
    <p class='ocr_par' dir='ltr' id='par_1_3' title="bbox 158 294 990 1249">
     <span class='ocr_line' id='line_1_3' title="bbox 159 294 985 349; baseline -0.011 -6"><span class='ocrx_word' id='word_1_3' title='bbox 159 308 236 343; x_wconf 91' lang='lat' dir='ltr'>est.</span> <span class='ocrx_word' id='word_1_4' title='bbox 285 301 384 341; x_wconf 92' lang='lat' dir='ltr'>Non</span> <span class='ocrx_word' id='word_1_5' title='bbox 420 297 725 349; x_wconf 77' lang='lat' dir='ltr'>angustiamini</span> <span class='ocrx_word' id='word_1_6' title='bbox 761 297 804 336; x_wconf 92' lang='lat' dir='ltr'>in</span> <span class='ocrx_word' id='word_1_7' title='bbox 841 294 985 336; x_wconf 90' lang='lat' dir='ltr'>nobis:</span> 
     </span>
     <span class='ocr_line' id='line_1_4' title="bbox 161 350 986 408; baseline -0.011 -9"><span class='ocrx_word' id='word_1_8' title='bbox 161 356 463 408; x_wconf 83' lang='lat' dir='ltr'>angustiamini</span> <span class='ocrx_word' id='word_1_9' title='bbox 496 359 642 396; x_wconf 90' lang='lat' dir='ltr'>autem</span> <span class='ocrx_word' id='word_1_10' title='bbox 675 354 719 393; x_wconf 94' lang='lat' dir='ltr'>in</span> <span class='ocrx_word' id='word_1_11' title='bbox 746 350 986 393; x_wconf 88' lang='lat' dir='ltr'>visceribus</span> 
     </span>
     <span class='ocr_line' id='line_1_5' title="bbox 158 407 986 455; baseline -0.01 0"><span class='ocrx_word' id='word_1_12' title='bbox 158 413 331 455; x_wconf 89' lang='lat' dir='ltr'>vestris.</span> <span class='ocrx_word' id='word_1_13' title='bbox 371 410 571 453; x_wconf 78' lang='lat' dir='ltr'>eamdem</span> <span class='ocrx_word' id='word_1_14' title='bbox 599 414 747 451; x_wconf 88' lang='lat' dir='ltr'>autem</span> <span class='ocrx_word' id='word_1_15' title='bbox 773 407 986 449; x_wconf 89' lang='lat' dir='ltr'>habentes</span> 
     </span>
     <span class='ocr_line' id='line_1_6' title="bbox 159 463 987 517; baseline -0.01 -7"><span class='ocrx_word' id='word_1_16' title='bbox 159 468 572 515; x_wconf 88' lang='lat' dir='ltr'>remunerationem,</span> <span class='ocrx_word' id='word_1_17' title='bbox 619 470 845 517; x_wconf 86' lang='lat' dir='ltr'><strong>tamquam</strong></span> <span class='ocrx_word' id='word_1_18' title='bbox 887 463 987 503; x_wconf 86' lang='lat' dir='ltr'>filiis</span> 
     </span>
     <span class='ocr_line' id='line_1_7' title="bbox 160 519 986 571; baseline -0.01 -4"><span class='ocrx_word' id='word_1_19' title='bbox 160 526 276 567; x_wconf 89' lang='lat' dir='ltr'>dico:</span> <span class='ocrx_word' id='word_1_20' title='bbox 305 523 544 566; x_wconf 83' lang='lat' dir='ltr'>dilatamini</span> <span class='ocrx_word' id='word_1_21' title='bbox 564 526 608 564; x_wconf 92' lang='lat' dir='ltr'>et</span> <span class='ocrx_word' id='word_1_22' title='bbox 627 534 718 563; x_wconf 88' lang='lat' dir='ltr'>vos.</span> <span class='ocrx_word' id='word_1_23' title='bbox 756 519 905 561; x_wconf 81' lang='lat' dir='ltr'>Nolite</span> <span class='ocrx_word' id='word_1_24' title='bbox 929 520 986 571; x_wconf 90' lang='lat' dir='ltr'>ju-</span> 
     </span>
     <span class='ocr_line' id='line_1_8' title="bbox 158 576 986 646; baseline -0.01 -23"><span class='ocrx_word' id='word_1_25' title='bbox 158 595 261 646; x_wconf 81' lang='lat' dir='ltr'>gum</span> <span class='ocrx_word' id='word_1_26' title='bbox 280 580 442 622; x_wconf 82' lang='lat' dir='ltr'>ducere</span> <span class='ocrx_word' id='word_1_27' title='bbox 464 592 563 620; x_wconf 92' lang='lat' dir='ltr'>cum</span> <span class='ocrx_word' id='word_1_28' title='bbox 588 576 847 619; x_wconf 76' lang='lat' dir='ltr'>infidelibus,</span> <span class='ocrx_word' id='word_1_29' title='bbox 879 576 986 625; x_wconf 89' lang='lat' dir='ltr'>Quae</span> 
     </span>
     <span class='ocr_line' id='line_1_9' title="bbox 160 631 987 689; baseline -0.011 -10"><span class='ocrx_word' id='word_1_30' title='bbox 160 638 273 679; x_wconf 92' lang='lat' dir='ltr'>enim</span> <span class='ocrx_word' id='word_1_31' title='bbox 291 636 569 689; x_wconf 63' lang='lat' dir='ltr'>participatio</span> <span class='ocrx_word' id='word_1_32' title='bbox 591 634 765 685; x_wconf 86' lang='lat' dir='ltr'>justitiae</span> <span class='ocrx_word' id='word_1_33' title='bbox 790 645 888 673; x_wconf 92' lang='lat' dir='ltr'>cum</span> <span class='ocrx_word' id='word_1_34' title='bbox 913 631 987 671; x_wconf 93' lang='lat' dir='ltr'>ini-</span> 
     </span>
     <span class='ocr_line' id='line_1_10' title="bbox 161 686 988 746; baseline -0.008 -12"><span class='ocrx_word' id='word_1_35' title='bbox 161 692 349 746; x_wconf 78' lang='lat' dir='ltr'>quitate?</span> <span class='ocrx_word' id='word_1_36' title='bbox 382 692 471 732; x_wconf 90' lang='lat' dir='ltr'>Aut</span> <span class='ocrx_word' id='word_1_37' title='bbox 495 704 592 743; x_wconf 87' lang='lat' dir='ltr'>quae</span> <span class='ocrx_word' id='word_1_38' title='bbox 615 692 800 731; x_wconf 85' lang='lat' dir='ltr'>societas</span> <span class='ocrx_word' id='word_1_39' title='bbox 819 688 906 728; x_wconf 91' lang='lat' dir='ltr'>luci</span> <span class='ocrx_word' id='word_1_40' title='bbox 932 686 988 728; x_wconf 90' lang='lat' dir='ltr'>ad</span> 
     </span>
     <span class='ocr_line' id='line_1_11' title="bbox 158 744 987 798; baseline -0.01 -7"><span class='ocrx_word' id='word_1_41' title='bbox 158 747 386 791; x_wconf 89' lang='lat' dir='ltr'>tenebras?</span> <span class='ocrx_word' id='word_1_42' title='bbox 436 749 545 798; x_wconf 87' lang='lat' dir='ltr'>Quae</span> <span class='ocrx_word' id='word_1_43' title='bbox 578 751 723 787; x_wconf 89' lang='lat' dir='ltr'>autem</span> <span class='ocrx_word' id='word_1_44' title='bbox 755 744 987 785; x_wconf 86' lang='lat' dir='ltr'>conventio</span> 
     </span>
     <span class='ocr_line' id='line_1_12' title="bbox 160 802 987 852; baseline -0.008 -6"><span class='ocrx_word' id='word_1_45' title='bbox 160 805 318 846; x_wconf 86' lang='lat' dir='ltr'>Christi</span> <span class='ocrx_word' id='word_1_46' title='bbox 348 803 404 845; x_wconf 85' lang='lat' dir='ltr'>ad</span> <span class='ocrx_word' id='word_1_47' title='bbox 431 802 597 844; x_wconf 86' lang='lat' dir='ltr'>Belial?</span> <span class='ocrx_word' id='word_1_48' title='bbox 638 802 729 843; x_wconf 92' lang='lat' dir='ltr'>Aut</span> <span class='ocrx_word' id='word_1_49' title='bbox 757 813 856 852; x_wconf 88' lang='lat' dir='ltr'>quae</span> <span class='ocrx_word' id='word_1_50' title='bbox 884 812 987 852; x_wconf 89' lang='lat' dir='ltr'>pars</span> 
     </span>
     <span class='ocr_line' id='line_1_13' title="bbox 159 857 987 908; baseline -0.008 -5"><span class='ocrx_word' id='word_1_51' title='bbox 159 861 279 903; x_wconf 90' lang='lat' dir='ltr'>fideli</span> <span class='ocrx_word' id='word_1_52' title='bbox 293 874 391 902; x_wconf 89' lang='lat' dir='ltr'>cum</span> <span class='ocrx_word' id='word_1_53' title='bbox 415 857 601 901; x_wconf 86' lang='lat' dir='ltr'>infideli?</span> <span class='ocrx_word' id='word_1_54' title='bbox 623 858 706 908; x_wconf 91' lang='lat' dir='ltr'>Qui</span> <span class='ocrx_word' id='word_1_55' title='bbox 726 862 871 898; x_wconf 87' lang='lat' dir='ltr'>autem</span> <span class='ocrx_word' id='word_1_56' title='bbox 888 868 987 897; x_wconf 92' lang='lat' dir='ltr'>con-</span> 
     </span>
     <span class='ocr_line' id='line_1_14' title="bbox 160 911 988 968; baseline -0.008 -9"><span class='ocrx_word' id='word_1_57' title='bbox 160 920 313 959; x_wconf 89' lang='lat' dir='ltr'>sensus</span> <span class='ocrx_word' id='word_1_58' title='bbox 329 916 496 968; x_wconf 89' lang='lat' dir='ltr'>templo</span> <span class='ocrx_word' id='word_1_59' title='bbox 508 915 591 956; x_wconf 93' lang='lat' dir='ltr'>Dei</span> <span class='ocrx_word' id='word_1_60' title='bbox 607 927 706 955; x_wconf 93' lang='lat' dir='ltr'>cum</span> <span class='ocrx_word' id='word_1_61' title='bbox 721 911 874 955; x_wconf 83' lang='lat' dir='ltr'>idolis?</span> <span class='ocrx_word' id='word_1_62' title='bbox 893 912 988 953; x_wconf 89' lang='lat' dir='ltr'>Vos</span> 
     </span>
     <span class='ocr_line' id='line_1_15' title="bbox 161 968 989 1024; baseline -0.008 -9"><span class='ocrx_word' id='word_1_63' title='bbox 161 974 275 1015; x_wconf 90' lang='lat' dir='ltr'>enim</span> <span class='ocrx_word' id='word_1_64' title='bbox 296 973 400 1014; x_wconf 90' lang='lat' dir='ltr'>estis</span> <span class='ocrx_word' id='word_1_65' title='bbox 419 971 630 1024; x_wconf 91' lang='lat' dir='ltr'>templum</span> <span class='ocrx_word' id='word_1_66' title='bbox 649 971 733 1011; x_wconf 93' lang='lat' dir='ltr'>Dei</span> <span class='ocrx_word' id='word_1_67' title='bbox 752 969 854 1018; x_wconf 88' lang='lat' dir='ltr'>vivi,</span> <span class='ocrx_word' id='word_1_68' title='bbox 876 968 989 1009; x_wconf 90' lang='lat' dir='ltr'>sicut</span> 
     </span>
     <span class='ocr_line' id='line_1_16' title="bbox 161 1024 989 1078; baseline -0.007 -8"><span class='ocrx_word' id='word_1_69' title='bbox 161 1029 266 1071; x_wconf 92' lang='lat' dir='ltr'>dicit</span> <span class='ocrx_word' id='word_1_70' title='bbox 281 1030 416 1070; x_wconf 89' lang='lat' dir='ltr'>Deus:</span> <span class='ocrx_word' id='word_1_71' title='bbox 439 1028 655 1078; x_wconf 92' lang='lat' dir='ltr'>Quoniam</span> <span class='ocrx_word' id='word_1_72' title='bbox 672 1025 925 1067; x_wconf 77' lang='lat' dir='ltr'>inhabitabo</span> <span class='ocrx_word' id='word_1_73' title='bbox 945 1024 989 1064; x_wconf 92' lang='lat' dir='ltr'>in</span> 
     </span>
     <span class='ocr_line' id='line_1_17' title="bbox 160 1082 989 1134; baseline -0.006 -8"><span class='ocrx_word' id='word_1_74' title='bbox 160 1085 259 1134; x_wconf 89' lang='lat' dir='ltr'>illis,</span> <span class='ocrx_word' id='word_1_75' title='bbox 294 1091 338 1126; x_wconf 93' lang='lat' dir='ltr'>et</span> <span class='ocrx_word' id='word_1_76' title='bbox 366 1082 648 1125; x_wconf 79' lang='lat' dir='ltr'>inambulabo</span> <span class='ocrx_word' id='word_1_77' title='bbox 676 1083 788 1123; x_wconf 92' lang='lat' dir='ltr'>inter</span> <span class='ocrx_word' id='word_1_78' title='bbox 817 1093 909 1130; x_wconf 83' lang='lat' dir='ltr'>eOS,</span> <span class='ocrx_word' id='word_1_79' title='bbox 946 1085 989 1121; x_wconf 92' lang='lat' dir='ltr'>et</span> 
     </span>
     <span class='ocr_line' id='line_1_18' title="bbox 162 1138 990 1190; baseline -0.006 -8"><span class='ocrx_word' id='word_1_80' title='bbox 162 1154 238 1182; x_wconf 93' lang='lat' dir='ltr'>ero</span> <span class='ocrx_word' id='word_1_81' title='bbox 272 1141 446 1182; x_wconf 89' lang='lat' dir='ltr'>illorum</span> <span class='ocrx_word' id='word_1_82' title='bbox 482 1140 623 1189; x_wconf 82' lang='lat' dir='ltr'>Deus,</span> <span class='ocrx_word' id='word_1_83' title='bbox 663 1144 706 1180; x_wconf 92' lang='lat' dir='ltr'>et</span> <span class='ocrx_word' id='word_1_84' title='bbox 741 1138 825 1190; x_wconf 91' lang='lat' dir='ltr'>ipsi</span> <span class='ocrx_word' id='word_1_85' title='bbox 863 1141 990 1178; x_wconf 90' lang='lat' dir='ltr'>erunt</span> 
     </span>
     <span class='ocr_line' id='line_1_19' title="bbox 160 1196 493 1249; baseline -0.003 -12"><span class='ocrx_word' id='word_1_86' title='bbox 160 1197 265 1237; x_wconf 93' lang='lat' dir='ltr'>mihi</span> <span class='ocrx_word' id='word_1_87' title='bbox 292 1196 493 1249; x_wconf 90' lang='lat' dir='ltr'>populus.</span> 
     </span>
    </p>

    <p class='ocr_par' dir='ltr' id='par_1_4' title="bbox 159 1250 990 1686">
     <span class='ocr_line' id='line_1_20' title="bbox 222 1250 988 1304; baseline -0.004 -11"><span class='ocrx_word' id='word_1_88' title='bbox 222 1256 267 1294; x_wconf 65' lang='grc' dir='ltr'>Ν.</span> <span class='ocrx_word' id='word_1_89' title='bbox 290 1254 340 1293; x_wconf 90' lang='lat' dir='ltr'>In</span> <span class='ocrx_word' id='word_1_90' title='bbox 361 1252 561 1293; x_wconf 92' lang='lat' dir='ltr'>omnibus</span> <span class='ocrx_word' id='word_1_91' title='bbox 582 1250 868 1304; x_wconf 76' lang='lat' dir='ltr'>exhibeamus</span> <span class='ocrx_word' id='word_1_92' title='bbox 891 1262 988 1290; x_wconf 93' lang='lat' dir='ltr'>nos-</span> 
     </span>
     <span class='ocr_line' id='line_1_21' title="bbox 159 1301 990 1362; baseline -0.007 -11"><span class='ocrx_word' id='word_1_93' title='bbox 159 1312 372 1362; x_wconf 83' lang='lat' dir='ltr'>metipsos</span> <span class='ocrx_word' id='word_1_94' title='bbox 413 1309 525 1350; x_wconf 92' lang='lat' dir='ltr'>sicut</span> <span class='ocrx_word' id='word_1_95' title='bbox 561 1308 645 1348; x_wconf 92' lang='lat' dir='ltr'>Dei</span> <span class='ocrx_word' id='word_1_96' title='bbox 686 1301 910 1347; x_wconf 87' lang='lat' dir='ltr'>ministros</span> <span class='ocrx_word' id='word_1_97' title='bbox 947 1306 990 1345; x_wconf 92' lang='lat' dir='ltr'>in</span> 
     </span>
     <span class='ocr_line' id='line_1_22' title="bbox 160 1363 989 1417; baseline -0.004 -12"><span class='ocrx_word' id='word_1_98' title='bbox 160 1366 297 1407; x_wconf 88' lang='lat' dir='ltr'>multa</span> <span class='ocrx_word' id='word_1_99' title='bbox 324 1365 549 1417; x_wconf 90' lang='lat' dir='ltr'>patientia·</span> <span class='ocrx_word' id='word_1_100' title='bbox 582 1370 600 1389; x_wconf 75' lang='lat'>²·</span> <span class='ocrx_word' id='word_1_101' title='bbox 622 1363 679 1404; x_wconf 90' lang='lat' dir='ltr'>Ut</span> <span class='ocrx_word' id='word_1_102' title='bbox 706 1375 794 1404; x_wconf 93' lang='lat' dir='ltr'>non</span> <span class='ocrx_word' id='word_1_103' title='bbox 822 1363 989 1414; x_wconf 89' lang='lat' dir='ltr'>vitupe-</span> 
     </span>
     <span class='ocr_line' id='line_1_23' title="bbox 162 1416 990 1465; baseline -0.005 -3"><span class='ocrx_word' id='word_1_104' title='bbox 162 1423 280 1462; x_wconf 88' lang='lat' dir='ltr'>retur</span> <span class='ocrx_word' id='word_1_105' title='bbox 294 1421 581 1462; x_wconf 88' lang='lat' dir='ltr'>ministerium</span> <span class='ocrx_word' id='word_1_106' title='bbox 595 1424 805 1460; x_wconf 90' lang='lat' dir='ltr'>nostrum.</span> <span class='ocrx_word' id='word_1_107' title='bbox 822 1416 852 1465; x_wconf 62' lang='lat' dir='ltr'>X</span> <span class='ocrx_word' id='word_1_108' title='bbox 861 1419 990 1459; x_wconf 90' lang='lat' dir='ltr'>Ecce</span> 
     </span>
     <span class='ocr_line' id='line_1_24' title="bbox 161 1474 990 1529; baseline -0.004 -11"><span class='ocrx_word' id='word_1_109' title='bbox 161 1490 275 1518; x_wconf 94' lang='lat' dir='ltr'>nunc</span> <span class='ocrx_word' id='word_1_110' title='bbox 321 1482 495 1529; x_wconf 90' lang='lat' dir='ltr'>tempus</span> <span class='ocrx_word' id='word_1_111' title='bbox 541 1474 833 1527; x_wconf 83' lang='lat' dir='ltr'>acceptabile,</span> <span class='ocrx_word' id='word_1_112' title='bbox 886 1486 990 1515; x_wconf 90' lang='lat' dir='ltr'>ecce</span> 
     </span>
     <span class='ocr_line' id='line_1_25' title="bbox 162 1530 990 1574; baseline -0.005 0"><span class='ocrx_word' id='word_1_113' title='bbox 162 1546 275 1574; x_wconf 93' lang='lat' dir='ltr'>nunc</span> <span class='ocrx_word' id='word_1_114' title='bbox 304 1532 399 1574; x_wconf 90' lang='lat' dir='ltr'>dies</span> <span class='ocrx_word' id='word_1_115' title='bbox 427 1532 595 1573; x_wconf 79' lang='lat' dir='ltr'>salutis:</span> <span class='ocrx_word' id='word_1_116' title='bbox 633 1530 990 1572; x_wconf 88' lang='lat' dir='ltr'>commendemus</span> 
     </span>
     <span class='ocr_line' id='line_1_26' title="bbox 163 1587 991 1641; baseline -0.004 -11"><span class='ocrx_word' id='word_1_117' title='bbox 163 1591 457 1641; x_wconf 89' lang='lat' dir='ltr'>nosmetipsos</span> <span class='ocrx_word' id='word_1_118' title='bbox 500 1589 542 1629; x_wconf 93' lang='lat' dir='ltr'>in</span> <span class='ocrx_word' id='word_1_119' title='bbox 588 1587 725 1628; x_wconf 86' lang='lat' dir='ltr'>multa</span> <span class='ocrx_word' id='word_1_120' title='bbox 771 1587 991 1639; x_wconf 89' lang='lat' dir='ltr'>patientia.</span> 
     </span>
     <span class='ocr_line' id='line_1_27' title="bbox 163 1646 343 1686; baseline -0.006 0"><span class='ocrx_word' id='word_1_121' title='bbox 163 1646 223 1686; x_wconf 93' lang='lat' dir='ltr'>Ut</span> <span class='ocrx_word' id='word_1_122' title='bbox 245 1658 343 1686; x_wconf 92' lang='lat' dir='ltr'>non.</span> 
     </span>
    </p>

    <p class='ocr_par' dir='ltr' id='par_1_5' title="bbox 167 1703 993 1858">
     <span class='ocr_line' id='line_1_28' title="bbox 274 1703 887 1754; baseline -0.002 -12"><span class='ocrx_word' id='word_1_123' title='bbox 274 1705 420 1743; x_wconf 75' lang='lat' dir='ltr'>Lectio</span> <span class='ocrx_word' id='word_1_124' title='bbox 445 1705 494 1742; x_wconf 86' lang='lat' dir='ltr'>iii.</span> <span class='ocrx_word' id='word_1_125' title='bbox 735 1706 837 1754; x_wconf 70' lang='lat' dir='ltr'>(lap.</span> <span class='ocrx_word' id='word_1_126' title='bbox 854 1703 887 1742; x_wconf 83' lang='lat'>7.</span> 
     </span>
     <span class='ocr_line' id='line_1_29' title="bbox 167 1754 993 1858; baseline 0 -62"><span class='ocrx_word' id='word_1_127' title='bbox 167 1754 451 1858; x_wconf 82' lang='lat' dir='ltr'>Repletus</span> <span class='ocrx_word' id='word_1_128' title='bbox 514 1769 610 1796; x_wconf 92' lang='lat' dir='ltr'>sum</span> <span class='ocrx_word' id='word_1_129' title='bbox 674 1755 993 1805; x_wconf 89' lang='lat' dir='ltr'>consolatione,</span> 
     </span>
    </p>

    <p class='ocr_par' dir='ltr' id='par_1_6' title="bbox 169 1812 1001 2760">
     <span class='ocr_line' id='line_1_30' title="bbox 279 1812 994 1864; baseline 0 -12"><span class='ocrx_word' id='word_1_130' title='bbox 279 1812 588 1864; x_wconf 80' lang='lat' dir='ltr'>superabundo</span> <span class='ocrx_word' id='word_1_131' title='bbox 616 1812 778 1862; x_wconf 82' lang='lat' dir='ltr'>gaudio</span> <span class='ocrx_word' id='word_1_132' title='bbox 806 1813 850 1853; x_wconf 93' lang='lat' dir='ltr'>in</span> <span class='ocrx_word' id='word_1_133' title='bbox 876 1812 994 1853; x_wconf 92' lang='lat' dir='ltr'>omni</span> 
     </span>
     <span class='ocr_line' id='line_1_31' title="bbox 169 1868 994 1910; baseline -0.001 0"><span class='ocrx_word' id='word_1_134' title='bbox 169 1868 448 1910; x_wconf 89' lang='lat' dir='ltr'>tribulatione</span> <span class='ocrx_word' id='word_1_135' title='bbox 473 1874 634 1910; x_wconf 88' lang='lat' dir='ltr'>nostra.</span> <span class='ocrx_word' id='word_1_136' title='bbox 679 1869 794 1910; x_wconf 91' lang='lat' dir='ltr'>Nam</span> <span class='ocrx_word' id='word_1_137' title='bbox 823 1874 867 1910; x_wconf 89' lang='lat' dir='ltr'>et</span> <span class='ocrx_word' id='word_1_138' title='bbox 895 1881 994 1909; x_wconf 89' lang='lat' dir='ltr'>curn</span> 
     </span>
     <span class='ocr_line' id='line_1_32' title="bbox 169 1924 994 1974; baseline 0 -9"><span class='ocrx_word' id='word_1_139' title='bbox 169 1925 438 1966; x_wconf 81' lang='lat' dir='ltr'>venissemus</span> <span class='ocrx_word' id='word_1_140' title='bbox 453 1925 495 1965; x_wconf 93' lang='lat' dir='ltr'>in</span> <span class='ocrx_word' id='word_1_141' title='bbox 507 1924 820 1974; x_wconf 88' lang='lat' dir='ltr'>Macedoniam,</span> <span class='ocrx_word' id='word_1_142' title='bbox 832 1924 994 1965; x_wconf 87' lang='lat' dir='ltr'>nullam</span> 
     </span>
     <span class='ocr_line' id='line_1_33' title="bbox 169 1980 996 2032; baseline 0.002 -12"><span class='ocrx_word' id='word_1_143' title='bbox 169 1981 364 2032; x_wconf 80' lang='lat' dir='ltr'>requiem</span> <span class='ocrx_word' id='word_1_144' title='bbox 395 1980 548 2023; x_wconf 80' lang='lat' dir='ltr'>habuit</span> <span class='ocrx_word' id='word_1_145' title='bbox 576 1994 678 2023; x_wconf 89' lang='lat' dir='ltr'>caro</span> <span class='ocrx_word' id='word_1_146' title='bbox 710 1987 879 2030; x_wconf 90' lang='lat' dir='ltr'>nostra,</span> <span class='ocrx_word' id='word_1_147' title='bbox 916 1980 996 2022; x_wconf 92' lang='lat' dir='ltr'>sed</span> 
     </span>
     <span class='ocr_line' id='line_1_34' title="bbox 170 2037 996 2089; baseline 0 -12"><span class='ocrx_word' id='word_1_148' title='bbox 170 2049 344 2078; x_wconf 91' lang='lat' dir='ltr'>omnem</span> <span class='ocrx_word' id='word_1_149' title='bbox 358 2037 686 2079; x_wconf 69' lang='lat' dir='ltr'>tribulationem</span> <span class='ocrx_word' id='word_1_150' title='bbox 700 2038 818 2089; x_wconf 86' lang='lat' dir='ltr'>passi</span> <span class='ocrx_word' id='word_1_151' title='bbox 833 2050 996 2078; x_wconf 90' lang='lat' dir='ltr'>sumus:</span> 
     </span>
     <span class='ocr_line' id='line_1_35' title="bbox 171 2092 996 2145; baseline 0.001 -12"><span class='ocrx_word' id='word_1_152' title='bbox 171 2093 276 2133; x_wconf 91' lang='lat' dir='ltr'>foris</span> <span class='ocrx_word' id='word_1_153' title='bbox 310 2105 484 2145; x_wconf 77' lang='lat' dir='ltr'>pugnae,</span> <span class='ocrx_word' id='word_1_154' title='bbox 528 2094 642 2135; x_wconf 86' lang='lat' dir='ltr'>intus</span> <span class='ocrx_word' id='word_1_155' title='bbox 669 2094 860 2135; x_wconf 90' lang='lat' dir='ltr'>timores.</span> <span class='ocrx_word' id='word_1_156' title='bbox 909 2092 996 2134; x_wconf 90' lang='lat' dir='ltr'>Sed</span> 
     </span>
     <span class='ocr_line' id='line_1_36' title="bbox 171 2148 997 2200; baseline 0 -11"><span class='ocrx_word' id='word_1_157' title='bbox 171 2149 243 2200; x_wconf 93' lang='lat' dir='ltr'>qui</span> <span class='ocrx_word' id='word_1_158' title='bbox 260 2148 512 2190; x_wconf 78' lang='lat' dir='ltr'>consolatur</span> <span class='ocrx_word' id='word_1_159' title='bbox 530 2148 726 2198; x_wconf 79' lang='lat' dir='ltr'>humiles,</span> <span class='ocrx_word' id='word_1_160' title='bbox 745 2149 997 2191; x_wconf 76' lang='lat' dir='ltr'>consolatus</span> 
     </span>
     <span class='ocr_line' id='line_1_37' title="bbox 172 2205 998 2247; baseline 0.001 -2"><span class='ocrx_word' id='word_1_161' title='bbox 172 2210 238 2246; x_wconf 89' lang='lat' dir='ltr'>est</span> <span class='ocrx_word' id='word_1_162' title='bbox 256 2217 336 2245; x_wconf 91' lang='lat' dir='ltr'>nos</span> <span class='ocrx_word' id='word_1_163' title='bbox 356 2205 476 2246; x_wconf 90' lang='lat' dir='ltr'>Deus</span> <span class='ocrx_word' id='word_1_164' title='bbox 496 2205 539 2245; x_wconf 91' lang='lat' dir='ltr'>in</span> <span class='ocrx_word' id='word_1_165' title='bbox 558 2205 749 2247; x_wconf 87' lang='lat' dir='ltr'>adventu</span> <span class='ocrx_word' id='word_1_166' title='bbox 767 2206 866 2247; x_wconf 90' lang='lat' dir='ltr'>Titi.</span> <span class='ocrx_word' id='word_1_167' title='bbox 896 2205 998 2246; x_wconf 92' lang='lat' dir='ltr'>Non</span> 
     </span>
     <span class='ocr_line' id='line_1_38' title="bbox 172 2260 999 2312; baseline 0.002 -12"><span class='ocrx_word' id='word_1_168' title='bbox 172 2260 312 2301; x_wconf 91' lang='lat' dir='ltr'>solum</span> <span class='ocrx_word' id='word_1_169' title='bbox 335 2266 482 2302; x_wconf 90' lang='lat' dir='ltr'>autem</span> <span class='ocrx_word' id='word_1_170' title='bbox 505 2261 548 2301; x_wconf 92' lang='lat' dir='ltr'>in</span> <span class='ocrx_word' id='word_1_171' title='bbox 573 2260 765 2302; x_wconf 88' lang='lat' dir='ltr'>adventu</span> <span class='ocrx_word' id='word_1_172' title='bbox 786 2262 891 2312; x_wconf 80' lang='lat' dir='ltr'>ejus,</span> <span class='ocrx_word' id='word_1_173' title='bbox 919 2261 999 2302; x_wconf 92' lang='lat' dir='ltr'>sed</span> 
     </span>
     <span class='ocr_line' id='line_1_39' title="bbox 173 2316 998 2369; baseline 0.004 -14"><span class='ocrx_word' id='word_1_174' title='bbox 173 2316 302 2356; x_wconf 88' lang='lat' dir='ltr'>etiam</span> <span class='ocrx_word' id='word_1_175' title='bbox 325 2316 367 2356; x_wconf 91' lang='lat' dir='ltr'>in</span> <span class='ocrx_word' id='word_1_176' title='bbox 393 2317 708 2366; x_wconf 85' lang='lat' dir='ltr'>consolatione,</span> <span class='ocrx_word' id='word_1_177' title='bbox 738 2330 822 2369; x_wconf 88' lang='lat' dir='ltr'>qua</span> <span class='ocrx_word' id='word_1_178' title='bbox 847 2329 998 2358; x_wconf 88' lang='lat' dir='ltr'>conso-</span> 
     </span>
     <span class='ocr_line' id='line_1_40' title="bbox 172 2371 999 2422; baseline 0.002 -11"><span class='ocrx_word' id='word_1_179' title='bbox 172 2371 286 2412; x_wconf 78' lang='lat' dir='ltr'>latus</span> <span class='ocrx_word' id='word_1_180' title='bbox 315 2378 380 2413; x_wconf 91' lang='lat' dir='ltr'>est</span> <span class='ocrx_word' id='word_1_181' title='bbox 408 2373 450 2413; x_wconf 92' lang='lat' dir='ltr'>in</span> <span class='ocrx_word' id='word_1_182' title='bbox 479 2372 620 2422; x_wconf 89' lang='lat' dir='ltr'>vobis,</span> <span class='ocrx_word' id='word_1_183' title='bbox 653 2373 845 2413; x_wconf 88' lang='lat' dir='ltr'>referens</span> <span class='ocrx_word' id='word_1_184' title='bbox 873 2372 999 2413; x_wconf 90' lang='lat' dir='ltr'>nobis</span> 
     </span>
     <span class='ocr_line' id='line_1_41' title="bbox 175 2428 999 2477; baseline 0.002 -10"><span class='ocrx_word' id='word_1_185' title='bbox 175 2432 366 2468; x_wconf 83' lang='lat' dir='ltr'>vestrum</span> <span class='ocrx_word' id='word_1_186' title='bbox 392 2428 670 2477; x_wconf 88' lang='lat' dir='ltr'>desiderium,</span> <span class='ocrx_word' id='word_1_187' title='bbox 707 2434 900 2469; x_wconf 88' lang='lat' dir='ltr'>vestrum</span> <span class='ocrx_word' id='word_1_188' title='bbox 927 2429 999 2469; x_wconf 94' lang='lat' dir='ltr'>fle-</span> 
     </span>
     <span class='ocr_line' id='line_1_42' title="bbox 174 2484 999 2536; baseline 0.002 -13"><span class='ocrx_word' id='word_1_189' title='bbox 174 2488 284 2531; x_wconf 88' lang='lat' dir='ltr'>tum,</span> <span class='ocrx_word' id='word_1_190' title='bbox 335 2490 523 2525; x_wconf 79' lang='lat' dir='ltr'>vestram</span> <span class='ocrx_word' id='word_1_191' title='bbox 559 2484 881 2525; x_wconf 81' lang='lat' dir='ltr'>aemulationem</span> <span class='ocrx_word' id='word_1_192' title='bbox 918 2497 999 2536; x_wconf 90' lang='lat' dir='ltr'>pro</span> 
     </span>
     <span class='ocr_line' id='line_1_43' title="bbox 174 2539 999 2591; baseline 0.002 -13"><span class='ocrx_word' id='word_1_193' title='bbox 174 2552 258 2587; x_wconf 87' lang='lat' dir='ltr'>mc,</span> <span class='ocrx_word' id='word_1_194' title='bbox 292 2539 350 2580; x_wconf 91' lang='lat' dir='ltr'>ita</span> <span class='ocrx_word' id='word_1_195' title='bbox 374 2546 420 2581; x_wconf 90' lang='lat' dir='ltr'>ut</span> <span class='ocrx_word' id='word_1_196' title='bbox 441 2541 579 2591; x_wconf 89' lang='lat' dir='ltr'>magis</span> <span class='ocrx_word' id='word_1_197' title='bbox 598 2540 846 2591; x_wconf 82' lang='lat' dir='ltr'>gauderem.</span> <span class='ocrx_word' id='word_1_198' title='bbox 886 2541 999 2589; x_wconf 86' lang='lat' dir='ltr'>Quo-</span> 
     </span>
     <span class='ocr_line' id='line_1_44' title="bbox 174 2595 999 2647; baseline 0.001 -13"><span class='ocrx_word' id='word_1_199' title='bbox 174 2595 287 2634; x_wconf 90' lang='lat' dir='ltr'>niam</span> <span class='ocrx_word' id='word_1_200' title='bbox 321 2596 401 2636; x_wconf 82' lang='lat' dir='ltr'>etsi</span> <span class='ocrx_word' id='word_1_201' title='bbox 434 2597 688 2638; x_wconf 81' lang='lat' dir='ltr'>contristavi</span> <span class='ocrx_word' id='word_1_202' title='bbox 721 2609 801 2637; x_wconf 92' lang='lat' dir='ltr'>vos</span> <span class='ocrx_word' id='word_1_203' title='bbox 837 2596 880 2636; x_wconf 92' lang='lat' dir='ltr'>in</span> <span class='ocrx_word' id='word_1_204' title='bbox 913 2598 999 2647; x_wconf 86' lang='lat' dir='ltr'>epi-</span> 
     </span>
     <span class='ocr_line' id='line_1_45' title="bbox 175 2650 1001 2704; baseline 0.002 -15"><span class='ocrx_word' id='word_1_205' title='bbox 175 2650 302 2699; x_wconf 89' lang='lat' dir='ltr'>stola,</span> <span class='ocrx_word' id='word_1_206' title='bbox 331 2664 416 2692; x_wconf 91' lang='lat' dir='ltr'>non</span> <span class='ocrx_word' id='word_1_207' title='bbox 439 2665 509 2693; x_wconf 91' lang='lat' dir='ltr'>me</span> <span class='ocrx_word' id='word_1_208' title='bbox 533 2653 732 2704; x_wconf 71' lang='lat' dir='ltr'>poenitet:</span> <span class='ocrx_word' id='word_1_209' title='bbox 761 2652 841 2693; x_wconf 86' lang='lat' dir='ltr'>etsi</span> <span class='ocrx_word' id='word_1_210' title='bbox 866 2652 1001 2703; x_wconf 88' lang='lat' dir='ltr'>poeni-</span> 
     </span>
     <span class='ocr_line' id='line_1_46' title="bbox 175 2706 1000 2760; baseline 0.002 -15"><span class='ocrx_word' id='word_1_211' title='bbox 175 2707 304 2755; x_wconf 88' lang='lat' dir='ltr'>teret,</span> <span class='ocrx_word' id='word_1_212' title='bbox 351 2706 502 2748; x_wconf 89' lang='lat' dir='ltr'>videns</span> <span class='ocrx_word' id='word_1_213' title='bbox 540 2708 659 2759; x_wconf 92' lang='lat' dir='ltr'>quod</span> <span class='ocrx_word' id='word_1_214' title='bbox 702 2707 889 2760; x_wconf 87' lang='lat' dir='ltr'>epistola</span> <span class='ocrx_word' id='word_1_215' title='bbox 928 2707 1000 2747; x_wconf 88' lang='lat' dir='ltr'>illa</span> 
     </span>
    </p>
   </div>
   <div class='ocr_carea' id='block_1_4' title="bbox 716 198 1316 237">
    <p class='ocr_par' dir='ltr' id='par_1_7' title="bbox 716 198 1316 237">
     <span class='ocr_line' id='line_1_47' title="bbox 716 198 1316 237; baseline -0.003 -5"><span class='ocrx_word' id='word_1_216' title='bbox 716 200 912 232; x_wconf 64' lang='lat' dir='ltr'>{mminim</span> <span class='ocrx_word' id='word_1_217' title='bbox 941 199 962 231; x_wconf 85' lang='lat'>1.</span> <span class='ocrx_word' id='word_1_218' title='bbox 991 198 1316 237; x_wconf 47' lang='lat' dir='ltr'>[nundi-agesimae.</span> 
     </span>
    </p>
   </div>
   <div class='ocr_carea' id='block_1_5' title="bbox 1854 265 1874 321">
    <p class='ocr_par' dir='ltr' id='par_1_8' title="bbox 1854 265 1874 321">
     <span class='ocr_line' id='line_1_48' title="bbox 1854 265 1874 321; baseline 0 -54"><span class='ocrx_word' id='word_1_219' title='bbox 1854 265 1874 321; x_wconf 95' lang='lat' dir='ltr'>  </span> 
     </span>
    </p>
   </div>
   <div class='ocr_carea' id='block_1_6' title="bbox 1038 288 1874 900">
    <p class='ocr_par' dir='ltr' id='par_1_9' title="bbox 1038 288 1871 513">
     <span class='ocr_line' id='line_1_49' title="bbox 1038 288 1870 343; baseline -0.005 -9"><span class='ocrx_word' id='word_1_220' title='bbox 1038 292 1134 343; x_wconf 86' lang='lat' dir='ltr'>(etsi</span> <span class='ocrx_word' id='word_1_221' title='bbox 1162 291 1220 333; x_wconf 90' lang='lat' dir='ltr'>ad</span> <span class='ocrx_word' id='word_1_222' title='bbox 1251 291 1420 341; x_wconf 86' lang='lat' dir='ltr'>horam)</span> <span class='ocrx_word' id='word_1_223' title='bbox 1458 303 1538 331; x_wconf 91' lang='lat' dir='ltr'>vos</span> <span class='ocrx_word' id='word_1_224' title='bbox 1576 288 1870 338; x_wconf 78' lang='lat' dir='ltr'>contristavit3</span> 
     </span>
     <span class='ocr_line' id='line_1_50' title="bbox 1038 344 1870 412; baseline -0.006 -22"><span class='ocrx_word' id='word_1_225' title='bbox 1038 361 1152 390; x_wconf 93' lang='lat' dir='ltr'>nunc</span> <span class='ocrx_word' id='word_1_226' title='bbox 1172 347 1361 412; x_wconf 81' lang='lat' dir='ltr'>gaudeo.</span> <span class='ocrx_word' id='word_1_227' title='bbox 1394 360 1482 388; x_wconf 93' lang='lat' dir='ltr'>non</span> <span class='ocrx_word' id='word_1_228' title='bbox 1503 345 1605 398; x_wconf 87' lang='lat' dir='ltr'>quia</span> <span class='ocrx_word' id='word_1_229' title='bbox 1622 344 1870 386; x_wconf 79' lang='lat' dir='ltr'>contristati</span> 
     </span>
     <span class='ocr_line' id='line_1_51' title="bbox 1039 399 1871 456; baseline -0.006 -10"><span class='ocrx_word' id='word_1_230' title='bbox 1039 405 1158 454; x_wconf 90' lang='lat' dir='ltr'>estis,</span> <span class='ocrx_word' id='word_1_231' title='bbox 1186 403 1266 446; x_wconf 89' lang='lat' dir='ltr'>sed</span> <span class='ocrx_word' id='word_1_232' title='bbox 1287 404 1388 456; x_wconf 90' lang='lat' dir='ltr'>quia</span> <span class='ocrx_word' id='word_1_233' title='bbox 1412 401 1659 444; x_wconf 74' lang='lat' dir='ltr'>contristati</span> <span class='ocrx_word' id='word_1_234' title='bbox 1684 401 1789 443; x_wconf 87' lang='lat' dir='ltr'>estis</span> <span class='ocrx_word' id='word_1_235' title='bbox 1814 399 1871 442; x_wconf 88' lang='lat' dir='ltr'>ad</span> 
     </span>
     <span class='ocr_line' id='line_1_52' title="bbox 1039 460 1353 513; baseline -0.007 -11"><span class='ocrx_word' id='word_1_236' title='bbox 1039 460 1353 513; x_wconf 89' lang='lat' dir='ltr'>poenitentiam</span> 
     </span>
    </p>

    <p class='ocr_par' dir='ltr' id='par_1_10' title="bbox 1039 516 1874 900">
     <span class='ocr_line' id='line_1_53' title="bbox 1100 516 1871 575; baseline -0.008 -12"><span class='ocrx_word' id='word_1_237' title='bbox 1100 525 1148 575; x_wconf 66' lang='grc' dir='ltr'>Ιιζ.</span> <span class='ocrx_word' id='word_1_238' title='bbox 1162 521 1242 562; x_wconf 92' lang='lat' dir='ltr'>In</span> <span class='ocrx_word' id='word_1_239' title='bbox 1232 520 1389 572; x_wconf 74' lang='lat' dir='ltr'>jejunio</span> <span class='ocrx_word' id='word_1_240' title='bbox 1410 524 1453 561; x_wconf 92' lang='lat' dir='ltr'>et</span> <span class='ocrx_word' id='word_1_241' title='bbox 1472 519 1579 560; x_wconf 90' lang='lat' dir='ltr'>fletu</span> <span class='ocrx_word' id='word_1_242' title='bbox 1598 516 1787 559; x_wconf 72' lang='lat' dir='ltr'>orabunt</span> <span class='ocrx_word' id='word_1_243' title='bbox 1806 528 1871 557; x_wconf 90' lang='lat' dir='ltr'>sa-</span> 
     </span>
     <span class='ocr_line' id='line_1_54' title="bbox 1040 566 1871 627; baseline -0.006 -9"><span class='ocrx_word' id='word_1_244' title='bbox 1040 566 1260 627; x_wconf 83' lang='lat' dir='ltr'>cerdoteS,</span> <span class='ocrx_word' id='word_1_245' title='bbox 1288 576 1499 618; x_wconf 87' lang='lat' dir='ltr'>dicentes:</span> <span class='ocrx_word' id='word_1_246' title='bbox 1526 579 1546 600; x_wconf 87' lang='lat'>*</span> <span class='ocrx_word' id='word_1_247' title='bbox 1565 575 1704 616; x_wconf 87' lang='lat' dir='ltr'>Parce</span> <span class='ocrx_word' id='word_1_248' title='bbox 1722 572 1871 613; x_wconf 93' lang='lat' dir='ltr'>Domi-</span> 
     </span>
     <span class='ocr_line' id='line_1_55' title="bbox 1040 627 1872 686; baseline -0.007 -11"><span class='ocrx_word' id='word_1_249' title='bbox 1040 646 1111 682; x_wconf 89' lang='lat' dir='ltr'>ne,</span> <span class='ocrx_word' id='word_1_250' title='bbox 1146 646 1280 686; x_wconf 91' lang='lat' dir='ltr'>parce</span> <span class='ocrx_word' id='word_1_251' title='bbox 1307 632 1474 685; x_wconf 87' lang='lat' dir='ltr'>populo</span> <span class='ocrx_word' id='word_1_252' title='bbox 1501 637 1595 681; x_wconf 87' lang='lat' dir='ltr'>tuo;</span> <span class='ocrx_word' id='word_1_253' title='bbox 1639 635 1683 672; x_wconf 92' lang='lat' dir='ltr'>et</span> <span class='ocrx_word' id='word_1_254' title='bbox 1709 641 1765 670; x_wconf 90' lang='lat' dir='ltr'>ne</span> <span class='ocrx_word' id='word_1_255' title='bbox 1793 627 1872 670; x_wconf 90' lang='lat' dir='ltr'>des</span> 
     </span>
     <span class='ocr_line' id='line_1_56' title="bbox 1039 685 1873 740; baseline -0.006 -10"><span class='ocrx_word' id='word_1_256' title='bbox 1039 689 1344 731; x_wconf 78' lang='lat' dir='ltr'>haereditatem</span> <span class='ocrx_word' id='word_1_257' title='bbox 1367 695 1488 730; x_wconf 89' lang='lat' dir='ltr'>tuam</span> <span class='ocrx_word' id='word_1_258' title='bbox 1506 688 1550 728; x_wconf 92' lang='lat' dir='ltr'>in</span> <span class='ocrx_word' id='word_1_259' title='bbox 1569 685 1873 740; x_wconf 83' lang='lat' dir='ltr'>perditionem.</span> 
     </span>
     <span class='ocr_line' id='line_1_57' title="bbox 1049 740 1872 794; baseline -0.007 -7"><span class='ocrx_word' id='word_1_260' title='bbox 1049 742 1096 792; x_wconf 69' lang='grc' dir='ltr'>ἶι.</span> <span class='ocrx_word' id='word_1_261' title='bbox 1119 747 1238 787; x_wconf 89' lang='lat' dir='ltr'>Inter</span> <span class='ocrx_word' id='word_1_262' title='bbox 1262 744 1527 792; x_wconf 82' lang='lat' dir='ltr'>vestibulum</span> <span class='ocrx_word' id='word_1_263' title='bbox 1552 749 1596 785; x_wconf 91' lang='lat' dir='ltr'>et</span> <span class='ocrx_word' id='word_1_264' title='bbox 1620 742 1758 784; x_wconf 73' lang='lat' dir='ltr'>altare</span> <span class='ocrx_word' id='word_1_265' title='bbox 1779 740 1872 794; x_wconf 92' lang='lat' dir='ltr'>plo-</span> 
     </span>
     <span class='ocr_line' id='line_1_58' title="bbox 1041 798 1874 850; baseline -0.005 -9"><span class='ocrx_word' id='word_1_266' title='bbox 1041 802 1200 844; x_wconf 78' lang='lat' dir='ltr'>rabunt</span> <span class='ocrx_word' id='word_1_267' title='bbox 1214 801 1481 850; x_wconf 86' lang='lat' dir='ltr'>sacerdoteS,</span> <span class='ocrx_word' id='word_1_268' title='bbox 1496 799 1706 842; x_wconf 90' lang='lat' dir='ltr'>dicentes.</span> <span class='ocrx_word' id='word_1_269' title='bbox 1724 798 1874 839; x_wconf 89' lang='lat' dir='ltr'>Parce.</span> 
     </span>
     <span class='ocr_line' id='line_1_59' title="bbox 1047 858 1522 900; baseline 0.002 -3"><span class='ocrx_word' id='word_1_270' title='bbox 1047 859 1197 900; x_wconf 72' lang='lat' dir='ltr'>(iloria</span> <span class='ocrx_word' id='word_1_271' title='bbox 1213 858 1344 899; x_wconf 88' lang='lat' dir='ltr'>Patri.</span> <span class='ocrx_word' id='word_1_272' title='bbox 1372 858 1522 898; x_wconf 89' lang='lat' dir='ltr'>Parce.</span> 
     </span>
    </p>
   </div>
   <div class='ocr_carea' id='block_1_7' title="bbox 1270 937 1649 975">
    <p class='ocr_par' dir='ltr' id='par_1_11' title="bbox 1270 937 1649 975">
     <span class='ocr_line' id='line_1_60' title="bbox 1270 937 1649 975; baseline 0 0"><span class='ocrx_word' id='word_1_273' title='bbox 1270 937 1319 975; x_wconf 90' lang='lat' dir='ltr'>In</span> <span class='ocrx_word' id='word_1_274' title='bbox 1347 938 1396 975; x_wconf 89' lang='grc' dir='ltr'>ΙΙ.</span> <span class='ocrx_word' id='word_1_275' title='bbox 1426 937 1649 975; x_wconf 78' lang='lat' dir='ltr'>Nocturno.</span> 
     </span>
    </p>
   </div>
   <div class='ocr_carea' id='block_1_8' title="bbox 1042 1003 1881 2411">
    <p class='ocr_par' dir='ltr' id='par_1_12' title="bbox 1118 1003 1796 1167">
     <span class='ocr_line' id='line_1_61' title="bbox 1118 1003 1796 1056; baseline -0.001 -12"><span class='ocrx_word' id='word_1_276' title='bbox 1118 1008 1273 1047; x_wconf 68' lang='lat' dir='ltr'>Sermo</span> <span class='ocrx_word' id='word_1_277' title='bbox 1300 1006 1440 1047; x_wconf 88' lang='lat' dir='ltr'>sancti</span> <span class='ocrx_word' id='word_1_278' title='bbox 1464 1004 1627 1046; x_wconf 92' lang='lat' dir='ltr'>Leonis</span> <span class='ocrx_word' id='word_1_279' title='bbox 1650 1003 1796 1056; x_wconf 86' lang='lat' dir='ltr'>Papae.</span> 
     </span>
     <span class='ocr_line' id='line_1_62' title="bbox 1171 1069 1753 1111; baseline -0.002 -8"><span class='ocrx_word' id='word_1_280' title='bbox 1171 1073 1303 1104; x_wconf 65' lang='lat' dir='ltr'>Sermo</span> <span class='ocrx_word' id='word_1_281' title='bbox 1321 1072 1350 1103; x_wconf 74' lang='lat'>4.</span> <span class='ocrx_word' id='word_1_282' title='bbox 1370 1070 1416 1104; x_wconf 81' lang='lat' dir='ltr'>dc</span> <span class='ocrx_word' id='word_1_283' title='bbox 1436 1069 1753 1111; x_wconf 74' lang='lat' dir='ltr'>Quadragesima.</span> 
     </span>
     <span class='ocr_line' id='line_1_63' title="bbox 1348 1127 1574 1167; baseline -0.009 0"><span class='ocrx_word' id='word_1_284' title='bbox 1348 1127 1501 1167; x_wconf 79' lang='lat' dir='ltr'>Lectio</span> <span class='ocrx_word' id='word_1_285' title='bbox 1523 1127 1574 1166; x_wconf 75' lang='lat' dir='ltr'>iv.</span> 
     </span>
    </p>

    <p class='ocr_par' dir='ltr' id='par_1_13' title="bbox 1042 1184 1881 2365">
     <span class='ocr_line' id='line_1_64' title="bbox 1046 1184 1876 1250; baseline -0.006 -19"><span class='ocrx_word' id='word_1_286' title='bbox 1046 1194 1128 1232; x_wconf 56' lang='lat' dir='ltr'>ii‘</span> <span class='ocrx_word' id='word_1_287' title='bbox 1086 1217 1123 1242; x_wconf 48' lang='lat'>22</span> <span class='ocrx_word' id='word_1_288' title='bbox 1126 1187 1450 1250; x_wconf 47' lang='lat' dir='ltr'>*fjraedieatfirus</span> <span class='ocrx_word' id='word_1_289' title='bbox 1475 1187 1619 1236; x_wconf 89' lang='lat' dir='ltr'>vobis,</span> <span class='ocrx_word' id='word_1_290' title='bbox 1649 1184 1876 1228; x_wconf 85' lang='lat' dir='ltr'>dilectissi-</span> 
     </span>
     <span class='ocr_line' id='line_1_65' title="bbox 1047 1233 1877 1318; baseline -0.004 -32.985"><span class='ocrx_word' id='word_1_291' title='bbox 1047 1233 1153 1318; x_wconf 40' lang='lat' dir='ltr'>{bgl</span> <span class='ocrx_word' id='word_1_292' title='bbox 1176 1245 1246 1295; x_wconf 89' lang='lat' dir='ltr'>mi,</span> <span class='ocrx_word' id='word_1_293' title='bbox 1263 1244 1607 1285; x_wconf 83' lang='lat' dir='ltr'>sacratissimum</span> <span class='ocrx_word' id='word_1_294' title='bbox 1621 1242 1877 1284; x_wconf 83' lang='lat' dir='ltr'>maximum-</span> 
     </span>
     <span class='ocr_line' id='line_1_66' title="bbox 1062 1299 1878 1353; baseline -0.005 -11"><span class='ocrx_word' id='word_1_295' title='bbox 1062 1322 1153 1328; x_wconf 98' lang='grc' dir='ltr'>βπ</span> <span class='ocrx_word' id='word_1_296' title='bbox 1179 1314 1264 1353; x_wconf 90' lang='lat' dir='ltr'>que</span> <span class='ocrx_word' id='word_1_297' title='bbox 1279 1301 1493 1352; x_wconf 88' lang='lat' dir='ltr'>jejunium,</span> <span class='ocrx_word' id='word_1_298' title='bbox 1514 1313 1602 1352; x_wconf 94' lang='lat' dir='ltr'>quo</span> <span class='ocrx_word' id='word_1_299' title='bbox 1618 1299 1764 1352; x_wconf 66' lang='lat' dir='ltr'>Aptius</span> <span class='ocrx_word' id='word_1_300' title='bbox 1779 1303 1878 1340; x_wconf 89' lang='lat' dir='ltr'>utar</span> 
     </span>
     <span class='ocr_line' id='line_1_67' title="bbox 1043 1353 1877 1409; baseline -0.004 -11"><span class='ocrx_word' id='word_1_301' title='bbox 1043 1357 1245 1406; x_wconf 80' lang='lat' dir='ltr'>exordio,</span> <span class='ocrx_word' id='word_1_302' title='bbox 1276 1370 1407 1409; x_wconf 88' lang='lat' dir='ltr'>quam</span> <span class='ocrx_word' id='word_1_303' title='bbox 1426 1363 1474 1398; x_wconf 91' lang='lat' dir='ltr'>ut</span> <span class='ocrx_word' id='word_1_304' title='bbox 1492 1356 1640 1398; x_wconf 89' lang='lat' dir='ltr'>verbis</span> <span class='ocrx_word' id='word_1_305' title='bbox 1659 1353 1877 1408; x_wconf 86' lang='lat' dir='ltr'>Apostoli,</span> 
     </span>
     <span class='ocr_line' id='line_1_68' title="bbox 1042 1411 1878 1465; baseline -0.004 -11"><span class='ocrx_word' id='word_1_306' title='bbox 1042 1414 1085 1454; x_wconf 91' lang='lat' dir='ltr'>in</span> <span class='ocrx_word' id='word_1_307' title='bbox 1111 1426 1199 1465; x_wconf 94' lang='lat' dir='ltr'>quo</span> <span class='ocrx_word' id='word_1_308' title='bbox 1226 1413 1425 1455; x_wconf 88' lang='lat' dir='ltr'>Christus</span> <span class='ocrx_word' id='word_1_309' title='bbox 1456 1412 1739 1465; x_wconf 77' lang='lat' dir='ltr'>loquebatur,</span> <span class='ocrx_word' id='word_1_310' title='bbox 1775 1411 1878 1452; x_wconf 87' lang='lat' dir='ltr'>inci-</span> 
     </span>
     <span class='ocr_line' id='line_1_69' title="bbox 1043 1468 1879 1522; baseline -0.002 -12"><span class='ocrx_word' id='word_1_311' title='bbox 1043 1470 1178 1522; x_wconf 90' lang='lat' dir='ltr'>piam,</span> <span class='ocrx_word' id='word_1_312' title='bbox 1207 1469 1439 1522; x_wconf 82' lang='lat' dir='ltr'>dicamque</span> <span class='ocrx_word' id='word_1_313' title='bbox 1465 1468 1585 1522; x_wconf 91' lang='lat' dir='ltr'>quod</span> <span class='ocrx_word' id='word_1_314' title='bbox 1609 1468 1772 1510; x_wconf 90' lang='lat' dir='ltr'>lectum</span> <span class='ocrx_word' id='word_1_315' title='bbox 1796 1471 1879 1509; x_wconf 90' lang='lat' dir='ltr'>est:</span> 
     </span>
     <span class='ocr_line' id='line_1_70' title="bbox 1043 1523 1879 1578; baseline -0.002 -11"><span class='ocrx_word' id='word_1_316' title='bbox 1043 1527 1159 1567; x_wconf 90' lang='lat' dir='ltr'>Ecce</span> <span class='ocrx_word' id='word_1_317' title='bbox 1205 1539 1320 1567; x_wconf 93' lang='lat' dir='ltr'>nunc</span> <span class='ocrx_word' id='word_1_318' title='bbox 1365 1532 1541 1578; x_wconf 91' lang='lat' dir='ltr'>tempus</span> <span class='ocrx_word' id='word_1_319' title='bbox 1587 1523 1879 1578; x_wconf 75' lang='lat' dir='ltr'>acceptabile·</span> 
     </span>
     <span class='ocr_line' id='line_1_71' title="bbox 1045 1580 1879 1631; baseline -0.004 -8"><span class='ocrx_word' id='word_1_320' title='bbox 1045 1595 1148 1624; x_wconf 91' lang='lat' dir='ltr'>ecce</span> <span class='ocrx_word' id='word_1_321' title='bbox 1176 1595 1291 1623; x_wconf 93' lang='lat' dir='ltr'>nunc</span> <span class='ocrx_word' id='word_1_322' title='bbox 1319 1582 1415 1624; x_wconf 89' lang='lat' dir='ltr'>dies</span> <span class='ocrx_word' id='word_1_323' title='bbox 1444 1580 1623 1624; x_wconf 81' lang='lat' dir='ltr'>salutis?</span> <span class='ocrx_word' id='word_1_324' title='bbox 1669 1580 1879 1631; x_wconf 87' lang='lat' dir='ltr'>Quamvis</span> 
     </span>
     <span class='ocr_line' id='line_1_72' title="bbox 1045 1635 1879 1690; baseline -0.004 -10"><span class='ocrx_word' id='word_1_325' title='bbox 1045 1639 1159 1680; x_wconf 91' lang='lat' dir='ltr'>enim</span> <span class='ocrx_word' id='word_1_326' title='bbox 1187 1638 1305 1679; x_wconf 87' lang='lat' dir='ltr'>nulla</span> <span class='ocrx_word' id='word_1_327' title='bbox 1333 1639 1419 1680; x_wconf 90' lang='lat' dir='ltr'>sint</span> <span class='ocrx_word' id='word_1_328' title='bbox 1446 1640 1658 1690; x_wconf 91' lang='lat' dir='ltr'>tempora,</span> <span class='ocrx_word' id='word_1_329' title='bbox 1689 1649 1789 1688; x_wconf 87' lang='lat' dir='ltr'>quae</span> <span class='ocrx_word' id='word_1_330' title='bbox 1818 1635 1879 1677; x_wconf 89' lang='lat' dir='ltr'>di-</span> 
     </span>
     <span class='ocr_line' id='line_1_73' title="bbox 1045 1692 1880 1747; baseline -0.002 -12"><span class='ocrx_word' id='word_1_331' title='bbox 1045 1695 1157 1735; x_wconf 85' lang='lat' dir='ltr'>vinis</span> <span class='ocrx_word' id='word_1_332' title='bbox 1177 1707 1265 1735; x_wconf 91' lang='lat' dir='ltr'>non</span> <span class='ocrx_word' id='word_1_333' title='bbox 1285 1694 1371 1736; x_wconf 89' lang='lat' dir='ltr'>sint</span> <span class='ocrx_word' id='word_1_334' title='bbox 1389 1694 1521 1747; x_wconf 87' lang='lat' dir='ltr'>plena</span> <span class='ocrx_word' id='word_1_335' title='bbox 1537 1692 1807 1742; x_wconf 90' lang='lat' dir='ltr'>muneribus,</span> <span class='ocrx_word' id='word_1_336' title='bbox 1836 1696 1880 1733; x_wconf 91' lang='lat' dir='ltr'>et</span> 
     </span>
     <span class='ocr_line' id='line_1_74' title="bbox 1046 1748 1880 1803; baseline -0.002 -12"><span class='ocrx_word' id='word_1_337' title='bbox 1046 1763 1221 1803; x_wconf 89' lang='lat' dir='ltr'>semper</span> <span class='ocrx_word' id='word_1_338' title='bbox 1265 1750 1393 1792; x_wconf 90' lang='lat' dir='ltr'>nobis</span> <span class='ocrx_word' id='word_1_339' title='bbox 1434 1750 1491 1792; x_wconf 87' lang='lat' dir='ltr'>ad</span> <span class='ocrx_word' id='word_1_340' title='bbox 1532 1748 1880 1791; x_wconf 88' lang='lat' dir='ltr'>misericordiam</span> 
     </span>
     <span class='ocr_line' id='line_1_75' title="bbox 1047 1807 1881 1860; baseline -0.001 -13"><span class='ocrx_word' id='word_1_341' title='bbox 1047 1807 1132 1849; x_wconf 90' lang='lat' dir='ltr'>Dei</span> <span class='ocrx_word' id='word_1_342' title='bbox 1158 1820 1239 1860; x_wconf 90' lang='lat' dir='ltr'>per</span> <span class='ocrx_word' id='word_1_343' title='bbox 1266 1807 1423 1860; x_wconf 86' lang='lat' dir='ltr'>ipsius-</span> <span class='ocrx_word' id='word_1_344' title='bbox 1432 1807 1619 1858; x_wconf 79' lang='lat' dir='ltr'>gratiam</span> <span class='ocrx_word' id='word_1_345' title='bbox 1643 1807 1881 1859; x_wconf 87' lang='lat' dir='ltr'>praestetur</span> 
     </span>
     <span class='ocr_line' id='line_1_76' title="bbox 1047 1862 1881 1905; baseline -0.002 0"><span class='ocrx_word' id='word_1_346' title='bbox 1047 1865 1271 1905; x_wconf 87' lang='lat' dir='ltr'>accessus:</span> <span class='ocrx_word' id='word_1_347' title='bbox 1333 1876 1447 1904; x_wconf 92' lang='lat' dir='ltr'>nunc</span> <span class='ocrx_word' id='word_1_348' title='bbox 1493 1868 1640 1905; x_wconf 90' lang='lat' dir='ltr'>tamen</span> <span class='ocrx_word' id='word_1_349' title='bbox 1687 1862 1881 1904; x_wconf 90' lang='lat' dir='ltr'>omnium</span> 
     </span>
     <span class='ocr_line' id='line_1_77' title="bbox 1047 1917 1880 1972; baseline -0.004 -11"><span class='ocrx_word' id='word_1_350' title='bbox 1047 1925 1218 1961; x_wconf 87' lang='lat' dir='ltr'>mentes</span> <span class='ocrx_word' id='word_1_351' title='bbox 1237 1920 1391 1971; x_wconf 85' lang='lat' dir='ltr'>majori</span> <span class='ocrx_word' id='word_1_352' title='bbox 1410 1919 1558 1962; x_wconf 79' lang='lat' dir='ltr'>studio</span> <span class='ocrx_word' id='word_1_353' title='bbox 1583 1918 1640 1960; x_wconf 90' lang='lat' dir='ltr'>ad</span> <span class='ocrx_word' id='word_1_354' title='bbox 1659 1917 1880 1972; x_wconf 75' lang='lat' dir='ltr'>spiritales</span> 
     </span>
     <span class='ocr_line' id='line_1_78' title="bbox 1046 1973 1880 2028; baseline -0.004 -11"><span class='ocrx_word' id='word_1_355' title='bbox 1046 1976 1272 2028; x_wconf 91' lang='lat' dir='ltr'>profectus</span> <span class='ocrx_word' id='word_1_356' title='bbox 1302 1976 1488 2026; x_wconf 91' lang='lat' dir='ltr'>moveri,</span> <span class='ocrx_word' id='word_1_357' title='bbox 1525 1981 1569 2018; x_wconf 90' lang='lat' dir='ltr'>et</span> <span class='ocrx_word' id='word_1_358' title='bbox 1600 1974 1803 2028; x_wconf 86' lang='lat' dir='ltr'>ampliori</span> <span class='ocrx_word' id='word_1_359' title='bbox 1834 1973 1880 2014; x_wconf 92' lang='lat' dir='ltr'>fi-</span> 
     </span>
     <span class='ocr_line' id='line_1_79' title="bbox 1049 2028 1881 2085; baseline -0.002 -12"><span class='ocrx_word' id='word_1_360' title='bbox 1049 2031 1177 2074; x_wconf 78' lang='lat' dir='ltr'>ducia</span> <span class='ocrx_word' id='word_1_361' title='bbox 1197 2034 1375 2085; x_wconf 89' lang='lat' dir='ltr'>oportet</span> <span class='ocrx_word' id='word_1_362' title='bbox 1397 2032 1598 2082; x_wconf 79' lang='lat' dir='ltr'>animari,</span> <span class='ocrx_word' id='word_1_363' title='bbox 1627 2030 1803 2083; x_wconf 91' lang='lat' dir='ltr'>quando</span> <span class='ocrx_word' id='word_1_364' title='bbox 1824 2028 1881 2071; x_wconf 86' lang='lat' dir='ltr'>ad</span> 
     </span>
     <span class='ocr_line' id='line_1_80' title="bbox 1048 2086 1881 2141; baseline -0.004 -12"><span class='ocrx_word' id='word_1_365' title='bbox 1048 2089 1251 2129; x_wconf 90' lang='lat' dir='ltr'>universa</span> <span class='ocrx_word' id='word_1_366' title='bbox 1270 2089 1448 2141; x_wconf 80' lang='lat' dir='ltr'>pietatis</span> <span class='ocrx_word' id='word_1_367' title='bbox 1468 2088 1627 2138; x_wconf 84' lang='lat' dir='ltr'>officia,</span> <span class='ocrx_word' id='word_1_368' title='bbox 1664 2086 1780 2128; x_wconf 87' lang='lat' dir='ltr'>illius</span> <span class='ocrx_word' id='word_1_369' title='bbox 1798 2098 1881 2127; x_wconf 91' lang='lat' dir='ltr'>nos</span> 
     </span>
     <span class='ocr_line' id='line_1_81' title="bbox 1050 2144 1880 2197; baseline -0.004 -11"><span class='ocrx_word' id='word_1_370' title='bbox 1050 2144 1151 2194; x_wconf 92' lang='lat' dir='ltr'>diei,</span> <span class='ocrx_word' id='word_1_371' title='bbox 1185 2145 1346 2197; x_wconf 87' lang='lat' dir='ltr'>inquo</span> <span class='ocrx_word' id='word_1_372' title='bbox 1375 2144 1594 2197; x_wconf 88' lang='lat' dir='ltr'>redempti</span> <span class='ocrx_word' id='word_1_373' title='bbox 1622 2156 1788 2192; x_wconf 89' lang='lat' dir='ltr'>sumus,</span> <span class='ocrx_word' id='word_1_374' title='bbox 1816 2155 1880 2184; x_wconf 92' lang='lat' dir='ltr'>re-</span> 
     </span>
     <span class='ocr_line' id='line_1_82' title="bbox 1050 2200 1881 2252; baseline -0.001 -11"><span class='ocrx_word' id='word_1_375' title='bbox 1050 2204 1204 2242; x_wconf 83' lang='lat' dir='ltr'>cursus</span> <span class='ocrx_word' id='word_1_376' title='bbox 1232 2201 1402 2242; x_wconf 85' lang='lat' dir='ltr'>invitat:</span> <span class='ocrx_word' id='word_1_377' title='bbox 1429 2206 1478 2242; x_wconf 94' lang='lat' dir='ltr'>ut</span> <span class='ocrx_word' id='word_1_378' title='bbox 1503 2200 1722 2242; x_wconf 84' lang='lat' dir='ltr'>excellens</span> <span class='ocrx_word' id='word_1_379' title='bbox 1748 2211 1881 2252; x_wconf 87' lang='lat' dir='ltr'>super</span> 
     </span>
     <span class='ocr_line' id='line_1_83' title="bbox 1050 2257 1881 2310; baseline -0.001 -13"><span class='ocrx_word' id='word_1_380' title='bbox 1050 2257 1195 2298; x_wconf 89' lang='lat' dir='ltr'>omnia</span> <span class='ocrx_word' id='word_1_381' title='bbox 1221 2257 1439 2310; x_wconf 87' lang='lat' dir='ltr'>passionis</span> <span class='ocrx_word' id='word_1_382' title='bbox 1466 2257 1710 2298; x_wconf 73' lang='lat' dir='ltr'>Dominicae</span> <span class='ocrx_word' id='word_1_383' title='bbox 1739 2268 1881 2296; x_wconf 85' lang='lat' dir='ltr'>sacra-</span> 
     </span>
     <span class='ocr_line' id='line_1_84' title="bbox 1049 2310 1881 2365; baseline -0.001 -12"><span class='ocrx_word' id='word_1_384' title='bbox 1049 2315 1260 2362; x_wconf 89' lang='lat' dir='ltr'>mentum,</span> <span class='ocrx_word' id='word_1_385' title='bbox 1291 2313 1534 2365; x_wconf 73' lang='lat' dir='ltr'>purificatis</span> <span class='ocrx_word' id='word_1_386' title='bbox 1554 2318 1598 2354; x_wconf 91' lang='lat' dir='ltr'>et</span> <span class='ocrx_word' id='word_1_387' title='bbox 1618 2310 1881 2364; x_wconf 90' lang='lat' dir='ltr'>corporibus</span> 
     </span>
    </p>

    <p class='ocr_par' dir='ltr' id='par_1_14' title="bbox 1051 2369 1573 2411">
     <span class='ocr_line' id='line_1_85' title="bbox 1051 2369 1573 2411; baseline 0 -1"><span class='ocrx_word' id='word_1_388' title='bbox 1051 2375 1094 2410; x_wconf 92' lang='lat' dir='ltr'>et</span> <span class='ocrx_word' id='word_1_389' title='bbox 1113 2369 1268 2410; x_wconf 77' lang='lat' dir='ltr'>animis</span> <span class='ocrx_word' id='word_1_390' title='bbox 1288 2369 1573 2411; x_wconf 87' lang='lat' dir='ltr'>celebremus.</span> 
     </span>
    </p>
   </div>
   <div class='ocr_carea' id='block_1_9' title="bbox 1040 1192 1145 1330">
    <p class='ocr_par' dir='ltr' id='par_1_15' title="bbox 1040 1192 1145 1330">
     <span class='ocr_line' id='line_1_86' title="bbox 1040 1192 1145 1330; baseline 0 -84"><span class='ocrx_word' id='word_1_391' title='bbox 1040 1192 1051 1330; x_wconf 95' lang='lat' dir='ltr'>   </span> <span class='ocrx_word' id='word_1_392' title='bbox 1134 1192 1145 1246; x_wconf 95' lang='lat' dir='ltr'> </span> 
     </span>
    </p>
   </div>
   <div class='ocr_carea' id='block_1_10' title="bbox 1051 2428 1882 2761">
    <p class='ocr_par' dir='ltr' id='par_1_16' title="bbox 1051 2428 1882 2761">
     <span class='ocr_line' id='line_1_87' title="bbox 1107 2428 1881 2482; baseline -0.003 -12"><span class='ocrx_word' id='word_1_393' title='bbox 1107 2432 1154 2482; x_wconf 64' lang='lat' dir='ltr'>Rz.</span> <span class='ocrx_word' id='word_1_394' title='bbox 1181 2429 1477 2471; x_wconf 90' lang='lat' dir='ltr'>Emendemus</span> <span class='ocrx_word' id='word_1_395' title='bbox 1505 2430 1548 2470; x_wconf 91' lang='lat' dir='ltr'>in</span> <span class='ocrx_word' id='word_1_396' title='bbox 1575 2428 1746 2478; x_wconf 91' lang='lat' dir='ltr'>melius,</span> <span class='ocrx_word' id='word_1_397' title='bbox 1782 2440 1881 2480; x_wconf 86' lang='lat' dir='ltr'>quae</span> 
     </span>
     <span class='ocr_line' id='line_1_88' title="bbox 1051 2483 1882 2537; baseline -0.001 -12"><span class='ocrx_word' id='word_1_398' title='bbox 1051 2486 1303 2535; x_wconf 78' lang='lat' dir='ltr'>ignoranter</span> <span class='ocrx_word' id='word_1_399' title='bbox 1329 2486 1624 2537; x_wconf 61' lang='lat' dir='ltr'>peccavimus:</span> <span class='ocrx_word' id='word_1_400' title='bbox 1651 2497 1706 2526; x_wconf 92' lang='lat' dir='ltr'>ne</span> <span class='ocrx_word' id='word_1_401' title='bbox 1734 2483 1882 2525; x_wconf 78' lang='lat' dir='ltr'>subito</span> 
     </span>
     <span class='ocr_line' id='line_1_89' title="bbox 1053 2541 1882 2593; baseline -0.004 -11"><span class='ocrx_word' id='word_1_402' title='bbox 1053 2541 1354 2593; x_wconf 79' lang='lat' dir='ltr'>praeoccupati</span> <span class='ocrx_word' id='word_1_403' title='bbox 1390 2541 1461 2583; x_wconf 91' lang='lat' dir='ltr'>die</span> <span class='ocrx_word' id='word_1_404' title='bbox 1496 2541 1672 2590; x_wconf 88' lang='lat' dir='ltr'>mortis,</span> <span class='ocrx_word' id='word_1_405' title='bbox 1715 2541 1882 2592; x_wconf 79' lang='lat' dir='ltr'>quaera-</span> 
     </span>
     <span class='ocr_line' id='line_1_90' title="bbox 1051 2596 1882 2650; baseline -0.002 -12"><span class='ocrx_word' id='word_1_406' title='bbox 1051 2611 1148 2638; x_wconf 93' lang='lat' dir='ltr'>mus</span> <span class='ocrx_word' id='word_1_407' title='bbox 1171 2597 1362 2650; x_wconf 75' lang='lat' dir='ltr'>spatium</span> <span class='ocrx_word' id='word_1_408' title='bbox 1383 2597 1672 2649; x_wconf 80' lang='lat' dir='ltr'>poenitentiae,</span> <span class='ocrx_word' id='word_1_409' title='bbox 1700 2601 1743 2637; x_wconf 89' lang='lat' dir='ltr'>et</span> <span class='ocrx_word' id='word_1_410' title='bbox 1766 2596 1882 2636; x_wconf 92' lang='lat' dir='ltr'>inve-</span> 
     </span>
     <span class='ocr_line' id='line_1_91' title="bbox 1053 2651 1881 2705; baseline -0.002 -12"><span class='ocrx_word' id='word_1_411' title='bbox 1053 2655 1145 2694; x_wconf 83' lang='lat' dir='ltr'>nire</span> <span class='ocrx_word' id='word_1_412' title='bbox 1170 2666 1257 2694; x_wconf 92' lang='lat' dir='ltr'>non</span> <span class='ocrx_word' id='word_1_413' title='bbox 1282 2655 1518 2705; x_wconf 85' lang='lat' dir='ltr'>possimus:</span> <span class='ocrx_word' id='word_1_414' title='bbox 1539 2657 1561 2677; x_wconf 84' lang='lat'>*</span> <span class='ocrx_word' id='word_1_415' title='bbox 1580 2651 1774 2702; x_wconf 78' lang='lat' dir='ltr'>Attende</span> <span class='ocrx_word' id='word_1_416' title='bbox 1793 2651 1881 2692; x_wconf 93' lang='lat' dir='ltr'>Do—</span> 
     </span>
     <span class='ocr_line' id='line_1_92' title="bbox 1053 2707 1882 2761; baseline -0.001 -13"><span class='ocrx_word' id='word_1_417' title='bbox 1053 2709 1184 2758; x_wconf 90' lang='lat' dir='ltr'>mine,</span> <span class='ocrx_word' id='word_1_418' title='bbox 1221 2714 1265 2750; x_wconf 90' lang='lat' dir='ltr'>et</span> <span class='ocrx_word' id='word_1_419' title='bbox 1292 2709 1517 2758; x_wconf 90' lang='lat' dir='ltr'>miserere,</span> <span class='ocrx_word' id='word_1_420' title='bbox 1556 2709 1657 2761; x_wconf 89' lang='lat' dir='ltr'>quia</span> <span class='ocrx_word' id='word_1_421' title='bbox 1683 2707 1882 2760; x_wconf 80' lang='lat' dir='ltr'>peccavi-</span> 
     </span>
    </p>
   </div>
   <div class='ocr_carea' id='block_1_11' title="bbox 1901 140 1956 2817">
    <p class='ocr_par' dir='ltr' id='par_1_17' title="bbox 1901 140 1956 2817">
     <span class='ocr_line' id='line_1_93' title="bbox 1901 140 1956 2817; baseline 0 0"><span class='ocrx_word' id='word_1_422' title='bbox 1901 140 1956 2817; x_wconf 95' lang='lat' dir='ltr'> </span> 
     </span>
    </p>
   </div>
  </div>
 </body>
</html>
