2066 2904
217 186 281 220 534

220 282 307 323 lote
344 280 535 330 indutus,
579 279 881 333 praedicationi
918 280 1039 321 verbi

221 337 302 378 Dei
322 349 369 378 se
393 342 533 378 totum
553 336 685 378 dedit.
720 336 949 378 Abdicatis
973 348 1039 377 ec-

220 393 473 434 clesiasticis
506 392 792 445 proventibus
821 393 925 433 satis
954 405 1038 433 am·

218 449 318 502 plis,
364 455 406 490 et
442 449 705 501 patrimonio
742 449 784 489 in
822 452 1038 501 paliperes

218 507 410 555 erogato,
426 505 560 546 semel
575 506 617 546 in
633 505 703 546 die
718 505 799 546 sub
811 506 1038 556 vesperam

220 562 315 603 solo
356 561 455 603 cibo
495 560 857 613 quadragesimali
898 565 1038 608 utens,

219 617 432 669 nudisque
452 617 655 670 pedibus,
684 623 728 659 et
751 617 895 658 lacera
918 621 1038 657 veste

219 673 299 715 sub
318 673 502 714 brumali
522 673 665 724 rigore
684 673 900 722 incedens,
918 673 1039 713 mirae

220 730 484 771 austeritatis
521 730 653 771 vitam
694 734 760 771 est
798 730 1038 779 aggressus.

218 787 380 827 Potens
416 787 546 836 igitur
582 787 715 837 opere
752 791 794 827 et
828 787 1039 834 sermone,

218 843 465 883 innumeros
510 841 738 883 haereticos
784 841 841 882 ad
891 840 1038 886 fidem,

218 901 472 951 peccatores
498 897 553 939 ad
573 898 888 950 poenitentiam,
916 896 1038 939 dissi-

218 954 369 996 dentes
403 954 459 996 ad
494 967 648 1007 pacem
683 959 726 996 et
759 954 1038 996 concordiam

217 1011 449 1052 revocavit.

270 1079 318 1129 152
343 1076 493 1116 Inveni
516 1075 659 1116 David
682 1088 855 1116 servum
885 1088 1038 1125 meum,

219 1132 317 1173 oleo
344 1137 494 1173 sancto
520 1144 618 1173 meo
644 1132 747 1172 unxi
778 1144 889 1172 eum:
911 1138 931 1158 *
948 1132 1035 1173 Ma-

218 1201 297 1229 nus
319 1189 431 1229 enim
450 1200 545 1229 mea
565 1187 842 1229 auxiliabitur
864 1189 918 1237 ei,
939 1189 1037 1230 alle—

219 1245 312 1296 luja.
348 1244 396 1293 Y.
418 1244 535 1285 Nihil
555 1244 756 1297 proficiet
775 1245 971 1286 inimicus
994 1246 1037 1286 in

218 1313 286 1349 eo,
308 1306 351 1342 et
369 1300 481 1341 filius
501 1300 737 1352 iniquitatis
757 1313 843 1342 non
863 1301 1039 1343 nocebit

218 1357 267 1398 ei.
301 1357 453 1398 Manus
474 1357 596 1398 enim.

522 1445 670 1485 Lectio
694 1459 727 1483 ν.

218 1509 365 1616 Cum
384 1508 582 1550 Lauduni
602 1515 730 1559 esset,
751 1509 806 1551 ab
826 1512 1037 1563 episcopo

303 1567 480 1616 rogatus
499 1578 553 1606 ne
572 1578 596 1606 a
613 1579 690 1607 sua
706 1566 887 1608 dioecesi
903 1566 1037 1608 disce-

219 1622 357 1671 deret,
386 1621 606 1663 desertum
631 1622 673 1662 in
697 1635 748 1664 ea
774 1623 934 1672 locum,
964 1624 1038 1676 qui

218 1678 583 1719 Praemonstratus
602 1678 843 1728 dicebatur,
862 1679 944 1721 sibi
966 1680 1036 1721 de-

217 1734 333 1784 legit:
353 1733 499 1786 ibique
517 1733 726 1776 tredecim
746 1736 876 1776 sociis
891 1749 1036 1787 aggre—

216 1790 339 1840 gatis,
362 1790 822 1833 Praemonstratensem
841 1792 1037 1834 ordinem

217 1846 416 1895 instituit,
442 1845 645 1888 divinitus
672 1850 852 1900 accepta
876 1861 954 1901 per
979 1849 1035 1889 vi-

218 1915 314 1943 sum
350 1902 498 1954 regula
533 1915 558 1944 a
593 1910 744 1946 sancto
781 1904 1036 1954 Augustino.

219 1958 327 2000 Cum
354 1970 458 1999 vero
483 1959 573 2010 ejus
597 1959 710 2000 fama
733 1961 974 2002 sanctitatis
993 1961 1035 2002 in

219 2013 312 2056 dies
340 2015 477 2066 magis
504 2017 751 2065 augeretur,
786 2029 836 2058 ac
862 2017 1036 2070 plurimi
1096 2030 1103 2039 s
1134 2068 1136 2072 v

219 2070 275 2112 ad
303 2083 401 2112 eum
429 2071 624 2123 quotidie
653 2071 853 2124 discipuli
884 2086 1036 2115 conve·
1095 2071 1097 2125 ἶ
1181 2078 1195 2091 ’“

219 2129 376 2176 nirent,
401 2126 517 2168 idem
543 2127 652 2169 ordo
679 2127 733 2169 ab
752 2129 950 2171 Honorio
974 2143 1037 2172 se·
1095 2132 1096 2144 ²

220 2182 362 2224 cundo
394 2183 577 2236 aliisque
608 2184 794 2225 Summis
821 2185 1037 2227 Pontifici-

220 2238 300 2279 bus
315 2239 607 2289 confirmatus,
627 2253 677 2281 ac
696 2240 892 2292 pluribus
911 2241 965 2283 ab
985 2256 1037 2284 eo

221 2296 493 2337 monasteriis
504 2295 742 2346 aedificatis,
753 2297 931 2340 mirifice
941 2311 1038 2350 pro-

222 2353 406 2402 pagatus
425 2357 502 2393 est.

279 2419 323 2468 152
357 2416 488 2457 Posui
516 2416 777 2468 adjutorium
806 2432 936 2471 super
965 2434 1038 2472 po-

223 2472 395 2519 tentem,
439 2478 482 2513 et
527 2473 715 2514 exaltavi
759 2474 943 2515 electum
986 2476 1040 2518 de

223 2526 351 2578 plebe
386 2541 496 2568 mea:
534 2534 554 2555 *
593 2529 746 2571 Manus
789 2531 902 2571 enim
944 2546 1039 2574 mea

225 2582 498 2624 auxiliabitur
522 2586 576 2635 ei,
606 2586 786 2637 alleluja.
818 2585 867 2634 V.
892 2588 1040 2630 Inveni

224 2637 366 2679 David
392 2651 561 2681 servum
583 2655 741 2691 meum,
770 2642 868 2684 oleo
890 2651 1040 2685 sancto

224 2707 322 2735 meo
341 2695 443 2735 unxi
462 2708 569 2737 eum.
611 2698 774 2739 Manus.

622 188 689 221 Dic
714 191 742 221 Γ».
769 189 884 222 Junii.
932 190 965 221 S.
992 188 1170 221 Norbcrti
1197 187 1322 229 Episc.
1350 192 1383 220 ct
1410 186 1516 219 (lons.

1391 281 1541 321 Lectio
1564 280 1614 318 vi.

1167 337 1411 389 ntverpiam
1435 338 1687 384 accersitus,
1713 336 1757 376 in
1777 348 1828 378 ea
1846 349 1913 378 ur·

1192 392 1247 434 be
1271 392 1527 434 Tanchelini
1550 392 1757 433 nefariam
1779 391 1914 435 haere-

1091 449 1172 490 sim
1187 449 1447 502 profligavit,
1469 447 1734 501 Prophetico
1750 449 1915 501 spiritu,

1091 510 1134 547 et
1157 505 1377 547 miraculis
1404 505 1570 546 claruit.
1609 504 1914 558 Archiepisco-

1090 575 1174 614 pus
1197 561 1374 603 tandem
1402 561 1518 611 (licet
1541 561 1775 613 reluctans)
1797 561 1914 613 Mag-

1093 617 1378 669 deburgensis
1415 619 1608 667 creatus,
1654 617 1915 661 eeclesiasti-

1092 687 1188 716 cam
1214 674 1503 727 disciplinam,
1531 674 1776 727 praesertim
1799 674 1915 716 coeli-

1091 730 1259 781 batum,
1318 733 1569 772 constanter
1612 731 1916 784 propugnavit.

1091 786 1271 828 Rhemis
1308 787 1350 827 in
1388 786 1575 828 concilio
1612 787 1915 830 Innocentium

1092 842 1331 885 secundum
1358 843 1530 895 egregie
1555 843 1736 895 adjuvit,
1763 849 1807 886 et
1829 844 1915 886 Ro-

1090 912 1206 940 mam
1221 912 1320 941 cum
1334 899 1429 941 aliis
1446 900 1666 953 episcopis
1680 900 1915 954 profectus,

1091 955 1279 997 schisma
1306 956 1424 998 Petri
1451 956 1612 998 Leonis
1644 954 1915 1010 compressit.

1091 1012 1322 1054 Postremo
1348 1012 1413 1053 vir
1437 1012 1536 1063 Dei,
1563 1013 1731 1055 meritis
1755 1018 1799 1055 et
1821 1013 1914 1066 Spi—

1090 1069 1175 1111 ritu
1220 1074 1371 1111 sancto
1413 1069 1587 1122 plenus,
1629 1069 1914 1122 Magdeburgi

1091 1124 1357 1167 obdormivit
1375 1126 1418 1166 in
1438 1126 1646 1176 Domino,
1671 1139 1785 1168 anno
1805 1126 1915 1168 salu-

1090 1181 1145 1223 tis
1169 1181 1400 1224 millesimo
1427 1182 1666 1224 centesimo
1692 1183 1915 1234 trigesimo

1092 1244 1259 1290 quarto,
1281 1238 1352 1280 die
1373 1243 1497 1280 sexta
1515 1239 1642 1280 Junii.

1144 1300 1192 1350 Ηι.
1219 1295 1309 1336 Iste
1329 1300 1395 1337 est
1415 1295 1499 1348 qui.
1519 1295 1593 1348 [71]

1314 1375 1362 1413 In
1381 1375 1451 1413 III.
1472 1375 1505 1413 N
1508 1375 1693 1414 octumo.

1092 1439 1242 1480 Lectio
1267 1439 1406 1480 sancti
1425 1437 1651 1490 Evangelii
1677 1437 1916 1480 secundum

1368 1494 1635 1537 Matthaeum.

1195 1555 1345 1596 Lectio
1365 1557 1432 1596 vii.
1574 1557 1677 1610 Cap.
1692 1557 1756 1598 25.
1772 1556 1811 1598 b.

1090 1606 1164 1713 In
1183 1612 1259 1654 illo
1279 1614 1492 1666 ternpore:
1511 1613 1634 1654 Dixit
1647 1613 1672 1654 J
1675 1625 1776 1654 esus
1791 1611 1916 1654 disci-

1154 1668 1269 1720 pulis
1290 1669 1378 1710 suis
1398 1669 1654 1722 parabolam
1671 1669 1798 1710 hanc:
1826 1669 1916 1711 Ho-

1090 1737 1162 1766 mo
1197 1727 1380 1778 peregre
1407 1725 1709 1779 proficiscens,
1743 1725 1918 1767 vocavit

1090 1794 1242 1823 servos
1267 1794 1384 1831 suos,
1413 1787 1457 1824 et
1483 1781 1666 1824 tradidit
1692 1781 1777 1823 illis
1799 1781 1916 1823 bona

1091 1851 1178 1879 sua.
1207 1838 1263 1879 Et
1282 1838 1458 1891 reliqua.

1143 1911 1330 1953 Homih'a
1350 1911 1488 1953 sancti
1508 1912 1710 1964 Gregorii
1726 1912 1872 1966 Papae.

1267 1973 1434 2007 llomilia
1451 1977 1481 2007 Sl.
1502 1974 1538 2007 in
1556 1973 1736 2015 Evangcl.

1095 2050 1097 2066 A
1135 2030 1197 2077 <Q
1209 2025 1322 2067 ectio
1342 2025 1481 2067 sancti
1499 2025 1735 2076 Evangelii,
1758 2025 1915 2067 fratres

1152 2115 1185 2135 „
1226 2082 1450 2132 carissimi,
1497 2082 1682 2124 sollicite
1720 2081 1914 2124 conside-

1111 2139 1176 2163 *ss
1198 2146 1201 2162 ¹
1224 2141 1321 2180 rare
1358 2151 1439 2180 nos
1476 2137 1700 2188 admonet,
1736 2151 1791 2180 ne
1823 2151 1915 2188 nos,

1092 2196 1167 2248 qui
1190 2195 1289 2248 plus
1313 2195 1470 2237 ceteris
1495 2195 1541 2237 in
1563 2195 1648 2237 hoc
1666 2194 1831 2238 mundo
1847 2208 1915 2237 ac·

1092 2254 1263 2304 cepisse
1295 2251 1463 2304 aliquid
1495 2252 1726 2302 cernimur,
1761 2251 1816 2293 ab
1843 2264 1915 2293 au-

1092 2310 1214 2350 ctore
1245 2307 1396 2349 mundi
1427 2308 1602 2359 gravius
1629 2308 1729 2351 inde
1757 2307 1915 2360 iudice—

1091 2377 1197 2405 mur.
1255 2364 1364 2405 Cum
1398 2365 1510 2405 enim
1543 2366 1756 2416 augentur
1789 2363 1915 2414 dona,

1092 2421 1282 2462 rationes
1309 2421 1440 2462 etiam
1461 2426 1664 2463 crescunt
1690 2420 1916 2463 donorum.

1092 2477 1235 2518 Tanto
1264 2488 1369 2527 ergo
1403 2489 1500 2518 esse
1529 2477 1748 2527 humilior,
1784 2482 1916 2529 atque

1093 2533 1149 2575 ad
1199 2532 1474 2574 serviendum
1524 2534 1620 2575 Deo
1670 2533 1916 2586 promptior

1094 2590 1278 2641 quisque
1303 2588 1436 2630 debet
1455 2601 1508 2630 ex
1527 2593 1723 2640 munere,
1753 2595 1915 2642 quanto

1093 2659 1140 2686 se
1167 2645 1470 2695 obligatiorem
1505 2658 1601 2687 esse
1629 2646 1846 2699 conspicit
1872 2646 1915 2687 in

1093 2701 1316 2744 reddenda
1335 2701 1515 2743 ratione.
1546 2702 1662 2744 Ecce
1686 2702 1819 2744 homo
1843 2702 1916 2755 qui
