2066 2956
222 190 313 236 [376]

221 287 316 337 illis,
336 292 379 329 et
395 298 483 328 non
503 286 812 336 exstinguetur,
832 289 876 326 et
892 284 1047 326 immit-

222 346 339 386 tetur
369 344 412 384 in
443 342 541 384 illos
574 342 700 395 quasi
731 341 819 391 160,
852 346 895 383 et
925 340 1049 393 quasi

223 400 389 453 pardus
433 399 565 440 laedet
610 398 720 439 illos.
773 397 877 451 Sepi
922 410 1049 439 aures

223 463 321 499 tuas
346 456 500 509 spinis,
526 455 717 506 linguam
743 467 934 507 nequam
960 453 1050 495 noli

225 513 392 562 audire,
421 517 465 554 et
493 512 559 554 ori
586 517 663 554 tuo
690 511 822 553 facito
850 511 979 559 Ostia,
1008 515 1051 551 et

225 582 355 611 seras.
397 570 566 610 Aurum
597 574 719 611 tuum
752 573 796 609 et
823 569 1051 618 argentum

224 631 346 668 tuum
372 626 530 674 confla,
559 630 602 666 et
629 624 775 666 verbis
802 624 890 666 tuis
918 623 1050 665 facito

225 684 447 730 stateram,
472 687 516 723 et
539 681 686 722 frenos
711 680 778 722 ori
794 685 872 721 tuo
892 685 1051 721 rectos:

226 743 270 780 et
297 738 474 780 attende
501 751 555 779 ne
583 738 695 779 forte
724 737 884 779 labaris
910 736 954 777 in
976 736 1051 776 lin-

225 808 329 846 gua,
358 800 402 836 et
428 794 559 837 cadas
583 794 627 834 in
653 795 892 846 conspectu
915 793 1051 834 inimi-

227 853 378 893 carum
397 851 694 893 insidiantium
717 850 813 900 tibi,
839 855 883 891 et
905 850 961 892 sit
979 863 1050 891 ca-

227 921 301 950 sus
320 913 421 950 tuus
440 907 694 949 insanabilis
713 907 758 947 in
775 912 975 948 mortem.

279 977 328 1027 Ru
347 973 494 1026 Sepivi
514 985 641 1014 aures
660 985 779 1014 meas
797 972 943 1024 spinis,
958 976 979 1000 *
997 972 1053 1013 Et

228 1030 293 1071 ori
311 1042 410 1072 meo
429 1030 512 1071 feci
533 1030 645 1071 Ostia
665 1034 707 1070 et
721 1041 852 1078 seras,
872 1028 1054 1081 alleluja.

228 1083 275 1134 Υ.
305 1087 467 1128 Beatus
497 1086 571 1138 qui
598 1086 744 1137 lingua
770 1099 848 1127 sua
871 1098 959 1127 non
986 1092 1053 1128 est

227 1144 387 1196 lapsus,
410 1148 455 1185 et
474 1143 547 1194 qui
565 1156 653 1184 non
673 1143 851 1185 servivit
864 1143 1053 1194 indignis

230 1213 289 1242 se.
317 1201 384 1241 Et.
414 1199 565 1241 Gloria
582 1199 711 1241 Patri.
738 1199 805 1240 Et.

460 1283 507 1322 In
527 1283 576 1322 11.
597 1283 818 1322 Nocturno.

280 1353 378 1392 Ant.
430 1352 528 1392 Non
564 1351 766 1402 quaesivit
801 1364 827 1392 a
863 1351 1054 1393 Damino

231 1409 450 1459 ducatum,
469 1420 611 1460 neque
632 1421 657 1449 a
675 1421 778 1459 rege
799 1407 1055 1450 cathedram

230 1465 419 1516 hon6ris,
439 1464 619 1516 alleluja.

280 1525 328 1577 V.
359 1530 481 1571 Pone
503 1529 692 1570 Damine
716 1529 962 1571 eust6diam
988 1530 1055 1571 ori

230 1599 341 1636 meo,
359 1586 540 1638 alleluja.
559 1588 609 1639 R.
628 1586 685 1627 Et
701 1586 861 1627 (istium
876 1586 1055 1628 circum-

231 1643 403 1685 stantiae
421 1642 549 1684 labiis
567 1642 687 1692 meis,
708 1642 888 1694 alleluja.

281 1701 380 1735 Leet.
407 1707 446 1735 ut
471 1701 506 1734 in
534 1702 766 1744 praecedenti
793 1702 929 1737 Officio
955 1704 1052 1743 eius-

231 1754 315 1788 dem
341 1754 479 1788 Sancti.
509 1752 600 1796 [371]

284 1806 333 1857 R.
360 1806 412 1844 iv.
448 1804 621 1846 Instans
650 1803 836 1845 oratiani
865 1809 909 1846 et
935 1804 1056 1845 mini-

233 1861 367 1903 sterio
391 1860 529 1910 verbi,
555 1860 813 1903 hortabatur
837 1874 989 1903 omnes
1013 1861 1057 1901 in

231 1918 463 1970 proposito
482 1916 627 1959 cordis
642 1918 897 1970 permanere
911 1917 955 1958 in
969 1918 1057 1959 Dc-

232 1973 365 2014 mino:
396 1977 417 1998 *
453 1973 563 2024 Quia
594 1978 687 2015 erat
718 1973 784 2014 vir
817 1973 973 2023 bonus,
1015 1979 1058 2016 et

233 2029 389 2082 plenus
439 2030 602 2083 Spiritu
654 2035 824 2080 saneto,
876 2030 1058 2082 alleluja.

233 2082 282 2133 V.
321 2085 377 2127 Et
413 2085 718 2139 apponebatur
758 2086 894 2128 multa
929 2087 1057 2128 turba

234 2142 433 2185 D6min0.
462 2142 583 2192 Quia.

286 2204 334 2244 R.
360 2218 396 2243 v.
431 2203 671 2256 Dispersit‚
703 2202 825 2245 dedit
856 2205 1057 2256 pauperi-

234 2258 330 2300 bus:
345 2261 365 2283 *
390 2259 563 2302 Justitia
584 2260 674 2311 ejus
692 2264 839 2301 manet
861 2260 904 2300 in
924 2263 1058 2303 saecu-

234 2314 323 2356 lum
342 2316 501 2365 sa'eeuli,
521 2315 703 2368 alleluja.
731 2310 778 2361 V.
800 2316 965 2359 Beatus
986 2318 1058 2370 qui

235 2371 432 2422 intelligit
458 2385 589 2424 super
616 2374 800 2423 egenum
826 2378 870 2415 et
895 2376 1056 2427 paupe-

237 2439 339 2468 rem.
365 2428 551 2469 Justitia.

287 2486 336 2536 R·-
363 2487 413 2525 vi.
451 2490 545 2540 Ego
575 2489 666 2530 seio
693 2490 899 2541 quaniam
929 2490 1058 2533 intra-

236 2543 343 2585 bunt
362 2550 464 2597 post
484 2545 796 2588 discessidnem
810 2559 953 2588 meam
968 2547 1058 2600 lupi

236 2601 1059 2701 3³33?ssssssV⁰3b¹210¹31p³1¹f352¹¹oea⁸11ger1233²

236 2703 285 2754 V·
306 2713 362 2755 Et
377 2670 434 2755 {x
452 2671 577 2755 voellus
600 2672 960 2768 ipsisfgexsu'rgent
979 2674 1060 2758 viri

579 197 694 231 Aliud
721 197 893 230 Officium
921 197 954 228 S.
980 194 1143 227 Joannis
1170 192 1430 235 Ncpomuccni
1459 191 1564 224 Mart.

1099 283 1330 335 loquentes
1360 283 1587 336 perversa,
1627 286 1675 323 ut
1707 280 1927 323 abducant

1102 339 1342 392 discipulos
1365 343 1469 392 post
1494 351 1553 381 se.
1587 339 1787 391 Propter.
1826 337 1926 380 Glu-

1101 396 1164 437 ria
1183 397 1313 438 Patri.
1341 397 1540 449 Propter.

1327 475 1374 513 In
1394 475 1463 514 III.
1484 474 1706 514 Nocturno.

1157 536 1191 574 Α
1199 542 1253 576 nt.
1279 536 1382 582 Igne
1400 544 1471 573 me
1491 529 1760 579 examinasti,
1780 534 1824 571 et
1842 541 1929 570 non

1104 592 1170 629 est
1200 587 1378 630 inventa
1406 588 1450 628 in
1478 600 1548 629 me
1574 587 1797 639 iniquitas,
1830 585 1929 627 alle-

1103 644 1200 695 luia.

1159 698 1206 749 Y.
1242 700 1359 741 Dixi:
1388 698 1646 742 Custddiam
1673 699 1766 740 vias
1793 711 1931 748 meas,

1105 756 1286 809 alleluia.
1334 760 1382 811 R.
1410 757 1468 799 Ut
1494 768 1583 797 non
1611 755 1861 808 delinquam
1887 755 1931 796 in

1104 813 1250 865 lingua
1268 826 1376 863 mea,
1396 813 1578 864 alleluja.

1107 886 1262 928 Lectio
1283 887 1422 928 sancti
1440 885 1668 938 Evangelii
1692 885 1933 928 secundum

1386 942 1653 984 Matthaeum.

1209 1001 1359 1041 Lectio
1381 1000 1450 1039 vii.
1660 999 1762 1050 Cap.
1779 999 1829 1038 11.

1153 1073 1181 1099 n
1216 1057 1290 1099 illo
1330 1058 1547 1110 tempore:
1594 1056 1704 1097 Cum
1740 1055 1935 1098 audisset

1172 1115 1196 1155 J
1199 1116 1363 1156 oannes
1388 1113 1432 1154 in
1451 1112 1636 1154 vinculis
1661 1115 1796 1165 (Spera
1816 1112 1934 1154 Chri-

1107 1171 1173 1221 sti,
1192 1170 1368 1211 mittens
1389 1169 1502 1211 duos
1522 1169 1577 1211 de
1595 1168 1819 1221 discipulis
1835 1169 1934 1219 suis,

1107 1227 1166 1269 ait
1190 1227 1264 1268 illi:
1288 1227 1358 1268 Tu
1383 1239 1430 1268 es
1457 1226 1532 1278 qui
1554 1227 1764 1268 venturus
1791 1238 1855 1276 es,
1880 1238 1935 1267 an

1107 1284 1239 1325 alium
1262 1280 1590 1336 exspectamus?
1618 1282 1675 1324 Et
1694 1282 1872 1334 reliqua.

1152 1357 1345 1400 Homilia
1369 1356 1507 1399 sancti
1526 1355 1729 1408 Gregorii
1748 1355 1893 1408 Papae.

1299 1417 1341 1451 In
1364 1417 1508 1460 Evang.
1530 1416 1701 1451 Homffia
1719 1417 1749 1450 6.

1120 1498 1123 1508 ·
1140 1482 1219 1533 ⁵513*
1239 1471 1398 1512 imissis
1413 1470 1437 1511 J
1440 1470 1562 1512 oanis
1578 1469 1815 1523 discipulis,
1832 1469 1937 1523 quid

1120 1516 1209 1582 {lagji
1259 1527 1314 1569 de
1340 1526 1497 1569 eudem
1516 1526 1541 1567 J
1544 1528 1686 1568 oanne
1709 1526 1850 1570 turbis
1875 1525 1935 1570 di-

1120 1580 1124 1593 *
1163 1582 1181 1610 T
1259 1589 1344 1635 cat,
1370 1582 1611 1625 audiamus.
1649 1583 1766 1634 Quid
1785 1583 1937 1626 existis

1108 1643 1151 1683 in
1192 1641 1414 1683 desertum
1454 1637 1628 1682 videre?
1678 1639 1938 1682 arundinem

1108 1703 1241 1740 vento
1286 1695 1516 1748 agitatam?
1569 1695 1699 1747 Quod
1732 1695 1938 1739 videlicet

1108 1768 1196 1797 non
1215 1753 1471 1803 asserendo,
1500 1752 1579 1794 sed
1605 1752 1808 1804 negando
1826 1755 1936 1796 intu-

1108 1812 1168 1853 lit.
1223 1809 1494 1852 Arundinem
1538 1809 1703 1863 quippe
1746 1822 1851 1851 mox
1890 1816 1939 1853 ut

1110 1881 1215 1910 aura
1235 1866 1483 1917 contigerit,
1502 1866 1546 1907 in
1563 1871 1736 1919 partem
1755 1866 1939 1909 alteram

1110 1925 1302 1966 inflectit.
1347 1924 1403 1965 Et
1437 1922 1542 1975 quid
1573 1936 1653 1976 per
1680 1923 1939 1966 arundinem

1110 1982 1191 2023 nisi
1230 1980 1416 2023 carnalis
1456 1980 1623 2022 animus
1661 1980 1938 2033 designatur?

1111 2038 1194 2089 Qui
1213 2051 1317 2079 mox
1335 2042 1384 2078 ut
1407 2037 1558 2079 favore
1575 2037 1646 2079 vel
1666 2037 1938 2080 detractione

1110 2095 1316 2146 tangitur,
1338 2094 1488 2136 statim
1506 2093 1549 2134 in
1566 2096 1740 2147 partem
1760 2094 1938 2148 quamli-

1109 2152 1186 2195 bet
1204 2150 1446 2193 inclinatur.
1473 2150 1517 2192 Si
1538 2151 1652 2192 enim
1672 2151 1727 2193 ab
1746 2150 1937 2193 humano

1112 2221 1188 2251 ore
1208 2221 1313 2250 aura
1332 2207 1495 2249 fav6ris
1515 2207 1696 2259 flaverit,
1718 2208 1939 2250 hilarescit

1112 2271 1155 2307 et
1188 2264 1424 2307 extdllitur:
1465 2263 1545 2306 sed
1576 2265 1613 2305 si
1645 2264 1747 2307 inde
1778 2270 1937 2307 ventus

1112 2321 1396 2364 detractianis
1434 2321 1641 2374 eruperit,
1681 2321 1797 2363 unde
1833 2334 1937 2363 aura

1111 2378 1252 2420 laudis
1280 2377 1502 2426 veniebat,
1537 2390 1643 2419 mox
1669 2378 1785 2420 hunc
1814 2378 1939 2430 quasi

1112 2436 1155 2476 in
1182 2439 1352 2488 partem
1379 2434 1561 2476 alteram
1575 2434 1645 2476 -ad
1668 2434 1756 2476 vim
1779 2434 1938 2476 furaris

1112 2492 1300 2533 inclinat.

1163 2547 1213 2597 Rt·
1243 2549 1353 2589 Cum
1377 2547 1670 2600 corriperetur
1697 2546 1752 2588 ab
1778 2547 1854 2589 illo
1882 2547 1938 2590 de

1114 2605 1316 2646 amnibus
1341 2604 1466 2646 malis
1492 2616 1591 2656 quae
1617 2604 1718 2645 fecit
1743 2616 1836 2654 rex,
1865 2604 1937 2646 ad-

1113 2662 1212 2712 jecit
1231 2667 1274 2703 et
1291 2661 1392 2703 hoc:
1410 2658 1431 2682 *
1452 2661 1509 2702 Et
1532 2661 1706 2702 inclusit
1723 2661 1747 2702 J
1752 2662 1938 2702 oannem

1113 2718 1155 2758 in
1175 2720 1366 2768 carcere,
1385 2717 1568 2769 alleluja.
1598 2710 1646 2761 V·
1675 2717 1848 2759 Laboro
1868 2730 1936 2759 us-
