2028 2892
208 167 281 204 404

264 266 309 315 Κ.
334 264 486 305 Inveni
504 263 650 306 David
673 277 846 306 servum
872 278 1028 314 meum,

206 320 305 362 eleo
330 326 483 362 sancto
506 333 606 362 meo
632 321 736 362 unxi
761 333 878 362 eum:
903 321 1027 362 *Ma-

205 390 286 418 nus
301 377 415 418 enim
428 390 527 419 mea
541 377 822 419 auxiliabitur
837 378 886 419 ei.
904 375 951 426 Y.
962 377 1029 419 Ni-

205 433 265 474 hil
279 434 483 486 proficiet
503 434 702 476 inimicus
718 434 761 475 in
778 447 840 484 eo,
856 438 899 476 et
913 434 1027 475 filius

205 490 447 542 iniquitatis
469 503 556 533 non
579 490 756 532 nocebit
780 492 829 532 ei.
862 491 1027 532 Manus.

512 550 662 591 Lectio
684 566 720 591 V.

206 600 279 704 In
308 605 565 658 episcopatu
594 604 771 657 injurias
797 604 955 645 multas
985 608 1028 645 et

262 661 541 711 calamitates,
560 674 647 703 non
667 674 792 703 secus
808 673 859 702 ac
872 660 1027 703 beatus

206 718 486 768 Athanasius,
522 718 590 760 cui
622 720 798 760 coaevus
830 723 939 767 erat,
972 717 1026 759 ab

206 775 467 817 Arianorum
490 774 750 817 factionibus
774 774 877 816 fidei
897 787 1029 816 causa

154 853 155 857 =
204 834 440 884 perpessus
468 832 558 873 fuit.
600 831 658 872 Hi
686 832 800 872 enim
827 844 943 882 aegre
971 831 1028 872 fe-

205 890 350 930 rentes
370 888 577 940 Cyrillum
596 887 875 929 vehementer
892 887 1027 928 haere-

205 945 325 986 sibus
357 945 587 994 obsistere,
627 944 771 997 ipsum
804 944 1028 986 calumniis

205 1001 532 1053 aggrediantur,
576 1006 620 1043 et
660 1001 703 1041 in
740 1001 1027 1042 conciliabulo

205 1058 455 1111 depositum
487 1071 510 1099 e
545 1071 622 1099 sua
650 1057 754 1099 sede
783 1057 1028 1099 deturbant.

205 1116 400 1165 Quorum
431 1115 565 1156 furari
592 1120 639 1156 ut
668 1127 714 1156 se
743 1114 1028 1164 subtraheret,

204 1171 391 1212 Tarsum
417 1171 579 1212 Ciliciae
605 1171 786 1222 aufugit,
813 1176 856 1212 et
881 1170 1027 1222 quoad

200 1228 307 1269 vixit
336 1228 632 1279 Constantius,
669 1227 808 1269 exsilii
839 1227 1027 1279 rigorem

199 1284 388 1336 pertulit.
423 1285 531 1326 Post
554 1284 668 1325 illius
695 1289 897 1334 mortem,
924 1283 1026 1325 Juli-

200 1342 284 1382 ano
301 1341 519 1393 Apestata
537 1340 594 1382 ad
612 1340 841 1393 imperium
860 1342 1026 1390 evectO,

200 1397 551 1449 Hierosolymam
582 1396 723 1439 redire
756 1397 918 1450 potuit,
951 1396 1026 1439 ubi

200 1453 369 1496 ardenti
389 1454 484 1496 zelo
504 1454 625 1505 gregi
640 1467 719 1495 suo
736 1454 790 1495 ab
807 1453 1025 1496 erroribus

200 1516 243 1552 et
270 1524 295 1552 a
323 1511 438 1552 vitiis
467 1509 717 1552 revocando
747 1512 927 1563 operam
953 1524 1023 1552 na-

199 1567 328 1609 vavit.
355 1566 442 1609 Sed
461 1570 627 1617 iterum,
643 1567 828 1609 Valente
842 1567 1023 1620 impera-

199 1626 306 1673 tore,
332 1624 533 1665 exsulare
560 1626 738 1665 coactus
764 1629 846 1673 est,
873 1623 1024 1673 donec,

199 1679 370 1722 reddita
398 1680 607 1722 Ecclesiae
634 1693 742 1733 pace
774 1693 855 1733 per
882 1679 1022 1722 Theo-

200 1736 372 1778 dosium
407 1737 629 1788 Magnum,
673 1742 717 1778 et
761 1737 1021 1778 Arianorum

202 1792 459 1835 crudelitate
501 1793 770 1845 audaciaque
811 1795 1022 1846 repressa,

202 1850 257 1891 ab
300 1849 456 1892 eedem
498 1850 761 1903 imperatore
801 1855 1023 1902 tamquam

203 1906 462 1947 fortissimus
487 1906 646 1948 Christi
668 1906 831 1948 athleta
853 1906 1023 1948 honeri·

202 1962 284 2004 bus
305 1964 535 2015 susceptus
559 1976 649 2004 suae
676 1962 770 2004 sedi
796 1962 1023 2004 restitutus

204 2019 292 2060 fuit.
320 2020 460 2069 Quam
486 2021 658 2060 strenue
686 2025 729 2060 et
754 2024 902 2060 sancte
926 2019 1023 2060 sub—

202 2075 314 2116 limis
343 2074 474 2116 officii
502 2076 568 2116 sui
598 2075 743 2116 munia
770 2075 1023 2127 impleverit,

202 2131 442 2173 luculenter
461 2133 644 2184 apparet
662 2144 715 2172 ex
736 2131 907 2173 florenti
921 2136 1024 2173 tunc

203 2188 414 2241 temporis
446 2187 855 2239 Hierosolymitanae
889 2187 1023 2229 eccle-

204 2244 278 2285 siae
312 2249 442 2294 statu,
480 2257 607 2296 quem
635 2249 809 2285 sanctus
837 2243 1023 2285 Basilius

203 2299 301 2341 loca
338 2306 487 2343 sancta
520 2303 820 2349 veneraturus,
856 2299 915 2342 ibi
951 2300 1023 2341 ali-

206 2357 411 2407 quamdiu
431 2359 736 2405 commoratuS,
756 2356 973 2398 describit.

253 2413 303 2463 Rg.
336 2413 469 2455 Pesui
501 2412 761 2464 adjuterium
790 2425 922 2465 super
948 2425 1023 2465 po-

204 2470 377 2519 tentem,
397 2474 440 2511 et
459 2469 647 2511 exaltavi
667 2469 852 2510 electum
868 2467 922 2510 de
937 2470 1024 2521 ple-

204 2523 259 2565 be
284 2538 393 2566 mea:
419 2528 441 2551 *
470 2527 624 2567 Manus
650 2525 764 2567 enim
786 2538 883 2566 mea
908 2527 1023 2566 auxi-

205 2579 381 2622 liabitur
409 2582 458 2622 ei.
496 2579 545 2629 V.
577 2582 728 2623 Inveni
751 2581 910 2630 David,
939 2595 1023 2623 ser-

205 2650 306 2677 vum
326 2650 484 2687 meum,
510 2638 608 2680 oleo
634 2644 784 2680 sancto
803 2650 902 2679 meo
922 2639 1025 2679 unxi

206 2705 314 2734 eum.
342 2694 493 2735 Manus
513 2695 635 2736 enim.

436 168 506 201 Die
534 168 583 201 1⁵4.
612 168 745 201 Martii.
792 169 827 201 S.
852 168 987 211 Cyrilli
1013 168 1139 211 Episc.
1163 170 1351 205 Hierosol.
1375 172 1482 206 Conf.
1508 180 1543 206 ct
1568 172 1674 207 Doct.

1384 266 1533 307 Lectio
1554 266 1604 305 vi.

1173 322 1378 365 enerandi
1396 323 1520 376 hujus
1535 323 1734 377 praesulis
1749 325 1901 367 sancti-

1183 381 1318 421 tatem
1339 379 1590 422 coelestibus
1610 380 1744 432 signis
1763 394 1788 422 a
1804 381 1901 423 Deo

1082 435 1214 478 fuisse
1230 436 1505 487 illustratam,
1531 437 1754 479 memeriae
1771 436 1902 479 tradi-

1080 497 1173 534 tum
1196 493 1454 546 accepimus.
1490 494 1608 535 Inter
1635 493 1731 535 haec
1757 506 1902 536 recen-

1082 550 1200 590 setur
1221 549 1436 602 praeclara
1461 550 1617 600 crucis,
1645 550 1750 592 solis
1768 550 1902 592 radiis

1082 605 1361 656 fulgentioris,
1380 607 1608 659 apparitio,
1624 619 1722 659 quae
1736 607 1901 660 episco—

1080 663 1210 714 patus
1229 663 1319 715 eJus
1340 662 1462 703 initia
1480 661 1715 705 decoravit.
1745 663 1901 716 Hujus-

1081 717 1200 760 modi
1223 718 1413 771 prodigii
1436 718 1594 760 ethnici
1619 724 1662 761 et
1681 718 1903 761 christiani

1081 779 1216 818 testes
1251 775 1450 817 oculares
1481 775 1654 817 fuerunt
1680 789 1779 818 cum
1803 776 1901 829 ipso

1083 831 1260 884 Cyrillo,
1287 832 1360 885 qui
1383 832 1534 883 gratiis
1556 832 1743 885 primum
1759 832 1804 874 in
1822 833 1901 875 Ec·
1970 845 1973 850 ·

1082 888 1213 930 clesia
1231 889 1327 930 Deo
1352 887 1552 939 redditis,
1579 888 1687 930 illud
1708 901 1788 942 per
1814 891 1901 942 epi-

1081 945 1238 987 stolam
1257 945 1512 987 Constantio
1538 945 1790 998 imperateri
1807 958 1902 986 nar-

1080 1003 1203 1044 ravit.
1242 1002 1336 1044 Nec
1362 1002 1503 1043 minus
1531 1001 1815 1044 admiratione
1842 1001 1902 1044 di-

1080 1071 1229 1109 gnum,
1276 1058 1395 1111 quod
1430 1057 1595 1100 Judaeis
1630 1058 1842 1111 templum
1877 1071 1904 1100 a

1080 1115 1182 1157 Tito
1206 1117 1405 1156 eversum
1427 1117 1671 1157 restaurare
1691 1127 1745 1157 ex
1767 1115 1901 1168 impio

1079 1171 1354 1225 imperatoris
1380 1171 1538 1213 Juliani
1565 1173 1683 1224 jussu
1711 1171 1900 1213 conanti-

1080 1227 1177 1278 bus,
1206 1229 1359 1270 evenit.
1398 1227 1658 1270 Vehementi
1682 1228 1796 1270 enim
1818 1233 1900 1270 ter-

1078 1288 1262 1326 raemotu
1278 1284 1448 1335 oberto,
1468 1289 1512 1326 et
1526 1284 1770 1335 ingentibus
1784 1285 1900 1326 flam-

1077 1343 1245 1383 marum
1276 1341 1420 1392 globis
1448 1354 1471 1382 e
1499 1346 1615 1383 terra
1641 1341 1899 1394 erumpenti-

1077 1397 1175 1447 bus,
1216 1397 1360 1439 emnia
1392 1399 1528 1450 <Spera
1558 1397 1669 1448 ignis
1701 1400 1899 1438 consum-

1076 1454 1175 1507 psit,
1194 1455 1253 1496 ita
1272 1459 1320 1496 ut
1333 1455 1358 1495 J
1360 1453 1474 1496 udaei
1493 1459 1536 1496 et
1550 1453 1745 1495 Julianus
1760 1452 1898 1495 deter-

1077 1511 1164 1560 riti,
1191 1511 1247 1553 ab
1274 1510 1447 1564 incepto
1476 1509 1738 1560 destiterint3
1767 1515 1900 1563 prout

1078 1568 1243 1610 scilicet
1272 1567 1568 1609 indubitanter
1598 1566 1790 1608 futurum
1819 1566 1898 1620 Cy-

1076 1624 1198 1665 rsslus
1208 1623 1483 1677 praedixerat.
1495 1623 1578 1674 Qui
1585 1621 1759 1664 demum
1766 1622 1898 1676 paulo

1076 1686 1175 1722 ante
1210 1680 1376 1722 ebitum
1405 1679 1600 1721 Concilio
1629 1679 1898 1721 oecumenico

1078 1736 1561 1790 Constantinopolitano
1604 1735 1810 1786 interfuit,
1854 1735 1898 1776 in

1077 1805 1164 1844 quo
1183 1791 1427 1834 Macedonii
1450 1791 1648 1841 haeresis,
1675 1796 1719 1833 et
1741 1793 1898 1833 iterum

1075 1850 1236 1890 Ariana
1261 1848 1550 1891 condemnata
1575 1853 1651 1890 est.
1686 1847 1754 1889 Ac
1777 1848 1896 1889 Jeru-

1077 1906 1211 1947 salem
1238 1905 1339 1947 inde
1367 1907 1581 1955 reversuS,
1608 1904 1698 1946 fere
1726 1909 1898 1957 septua-

1077 1963 1294 2013 genarius,
1313 1962 1534 2013 trigesimo
1556 1960 1706 2012 quinto
1726 1961 1791 2001 sui
1811 1961 1897 2013 epi-

1077 2021 1284 2071 scopatus
1307 2031 1420 2060 anno
1445 2023 1595 2059 sancto
1619 2017 1704 2059 fine
1724 2017 1898 2069 quievit.

1076 2076 1180 2126 Ejus
1205 2075 1407 2117 Officium
1434 2087 1484 2115 ac
1509 2074 1688 2115 Missam
1705 2073 1797 2115 Leo
1826 2072 1896 2115 de-

1076 2132 1213 2173 cimus
1229 2132 1382 2173 tertius
1396 2130 1597 2172 Pontifex
1612 2130 1826 2170 Maximus
1841 2128 1896 2171 ab

1077 2188 1277 2229 universa
1307 2186 1504 2228 Ecclesia
1541 2185 1750 2228 celebrari
1780 2198 1895 2226 man-

1077 2244 1208 2286 davit.
1243 2246 1293 2297 R.
1320 2245 1408 2285 Iste
1428 2248 1494 2285 est
1514 2243 1598 2295 qui.
1617 2241 1691 2295 [71]

1297 2307 1346 2345 In
1363 2307 1434 2346 ΠΙ.
1453 2307 1487 2346 N
1490 2308 1673 2348 octumo.

1078 2361 1228 2402 Lectio
1252 2361 1389 2401 sancti
1408 2359 1632 2410 Evangelii
1658 2357 1896 2400 secundum

1353 2415 1618 2457 Matthaeum.

1179 2471 1328 2512 Lectio
1349 2472 1416 2511 vii.
1554 2472 1655 2523 Cap.
1676 2473 1737 2512 10.
1757 2484 1792 2512 c.

1075 2520 1151 2627 In
1169 2525 1242 2566 illo
1262 2526 1474 2576 tempore:
1493 2523 1613 2565 Dixit
1627 2524 1650 2564 J
1653 2535 1753 2564 esus
1769 2521 1894 2564 disci-

1154 2581 1268 2635 pulis
1300 2581 1405 2622 suis:
1441 2580 1550 2621 Cum
1581 2581 1896 2632 persequentur

1076 2652 1156 2680 vos
1177 2639 1220 2679 in
1239 2637 1412 2679 civitate
1430 2637 1524 2686 ista,
1542 2636 1677 2688 fugite
1695 2636 1738 2676 in
1757 2635 1895 2676 aliam.

1076 2695 1132 2736 Et
1150 2695 1325 2746 reliqua.
