2066 2956
662 225 717 258 ὃς.
743 223 918 266 Quinque
942 223 1150 257 vulnerum
1177 222 1217 255 l).
1244 223 1286 255 N.
1310 223 1342 255 .1.
1369 222 1407 256 C.

189 331 287 360 mea
304 318 537 370 inquinavi.
570 317 675 358 Dies
701 317 813 358 enim
837 316 1013 358 ultidnis

188 375 232 415 in
257 374 392 417 corde
410 386 521 424 meo,
545 386 681 415 annus
700 372 1013 425 redemptionis

188 444 300 472 meae
331 430 461 473 venit.
507 429 821 482 Circumspexi,
852 434 896 470 et
926 441 1013 470 non

190 491 283 529 erat
318 485 562 528 auxiliator:
606 485 804 538 quaesivi,
848 490 891 526 et
926 498 1014 526 non

189 543 269 585 fuit
288 543 363 596 qui
382 542 617 595 adjuvaret.

247 611 294 660 R'-
330 609 382 650 In
415 607 708 661 primogenito
745 619 800 648 ex
830 607 1014 648 mortuis

190 664 454 718 complacuit
493 677 667 706 omnem
700 663 1015 716 plenittidinem

223 722 402 734 .....

1117 316 1333 365 Quomam
1367 321 1415 357 tu
1451 328 1515 366 es,
1553 315 1627 368 qui
1663 315 1889 357 extraxisti

1064 385 1134 414 me
1159 371 1213 413 de
1233 377 1397 413 ventre:
1417 373 1440 399 *
1460 384 1562 424 spes
1585 385 1683 413 mea
1707 371 1762 413 ab
1786 371 1887 413 ube-

1065 428 1185 470 ribus
1204 429 1353 470 matris
1371 441 1492 470 meae.
1526 429 1577 468 In
1600 433 1644 470 te
1667 429 1889 481 projectus

1066 499 1162 526 sum
1182 498 1235 527 ex
1254 489 1396 527 atero:

1116 543 1184 584 De
1195 547 1344 584 ventre
1355 543 1506 584 matris
1515 555 1626 584 meae
1636 542 1757 583 Deus
1766 554 1889 583 meus

1067 612 1114 640 es
1132 604 1192 649 tu,
1210 600 1234 625 *
1252 612 1306 641 ne
1327 598 1578 641 discasseris
1597 611 1623 639 a
1641 611 1727 640 me:

1120 656 1334 706 Quoniam
1353 656 1576 698 tribulatio
1595 655 1795 709 pr6xima
1811 659 1890 696 est:

1066 713 1090 738 *
1111 713 1314 765 quoniam
1333 726 1421 754 non
1441 718 1507 754 est
1529 713 1603 764 qui
1623 712 1807 764 adjuvet.

1120 768 1510 811 Circumdederunt
1527 781 1596 810 me
1613 768 1736 810 vituli
1754 766 1891 808 multi:

1067 826 1095 865 *,
1109 826 1222 867 tauri
1241 826 1424 878 pingues
1445 823 1710 867 obsederunt
1728 836 1809 864 me.

1120 883 1399 936 Aperuerunt
1426 895 1558 935 super
1585 894 1655 923 me
1678 893 1729 922 os
1756 892 1891 929 suum,

1068 941 1092 965 *
1112 940 1223 981 sicut
1242 939 1311 981 leo
1332 939 1507 991 rapiens
1527 944 1570 980 et
1590 938 1776 989 rugiens.

1120 997 1239 1038 Sicut
1264 1009 1378 1049 aqua
1403 995 1565 1037 effusus
1590 1009 1699 1037 sum:
1718 995 1741 1019 *
1763 998 1806 1034 et
1832 991 1891 1034 di-

1070 1054 1222 1106 spersa
1241 1059 1340 1095 sunt
1360 1053 1503 1095 omnia
1523 1065 1625 1093 ossa
1642 1063 1751 1092 mea.

1120 1111 1304 1152 Factum
1323 1115 1390 1152 est
1410 1123 1486 1152 cor
1505 1122 1649 1150 meum
1671 1113 1894 1159 tamquam

1070 1179 1170 1208 cera
1202 1166 1450 1218 liquescens
1482 1166 1506 1192 *
1537 1166 1582 1207 in
1614 1163 1761 1206 medio
1796 1175 1894 1204 ven-

1069 1224 1147 1265 tris
1166 1223 1262 1264 mei.

1122 1279 1249 1321 Aruit
1267 1284 1491 1331 tamquam
1507 1282 1622 1319 testa
1636 1277 1772 1318 virtus
1787 1288 1894 1325 mea,

1072 1342 1115 1378 et
1154 1336 1300 1387 lingua
1339 1348 1436 1376 mea
1475 1334 1660 1376 adhaesit
1696 1332 1894 1374 faucibus

1071 1393 1193 1434 meis:
1212 1394 1235 1419 *
1261 1398 1304 1434 et
1327 1392 1371 1432 in
1394 1392 1621 1444 pulverem
1645 1390 1798 1431 mortis
1824 1388 1895 1429 de-

1072 1449 1235 1491 duxisti
1252 1461 1334 1490 me.

1125 1506 1340 1556 Quoniam
1355 1503 1732 1546 circumdederunt
1744 1514 1813 1543 me
1829 1514 1895 1543 ca-

1073 1575 1150 1603 nes
1178 1562 1319 1603 multi:
1346 1562 1369 1587 *
1398 1560 1628 1603 concilium
1662 1558 1896 1609 malignan-

1072 1619 1181 1660 tium
1201 1618 1375 1660 obsedit
1393 1630 1473 1659 me.

1124 1675 1349 1717 Foderunt
1374 1687 1528 1715 manus
1551 1685 1671 1714 meas
1696 1676 1739 1712 et
1762 1670 1899 1723 pedes

1075 1744 1212 1773 meos:
1257 1732 1280 1757 *
1326 1731 1708 1772 dinumeraverunt
1755 1727 1901 1768 Omnia

1076 1801 1178 1829 ossa
1197 1801 1304 1829 mea.

1127 1845 1220 1898 Ipsi
1239 1857 1344 1886 vero
1370 1843 1758 1885 consideraverunt
1779 1845 1821 1881 et
1839 1839 1898 1880 in-

1076 1903 1314 1954 spexerunt
1331 1913 1416 1941 me:
1430 1902 1454 1926 *
1470 1899 1710 1941 diviserunt
1730 1896 1813 1938 sibi
1832 1908 1900 1936 ve-

1077 1958 1279 1999 stimenta
1294 1969 1401 2004 mea,
1422 1961 1465 1998 et
1485 1967 1617 2008 super
1631 1958 1800 1997 vestem
1814 1964 1900 1993 me-

1077 2027 1148 2055 am
1165 2015 1377 2054 miserunt
1397 2017 1570 2054 sortem.

1129 2070 1199 2111 Tu
1223 2075 1368 2111 autem
1386 2069 1574 2110 Domine
1598 2080 1652 2108 ne
1672 2066 1899 2115 elongave-

1078 2127 1137 2167 ris
1166 2125 1372 2168 auxilium
1399 2130 1522 2166 tuum
1550 2137 1575 2165 a
1603 2136 1686 2164 me:
1705 2122 1728 2148 *
1748 2120 1804 2162 ad
1829 2119 1899 2161 de-

1079 2183 1318 2224 fensi6nem
1338 2195 1480 2223 meam
1500 2179 1714 2232 conspice.

1129 2239 1245 2280 Erue
1287 2251 1313 2279 a
1352 2238 1516 2279 framea
1553 2237 1672 2277 Deus
1714 2233 1900 2275 animam

1077 2308 1234 2337 meam:
1254 2295 1277 2320 *
1297 2298 1340 2335 et
1364 2292 1419 2335 de
1442 2305 1572 2334 manu
1591 2291 1710 2333 canis
1728 2289 1900 2330 unicam

1079 2365 1236 2393 meam:

1130 2408 1258 2450 Salva
1285 2419 1355 2447 me
1384 2418 1437 2447 ex
1466 2418 1542 2447 ore
1569 2403 1725 2445 leonis:
1751 2403 1775 2428 *
1805 2405 1850 2443 et
1876 2414 1902 2441 a

1080 2463 1284 2505 cornibus
1315 2462 1585 2503 unicornium
1615 2458 1903 2501 humilitatem

1079 2532 1232 2561 meam.

1130 2573 1332 2616 Narrabo
1358 2585 1517 2614 nomen
1544 2577 1666 2613 tuum
1696 2569 1902 2611 fratribus

1080 2631 1207 2672 meis:
1244 2631 1268 2655 *
1307 2630 1351 2670 in
1390 2627 1536 2669 medio
1579 2627 1777 2669 ecclesiae
1816 2625 1904 2666 lau-

1082 2687 1198 2728 dabo
1226 2692 1280 2728 te.

1133 2742 1216 2793 Qui
1248 2741 1408 2783 timetis
1439 2740 1692 2789 Dominum,
1727 2737 1904 2779 laudate

189 778 471 820 reconciliare
491 778 636 820 omnia
653 777 697 818 in
715 777 874 830 ipsum,
899 776 920 797 *
935 777 1014 817 Pa-

191 835 367 877 cificans
386 847 466 888 per
485 834 738 885 sanguinem
758 834 898 875 erucis
915 834 1014 884 ejus,

191 892 282 933 sive
303 904 402 944 quae
420 892 464 932 in
483 890 620 940 coelis‚
644 891 734 932 sive
755 903 853 942 quae
872 890 915 930 in
931 894 1013 931 ter-

191 948 250 989 ris
270 952 380 989 sunt.
420 943 466 994 Y.
486 948 589 1000 Ipse
613 952 680 988 est
704 951 836 999 caput
860 948 1013 998 corpo-

190 1004 249 1045 ris
264 1003 485 1053 Ecclesiae,
502 1004 547 1044 in
566 1002 767 1044 Omnibus
781 1003 1016 1055 primatum

190 1065 353 1102 tenens.
400 1059 653 1101 Pacificans.
703 1059 854 1100 (ildria
885 1058 1016 1099 Patri.

192 1117 443 1159 Pacificans.

427 1197 476 1235 In
495 1197 544 1235 ΙΙ.
565 1196 786 1235 Nocturno.

247 1261 345 1301 Ant.
388 1250 606 1304 Foderunt
635 1274 788 1303 manus
822 1273 942 1302 meas
975 1264 1018 1300 et

192 1316 329 1382 pedes
367 1331 507 1368 meos⁷
553 1318 935 1360 dinumeraverunt
974 1318 1017 1357 ό-

192 1387 309 1416 mma
328 1387 429 1416 ossa
447 1388 555 1417 mea.

475 1439 670 1478 I'salmus
690 1439 746 1477 21.

207 1534 211 1565 ¹.
239 1531 244 1536 .
327 1518 404 1547 eus
419 1507 540 1548 Deus
556 1519 678 1548 meus
694 1505 863 1558 respice
877 1504 921 1545 in
934 1517 1018 1545 me:

258 1568 275 1611 ‘‚
345 1575 478 1614 quare
496 1576 566 1605 me
583 1560 875 1614 dereliquisti?
890 1562 914 1587 *
929 1561 1019 1602 lon-

207 1617 211 1630 ¹
254 1620 258 1622 ’
286 1637 301 1647 ⁷⁴
344 1631 397 1670 ge
422 1633 448 1661 a
472 1620 613 1662 salute
637 1632 734 1661 mea
756 1617 891 1660 verba
917 1617 1019 1659 deli-

197 1676 369 1716 ctorum
386 1678 593 1718 meorum.

249 1732 369 1773 Deus
400 1745 523 1774 meus
553 1731 752 1775 clamabo
783 1744 863 1784 per
895 1730 1021 1780 diem,

198 1792 242 1830 et
260 1801 348 1830 non
369 1789 589 1832 exaudies:
608 1790 631 1815 *
652 1794 695 1831 et
712 1793 853 1838 nocte,
873 1793 916 1829 et
934 1800 1022 1828 non

199 1844 256 1886 ad
273 1845 565 1898 insipientiam
583 1845 698 1887 mihi.

249 1901 319 1943 Tu
352 1907 498 1944 autem
530 1903 574 1944 in
607 1906 759 1944 sancto
783 1900 972 1948 habitas,
999 1899 1023 1925 *

198 1957 293 1999 laus
309 1958 458 2003 Israel.

250 2014 302 2055 In
322 2019 367 2056 te
390 2016 677 2068 speraverunt
698 2019 847 2067 patres
870 2012 1023 2053 nostri:

199 2070 223 2096 *
242 2073 536 2123 speraverunt,
556 2076 599 2113 et
618 2070 813 2113 liberasti
833 2081 919 2110 eos.

251 2125 325 2168 Ad
342 2131 386 2168 te
406 2126 712 2177 clamaverunt,
731 2131 775 2168 et
793 2125 903 2167 salvi
921 2124 1024 2166 facti

202 2188 315 2224 sunt:
342 2183 366 2208 *
393 2183 436 2223 in
462 2188 507 2225 te
535 2185 836 2236 speraverunt,
865 2186 908 2223 et
934 2193 1023 2223 non

203 2245 303 2281 sunt
322 2239 502 2280 confusi.

252 2296 348 2346 Ego
373 2299 518 2337 autem
542 2309 637 2337 sum
666 2295 840 2345 vermis,
868 2300 913 2337 et
936 2308 1025 2337 non

201 2351 350 2394 homo:
368 2352 392 2378 *
413 2351 699 2405 oppr6brium
716 2351 956 2402 hominum,
983 2357 1026 2393 et

203 2407 388 2459 abjectio
409 2407 563 2460 plebis.

256 2464 418 2506 Omnes
445 2463 642 2506 videntes
669 2477 754 2515 me,
783 2464 1027 2506 deriserunt

203 2533 290 2562 me:
314 2523 337 2548 ²⁸¹
361 2520 499 2563 locuti
523 2526 622 2562 sunt
644 2520 788 2570 labiis,
814 2525 858 2562 et
880 2521 1025 2562 move-

203 2581 304 2618 runt
322 2582 464 2629 caput.

256 2633 457 2685 Speravit
472 2634 515 2674 in
530 2633 731 2683 Domino,
747 2633 900 2685 eripiat
916 2644 1027 2673 eum:

206 2688 230 2714 *
248 2688 416 2730 salvum
434 2689 564 2732 faciat
583 2703 692 2741 eum,
714 2689 919 2742 quoniam
935 2687 1028 2729 vult

207 2757 317 2785 eum.
