2028 2892
724 202 828 236 Furia
856 213 894 234 sc

228 301 343 352 Quid
372 300 500 342 detur
520 299 616 349 tibi,
644 304 719 340 aut
742 298 846 351 quid
867 310 1000 350 appo-

176 359 304 399 natur
330 356 410 398 tibi
434 358 457 381 *
480 356 535 397 ad
560 356 751 407 linguam
778 352 1000 396 dolosam?

228 413 407 464 Sagittae
435 412 632 465 potentis
660 415 821 460 acutae,
851 411 874 436 *
903 423 1001 451 cum

176 469 439 510 carbonibus
468 468 760 510 desolatoriis.

226 526 325 566 Heu
353 524 470 574 mihi,
501 525 603 576 quia
631 524 849 565 incolatus
878 536 1001 564 meus

175 581 463 634 prolongatus
485 586 567 622 est:
595 580 791 621 habitavi
812 593 909 621 cum
929 579 1001 620 ha-

176 637 418 679 bitantibus
438 637 595 679 Cedar:
614 638 636 663 *
656 636 840 677 multum
859 635 1002 677 incola

175 694 256 735 fuit
273 694 416 734 anima
435 706 543 735 mea.

227 750 335 792 Cum
372 750 460 798 his,
502 750 576 801 qui
613 749 800 791 oderunt
836 761 1002 801 pacem,

177 819 295 848 eram
331 806 556 859 pacificus:
592 806 616 831 *
654 819 752 847 cum
789 804 1002 857 loquebar

176 863 273 913 illis,
301 862 616 915 impugnabant
644 875 714 903 me
742 862 890 913 gratis.

232 931 327 969 Ant.
357 927 569 977 Clamavi,
599 932 642 969 et
671 926 893 968 exaudivit
920 939 1002 967 me.

232 995 328 1034 Ant.
361 992 484 1034 lssnde
512 993 667 1035 veniet.

439 1072 632 1110 psalmus
655 1072 742 1110 120.

176 1138 361 1242 Ijvavi
385 1139 537 1180 oculos
556 1153 679 1181 meos
704 1140 747 1180 in
766 1144 959 1189 montes,
979 1140 1002 1165 *

264 1195 381 1236 unde
410 1196 555 1237 veniet
583 1196 791 1237 auxilium
819 1196 936 1237 mihi.

176 1260 178 1263 ’
231 1251 453 1292 Auxilium
472 1265 617 1293 meum
634 1253 871 1303 aDomino,
888 1253 911 1278 *
929 1252 1002 1304 qui

177 1307 280 1349 fecit
299 1308 460 1349 coelum
480 1314 523 1349 et
541 1314 714 1350 terram.

228 1363 329 1404 Non
367 1363 441 1405 det
478 1364 521 1405 in
556 1365 896 1406 commotionem
930 1377 1003 1417 pe-

178 1418 278 1460 dem
301 1424 439 1460 tuum:
468 1421 491 1446 *
519 1434 662 1472 neque
690 1420 900 1463 dormitet
929 1421 1004 1473 qui

177 1474 370 1517 custodit
397 1481 453 1517 te.

228 1531 343 1572 Ecce
360 1544 448 1573 non
468 1532 725 1574 dormitabit
743 1545 886 1584 neque
905 1531 1003 1573 dor-

176 1587 293 1636 miet,
312 1588 335 1613 *
358 1588 430 1639 qui
451 1588 644 1630 custodit
664 1589 813 1630 Israel.

230 1643 445 1685 Dominus
474 1644 669 1686 custodit
697 1650 757 1694 te,
786 1645 1003 1686 Dominus

177 1699 394 1750 protectio
417 1705 503 1750 tua,
518 1701 542 1726 *
558 1714 689 1754 super
707 1714 883 1743 manum
902 1702 1004 1743 dex-

180 1759 320 1796 teram
339 1760 469 1797 tuam.

231 1811 316 1852 Per
344 1811 459 1853 diem
488 1813 555 1854 sol
583 1826 671 1855 non
695 1819 793 1856 uret
812 1819 871 1856 te:
891 1815 914 1840 *
934 1827 1005 1856 ne-

181 1879 266 1918 que
294 1867 394 1909 luna
421 1881 500 1921 per
527 1874 713 1911 noctem.

232 1923 446 1966 Dominus
483 1926 677 1968 custodit
714 1932 758 1968 te
796 1926 851 1968 ab
887 1927 1005 1968 omni

180 1979 311 2020 malo:
345 1980 368 2006 *
402 1982 624 2024 custodiat
661 1983 849 2024 animam
886 1988 1006 2025 tuam

181 2035 406 2078 Dominus.

231 2091 447 2134 Dominus
463 2094 684 2136 custodiat
700 2095 928 2137 introitum
942 2100 1007 2137 tu-

181 2160 273 2196 um,
315 2153 358 2190 et
395 2149 560 2191 exitum
596 2155 734 2191 tuum:
770 2152 794 2177 *
832 2165 886 2193 ex
922 2152 1008 2193 hoc

182 2216 307 2253 nunc,
335 2210 379 2246 et
406 2218 546 2257 usque
573 2206 617 2247 in
646 2207 866 2248 saeculum.

238 2273 390 2312 11111
395 2270 481 2312 nde
499 2271 644 2313 veniet
665 2272 874 2313 auxilium
891 2272 1007 2313 mihi

237 2333 385 2384 [emp
426 2333 630 2374 1)·ι5υ11ιιίἰ.
676 2335 770 2373 Vnt
815 2333 1008 2386 Alleluia,

184 2383 364 2436 alleluja,
391 2386 572 2438 alleluja.

390 2468 429 2505 ln
462 2467 813 2515 ‹›u.1dr.1gesi1m.

284 2536 811 2586 ‹.1pit11111ni.1‹›el.
828 2537 918 2576 ’..(.1

185 2590 327 2715 Inter
351 2597 613 2639 vestibulum
637 2604 680 2641 et
705 2599 843 2641 altare
868 2601 1010 2664 plora-

259 2651 365 2693 bunt
407 2654 660 2696 sacerdotes
702 2656 887 2697 ministri
923 2657 1010 2697 Do-

187 2707 308 2755 mini,
345 2714 388 2749 et
425 2708 587 2751 dicent:
638 2711 775 2753 Parce
812 2712 1010 2763 Domine,

901 201 1022 234 cunda
1050 200 1097 233 ud
1126 199 1328 241 Vespera&

1052 308 1185 349 parce
1204 295 1372 348 populo
1391 299 1486 336 tuo:
1514 298 1558 334 et
1576 306 1632 334 ne
1652 292 1731 334 des
1750 293 1886 335 haere-

1054 352 1237 394 ditatem
1272 357 1393 393 tuam
1434 351 1477 391 in
1515 349 1805 402 opprobrium
1839 355 1888 392 ut

1054 408 1333 450 dominentur
1353 407 1415 449 eis
1434 406 1647 448 nationes.

1107 474 1312 523 Hymnus.
1354 465 1464 511 Audi
1482 466 1682 517 benigne.
1710 467 1797 507 110.

1107 527 1155 579 V.
1185 527 1366 578 Angelis
1395 527 1484 568 suis
1512 526 1634 568 Deus
1661 525 1889 568 mandavit

1056 584 1110 626 de
1130 590 1185 626 te.
1212 590 1259 640 Rg.
1284 584 1342 625 Ut
1360 583 1612 625 custodiant
1628 587 1673 624 te
1692 583 1736 624 in
1754 582 1888 624 omni-

1057 641 1141 683 bus
1160 640 1242 682 viis
1261 640 1358 682 tuis.

1110 707 1264 749 Antiph.
1282 706 1329 739 ad
1346 705 1500 746 Magnis.
1517 711 1552 738 et
1571 703 1704 739 Oratio
1718 704 1887 748 propria.

1241 778 1460 827 Tempore
1495 773 1701 814 l’aschali.

1135 848 1168 887 l
1172 846 1393 898 apitulum.
1568 845 1693 883 Rom.
1714 846 1751 884 6.
1773 844 1810 884 b.

1132 903 1294 944 hristus
1332 904 1565 952 resurgens
1607 914 1662 943 ex
1705 901 1891 944 mortuis

1167 959 1251 1011 jam
1293 971 1381 1000 non
1424 958 1627 1008 moritur,
1670 970 1792 1000 mors
1828 957 1892 999 illi

1054 1016 1166 1057 ultra
1188 1028 1276 1056 non
1292 1014 1601 1056 dominabitur.
1628 1013 1759 1065 Quod
1775 1014 1892 1056 enim

1054 1074 1252 1113 mortuus
1281 1076 1347 1113 est
1372 1072 1571 1124 peccato,
1596 1072 1796 1112 mortuus
1823 1075 1891 1112 est

1055 1128 1205 1170 semel:
1227 1127 1347 1180 quod
1362 1133 1512 1169 autem
1527 1127 1645 1177 vivit,
1660 1127 1767 1169 vivit
1781 1127 1891 1169 Deo.

1118 1190 1151 1228 H
1161 1202 1324 1228 vmnus
1357 1183 1423 1228 Ad
1443 1184 1598 1235 regias.
1625 1185 1713 1225 110.

1114 1244 1161 1295 V
1178 1245 1306 1286 Mane
1326 1245 1557 1286 nobiscum
1572 1243 1772 1293 Domine,
1789 1243 1891 1285 alle-

1055 1301 1152 1352 luja.
1208 1307 1258 1346 R
1294 1301 1511 1351 Quoniam
1550 1299 1892 1353 advesperascit,

1057 1348 1241 1409 alleluja.

1115 1424 1173 1457 &d
1200 1423 1421 1465 Magnificat
1446 1423 1604 1466 Antiph.
1630 1425 1800 1468 propria.

1115 1480 1247 1514 (jn-atio
1274 1479 1415 1513 dieitur
1442 1478 1488 1513 de
1510 1478 1619 1513 Dom.
1646 1481 1893 1523 praecedenti.

1106 1542 1143 1575 In
1162 1541 1284 1575 Feriis
1299 1545 1446 1574 tantum
1461 1540 1791 1586 Quadragesimae,
1804 1549 1895 1587 post

1063 1590 1146 1623 Ant.
1172 1589 1220 1623 ud
1238 1588 1469 1631 Magnificat.
1491 1588 1671 1624 dicuntur
1687 1596 1894 1634 sequentes

1062 1638 1199 1672 Preces
1226 1637 1337 1671 flexis
1363 1636 1537 1679 genibus.

1158 1695 1252 1748 yrie
1282 1694 1460 1736 eleison.
1510 1693 1687 1736 Christe
1716 1693 1893 1736 eleison.

1183 1751 1317 1804 Kyrie
1346 1750 1525 1792 eleison.

1122 1815 1246 1854 Pater
1260 1816 1423 1853 noster.
1441 1824 1559 1853 totum
1579 1818 1650 1853 dic.
1669 1819 1773 1852 clara
1782 1829 1895 1853 ,x-oee.

1118 1872 1164 1922 v.
1188 1873 1246 1914 Et
1274 1885 1329 1914 ne
1359 1885 1443 1913 nos
1471 1871 1655 1913 inducas
1683 1871 1728 1912 in
1754 1874 1893 1912 tenta-

1060 1930 1237 1972 tionem.
1278 1931 1325 1981 Rv.
1352 1927 1440 1970 Sed
1459 1927 1601 1970 libera
1619 1940 1702 1969 nos
1722 1940 1747 1968 a
1764 1926 1893 1968 malo.

1117 1983 1165 2032 V.
1194 1986 1289 2038 Ego
1319 1984 1427 2036 dixi,
1460 1985 1652 2026 Domine
1683 1983 1894 2025 miserere

1060 2042 1157 2084 mei.
1199 2045 1249 2095 R».
1268 2041 1383 2083 Sana
1403 2041 1594 2082 animam
1611 2053 1771 2090 meam,
1793 2039 1897 2092 quia

1061 2098 1243 2151 peccavi
1263 2097 1356 2139 tibi.

1119 2152 1166 2203 V.
1201 2155 1470 2196 Convertere
1506 2153 1698 2195 Domine
1734 2156 1891 2204 usque-

1063 2223 1161 2263 quo.
1212 2213 1260 2264 Η.
1288 2210 1346 2251 Et
1375 2209 1672 2263 deprecabilis
1701 2214 1797 2251 esto
1828 2221 1895 2250 su-

1062 2281 1141 2320 per
1170 2279 1325 2308 servos
1353 2271 1465 2307 tuos.

1122 2320 1168 2371 V.
1179 2323 1279 2364 Fiat
1292 2322 1599 2364 misericordia
1613 2327 1689 2364 tua
1704 2321 1895 2364 Domine

1064 2392 1196 2431 super
1214 2391 1307 2420 nos.
1339 2382 1383 2432 R·.
1402 2378 1786 2429 Quemadmodum
1800 2389 1896 2430 spe-

1064 2436 1256 2476 ravimus
1276 2435 1319 2475 in
1340 2440 1394 2476 te.

1121 2492 1169 2539 V
1193 2490 1458 2532 Sacerdotes
1486 2491 1550 2532 tui
1578 2491 1816 2533 induantur
1835 2491 1895 2542 ju-

1064 2547 1239 2588 stitiam.
1278 2551 1325 2590 Κ,
1339 2547 1397 2588 Et
1417 2547 1558 2588 sancti
1577 2547 1643 2588 tui
1664 2546 1896 2589 exsultent.

1124 2601 1169 2651 ,Ψ
1202 2603 1392 2644 Domine
1427 2603 1598 2644 salvum
1631 2604 1701 2644 fac
1733 2615 1894 2654 regem.

1072 2663 1117 2713 Rg.
1142 2659 1199 2700 Et
1228 2658 1387 2700 exaudi
1416 2671 1496 2699 nos
1524 2660 1569 2700 in
1597 2659 1685 2709 die,
1718 2671 1806 2711 qua
1834 2659 1895 2699 in-

1065 2715 1368 2756 vocaverimus
1397 2719 1453 2756 te.
