2028 2892
475 170 546 204 Dic
569 170 620 204 24.
647 170 803 214 Aprilis.
850 170 884 204 S.
911 163 1056 205 Fidelis
1082 182 1102 204 a
1128 171 1369 214 Signiaringa
1396 172 1500 205 Mart.

137 269 221 310 cris
246 268 403 311 litteris
427 279 605 317 vacans,
636 267 680 308 in
707 266 830 308 verbi
856 278 961 318 quo-

137 323 480 377 que-ministerio
504 323 713 375 singulari
731 323 871 375 gratia
890 335 960 364 ex-

137 381 315 432 cellens,
341 379 502 423 nedum
523 379 773 422 Cathelicos
796 379 853 421 ad
874 392 961 421 me-

135 438 289 480 liorem
306 437 490 488 frugem,
516 449 668 479 verum
691 436 823 478 etiam
844 435 961 478 hete-

136 494 330 536 rodexos
358 493 416 536 ad
442 494 638 536 veritatis
667 493 962 544 cognitionem

135 551 322 593 attraxit.
353 550 557 592 Pluribus
580 550 624 591 in
644 550 753 592 locis
773 549 962 591 coenubii

134 607 369 659 praefectus
399 607 680 656 constitutus,
718 605 961 660 prudentia,

134 664 306 715 justitia,
324 663 670 714 mansuetudine,
685 662 961 712 discretione,

135 725 178 762 et
209 720 466 763 humilitatis
503 719 649 770 laude,
687 732 842 760 munus
879 718 962 761 sibi

134 776 445 819 demandatum
460 777 665 819 exercuit.
690 776 961 818 Aretissimae

133 834 405 886 paupertatis
425 833 591 875 zelator
607 833 818 885 egregius,
839 832 961 884 quid-

134 889 240 941 quid
265 889 335 931 vel
359 890 500 931 minus
524 889 820 931 necessarium
844 887 960 930 vide-

132 947 268 995 retur,
298 959 322 987 e
349 946 553 996 coenubio
576 946 750 999 penitus
771 945 959 987 elimina-

132 1002 205 1044 vit.
243 1003 363 1044 Inter
386 1005 560 1045 austera
583 1003 754 1055 jejunia,
780 1001 961 1053 vigilias,

134 1062 177 1100 et
201 1059 374 1110 flagella
396 1059 577 1101 salutari
600 1061 793 1112 seipsum
811 1060 961 1111 prose-

134 1127 271 1166 quens
291 1116 405 1166 odio,
424 1115 468 1156 in
486 1115 595 1157 alios
611 1117 816 1164 amorem,
837 1114 961 1166 quasi

131 1176 271 1213 mater
290 1172 334 1213 in
352 1172 486 1223 filios,
513 1170 717 1213 ostendit.
755 1171 862 1212 Cum
886 1183 960 1223 pe-

132 1228 280 1269 stifera
308 1228 441 1270 febris
467 1229 724 1270 Austriacas
749 1227 960 1268 militares

132 1285 283 1337 capias
298 1284 392 1327 dire
408 1285 632 1337 affligeret,
651 1285 746 1337 ipse
760 1284 804 1324 in
820 1285 958 1325 extre-

132 1341 213 1382 mis
238 1341 507 1383 infirmarum
535 1340 785 1393 indigentiis
811 1339 868 1381 ad
896 1353 959 1380 as-

133 1396 258 1438 sidua
286 1397 479 1439 caritatis
507 1397 652 1439 officia
679 1401 775 1438 toto
804 1396 960 1448 spiritu

131 1452 336 1495 incubuit.
389 1454 439 1494 In
477 1451 795 1506 componendis
830 1452 960 1494 etiam

132 1510 373 1551 animarum
407 1509 612 1560 dissidiis,
646 1509 829 1561 aliisque
861 1510 958 1562 pre-

131 1565 234 1606 ximi
286 1566 621 1608 necessitatibus
676 1563 958 1607 sublevandis

132 1622 314 1664 consilio
335 1628 378 1665 et
397 1625 531 1676 apere
552 1622 664 1664 adeo
677 1621 891 1674 praeclare
911 1634 958 1662 se

130 1679 280 1729 gessit,
320 1685 368 1721 ut
399 1684 526 1733 pater
562 1679 718 1732 patriae
750 1678 958 1719 meruerit

130 1735 355 1788 appellari.

186 1804 235 1855 R'·
254 1800 304 1841 In
324 1800 461 1842 servis
480 1799 581 1849 suis,
600 1799 782 1851 alleluja,
807 1808 827 1831 *
847 1799 956 1841 Con-

130 1856 342 1899 solabitur
368 1857 507 1907 Deus,
536 1856 718 1908 alleluJa.
763 1858 810 1907 V.
838 1855 955 1897 Judi-

130 1912 247 1955 cabit
269 1913 483 1955 Deminus
507 1913 722 1966 populum
747 1925 887 1962 suum3
913 1918 957 1953 et

129 1968 173 2009 in
192 1970 330 2012 servis
350 1970 451 2011 suis.
479 1969 801 2011 Consolabitur.

434 2055 584 2096 Lectio
607 2056 657 2096 vi.

219 2118 379 2170 eiparae
403 2117 596 2169 Virginis
619 2122 663 2159 et
690 2116 845 2158 rosarii
870 2117 955 2158 cul-

238 2179 308 2215 tor
345 2174 543 2224 eximius,
575 2173 689 2214 illius
720 2175 955 2226 praecipue,

128 2230 400 2282 aliorumque
428 2232 678 2272 sanctorum
709 2230 954 2281 patrocinio

129 2299 154 2327 a
176 2286 274 2328 Deo
298 2286 555 2339 postulavit,
583 2291 631 2328 ut
656 2286 700 2326 in
727 2285 954 2328 cathelicae

128 2341 232 2384 fidei
251 2342 510 2395 obsequium
527 2343 662 2384 vitam
685 2341 768 2384 sibi
791 2348 835 2384 et
859 2345 954 2383 san-

127 2398 302 2449 guinem
337 2398 519 2441 fundere
536 2399 712 2440 liceret.
757 2399 954 2451 Cumque

129 2454 287 2497 ardens
304 2454 403 2497 =hoc
441 2454 706 2497 desiderium
737 2454 781 2495 in
815 2455 954 2506 quoti-

129 2509 257 2553 diana
298 2512 419 2554 Sacri
459 2511 621 2553 devota
660 2510 954 2553 celebratione

1014 267 1152 318 magis
1169 267 1492 318 accenderetur,
1513 270 1621 310 mira
1641 270 1724 311 Dei
1743 282 1841 322 pro-

1014 322 1207 365 videntia
1225 324 1387 366 factum
1406 330 1488 375 est,
1511 330 1559 367 ut
1578 326 1703 368 fortis
1724 325 1841 367 Chri-

1015 380 1071 422 sti
1101 380 1278 433 athleta.
1296 393 1464 434 praeses
1493 381 1725 434 eligeretur
1752 382 1841 423 illa-

1015 450 1111 479 rum
1128 437 1399 488 missienum,
1421 451 1529 490 quas
1550 439 1841 490 Congregatio

1016 493 1071 535 de
1097 494 1389 547 Propaganda
1417 493 1525 537 Fide
1557 508 1638 548 pro
1668 495 1843 537 Rhaetia

1015 555 1118 592 tune
1154 551 1368 603 temporis
1399 550 1657 594 instituerat.
1713 552 1843 603 Quod

1016 607 1201 650 arduum
1223 620 1380 649 munus
1401 613 1610 661 prompto
1629 608 1842 662 hilarique

1015 664 1161 706 animo
1199 665 1460 718 suscipiens,
1505 669 1628 707 tanto
1671 666 1843 707 fervere

1016 724 1248 763 exsecutus
1268 726 1351 770 est,
1380 726 1428 763 ut
1451 721 1650 775 pluribus
1674 721 1843 764 haereti-

1015 778 1077 819 cis
1104 777 1161 820 ad
1187 778 1481 820 orthodoxam
1507 777 1640 820 fidem
1665 781 1842 821 conver-

1015 835 1091 884 sis,
1117 848 1219 887 spes
1246 848 1333 876 non
1355 834 1529 876 medica
1549 834 1760 877 effulserit
1779 840 1842 877 to-

1014 894 1100 933 tius
1119 892 1234 932 illius
1253 892 1393 943 gentis
1413 891 1640 942 Ecclesiae,
1661 897 1704 934 et
1725 892 1842 934 Chri-

1015 954 1083 990 sto
1107 947 1455 990 reconciliandae.
1488 947 1740 1000 Prophetiae
1767 948 1841 990 do-

1014 1018 1070 1046 no
1089 1003 1318 1057 praeditus,
1338 1005 1505 1046 futuras
1524 1004 1713 1046 Rhaetiae
1733 1005 1843 1046 cala·
1888 1051 1891 1054 ,

1014 1061 1199 1111 mitates,
1219 1064 1372 1113 suique
1387 1074 1540 1102 necem
1555 1061 1610 1102 ab
1626 1061 1843 1103 haereticis
1888 1065 1891 1068 ’

1013 1117 1284 1159 inferendam
1303 1118 1465 1170 sa'epius
1480 1117 1697 1170 praedixit.
1718 1118 1842 1159 Post-

1015 1187 1146 1225 quam
1168 1187 1273 1215 vero
1301 1173 1556 1215 insidiarum
1580 1173 1721 1226 probe
1744 1176 1843 1215 cen-

1014 1231 1129 1272 scius
1153 1230 1424 1283 impendenti
1449 1230 1578 1281 agoni
1602 1243 1649 1271 se
1673 1244 1841 1283 praepa-

1014 1290 1164 1337 rasset,
1185 1286 1255 1328 die
1275 1287 1484 1338 vigesima
1504 1292 1658 1339 quarta
1677 1287 1841 1339 Aprilis

1014 1356 1126 1384 anno
1145 1343 1375 1384 millesimo
1392 1343 1710 1384 sexcentesimo
1728 1344 1841 1395 vige-

1014 1400 1124 1441 simo
1158 1398 1353 1441 secundo
1387 1398 1444 1440 ad
1477 1399 1707 1440 ecclesiam
1739 1400 1840 1450 loci,

1013 1456 1226 1498 Sevisium
1262 1455 1516 1508 nuncupati,
1562 1468 1608 1497 se
1646 1456 1839 1506 eontulit,

1012 1511 1086 1554 ubi
1113 1512 1167 1554 ab
1192 1511 1428 1561 haereticis,
1462 1512 1536 1563 qui
1566 1511 1709 1564 pridie
1739 1525 1838 1554 con-

1012 1570 1258 1610 versionem
1278 1568 1542 1617 simulantes,
1565 1581 1663 1610 eum
1684 1568 1838 1610 dolese

1012 1625 1068 1667 ad
1082 1624 1413 1678 praedicandum
1427 1624 1727 1675 invitaverant,
1748 1638 1840 1667 con-

1011 1682 1138 1723 ciene
1164 1681 1443 1724 tumultuarie
1470 1681 1731 1734 interrupta,
1759 1695 1838 1735 per

1011 1738 1194 1780 verbera
1217 1751 1268 1780 ac
1287 1737 1467 1779 vulnera
1492 1737 1635 1779 eidem
1655 1737 1837 1780 crudeli-

1010 1800 1077 1836 ter
1100 1795 1264 1837 inflicta
1285 1794 1522 1846 gloriosam
1545 1800 1733 1836 mortem
1750 1808 1837 1836 ma-

1010 1864 1096 1903 gno
1117 1857 1160 1893 et
1180 1851 1314 1893 alacri
1333 1850 1467 1892 corde
1484 1853 1733 1904 perpessus,
1752 1852 1836 1904 pri-

1010 1908 1153 1949 mitias
1177 1908 1420 1959 Martyrum
1445 1910 1701 1949 memoratae
1727 1907 1836 1949 Con-

1008 1964 1274 2016 gregationis
1298 1963 1479 2016 preprio
1504 1965 1713 2016 sanguine
1737 1977 1835 2005 con-

1009 2021 1211 2072 secravit,
1248 2019 1448 2073 pluribus
1479 2020 1612 2072 signis
1641 2026 1684 2062 et
1711 2021 1835 2061 mira-

1009 2078 1117 2119 culis
1171 2076 1328 2119 exinde
1371 2076 1534 2126 clarus,
1590 2077 1836 2129 praesertim

1009 2134 1152 2176 Curiae
1178 2140 1223 2176 et
1244 2132 1537 2182 Veldkirchii,
1566 2133 1640 2174 ubi
1667 2145 1835 2173 summa

1008 2191 1161 2243 pepuli
1189 2189 1470 2232 veneratiene
1497 2189 1611 2230 illius
1639 2189 1834 2240 reliquiae

1008 2249 1296 2289 asservantur.

1062 2303 1113 2353 Rz.
1135 2303 1259 2344 Filiae
1277 2302 1528 2344 Jerusalem.
1548 2300 1631 2353 [44]

1061 2370 1106 2404 In
1129 2371 1192 2405 ΙΠ.
1215 2371 1413 2405 Nocturno
1437 2371 1606 2405 Homilia
1631 2372 1669 2406 in
1687 2373 1832 2417 Evang.

1010 2418 1091 2464 Ego
1121 2431 1206 2455 sum
1228 2419 1321 2455 vitis
1344 2428 1447 2454 vera.
1478 2419 1525 2453 dc
1556 2419 1690 2454 codem
1722 2422 1833 2455 Com-

1009 2467 1114 2500 muni
1139 2467 1166 2501 1.
1190 2468 1288 2501 loco.
1311 2466 1379 2510 [47]

1062 2523 1176 2566 Vcsp.
1201 2524 1247 2556 de
1273 2533 1378 2565 sequ.
1404 2532 1487 2556 cum
1513 2532 1645 2558 comm.
1668 2527 1831 2567 praeeed.

665 2642 1296 2679 —ffi-ffwkssbr-⁴
