2066 2956
219 280 288 322 dae
312 279 414 322 fidei
438 281 686 323 christianae
707 282 934 333 insigniter
954 282 1042 324 elu-

219 337 290 378 xit.
355 337 650 380 Grassabatur
694 351 774 391 per
820 338 1042 380 Orientem

218 394 378 435 arianae
398 394 579 436 haeresis
598 395 811 447 impietaS,
830 395 1042 448 multique

218 450 478 491 sanctissimi
497 451 694 504 episcopi
714 464 738 493 e
758 451 847 492 suis
864 451 1042 493 sedibus

217 506 417 548 exsulare
462 507 750 558 cogebantur,
797 520 908 560 quos
952 508 1041 558 ille,

215 563 462 615 praesertim
498 568 698 605 sanctum
736 563 1041 614 Athanasium,

215 618 523 661 humanissime
550 620 740 673 excepit,
769 625 813 662 et
842 626 1041 662 constan-

214 675 380 716 tissime
409 680 562 717 contra
590 676 867 718 adversarios
895 676 1040 718 defen-

217 730 289 772 dit.
326 732 503 784 Tyriam
531 738 574 773 et
600 732 919 774 Antiochenam
945 735 1039 785 syn-

215 787 365 837 odum,
404 794 452 830 ut
482 788 706 830 Nicaenam
738 789 964 831 abolerent
995 790 1039 830 fi-

215 843 332 893 dem,
364 844 418 886 ab
448 845 620 886 Arianis
654 847 853 887 coactam
882 846 1038 888 conde-

213 900 388 950 mnavit,
408 906 451 942 et
464 901 620 942 Romae
636 900 723 943 duo
742 902 924 944 concilia
941 915 1040 944 con-

213 957 397 1006 vocavit,
416 957 460 998 in
481 957 637 1009 quibus
657 958 856 1000 exsulum
871 959 1038 1012 episco-

213 1014 370 1064 porum
399 1013 600 1064 querelas
628 1015 821 1067 excepit,
850 1020 893 1057 et
920 1015 1038 1057 inno-

214 1068 398 1110 centiam
418 1068 667 1111 declaravit.

264 1126 313 1177 Κ.
344 1125 495 1166 Inveni
517 1126 661 1168 David
686 1139 860 1167 servum
884 1140 1039 1178 meum,

215 1179 312 1221 oleo
342 1187 494 1223 sancto
522 1195 621 1223 meo
648 1183 751 1223 unxi
777 1195 889 1224 eum:
908 1184 931 1209 *
951 1184 1038 1224 Ma-

214 1249 295 1277 nus
311 1237 424 1278 enim
439 1251 535 1279 mea
550 1238 827 1280 auxiliabitur
842 1240 892 1281 ei.
908 1234 958 1285 V.
973 1240 1040 1281 Ni-

214 1291 273 1332 hil
299 1294 500 1345 proficiet
525 1295 723 1336 inimicus
753 1295 796 1335 in
825 1308 889 1345 eo,
921 1301 965 1338 et
992 1297 1037 1337 fi-

214 1348 295 1390 lius
312 1349 553 1402 iniquitatis
572 1363 659 1392 non
678 1351 854 1394 nocebit
873 1353 923 1394 ei.
950 1353 1038 1395 Ma-

216 1418 295 1446 nus
320 1407 444 1447 enim.

519 1458 669 1498 Lectio
691 1473 725 1498 v.

214 1508 282 1616 C
292 1520 482 1561 onstanti
492 1520 693 1571 Augusto
709 1521 1037 1572 religiosissimo

318 1576 514 1628 principi,
541 1589 622 1629 per
651 1578 935 1621 Occidentem
961 1581 1036 1622 im-

212 1632 398 1682 peranti,
432 1638 585 1674 auctor
617 1634 713 1684 fuit,
746 1640 795 1676 ut
828 1636 1035 1679 Constan-

212 1686 317 1730 tium
337 1688 514 1730 fratrem
528 1689 791 1733 Arianerum
810 1692 1036 1744 fautorem,

211 1742 254 1783 in
275 1743 451 1786 Oriente
470 1748 740 1797 regnantem,
767 1749 972 1800 precibus
994 1757 1038 1793 et

211 1798 336 1840 minis
374 1799 430 1842 ad
462 1802 757 1844 revocandum
790 1804 844 1846 ab
881 1806 1035 1848 exsilio

211 1854 497 1898 Athanasium
510 1861 797 1910 permoveret.
822 1861 1036 1904 Dolosam

211 1909 313 1952 fidei
332 1912 562 1954 formulam
581 1914 635 1956 ab
654 1916 922 1967 Eusebianis,
941 1919 1034 1960 Arii

210 1968 519 2019 sectatoribus,
555 1970 598 2011 in
635 1972 827 2014 secunda
864 1974 1034 2026 synodo

210 2023 484 2066 Antiochena
512 2029 771 2080 conceptam
799 2030 963 2081 rejecit,
992 2038 1035 2074 et

209 2092 412 2131 magnum
439 2081 696 2143 Sardicepse
723 2086 955 2128 concilium
981 2101 1034 2130 ex

211 2135 460 2180 Occidentis
501 2144 544 2181 et
581 2140 772 2182 Orientis
814 2145 1033 2197 episcopis

209 2192 379 2243 indixit,
414 2195 646 2248 missisque
682 2197 856 2248 legatis,
897 2201 1033 2243 multa

210 2248 371 2291 ibidem
395 2263 477 2303 pro
502 2251 588 2294 fide
610 2253 824 2296 catholica
844 2261 888 2297 et
906 2256 1031 2299 disci—

209 2305 325 2357 plina
346 2307 641 2350 ecclesiastica
664 2310 934 2354 restituenda
953 2316 1031 2356 uti-

209 2360 307 2403 liter
326 2365 559 2407 constituit.

262 2421 309 2472 157.
340 2419 473 2462 Pesui
505 2421 766 2475 adjutorium
794 2437 927 2478 super
954 2440 1030 2480 po-

209 2475 387 2525 tentem,
433 2482 477 2518 et
518 2479 706 2521 exaltavi
748 2480 934 2523 electum
975 2483 1031 2526 de

209 2529 338 2582 plebe
354 2545 465 2574 mea:
483 2536 504 2559 *
526 2535 681 2577 Manus
705 2538 819 2578 enim
842 2551 940 2581 mea
958 2552 1028 2582 au—

208 2586 430 2630 xiliabitur
451 2590 500 2631 ei.
534 2587 583 2637 Υ
604 2592 754 2634 Inveni
777 2594 921 2638 David
943 2609 1029 2638 ser-

207 2655 310 2683 vum
353 2657 514 2695 meum,
562 2648 660 2690 oleo
721 2655 874 2694 sancto
929 2665 1028 2694 meo

207 2699 310 2740 unxi
334 2712 442 2742 eum.
479 2702 642 2745 Manus.

218 184 282 219 24*
326 185 392 218 Dic
416 186 462 218 143,
481 186 638 228 Aprilis.
665 185 698 219 S
718 186 858 219 Bcncd.
877 187 956 219 Jos.
976 187 1098 221 Labrc
1121 187 1316 221 Confi-17.
1340 188 1374 221 S.
1396 188 1545 222 Aniceti
1564 188 1681 231 I'upa:
1699 195 1735 223 ct
1753 189 1858 225 Mart.

1394 284 1544 326 Lectio
1564 286 1616 325 vi.

1180 344 1311 381 raeter
1342 340 1455 391 haec,
1495 341 1700 384 basilicas
1735 343 1844 385 duas
1875 344 1919 386 in

1195 395 1314 438 Urbe
1343 398 1575 448 exstruxit,
1603 401 1827 452 sacrisque
1856 401 1918 454 pi-

1094 452 1228 493 cturis
1256 455 1502 505 exornavit,
1534 468 1664 496 unam
1692 457 1811 508 juxta
1836 457 1918 499 Fo-

1093 521 1188 549 rum
1203 509 1462 561 Romanum,
1481 511 1662 553 alteram
1680 512 1724 553 in
1739 513 1810 554 via
1823 513 1918 555 Fla-

1092 566 1234 607 minia.
1267 566 1372 608 Tria
1397 567 1633 610 aedificavit
1658 570 1919 620 coemeteria,

1092 635 1225 663 unum
1244 622 1285 663 in
1306 622 1461 665 eadem
1481 625 1551 665 via
1571 624 1797 676 Flaminia,
1816 626 1919 669 alte-

1092 690 1187 718 rum
1204 678 1248 719 in
1266 679 1335 720 via
1350 680 1541 730 Aurelia,
1559 682 1736 723 tertium
1753 682 1797 723 in
1813 682 1919 724 Por-

1091 735 1245 775 tuensi.
1273 735 1510 778 Constituit
1523 750 1578 778 ne
1594 737 1801 780 sacerdos
1817 739 1919 781 alibi

1093 803 1223 842 quam
1237 791 1355 844 apud
1372 792 1559 844 judicem
1575 793 1939 838 ecclesiasticum*

1092 859 1268 889 causam
1283 848 1459 899 diceret,
1478 850 1689 902 jussitque
1708 856 1756 893 ut
1776 853 1920 894 emnia

1092 903 1149 944 ad
1182 917 1274 945 rem
1305 905 1648 948 ecclesiasticam
1675 910 1920 961 spectantia

1091 973 1171 1012 per
1207 962 1563 1013 protonotarium
1600 964 1920 1007 conficerentur

1091 1016 1386 1060 instrumenta.
1443 1019 1604 1061 Tribus
1641 1020 1919 1064 ordinationi—

1091 1072 1173 1114 bus
1200 1086 1350 1116 mense
1375 1075 1610 1118 Decembri
1637 1078 1803 1120 creavit
1829 1079 1919 1121 dia-

1092 1142 1228 1171 conos
1251 1136 1358 1180 tres,
1386 1132 1670 1185 presbyteros
1697 1133 1851 1176 decem
1876 1141 1920 1178 et

1092 1191 1205 1236 octo,
1225 1189 1460 1240 episcopos
1479 1201 1648 1231 novem.
1678 1190 1920 1243 Postquam

1090 1242 1174 1284 Dei
1205 1243 1448 1285 Ecclesiam
1481 1246 1754 1288 sanctissime
1785 1251 1918 1290 rexis-

1090 1304 1158 1340 set
1202 1300 1324 1341 annis
1376 1301 1642 1353 quindecim,
1695 1304 1918 1347 mensibus

1092 1355 1294 1408 quinque,
1314 1355 1468 1399 diebus
1488 1358 1813 1412 septemdecim,
1833 1364 1919 1415 pri-

1091 1410 1161 1453 die
1184 1411 1291 1454 Idus
1318 1414 1483 1466 Aprilis
1507 1415 1692 1459 feliciter
1716 1418 1920 1470 migravit

1090 1468 1147 1510 ad
1166 1469 1412 1521 Dominum,
1432 1472 1631 1525 sepultus
1650 1474 1694 1514 in
1714 1477 1917 1518 coemete-

1090 1525 1154 1566 rio
1174 1525 1415 1579 Calepodii.
1447 1528 1556 1570 Inde
1578 1531 1803 1574 translatae
1821 1533 1917 1574 reli⁴

1090 1582 1204 1633 quiae
1237 1583 1294 1625 ad
1320 1584 1551 1627 ecclesiam
1575 1593 1741 1630 sanctae
1764 1588 1918 1631 Mariae

1089 1643 1209 1680 trans
1237 1639 1432 1682 Tiberim
1465 1642 1521 1684 ab
1554 1643 1652 1696 ipso
1681 1645 1917 1699 amplifica-

1089 1699 1194 1745 tam,
1232 1696 1312 1738 sub
1341 1697 1470 1739 altari
1495 1700 1648 1752 majori
1675 1700 1916 1745 honorifice

1088 1752 1328 1794 reconditae
1347 1759 1457 1796 sunt.

1138 1810 1188 1861 Rg.
1216 1809 1306 1851 Iste
1326 1815 1393 1852 est
1412 1811 1497 1863 qui.

1136 1870 1180 1903 In
1204 1870 1267 1905 III.
1286 1871 1485 1907 Nocturno
1510 1873 1681 1909 Homilia
1706 1875 1744 1909 in
1765 1875 1911 1919 Evang.

1094 1917 1216 1953 Homo
1240 1920 1400 1963 peregre
1423 1921 1683 1964 proficiscens.
1707 1923 1753 1958 de
1775 1924 1912 1966 eodem

1086 1965 1288 2002 Communi
1315 1968 1342 2001 1.
1368 1969 1465 2003 loco.

1136 2013 1179 2047 In
1205 2014 1441 2059 Quadrages
1471 2017 1605 2053 Lectio
1631 2019 1679 2053 ix.
1706 2019 1753 2055 de
1778 2020 1911 2056 Homi-

1086 2061 1145 2097 lia,
1171 2067 1208 2096 ct
1233 2073 1427 2098 commem.
1453 2065 1586 2100 Feriae.

1322 2141 1405 2183 Die
1424 2143 1483 2184 16.
1504 2143 1679 2196 Aprilis.

1129 2203 1172 2244 S.
1196 2204 1454 2247 Benedicti
1477 2207 1508 2248 J
1510 2208 1686 2257 osephi
1708 2208 1874 2250 Labre

1355 2258 1639 2300 Confessoris.

1417 2319 1581 2362 Duplex.

1135 2367 1272 2403 Omnia
1309 2375 1350 2404 ut
1392 2372 1490 2406 inter
1532 2373 1630 2409 festa
1667 2385 1738 2418 pro
1774 2377 1910 2420 aliqui—

1084 2417 1155 2450 bus
1180 2416 1278 2451 locis
1303 2418 1438 2453 eadem
1465 2420 1537 2454 die.

1320 2497 1403 2538 Die
1422 2498 1479 2538 17.
1500 2498 1675 2551 Aprilis.

1186 2560 1229 2601 S.
1248 2560 1446 2603 Aniceti
1464 2561 1600 2614 Papae
1620 2567 1663 2604 et
1682 2562 1806 2604 Mart.

1415 2621 1578 2665 Duplex.

1136 2670 1271 2705 Omnia
1302 2672 1349 2706 dc
1382 2672 1527 2708 Comm.
1557 2675 1670 2709 unius
1700 2675 1806 2710 Mart.
1837 2686 1908 2720 pro

1083 2720 1267 2761 temporis
1293 2721 1492 2764 varietate,
1525 2728 1665 2766 praeter
1696 2723 1907 2768 sequentia.
