2028 2892
204 164 270 201 346

206 261 301 313 luia.
335 261 381 310 Υ,
406 260 502 301 Nisi
518 271 600 311 ego
614 258 776 308 abiero,
792 256 1033 298 Paraclitus

206 330 293 358 non
316 317 474 358 veniet:
502 330 602 359 cum
626 318 877 368 asstimptus
900 313 1033 363 fuero,

206 374 375 416 mittam
394 373 521 416 vobis
541 386 651 415 eum.
678 372 818 423 Rogo.

519 453 667 493 Lectio
689 468 723 491 v.

205 512 383 620 Super
415 512 590 555 excelsa
625 524 730 563 ergo
767 510 867 553 coeli
900 510 1032 552 terre-

292 583 396 612 num
435 583 596 623 corpus
636 568 891 622 imponitur:
933 578 1035 607 ossa

204 627 317 669 intra
363 626 584 680 sepulchri
633 625 855 677 angustias
900 621 1033 676 paulo

204 689 303 725 ante
323 683 539 734 conclusa,
559 682 828 734 Angelorum
847 679 1035 722 co'etibus

203 740 459 782 inferuntur:
483 740 526 780 in
549 739 761 791 gremium
783 735 1033 778 immortali-

204 796 307 838 tatis
322 797 519 839 mortalis
534 799 688 838 natura
704 792 1034 837 transfunditur:

205 858 249 895 et
275 852 375 895 ideo
402 867 526 895 sacra
554 851 810 906 apostolicae
834 849 1035 891 lectionis

203 912 390 951 testatur
417 909 615 952 historia:
644 909 753 950 Cum
780 907 877 948 haec
905 905 1034 947 dixis-

205 971 281 1017 set,
299 966 449 1018 inquit,
464 965 712 1008 videntibus
727 964 822 1014 illis,
838 963 1034 1005 elevatus

205 1028 283 1065 est.
314 1023 431 1064 Dum
450 1022 576 1065 audis
597 1023 825 1071 elevatum,
845 1021 1034 1071 agnosce

204 1080 370 1121 militiae
398 1080 590 1122 coelestis
615 1079 891 1130 obsequium:
918 1075 1034 1118 unde

204 1135 416 1178 hodierna
448 1136 662 1178 festivitas
689 1134 876 1176 hominis
907 1132 1035 1174 nobis

206 1198 250 1234 et
290 1193 373 1234 Dei
418 1194 689 1234 sacramenta
730 1189 1034 1232 manifestavit.

205 1248 294 1291 Sub
315 1262 401 1291 una
424 1248 667 1301 eademque
688 1249 894 1301 persona,
917 1246 961 1286 in
981 1258 1034 1287 eo

206 1305 280 1357 qui
305 1305 462 1356 elevat,
492 1304 682 1347 divinam
705 1303 964 1357 potentiam;
991 1302 1035 1342 in

206 1374 259 1403 eo
283 1367 444 1412 autem,
471 1362 546 1414 qui
570 1361 780 1410 elevatur,
803 1359 1035 1400 humanam

205 1421 424 1470 cognosce
445 1418 743 1460 substantiam.

260 1484 305 1536 Rp
341 1484 443 1526 Non
478 1483 678 1525 turbetur
714 1495 790 1524 cor
824 1485 1035 1523 vestrum:

206 1553 287 1592 ego
318 1540 432 1583 vado
461 1539 518 1582 ad
545 1540 739 1588 Patrem;
772 1543 815 1580 et
844 1551 943 1580 cum
970 1551 1034 1579 as-

206 1601 406 1650 sumptus
424 1597 548 1638 fuero
569 1609 594 1638 a
613 1596 751 1646 vobiS,
772 1595 942 1636 mittam
960 1607 1034 1635 vo—

204 1652 290 1704 bis,
322 1653 511 1706 allefflja,
539 1656 560 1678 *
592 1652 802 1706 Spiritum
828 1651 1035 1701 veritatis,

206 1715 250 1751 et
276 1709 484 1761 gaudebit
512 1722 588 1751 cor
615 1714 825 1757 vestrum,
854 1706 1035 1759 alleluja.

207 1764 255 1813 V.
283 1766 379 1817 Ego
410 1765 578 1817 rogabo
606 1765 798 1814 Patrem,
832 1768 876 1805 et
905 1763 1036 1805 alium

206 1823 471 1865 paraclitum
491 1821 612 1864 dabit
630 1822 768 1864 vobis.
795 1820 1015 1873 Spiritum.

509 1898 658 1939 Lectio
681 1899 730 1938 vi.

256 1963 430 2016 deoque
474 1960 736 2004 omnimodis
777 1959 1036 2002 detestanda

272 2026 372 2063 sunt
403 2022 570 2062 venena
597 2017 832 2060 Orientalis
865 2017 1036 2067 erroris,

209 2078 283 2130 qui
306 2077 439 2130 impia
461 2077 656 2118 novitate
676 2074 903 2128 praesumit
922 2076 1035 2115 asse-

207 2147 304 2176 rere
326 2135 362 2175 F
364 2134 485 2175 ilium
507 2133 590 2174 Dei
615 2145 668 2174 ac
690 2131 828 2172 filium
848 2130 1037 2172 hominis

208 2194 334 2232 unius
371 2203 468 2232 esse
505 2192 684 2232 naturae.
742 2189 793 2229 In
829 2188 1036 2229 alterutra

208 2248 322 2288 enim
349 2253 493 2300 parte,
527 2245 596 2288 vel
625 2245 700 2298 qui
730 2244 873 2286 solum
900 2243 1034 2285 homi-

208 2317 308 2345 nem
328 2304 461 2345 fuisse
484 2302 658 2352 dixerit,
681 2300 858 2351 negabit
879 2299 1034 2342 Condi-

207 2360 315 2400 toris
334 2359 530 2410 gloriam:
549 2358 619 2401 vel
636 2358 709 2411 qui
725 2357 868 2399 solum
882 2357 1035 2407 Deum,

207 2415 383 2466 negabit
404 2414 749 2457 misericordiam
766 2412 1034 2465 Redempto-

208 2470 277 2511 ris.
305 2472 402 2521 Quo
422 2474 580 2522 genere
599 2484 687 2513 non
706 2469 832 2511 facile
848 2469 1035 2510 Arianus

209 2528 502 2578 evangelicam
521 2528 685 2581 poterit
698 2526 861 2568 habere
880 2526 1035 2566 verita-

208 2586 307 2632 tem,
326 2583 399 2624 ubi
415 2584 573 2625 Filium
588 2584 670 2626 Dei
690 2596 803 2625 nunc
820 2582 1035 2633 aequalem

207 2639 405 2691 legimus,
427 2654 540 2683 nunc
559 2642 781 2683 minorem.
817 2640 899 2690 Qui
922 2639 1035 2680 enim

207 2698 333 2737 unius
356 2700 523 2739 naturae
542 2698 814 2740 Salvatorem
836 2701 1034 2738 nostrum

809 167 847 200 In
874 169 1017 200 (max-21
1046 166 1073 199 A
1082 166 1307 200 mensionis.

1086 255 1310 297 mortifera
1345 255 1630 308 persuasione
1669 253 1915 304 crediderit,

1087 311 1230 353 solum
1251 311 1486 363 hominem,
1511 317 1587 354 aut
1611 312 1754 354 solum
1771 312 1914 353 Deum

1087 370 1268 420 cogetur
1283 367 1428 410 dicere
1443 369 1709 411 crucifixum.
1727 366 1816 409 Sed
1826 380 1915 409 non

1086 424 1147 466 ita
1180 429 1257 466 est.
1310 425 1500 467 Mortem
1534 425 1648 467 enim
1681 437 1763 466 nec
1794 423 1915 466 solus

1087 481 1208 522 Deus
1234 483 1412 532 sentire,
1439 494 1521 524 nec
1546 481 1665 523 solus
1688 480 1823 523 homo
1847 493 1914 521 su-

1086 540 1242 590 perare
1260 540 1489 592 potuisset.

1140 612 1188 662 Rv.
1217 606 1473 649 Ascendens
1496 606 1705 649 Christus.
1732 607 1826 648 323.

1298 701 1346 740 In
1375 702 1445 740 III.
1474 701 1697 740 Nocturno.

1085 772 1240 814 Lectio
1263 772 1404 813 sancti
1428 771 1655 823 Evangelii
1675 771 1916 814 secundum

1398 829 1605 879 Marcum.

1189 891 1339 932 Lectio
1363 893 1429 931 vii.
1582 892 1685 943 Cap.
1702 892 1759 931 16.
1777 904 1809 931 c.

1086 946 1163 1054 In
1189 951 1264 992 illo
1292 953 1510 1004 tempore:
1543 951 1916 994 Recumbentibus

1151 1007 1355 1050 undecim
1379 1007 1619 1062 discipulis,
1643 1009 1848 1062 apparuit
1869 1008 1915 1050 il-

1087 1064 1140 1105 lis
1159 1065 1183 1105 J
1186 1077 1300 1106 esus:
1323 1070 1366 1106 et
1385 1065 1671 1118 exprobravit
1687 1064 1916 1107 increduli-

1086 1123 1224 1163 tatem
1252 1123 1419 1171 eorum,
1452 1127 1496 1163 et
1524 1121 1728 1164 duritiam
1756 1121 1917 1164 cordis:

1089 1178 1190 1229 quia
1209 1178 1275 1228 iis,
1299 1178 1373 1230 qui
1391 1177 1592 1220 viderant
1611 1191 1710 1221 eum
1728 1191 1916 1221 resurre-

1087 1236 1216 1285 xisse,
1238 1247 1327 1276 non
1345 1234 1635 1277 crediderunt.
1662 1235 1720 1278 Et
1738 1235 1918 1288 reliqua.

1088 1318 1155 1359 De
1177 1316 1370 1358 Homilia
1393 1317 1531 1359 sancti
1551 1317 1753 1369 Gregorii
1770 1318 1917 1371 Papae.

1257 1382 1314 1416 Ex
1339 1382 1474 1416 eadem
1499 1381 1669 1416 Ilomilia
1693 1381 1747 1415 29.

1096 1448 1245 1503 *lfa—*Ne
1266 1443 1349 1486 hac
1374 1443 1642 1485 ascensionis
1665 1443 1756 1496 ejus
1779 1442 1919 1494 gloria

1102 1508 1103 1512 ¹
1129 1519 1190 1545 A
1211 1525 1214 1538 ι
1238 1501 1368 1543 etiam
1386 1500 1599 1543 Habacuc
1618 1499 1691 1542 ait:
1709 1499 1919 1542 Elevatus

1126 1559 1132 1581 ¹
1164 1579 1213 1581 ⁴
1237 1562 1305 1600 est
1330 1558 1413 1607 sol,
1442 1562 1486 1599 et
1509 1557 1612 1599 luna
1637 1556 1759 1599 stetit
1782 1556 1827 1597 in
1851 1559 1917 1598 or-

1089 1613 1189 1656 dine
1213 1627 1304 1656 suo.
1342 1614 1448 1665 Quis
1472 1613 1587 1655 enim
1609 1612 1715 1655 solis
1733 1612 1919 1664 nomine,

1088 1670 1170 1711 nisi
1183 1670 1415 1721 Dominus;
1431 1675 1474 1712 et
1489 1683 1589 1722 quae
1603 1669 1719 1711 lunae
1733 1669 1918 1719 nomine,

1089 1727 1170 1767 nisi
1196 1726 1395 1768 Ecclesia
1424 1723 1702 1778 designatur?
1748 1726 1917 1776 Quouis-

1090 1795 1174 1835 que
1216 1783 1331 1824 enim
1366 1782 1581 1824 Dominus
1623 1780 1822 1824 ascendit
1861 1781 1919 1823 ad

1089 1839 1241 1890 coelos,
1265 1845 1415 1882 sancta
1438 1840 1529 1891 eius
1548 1838 1747 1881 Ecclesia
1766 1836 1918 1880 adver·

1090 1909 1138 1938 sa
1173 1895 1323 1938 mundi
1360 1895 1613 1938 omnimodo
1650 1893 1919 1937 formidavit:

1089 1958 1134 1995 at
1151 1958 1390 2006 postquam
1408 1953 1499 2005 ejus
1518 1951 1773 1994 ascensione
1791 1951 1917 1994 robo-

1090 2011 1184 2051 rata
1210 2014 1291 2059 est,
1321 2011 1472 2062 aperte
1497 2007 1772 2062 praedicavit,
1799 2007 1919 2060 quod

1090 2066 1262 2108 occulte
1282 2064 1478 2109 credidit.
1507 2065 1716 2107 Elevatus
1732 2069 1799 2107 est
1813 2077 1918 2117 ergo

1090 2122 1175 2173 sol,
1210 2127 1254 2164 et
1281 2122 1383 2163 luna
1415 2122 1537 2164 stetit
1567 2122 1611 2162 in
1641 2120 1794 2163 ordine
1822 2133 1919 2163 suo:

1090 2180 1191 2231 quia
1219 2192 1318 2220 cum
1346 2178 1560 2220 Dominus
1594 2178 1754 2220 coelum
1782 2177 1918 2231 petiit,

1089 2240 1239 2277 sancta
1262 2235 1354 2286 ejus
1373 2234 1572 2276 Ecclesia
1591 2234 1635 2275 in
1657 2234 1919 2276 auctoritate

1088 2290 1414 2345 praedicationis
1435 2291 1640 2333 excrevit.

1142 2357 1192 2408 R.
1213 2357 1308 2407 Ego
1328 2355 1496 2407 rogabo
1515 2356 1703 2405 Patrem,
1723 2360 1767 2397 et
1786 2354 1919 2396 alium

1087 2413 1352 2455 Paraclitum
1378 2412 1500 2454 dabit
1528 2411 1672 2461 vobiS,
1700 2411 1723 2435 *
1747 2411 1806 2453 Ut
1830 2413 1917 2452 ma-

1088 2475 1189 2512 neat
1215 2469 1442 2511 vobiscum
1465 2469 1508 2509 in
1532 2469 1760 2518 aeternum,
1784 2468 1917 2520 Spiri-

1088 2532 1181 2568 tum
1204 2525 1417 2574 veritestis,
1441 2524 1623 2576 alleluja.
1658 2516 1709 2568 V-
1737 2524 1783 2566 Si
1802 2525 1918 2565 enim

1088 2596 1175 2624 non
1200 2582 1366 2631 abiero,
1393 2580 1636 2623 Paraclitus
1660 2593 1748 2620 non
1773 2581 1918 2622 veniet

1087 2639 1144 2681 ad
1172 2651 1270 2681 vos:
1304 2639 1341 2679 si
1369 2643 1515 2679 autem
1542 2636 1713 2686 abiero,
1746 2637 1917 2678 mittam

1089 2709 1189 2737 eum
1207 2695 1264 2737 ad
1283 2708 1373 2737 vos.
1401 2695 1460 2736 Ut
1478 2696 1662 2736 maneat.
