2066 2904
508 174 717 207 Commune
744 172 856 206 unius
883 170 1061 214 Martyris
1087 174 1194 203 extra
1219 173 1370 211 tempus
1396 166 1592 200 l‘uschale.

298 265 487 310 Homilia
505 265 545 306 S.
565 264 767 317 Gregorii
784 264 930 316 Papae.

397 335 537 370 nomn.
554 334 604 368 32.
625 334 662 367 in
680 334 823 376 Evang.

206 397 222 413 ν’
275 394 393 439 suia
424 387 640 428 Dominus
674 398 725 427 ac
752 385 1027 437 Redemptor

348 448 499 485 noster
525 455 667 485 novus
690 442 824 484 homo
843 441 963 483 venit
983 442 1027 482 in

245 498 249 501 ⁴
348 499 577 550 mundum,
636 511 751 541 nova
804 500 1028 551 praecepta

199 557 320 600 dedit
339 556 516 598 mundo.
546 556 663 598 Vitae
685 555 846 597 etenim
863 559 1027 597 nostrae

199 615 337 656 veteri
360 614 404 655 in
427 613 543 655 vitiis
568 613 768 654 enutritae
795 612 1028 653 contrarie-

201 673 337 713 tatem
353 670 561 723 opposuit
574 668 780 711 novitatis
795 680 898 709 suae.
914 668 1030 718 Quid

200 728 314 769 enim
351 732 492 777 vetuS,
533 725 638 779 quid
675 724 860 767 carnalis
895 724 1029 767 homo

200 787 401 834 noverat,
436 783 518 824 nisi
546 795 625 824 sua
649 781 856 831 retinere,
890 781 1030 823 aliena

201 843 367 895 rapere,
389 841 426 881 si
443 844 611 893 posset3
642 839 966 890 concupiscere,
994 839 1031 879 si

200 911 288 939 non
306 894 483 950 posset?
517 895 605 937 Sed
623 894 815 937 coelestis
834 894 1030 937 medicus

201 954 380 1005 singulis
402 952 648 1006 quibusque
667 952 783 993 vitiis
806 950 1031 994 obviantia

201 1010 381 1053 adhibet
407 1008 737 1051 medicamenta.
778 1008 894 1049 Nam
918 1008 1031 1050 sicut

202 1073 294 1110 arte
318 1066 547 1109 medicinae
573 1064 715 1107 calida
741 1064 925 1116 frigidis,
962 1065 1031 1106 fri-

201 1124 303 1176 gida
320 1123 472 1165 calidis
492 1124 714 1164 curantur:
737 1122 798 1163 ita
817 1122 1031 1163 Dominus

202 1187 351 1223 noster
371 1180 590 1222 contraria
610 1178 820 1232 opposuit
844 1178 1031 1221 medica-

202 1240 348 1280 menta
375 1236 586 1290 peccatis,
619 1241 668 1278 ut
690 1235 873 1277 lubricis
897 1236 1031 1278 conti-

203 1295 404 1345 nentiam,
422 1292 651 1335 tenacibus
669 1292 929 1343 largitatem,
951 1292 1031 1334 ira-

204 1351 358 1393 cundis
373 1349 764 1399 mansuetudinem,
781 1348 908 1391 elatis
922 1362 1032 1402 prae-

204 1411 369 1462 ciperet
387 1407 686 1449 humilitatem.

254 1480 303 1530 Ru
348 1478 522 1520 Corona
558 1479 691 1518 aurea
730 1489 863 1529 super
900 1480 1034 1528 caput

205 1536 343 1587 ejus,*
373 1535 596 1586 Expressa
624 1533 748 1584 signo
777 1532 1032 1583 sanctitatis,

205 1592 343 1641 gloria
358 1590 549 1640 honoris,
568 1594 611 1631 et
627 1602 739 1642 opus
755 1589 1033 1631 fortitudinis.

204 1644 253 1694 X.
276 1648 492 1699 Quoniam
510 1646 763 1699 praevenisti
779 1659 880 1688 eum
899 1646 942 1687 in
961 1646 1032 1688 be-

206 1704 529 1747 nedictionibus
555 1702 813 1753 dulcedinis,
845 1702 1034 1756 posuisti

207 1762 251 1803 in
279 1761 423 1814 capite
451 1761 542 1812 ejus
568 1761 776 1801 coronam
804 1759 859 1801 de
885 1758 1034 1812 lepide

206 1818 413 1872 pretioso.
440 1817 672 1869 Expressa.

490 1893 640 1932 Lectio
664 1893 745 1932 viii.

207 1948 374 2056 Certe
406 1978 505 2007 cum
528 1977 575 2006 se
610 1964 894 2017 sequentibus
921 1978 1036 2007 nova

321 2021 527 2063 mandata
562 2023 852 2074 proponeret,
908 2021 1036 2064 dixit:

208 2080 304 2122 Nisi
341 2079 437 2132 quis
479 2077 794 2120 renuntiaverit
834 2078 1036 2121 omnibus

211 2150 308 2190 quae
345 2134 564 2189 possidet,
606 2147 694 2175 non
729 2139 878 2187 potest
913 2149 1036 2177 meus

210 2206 307 2236 esse
323 2191 577 2245 discipulus.
604 2192 672 2232 Ac
687 2191 723 2232 si
738 2193 890 2244 aperte
906 2192 1037 2235 dicat:

211 2251 294 2301 Qui
313 2262 393 2303 per
412 2249 546 2290 vitam
564 2249 759 2289 veterem
779 2247 918 2290 aliena
937 2262 1036 2291 con-

211 2306 450 2359 cupiscitis,
484 2317 564 2358 per
590 2317 719 2346 novae
743 2306 1037 2347 conversatio-

211 2363 278 2404 nis
314 2361 509 2404 studium
547 2366 591 2403 et
627 2365 774 2403 vestra
811 2360 1038 2412 largimini.

213 2418 327 2469 Quid
358 2431 463 2460 vero
496 2418 540 2459 in
571 2417 654 2459 hac
685 2416 874 2459 lectione
911 2418 1038 2469 dicat,

213 2474 453 2516 audiamus:
471 2474 556 2525 Qui
571 2473 664 2516 vult
677 2478 780 2527 post
795 2486 864 2515 me
880 2476 1038 2525 venire,

213 2531 399 2582 abneget
427 2533 721 2584 semetipsum.
773 2529 842 2572 Ibi
870 2530 1038 2580 dicitur,

213 2592 261 2628 ut
289 2587 552 2638 abnegemus
575 2593 740 2630 nostra:
772 2587 842 2628 hic
870 2586 1038 2637 dicitur,

215 2648 263 2685 ut
282 2643 546 2695 abnegemus
565 2657 657 2686 nos.
694 2644 750 2685 Et
775 2644 962 2686 fortasse
982 2644 1038 2685 la-

214 2700 439 2742 boriosum
480 2713 566 2742 non
605 2706 672 2743 est
712 2700 877 2743 homini
915 2700 1038 2742 relin-

1080 273 1216 314 quere
1243 274 1336 312 sua;
1373 259 1454 302 sed
1479 259 1608 301 valde
1635 258 1907 301 laboriosum

1080 323 1147 360 est
1165 316 1412 371 relinquere
1432 318 1727 369 semetipsum.
1763 316 1907 357 Minus

1081 374 1245 427 quippe
1274 379 1342 417 est
1370 373 1589 424 abnegare
1619 372 1739 425 quod
1758 372 1908 415 habet:

1079 430 1208 473 valde
1231 435 1377 473 autem
1398 429 1585 471 multum
1605 434 1671 482 est
1691 429 1909 481 abnegare

1083 487 1201 541 quod
1219 493 1296 530 est.

1132 555 1182 605 R.
1211 553 1298 595 Hic
1317 556 1384 594 est
1403 564 1507 593 vere
1525 551 1703 604 Martyr‚
1733 551 1806 605 qui
1827 563 1910 604 pro

1083 608 1245 651 Christi
1280 608 1455 650 nomine
1492 608 1750 659 sanguinem
1785 621 1910 649 suum

1082 665 1211 707 fudit:
1245 669 1267 692 *
1307 665 1391 716 Qui
1423 664 1565 706 minas
1597 664 1788 717 judicum
1823 677 1911 706 non

1082 722 1237 773 timuit,
1264 735 1346 764 nec
1367 722 1553 763 terrenae
1577 720 1802 773 dignitatis
1822 721 1912 773 glo-

1082 779 1192 820 riam
1213 779 1426 831 quaesivit‚
1455 777 1535 819 sed
1554 777 1611 820 ad
1632 777 1831 819 coelestia
1848 790 1912 819 re—

1083 849 1169 888 gna
1194 836 1406 889 pervenit.
1443 831 1494 882 V.
1528 835 1702 876 Justum
1730 834 1914 877 deduxit

1083 893 1300 934 Dominus
1319 905 1400 945 per
1418 893 1511 934 vias
1531 896 1686 942 rectas,
1706 895 1750 933 et
1769 893 1913 933 osten-

1085 949 1149 991 dit
1180 949 1242 990 ilh'
1274 962 1456 1001 regnum
1487 949 1582 991 Dei.
1625 949 1720 1000 Qui.
1758 948 1914 991 Gloria

1085 1006 1216 1048 Patri.
1253 1006 1347 1057 Qui.

1384 1081 1535 1122 Lectio
1556 1081 1609 1120 ix.

1155 1146 1184 1188 d
1220 1159 1268 1188 se
1302 1150 1449 1188 autem
1480 1145 1608 1188 nobis
1639 1145 1915 1187 venientibus

1196 1203 1412 1244 Dominus
1435 1202 1666 1256 praecepit,
1690 1206 1739 1244 ut
1761 1215 1915 1244 renun-

1085 1260 1242 1302 tiemus
1261 1260 1438 1301 nostris:
1459 1259 1560 1312 quia
1577 1259 1840 1312 quicumque
1859 1258 1916 1301 ad

1085 1316 1190 1359 fidei
1222 1318 1408 1369 agonem
1441 1318 1659 1366 venimus,
1696 1315 1916 1358 luctamen

1086 1379 1240 1415 contra
1257 1373 1472 1424 malignos
1497 1373 1676 1426 spiritus
1695 1372 1917 1413 sumimus.

1085 1430 1206 1472 Nihil
1221 1435 1368 1472 autem
1383 1429 1564 1481 maligni
1577 1429 1756 1482 spiritus
1772 1429 1817 1469 in
1830 1428 1917 1471 hoc

1085 1486 1250 1529 mundo
1279 1487 1508 1540 proprium
1534 1485 1780 1539 possident:
1811 1485 1918 1527 nudi

1088 1557 1193 1596 ergo
1222 1557 1323 1585 cum
1349 1543 1478 1585 nudis
1508 1543 1664 1585 luctari
1696 1542 1918 1585 debemus.

1086 1601 1201 1643 Nam
1220 1601 1257 1642 si
1275 1602 1462 1643 vestitus
1480 1600 1665 1653 quisque
1681 1612 1780 1641 cum
1797 1598 1917 1641 nudo

1086 1657 1287 1708 luctatur,
1310 1658 1438 1699 citius
1454 1656 1511 1699 ad
1527 1661 1693 1699 terram
1709 1655 1918 1707 dejicitur,

1089 1715 1191 1767 quia
1226 1714 1360 1756 habet
1393 1713 1510 1756 unde
1545 1715 1758 1755 teneatur.
1802 1712 1919 1763 Quid
1973 1726 1978 1731 ·

1089 1772 1204 1813 enim
1219 1776 1319 1813 sunt
1333 1772 1508 1813 terrena
1523 1770 1679 1820 omnia,
1698 1770 1782 1811 nisi
1802 1782 1918 1821 quae-

1089 1827 1191 1870 dam
1205 1828 1405 1881 corporis
1419 1824 1696 1869 indumenta?
1714 1825 1799 1877 Qui
1813 1838 1918 1876 ergo

1088 1889 1242 1927 contra
1261 1884 1485 1927 diabolum
1504 1883 1562 1925 ad
1580 1885 1801 1925 certamen
1819 1884 1919 1935 pro-

1089 1946 1227 1995 perat,
1254 1942 1517 1983 vestimenta
1538 1940 1724 1993 abjiciat,
1752 1952 1807 1982 ne
1825 1952 1919 1981 suc-

1090 1998 1279 2041 cumbat.

1142 2065 1207 2106 Te
1226 2064 1371 2106 Deum
1389 2062 1632 2105 laudamus.
1660 2062 1720 2103 15.

1452 2158 1558 2185 »ee-0
1568 2140 1745 2172 Ῑ-νᾈωᾲκ
1752 2170 1762 2171 κ

1253 2260 1341 2301 111.
1379 2258 1496 2300 Alia
1523 2256 1759 2299 Romilia.

1089 2333 1246 2376 Lectio
1270 2332 1411 2373 sancti
1429 2330 1658 2383 Evangelii
1679 2330 1920 2373 secundum

1374 2388 1644 2429 Matthaeum.

1196 2457 1349 2499 Lectio
1373 2456 1439 2495 vii.
1584 2455 1686 2507 Cap.
1704 2455 1766 2494 lo.
1781 2467 1814 2495 c.

1090 2526 1167 2633 In
1194 2528 1270 2570 illo
1298 2526 1674 2593 temporez.1·)ixit
1701 2527 1725 2567 J
1729 2539 1830 2594 esus
1859 2526 1920 2568 di-

1157 2585 1337 2639 scipulis
1354 2597 1460 2626 suis:
1477 2583 1599 2625 N1h1l
1621 2588 1687 2625 est
1708 2588 1921 2636 opertum,

1093 2642 1214 2696 quod
1251 2655 1340 2683 non
1372 2640 1658 2690 revelabitur3
1703 2645 1747 2682 et
1780 2639 1922 2681 occul-

1091 2705 1196 2750 tum,
1217 2698 1337 2752 quod
1355 2711 1443 2740 non
1464 2698 1636 2739 scietur.
1669 2698 1724 2738 Et
1743 2696 1923 2749 reliqua.
