2066 2956
212 193 303 238 [316]

213 301 328 331 eum:
362 289 385 313 *
419 288 668 329 universum
708 297 857 327 semen
896 283 1034 326 Jacob

212 344 452 396 glorificate
472 356 581 385 eum.

263 402 434 443 Timeat
453 413 552 442 eum
570 411 698 441 omne
718 411 867 440 semen
885 397 1035 439 Israel:

212 458 235 483 *
256 457 459 510 queniam
482 468 568 497 non
592 455 771 508 sprevit,
796 467 938 507 neque
963 453 1034 496 de-

213 514 356 567 spexit
375 512 730 566 depreeatienem
747 511 971 565 pauperis:

264 570 357 611 Nec
376 570 533 611 avertit
552 569 708 610 faciem
727 581 850 609 suam
870 580 894 608 a
912 580 996 609 me:
1012 567 1035 592 *

213 632 256 668 et
275 639 374 668 cum
393 625 627 667 clamarem
645 623 702 667 ad
721 638 837 674 eum,
862 623 1036 665 exaudi-

212 683 273 724 vit
291 695 371 724 me.

263 738 396 792 Apud
433 743 477 780 te
513 738 607 779 laus
643 750 740 779 mea
774 737 818 777 in
852 736 1037 778 ecclesia

212 808 383 846 magna:
398 796 421 821 *
436 800 540 836 vota
557 807 655 835 mea
674 793 855 835 reddam
873 793 916 833 in
935 805 1035 834 con-

214 854 368 905 spectu
387 852 630 893 timentium
649 863 758 892 eum.

265 907 407 950 Edent
434 910 670 960 pauperes,
705 912 748 948 et
782 905 1036 947 saturabim-

214 970 300 1006 tur:
343 970 386 1005 et
421 963 660 1005 laudabunt
693 963 929 1004 Deminum
964 962 1037 1014 qui

214 1022 438 1072 requirunt
462 1033 575 1061 eum:
594 1021 617 1046 *
636 1019 783 1061 vivent
807 1017 943 1060 eorda
967 1020 1037 1060 8ό-

215 1089 310 1117 111111
327 1077 371 1117 111
389 1076 598 1117 saeculum
617 1075 776 1116 saeculi.

266 1132 617 1174 Reminiscentur
653 1136 696 1173 et
731 1132 1039 1173 convertentur

217 1188 273 1229 ad
288 1188 522 1229 Deminum
532 1189 555 1213 *
566 1188 756 1229 universi
773 1187 881 1228 fines
896 1192 1039 1228 terrae:

268 1244 325 1286 Et
346 1243 593 1286 adorabunt
615 1244 659 1284 in
683 1245 924 1295 conspectu
949 1243 1039 1295 ejus

218 1301 242 1327 *
261 1301 475 1342 universae
495 1299 667 1341 familiae
688 1300 904 1341 Gentium.

269 1357 484 1407 Queniam
503 1356 680 1397 Demini
706 1360 773 1397 est
800 1368 994 1406 regnum:
1016 1356 1040 1383 *

219 1418 262 1455 et
280 1413 373 1465 ipse
392 1411 685 1454 dominabitur
704 1412 920 1453 Gentium.

270 1468 642 1510 Manducaverunt
674 1473 718 1510 et
749 1467 1042 1510 adoraverunt

220 1538 369 1567 omnes
388 1526 571 1578 pingues
590 1530 735 1567 terrae:
754 1526 778 1550 *
797 1525 840 1565 111
859 1527 1039 1577 conspe-

220 1587 293 1623 ctu
313 1582 402 1633 ejus
423 1580 580 1623 cadent
599 1594 750 1623 omnes
769 1581 843 1633 qui
863 1580 1040 1623 descen-

220 1637 327 1679 dunt
346 1638 389 1678 in
407 1643 578 1679 terram.

271 1694 327 1735 Et
351 1694 494 1734 anima
517 1706 613 1735 mea
637 1692 699 1733 illi
716 1692 847 1733 vivet:
869 1694 892 1720 *
913 1699 956 1735 81
978 1706 1041 1735 se-

220 1763 319 1791 men
337 1763 480 1790 meum
500 1750 658 1791 serviet
676 1748 770 1802 ipsi.

273 1805 609 1847 Annuntiabitur
617 1805 806 1847 Demino
817 1805 1041 1855 generatio

223 1865 418 1903 ventura:
454 1864 477 1889 *
515 1867 557 1903 et
593 1861 907 1903 annuntiabunt
942 1861 1040 1903 eoeli

223 1918 427 1968 justitiam
446 1919 537 1970 ejus
555 1918 721 1971 pepulo
743 1918 817 1970 qui
830 1919 1042 1967 nascetur,

224 1987 353 2025 quem
371 1974 473 2015 fecit
492 1974 716 2015 Dominus.

279 2027 375 2067 Ant.
412 2028 631 2072 Foderunt
662 2043 815 2071 manus
849 2043 968 2071 meas
999 2036 1043 2072 et

223 2085 359 2137 pedes
398 2098 537 2135 meos,
577 2086 959 2128 dinumeraverunt
1000 2089 1042 2128 ό-

224 2142 339 2182 mnia
358 2155 458 2183 ossa
476 2155 583 2184 mea.

279 2196 374 2236 Ant.
414 2200 448 2238 Α
484 2199 632 2251 11131113
663 2197 789 2251 pedis
822 2211 959 2251 usque
987 2199 1043 2241 ad

226 2253 430 2295 verticem
449 2268 536 2296 non
556 2259 622 2297 est
640 2255 683 2295 in
702 2268 755 2297 eo
774 2255 946 2297 sanitas.

500 2315 692 2354 psalmus
712 2315 777 2353 (55.

292 2368 452 2411 ubilate
480 2371 576 2413 Deo
604 2371 744 2412 01111118
772 2376 904 2421 terra,
931 2372 1042 2424 psal-

307 2437 424 2466 mum
444 2426 574 2469 dicite
593 2427 755 2469 nemini
775 2428 880 2479 ejus:
899 2428 923 2454 *
942 2428 1043 2470 date

224 2479 403 2529 gloriam
423 2482 538 2525 laudi
559 2485 659 2535 ejus.

276 2535 419 2578 Dicite
437 2538 544 2589 Deo,
567 2553 697 2592 quam
715 2539 924 2581 terribilia
945 2547 1044 2583 sunt

227 2592 361 2654 opera
374 2597 448 2634 tua
458 2595 657 2637 Βό11111181
673 2596 722 2623 *
711 2610 754 2637 111
770 2595 1044 2638 multitudine

227 2646 398 2688 virtutis
433 2655 519 2691 tuae
555 2652 815 2694 mentientur
856 2652 935 2695 tibi
970 2653 1043 2694 ini-

226 2703 325 2744 mici
344 2703 417 2744 tui.

688 195 743 226 Ss.
770 193 943 235 Quinque
973 193 1177 226 Vulnerum
1204 191 1245 224 Ι).
1273 191 1314 224 N.
1340 191 1372 224 .l.
1399 191 1437 224 (ἶ.

1139 282 1291 324 01111118
1308 287 1427 325 terra
1444 282 1600 324 aderet
1617 287 1673 331 te,
1692 281 1914 334 et·psallat

1086 339 1179 381 tibi:
1197 340 1221 366 ²⁸¹
1239 339 1454 392 psalmum
1474 338 1591 381 dicat
1609 338 1773 381 nemini
1790 342 1880 380 tuo.

1138 396 1315 447 Venite,
1352 401 1396 438 et
1423 395 1570 438 videte
1592 397 1736 448 <Spera
1762 394 1863 436 Dei:
1890 395 1914 421 *

1087 452 1293 494 terribilis
1327 453 1371 494 in
1407 451 1767 505 consiliis-super
1798 451 1914 493 filios

1088 509 1321 550 heminum.

1140 566 1224 616 Qui
1242 566 1457 608 convertit
1475 578 1595 607 mare
1612 565 1657 606 111
1674 563 1852 614 aridam,
1871 564 1915 605 in

1090 623 1265 664 flumine
1293 622 1622 676 pertransibunt
1648 621 1777 674 pede:
1803 622 1827 647 *
1854 620 1915 663 ibi

1088 678 1335 721 laetabimur
1352 680 1396 720 in
1414 679 1524 732 ipso.

1141 736 1226 786 Qui
1250 735 1500 778 dominatur
1522 735 1567 777 in
1584 734 1747 776 virtute
1771 746 1850 775 sua
1871 733 1916 774 111

1090 794 1317 843 aeternum,
1343 791 1458 834 081111
1484 793 1575 844 ejus
1599 803 1731 844 super
1751 790 1917 832 Gentes

1090 849 1343 902 respiciunt:
1371 851 1395 876 *
1423 849 1497 901 qui
1531 850 1796 901 exasperant
1828 859 1917 889 non

1091 905 1334 947 exaltentur
1353 905 1397 946 in
1416 905 1676 958 semetipsis.

1142 961 1396 1003 Benedicite
1441 961 1609 1004 Gentes
1653 961 1797 1002 Deum
1839 971 1916 1001 no-

1093 1023 1243 1059 strum:
1263 1019 1286 1044 *
1310 1024 1354 1060 81
1382 1018 1577 1060 auditam
1603 1017 1734 1059 facite
1761 1028 1918 1058 vocem

1092 1074 1232 1116 laudis
1253 1075 1354 1126 ejus.
1908 1098 1911 1101 -

1143 1132 1227 1182 Qui
1245 1132 1394 1184 11081111
1413 1131 1602 1173 animam
1621 1143 1764 1172 meam
1783 1129 1840 1171 ad
1857 1128 1916 1171 vi-

1091 1192 1196 1229 tam:
1216 1188 1239 1213 *
1260 1192 1303 1229 et
1329 1201 1418 1229 non
1446 1187 1568 1229 dedit
1596 1187 1641 1228 in
1662 1185 1917 1228 commotio-

1092 1256 1192 1285 nem
1211 1243 1348 1297 pedes
1367 1257 1502 1286 meos.

1146 1301 1361 1351 Queniam
1391 1299 1592 1353 probasti
1622 1311 1704 1341 nos
1731 1299 1868 1363 Deus:
1894 1298 1919 1326 *

1092 1356 1190 1408 igne
1218 1370 1299 1398 nos
1327 1356 1599 1407 examinasti,
1627 1356 1740 1398 sicut
1761 1354 1918 1399 ex'ami-

1092 1415 1220 1455 natur
1239 1415 1477 1465 argentum.

1145 1469 1362 1512 Induxisti
1381 1482 1461 1512 nos
1479 1470 1524 1511 in
1542 1470 1763 1522 laqueum,
1787 1476 1920 1522 posu*

1093 1526 1166 1566 isti
1184 1526 1486 1568 tribulatienes
1505 1527 1549 1568 in
1564 1526 1698 1568 dorso
1713 1531 1882 1569 nostro:
1895 1525 1920 1551 *

1094 1582 1341 1635 imposuisti
1373 1582 1573 1625 hemines
1608 1595 1741 1636 super
1775 1582 1921 1644 capita

1094 1644 1256 1680 nostra.

1141 1695 1441 1738 Transivimus
1450 1708 1531 1749 per
1541 1695 1686 1747 ignem
1696 1700 1740 1737 et
1748 1670 1921 1747 aquam:

1095 1752 1118 1777 *
1139 1757 1182 1793 et
1201 1751 1390 1794 eduxisti
1408 1765 1489 1794 nos
1508 1753 1552 1793 in
1570 1752 1853 1803 refrigerium.

1149 1808 1346 1850 Introibo
1373 1809 1417 1849 in
1446 1808 1625 1850 domum
1646 1814 1767 1850 tuam
1783 1808 1828 1849 in
1846 1807 1920 1848 110-

1095 1866 1320 1907 locaustis:
1340 1867 1363 1893 *
1381 1864 1566 1907 reddam
1590 1864 1670 1907 tibi
1687 1869 1791 1907 vota
1811 1876 1920 1913 mea,

1098 1935 1195 1975 quae
1216 1922 1505 1964 distinxerunt
1524 1922 1641 1963 labia
1658 1933 1767 1968 mea.

1147 1979 1204 2020 Et
1235 1979 1430 2021 locutum
1465 1984 1532 2021 est
1559 1991 1610 2020 os
1637 1991 1799 2028 meum,
1825 1977 1850 2003 *
1876 1976 1920 2018 in

1095 2035 1377 2077 tribulatiene
1400 2047 1508 2076 mea.

1148 2091 1419 2133 Holocausta
1462 2090 1701 2133 medullata
1740 2089 1920 2132 efferam

1096 2147 1174 2190 tibi
1203 2161 1302 2190 cum
1332 2148 1510 2189 incenso
1538 2150 1739 2189 arietum:
1766 2146 1790 2172 *
1818 2145 1921 2188 effe-

1096 2218 1188 2245 ram
1207 2204 1286 2247 tibi
1305 2204 1442 2246 boves
1462 2217 1561 2245 eum
1581 2204 1723 2245 hircis.

1146 2262 1316 2310 Venite,
1331 2259 1492 2310 audite,
1505 2266 1550 2302 et
1560 2259 1759 2310 narrabo,
1770 2271 1921 2301 omnes

1097 2318 1171 2368 qui
1198 2317 1359 2359 timetis
1387 2317 1545 2366 Deum,
1573 2318 1596 2343 *
1625 2321 1788 2368 quanta
1818 2315 1922 2357 fecit

1096 2374 1252 2415 animae
1270 2385 1391 2415 meae.

1148 2429 1221 2471 Ad
1239 2429 1383 2482 ipsum
1404 2440 1480 2470 ore
1498 2441 1597 2470 meo
1618 2427 1816 2478 clamavi,
1835 2428 1859 2454 *
1878 2431 1922 2468 et

1097 2486 1287 2528 exaltavi
1304 2485 1386 2526 sub
1405 2485 1551 2535 lingua
1569 2497 1677 2526 mea.

1148 2542 1428 2594 Iniquitatem
1461 2541 1497 2581 si
1529 2541 1681 2593 aspexi
1711 2541 1754 2581 in
1786 2538 1921 2582 corde

1097 2611 1207 2647 meo,
1226 2600 1249 2623 *
1270 2611 1357 2640 non
1377 2596 1581 2639 exaudiet
1598 2597 1824 2638 Deminus.

1147 2655 1390 2707 Propterea
1417 2651 1640 2694 exaudivit
1667 2653 1805 2702 Deus,
1829 2654 1853 2681 *
1877 2656 1922 2694 et

1097 2711 1282 2752 attendit
1301 2710 1401 2752 voci
1420 2708 1742 2762 deprecatienis
1760 2721 1882 2751 meae.
