2028 2892
166 195 230 230 134

168 294 210 333 in
244 292 466 333 desertum
499 288 656 330 ductus
691 286 912 328 credatur:
949 290 996 327 ut

168 348 269 389 illuc
306 359 404 388 eum
441 358 545 386 suus
581 344 768 397 Spiritus
805 342 996 390 duceret,

167 404 241 446 ubi
268 403 382 444 hunc
409 401 466 443 ad
497 400 755 443 tentandum
782 398 996 449 malignus

168 459 344 512 spiritus
372 459 596 499 inveniret.
641 455 729 498 Sed
756 468 869 504 ecce,
898 467 996 495 cum

167 516 326 557 dicitur
339 515 460 556 Deus
478 513 610 554 homo
626 512 696 554 vel
714 512 757 552 in
777 510 996 553 excelsum

167 576 374 620 montem,
402 569 472 611 vel
495 570 538 610 in
558 573 753 609 sanctam
775 567 996 608 civitatem

168 640 193 668 a
212 626 390 668 diabolo
410 628 670 677 assumptus,
698 636 820 665 mens
840 623 996 673 refugit

169 682 359 732 credere,
378 682 579 723 humanae
599 680 684 722 hoc
699 679 849 721 audire
868 691 996 720 aures

169 740 475 791 expavescunt.
509 738 592 787 Qui
615 741 761 778 tamen
787 748 874 776 non
900 747 996 776 esse

169 794 439 836 incredibilia
457 794 542 835 ista
561 792 875 843 cognoscimuS,
897 791 934 832 si
953 791 996 831 in

169 850 243 892 illo
264 855 307 892 et
325 850 410 891 alia
429 850 542 891 facta
562 850 808 901 pensamus.

224 920 270 970 Rg.
299 913 491 955 Scindite
511 913 646 955 corda
662 918 817 962 vestra,
847 917 890 953 et
908 925 995 953 non

169 971 428 1012 vestimenta
446 975 607 1011 vestra:
636 974 679 1011 et
697 969 997 1010 convertimini

170 1026 227 1068 ad
262 1027 498 1067 Dominum
537 1026 681 1067 Deum
726 1030 936 1067 vestrum:
971 1028 993 1051 *

171 1083 282 1133 Quia
317 1082 530 1133 benignus
567 1087 610 1123 et
643 1082 891 1123 misericors
921 1085 997 1123 est.

171 1138 219 1188 Y.
247 1138 534 1191 Derelinquat
553 1138 711 1190 impius
730 1138 845 1179 viam
865 1150 997 1187 suam,

171 1199 215 1236 et
233 1195 299 1235 vir
316 1195 490 1247 iniquus
508 1194 796 1245 cogitationes
816 1207 926 1244 suas,
956 1199 999 1235 et

169 1253 415 1292 revertatur
434 1251 490 1292 ad
503 1251 750 1300 Dominum,
768 1255 811 1291 et
825 1251 998 1292 misere-

170 1306 286 1348 bitur
304 1307 404 1358 ejus.
439 1307 550 1356 Quia
568 1307 791 1356 benignus.

452 1392 603 1432 Lectio
625 1391 706 1430 viii.

246 1463 338 1500 erte
365 1458 614 1510 iniquorum
642 1458 835 1499 omnium
867 1464 999 1510 caput

263 1514 465 1556 diabolus
498 1518 577 1555 est:
614 1518 658 1555 et
686 1514 812 1566 hujus
842 1515 998 1567 capitis

170 1570 365 1612 membra
407 1575 508 1611 sunt
545 1583 695 1611 omnes
730 1571 876 1622 iniqui.
927 1571 997 1611 An

170 1640 256 1669 non
275 1626 438 1668 diaboli
451 1626 695 1668 membrum
714 1627 794 1668 fuit
809 1626 997 1669 Pilatus?

171 1696 225 1725 an
244 1696 331 1724 non
352 1677 517 1724 diab'oli
530 1683 726 1724 membra
738 1684 762 1724 J
765 1683 881 1725 udaei
902 1697 998 1737 per—

171 1741 421 1792 sequentes,
454 1744 498 1780 et
516 1739 675 1781 milites
695 1740 999 1791 crucifigentes

171 1795 390 1837 Christum
417 1794 613 1837 fuerunt?
652 1796 766 1846 Quid
793 1809 899 1847 ergo
923 1797 998 1837 mi-

171 1865 282 1901 rum,
311 1852 346 1892 si
364 1864 411 1893 se
429 1851 483 1893 ab
503 1851 578 1893 illo
599 1852 799 1905 permisit
816 1853 860 1893 in
878 1865 998 1894 mon-

171 1913 259 1949 tem
287 1907 402 1958 duci,
432 1908 506 1959 qui
533 1920 580 1949 se
607 1909 787 1961 pertulit
815 1909 947 1950 etiam
974 1923 999 1951 a

171 1963 378 2005 membris
404 1963 519 2005 illius
546 1963 763 2016 crucifigi?
805 1965 907 2006 Non
934 1971 1000 2008 est

171 2032 276 2070 ergo
294 2019 519 2071 indignum
535 2020 827 2074 Redemptori
846 2027 999 2064 nostro

172 2075 291 2128 quod
326 2076 486 2118 tentari
518 2076 671 2126 voluit,
714 2078 787 2129 qui
822 2080 1001 2121 venerat

171 2131 322 2174 occidi.
358 2131 529 2174 Justum
550 2133 713 2185 quippe
733 2138 844 2183 erat,
871 2140 919 2176 ut
938 2135 1000 2176 sic

171 2188 434 2230 tentationes
453 2194 626 2230 nostras
647 2189 736 2230 suis
754 2191 999 2232 tentationi-

172 2244 254 2286 bus
291 2247 507 2295 vinceret,
549 2245 661 2287 sicut
704 2251 891 2288 mortem
926 2260 1000 2289 no·

174 2306 308 2342 stram
322 2303 502 2343 venerat
521 2314 599 2343 sua
618 2307 760 2343 morte
780 2305 1000 2355 superare.

232 2365 455 2418 &Frange
471 2366 677 2408 esurienti
691 2379 850 2418 panem
866 2372 1000 2417 tuum,

175 2426 218 2462 et
252 2423 413 2471 egenos
443 2424 668 2474 vagosque
697 2422 829 2463 induc
855 2423 898 2463 in
926 2423 1000 2465 do·
1108 2438 1175 2475 *gig

174 2484 291 2517 mum
310 2483 443 2519 tuam:
460 2485 480 2507 ⁴
508 2478 634 2519 Tunc
653 2481 854 2531 erumpet
877 2480 1001 2530 quasi
1125 2476 1172 2527 ‘gf
1200 2481 1202 2488 '

175 2545 300 2574 mane
327 2534 471 2575 lumen
494 2540 635 2583 tuum,
669 2539 713 2576 et
737 2534 920 2576 anteibit
944 2535 1001 2576 fa·

176 2588 285 2630 ciem
322 2595 442 2630 tuam
479 2591 641 2641 justitia
678 2596 765 2632 tua.
813 2587 862 2637 δ”.
894 2590 1002 2632 Cum

178 2644 336 2686 videris
355 2645 534 2695 nudum,
563 2647 687 2699 operi
707 2660 821 2696 eum,
850 2652 894 2688 et
913 2660 1002 2688 car-

177 2712 275 2741 nem
294 2706 414 2742 tuam
435 2714 489 2743 ne
509 2702 773 2755 despexeris.
802 2703 938 2745 Tunc.

726 197 928 232 Dominica
955 196 978 229 l.
1005 193 1331 235 Quadrugcsimzc.

1347 286 1498 327 Lectio
1518 284 1572 325 ix.

1120 344 1175 386 ed
1195 342 1420 385 sciendum
1438 341 1566 383 nobis
1587 345 1665 391 est,
1690 340 1792 392 quia
1806 339 1879 381 tri-

1134 400 1216 442 bus
1235 399 1379 441 modis
1397 397 1583 440 tentatio
1602 397 1759 448 agitur:
1783 408 1880 446 sug-

1047 457 1256 508 gestione,
1273 455 1576 503 delectatione,
1594 458 1638 495 et
1653 453 1881 494 consensu.

1048 515 1104 555 Et
1129 525 1210 554 nos
1236 525 1335 554 cum
1359 512 1594 559 tentamur,
1621 509 1881 562 plerumque

1048 570 1091 610 in
1112 569 1460 616 delectationem,
1479 571 1554 608 aut
1574 566 1705 607 etiam
1721 565 1766 606 in
1781 577 1881 606 con-

1049 628 1226 667 sensum
1260 624 1465 666 labimur:
1509 623 1610 675 quia
1646 621 1702 664 de
1739 621 1882 664 carnis

1048 684 1234 735 peccato
1261 680 1515 734 propagati,
1548 679 1592 720 in
1618 678 1748 720 nobis
1774 677 1883 730 ipsis

1049 739 1180 780 etiam
1198 738 1400 789 gerimus,
1425 735 1542 789 unde
1561 734 1800 777 certamina
1817 738 1883 775 to-

1047 796 1249 837 leramus.
1289 794 1410 835 Deus
1434 805 1556 842 vero,
1591 791 1665 844 qui
1688 791 1733 832 in
1755 793 1883 832 utero

1049 851 1243 902 Virginis
1279 851 1547 899 incarnatus,
1591 848 1636 889 in
1673 846 1885 888 mundum

1049 908 1142 949 sine
1160 909 1347 960 peccato
1366 907 1561 955 venerat,
1588 903 1695 945 nihil
1714 907 1884 945 contra-

1051 964 1254 1005 dictionis
1294 963 1338 1003 in
1376 963 1617 1014 semetipso
1653 959 1886 1002 tolerabat.

1051 1020 1232 1062 Tentari
1279 1032 1384 1070 ergo
1430 1031 1511 1072 per
1558 1016 1886 1068 suggestionem

1050 1077 1211 1130 potuit:
1257 1075 1335 1118 sed
1367 1076 1458 1127 ejus
1489 1078 1682 1116 mentem
1712 1072 1886 1126 peceati

1051 1133 1286 1175 delectatio
1317 1145 1406 1174 non
1437 1130 1687 1173 momordit.
1736 1130 1886 1182 Atque

1050 1190 1151 1231 ideo
1180 1190 1321 1231 omnis
1350 1188 1567 1230 diabolica
1593 1186 1669 1228 illa
1700 1185 1886 1228 tentetio

1051 1246 1168 1295 foris,
1195 1258 1284 1287 non
1302 1245 1419 1286 intus
1439 1245 1529 1286 fuit.

1102 1311 1151 1362 R*-
1181 1305 1361 1357 Angelis
1390 1304 1481 1346 suis
1508 1304 1630 1346 Deus
1657 1301 1885 1344 mandavit

1051 1362 1106 1404 de
1128 1367 1188 1412 te,
1217 1366 1265 1403 ut
1285 1360 1535 1403 custodiant
1552 1365 1598 1402 te
1621 1360 1665 1401 in
1685 1358 1887 1400 omnibus

1051 1419 1131 1460 viis
1158 1418 1259 1460 tuis:
1284 1421 1305 1444 *
1335 1418 1388 1458 In
1414 1416 1616 1459 manibus
1642 1414 1886 1469 portabunt

1050 1479 1111 1524 te,
1148 1487 1203 1516 ne
1231 1487 1441 1526 umquam
1468 1473 1667 1515 offendas
1695 1471 1753 1513 ad
1778 1471 1885 1524 lapi-

1052 1531 1153 1573 dem
1171 1530 1333 1583 pedem
1351 1535 1486 1572 tuum.
1526 1527 1578 1579 V.
1605 1529 1748 1581 Super
1771 1526 1884 1580 aspi-

1053 1587 1155 1629 dem
1187 1592 1231 1629 et
1261 1586 1515 1628 basiliscum
1544 1583 1809 1633 ambulabiS,
1844 1587 1888 1624 et

1052 1642 1331 1685 conculcabis
1358 1641 1533 1683 leonem
1564 1646 1608 1683 et
1639 1640 1888 1683 draconem.

1051 1700 1113 1744 In.
1140 1699 1298 1740 Gloria
1314 1697 1446 1740 Patri.
1474 1698 1536 1738 In.

1101 1763 1175 1798 Per
1191 1762 1488 1798 Hebdomadam
1511 1763 1593 1804 eius
1614 1763 1702 1797 loco
1725 1761 1880 1796 dicitur:

1102 1816 1153 1867 R.
1188 1811 1463 1854 Abscondite
1490 1811 1816 1863 eleemosynam
1842 1811 1886 1851 in

1052 1870 1149 1911 sinu
1168 1872 1427 1922 pauperum,
1462 1872 1506 1909 et
1524 1867 1622 1920 ipsa
1641 1867 1786 1909 orabit
1803 1879 1886 1920 pro

1052 1926 1180 1968 vobis
1213 1925 1270 1966 ad
1297 1924 1549 1966 Dominum:
1573 1928 1596 1952 *
1629 1923 1742 1974 Quia
1774 1923 1886 1965 sicut

1053 1995 1168 2035 aqua
1187 1980 1424 2031 exstinguit
1442 1980 1600 2031 ignem,
1622 1979 1684 2022 ita
1702 1979 1887 2021 eleemo—

1053 2051 1161 2091 syna
1181 2037 1418 2087 exstinguit
1435 2038 1681 2090 peccamm.
1703 2033 1752 2084 V.
1772 2035 1887 2078 Date

1054 2095 1389 2146 eleemosynam,
1418 2098 1462 2134 et
1482 2105 1585 2134 ecce
1605 2092 1750 2134 omnia
1767 2105 1888 2133 mun-

1054 2151 1110 2193 da
1131 2155 1231 2192 sunt
1250 2149 1387 2191 vobis.
1422 2149 1544 2199 Quia.
1572 2148 1736 2191 Gloria.
1765 2148 1886 2198 Quia.

1312 2229 1391 2270 Ad.
1415 2229 1625 2271 Laudes.

1106 2297 1204 2336 Ant.
1233 2298 1321 2338 Cor
1340 2294 1561 2337 mundum.

1322 2364 1520 2404 l'salnius
1542 2366 1615 2404 50.

1200 2426 1374 2467 iserere
1403 2426 1490 2467 mei
1514 2426 1654 2475 Deus,
1683 2425 1707 2451 *
1736 2427 1886 2466 secun-

1238 2482 1343 2523 dum
1390 2495 1595 2533 magnam
1642 2481 1886 2522 misericor-

1159 2529 1208 2554 ¹
1238 2537 1356 2579 diam
1383 2543 1515 2579 tuam.

1106 2593 1164 2634 Et
1191 2593 1435 2635 secundum
1457 2594 1786 2636 multitudinem
1809 2594 1885 2634 mi—

1056 2650 1325 2691 serationum
1352 2652 1538 2699 tuarum.
1558 2651 1582 2676 *
1602 2650 1700 2692 dele
1728 2649 1882 2700 iniqui-

1056 2707 1193 2747 tatem
1219 2718 1374 2748 meam.
