2028 2892
747 176 898 216 Septem
928 174 1109 207 Dolorurn
1136 174 1175 207 B.
1204 174 1247 207 M.
1275 174 1314 207 Y.

175 272 386 324 operitur:
405 272 428 295 *
448 275 492 312 et
511 271 623 313 sicut
642 283 769 321 zona,
789 284 875 324 qua
895 285 1003 314 sem-

174 340 253 380 per
271 327 564 379 praecingitur.

225 388 323 429 Hoc
344 401 456 441 opus
475 390 644 439 e6rum,
673 389 747 440 qui
771 387 1004 430 detrahunt

173 444 277 486 mihi
302 445 421 498 apud
446 445 696 487 Dominum:
720 446 743 471 *
769 451 813 487 et
844 445 917 497 qui
943 444 1003 486 lo-

174 504 365 553 quuntur
407 502 521 544 mala
563 502 774 544 adversus
816 501 1003 543 animam

173 571 325 599 meam.

227 620 284 661 Et
305 626 353 661 tu
372 620 578 670 Demine,
610 620 797 662 Demine
823 619 891 660 fac
916 632 1003 660 me-

174 689 273 717 cum
299 682 484 729 propter
506 689 666 718 nomen
691 681 830 718 tuum:
854 676 877 701 *
903 676 1004 728 quia

174 733 321 774 suavis
342 739 409 775 est
427 732 729 774 misericerdia
747 737 832 774 tua.

226 794 386 835 Libera
411 807 481 835 me
506 794 609 846 quia
630 795 809 844 egenus,
838 798 881 834 et
900 805 1002 845 pau-

173 863 254 903 per
279 863 362 901 ego
392 864 502 892 sum:
523 851 546 876 *
566 855 610 892 et
633 863 709 891 cor
733 862 879 891 meum
904 862 1003 890 con-

173 906 397 949 turbatum
417 913 484 949 est
503 907 618 948 intra
636 919 718 948 me.

225 968 346 1010 Sicut
364 968 519 1010 umbra
539 981 638 1010 cum
658 967 863 1018 declinat,
887 967 1004 1008 abla-

173 1030 245 1066 tus
274 1038 386 1066 sum:
409 1027 433 1052 *
459 1031 509 1067 et·
531 1028 741 1067 excussus
769 1037 865 1066 sum
893 1024 1005 1066 sicut

174 1081 370 1124 locustae.

227 1142 383 1184 Genua
410 1156 508 1185 mea
535 1142 753 1183 infirmata
778 1147 877 1183 sunt
901 1155 926 1183 a
948 1142 1003 1194 je-

175 1199 307 1250 jt'mio:
326 1200 349 1225 *
370 1205 413 1242 et
438 1212 541 1241 caro
564 1212 661 1240 mea
684 1199 915 1240 immutata
939 1203 1005 1240 est

175 1261 359 1308 propter
381 1256 537 1298 eleum.

228 1317 283 1358 Et
311 1330 394 1369 ego
423 1317 563 1360 factus
592 1330 688 1358 sum
716 1315 1005 1369 opprebrium

175 1372 274 1414 illis:
299 1374 323 1399 *
350 1373 551 1416 viderunt
578 1386 662 1424 me,
702 1378 745 1415 et
776 1374 1005 1414 moverunt

177 1430 323 1482 capita
343 1443 431 1472 sua.

229 1490 401 1542 Adjuva
423 1504 494 1533 me
516 1490 704 1532 Demine
723 1491 846 1532 Deus
868 1503 1006 1532 meus:

175 1548 198 1572 *
218 1547 387 1589 salvum
406 1561 476 1590 me
495 1548 563 1590 fac
583 1547 825 1590 secundum
841 1548 1004 1589 miseri-

176 1603 371 1646 cerdiam
389 1609 521 1647 tuam.

227 1665 284 1707 Et
302 1666 443 1707 sciant
462 1666 564 1718 quia
583 1679 735 1708 manus
759 1672 835 1708 tua
854 1665 963 1707 haec:
983 1667 1006 1690 *

176 1727 219 1764 et
237 1727 286 1763 tu
303 1722 492 1764 Demine
510 1723 651 1764 fecisti
670 1735 777 1764 eam.

230 1782 494 1825 Maledicent
517 1783 594 1833 illi,
623 1788 667 1825 et
688 1789 737 1826 tu
755 1783 1006 1826 benedices:

175 1842 198 1867 *
219 1840 294 1893 qui
313 1840 543 1891 insurgunt
565 1840 609 1881 in
628 1853 712 1891 me,
738 1839 1005 1882 confundan-

174 1903 262 1940 tur:
281 1909 434 1938 servus
454 1903 599 1939 autem
618 1902 720 1939 tuus
739 1897 972 1939 laetabitur.

227 1952 469 1996 Induantur
505 1954 580 2006 qui
618 1953 851 1996 detrahunt
885 1953 1006 2003 mihi,

175 2009 362 2063 pudere:
390 2011 413 2036 '⁸¹
442 2015 486 2052 et
521 2010 775 2063 operiantur
804 2010 916 2052 sicut
945 2009 1005 2052 di-

176 2066 327 2120 ploide
348 2067 604 2109 confusiene
624 2080 712 2108 sua.

231 2123 487 2166 Confitebor
505 2123 696 2165 Demino
720 2123 847 2165 nimis
866 2124 910 2164 in
930 2137 1006 2166 ore

176 2193 290 2222 meo:
310 2181 334 2206 *
354 2186 398 2223 et
422 2181 465 2221 in
489 2179 635 2222 medio
661 2180 899 2222 multerum
918 2181 1005 2223 lau·

177 2237 294 2279 dabo
315 2250 424 2279 eum.

229 2294 340 2344 Quia
359 2293 497 2336 astitit
515 2306 540 2335 a
560 2293 725 2336 dextris
744 2294 964 2347 pauperis,
983 2295 1006 2319 *

177 2356 224 2392 ut
256 2350 422 2393 salvam
454 2351 619 2393 faceret
650 2363 676 2392 a
707 2351 1005 2404 persequenti-

177 2406 259 2449 bus
278 2408 467 2449 animam
485 2420 638 2450 meam.

237 2475 333 2513 Ant.
380 2473 575 2526 Replevit
605 2486 676 2516 me
708 2472 1006 2523 amaritudine,

177 2528 407 2571 inebriavit
425 2542 496 2571 me
515 2529 758 2583 absynthio.

234 2588 282 2639 V·
300 2594 421 2636 Deus
440 2595 574 2637 vitam
593 2608 735 2637 meam
756 2594 1007 2636 annuntiavi

177 2649 267 2692 tibi.
304 2651 351 2700 R.
371 2651 563 2693 Posuisti
588 2651 790 2694 lacrimas
815 2663 936 2692 meas
963 2651 1005 2692 in

179 2708 419 2759 conspectu
438 2712 529 2749 tuo.

1062 270 1210 314 Lectio
1236 270 1375 312 sancti
1393 269 1618 321 Evangelii
1644 269 1885 313 secundum

1359 327 1583 369 Joannem.

1166 393 1317 433 Lectio
1338 393 1404 432 vii.
1559 394 1659 442 Cap.
1678 393 1733 431 19.
1751 405 1783 430 0.

1057 439 1132 546 In
1173 443 1248 486 illo
1289 446 1504 497 tempore:
1549 444 1731 487 Stabant
1768 445 1886 496 juxta

1122 514 1296 543 crucem
1321 501 1345 542 J
1349 513 1426 542 esu
1450 506 1591 543 mater
1616 502 1724 553 ejus,
1750 507 1793 543 et
1818 514 1885 543 so-

1057 570 1131 598 ror
1149 558 1300 599 matris
1325 558 1415 609 eius
1435 557 1573 598 Maria
1593 557 1816 610 Cleophae‚
1843 563 1886 600 et

1057 614 1194 655 Maria
1213 613 1483 665 Magdalene.
1510 614 1566 655 Et
1585 614 1762 666 reliqua.

1065 692 1250 737 Homilia
1265 692 1405 734 sancti
1418 692 1651 744 Augustini
1663 692 1885 747 Episcopi.

1221 758 1345 792 Tract.
1376 758 1444 790 119.
1472 757 1506 790 in
1533 756 1733 790 ‹Ioannem

1068 851 1070 853 ,
1100 815 1167 857 (ξ’-ζ
1185 819 1262 847 300
1280 805 1483 846 nimirum
1506 810 1573 847 est
1592 804 1665 846 illa
1684 806 1807 855 hora,
1832 805 1887 848 de

1101 860 1118 898 ἑ
1215 875 1301 914 qua
1320 863 1344 903 J
1347 875 1458 911 esus,
1477 875 1635 914 aquam
1654 866 1887 904 conversu-

1214 932 1288 960 rus
1306 919 1350 960 in
1370 919 1535 969 vinum,
1556 918 1728 961 dixerat
1746 920 1888 961 matri:

1059 975 1174 1027 Quid
1193 975 1298 1016 mihi
1318 981 1362 1017 et
1379 975 1459 1017 tibi
1477 981 1545 1017 est
1563 973 1741 1017 mulier?
1769 975 1811 1017 N
1814 988 1887 1017 on-

1059 1033 1164 1075 dum
1182 1033 1301 1075 venit
1322 1031 1431 1074 hora
1455 1045 1564 1074 mea.
1592 1033 1719 1074 Hanc
1737 1034 1887 1084 itaque

1058 1089 1212 1131 horam
1230 1088 1511 1142 praedixerat,
1538 1102 1636 1141 quae
1659 1094 1764 1131 tunc
1782 1101 1886 1130 non-

1059 1145 1163 1188 dum
1173 1147 1363 1196 venerat,
1384 1146 1427 1186 in
1443 1158 1529 1197 qua
1553 1145 1734 1187 deberet
1757 1147 1888 1196 agne-

1059 1215 1181 1244 scere
1192 1202 1440 1251 moriturus,
1459 1201 1514 1243 de
1527 1215 1613 1254 qua
1623 1202 1765 1243 fuerat
1774 1215 1887 1252 mor-

1057 1259 1203 1301 taliter
1222 1264 1362 1300 natus.
1394 1259 1519 1300 Tunc
1539 1271 1644 1309 ergo
1665 1258 1812 1300 divina
1830 1258 1888 1300 fa-

1059 1319 1219 1366 cturus,
1238 1328 1326 1356 non
1345 1314 1594 1366 divinitatis,
1614 1314 1694 1356 sed
1712 1314 1888 1356 infirmi-

1058 1372 1161 1414 tatis
1184 1377 1369 1413 matrem
1392 1371 1513 1413 velut
1535 1371 1803 1423 incegnitam
1824 1384 1888 1413 re-

1059 1428 1262 1481 pellebat.
1290 1428 1417 1469 Nunc
1437 1432 1583 1469 autem
1600 1427 1790 1469 humana
1806 1428 1890 1481 jam

1059 1485 1248 1538 patiens,
1280 1498 1334 1527 ex
1363 1497 1449 1537 qua
1477 1484 1619 1526 fuerat
1645 1483 1787 1526 factus
1813 1483 1889 1526 ho-

1059 1554 1142 1592 mo,
1158 1542 1319 1584 affectu
1333 1540 1671 1584 commendabat
1685 1540 1890 1582 1111111311οε

1059 1599 1240 1640 moralis
1285 1599 1416 1650 igitur
1465 1597 1709 1640 insinuatur
1754 1597 1891 1640 locus.

1060 1656 1184 1697 Facit
1205 1655 1325 1708 quod
1343 1653 1591 1696 faciendum
1610 1654 1830 1704 admonet,
1847 1659 1892 1697 et

1060 1711 1263 1764 exemplo
1282 1724 1362 1753 suo
1378 1724 1483 1753 suos
1495 1710 1718 1753 ministros
1733 1711 1890 1753 instru-

1060 1770 1123 1811 xit
1142 1770 1392 1822 praeceptor
1410 1767 1564 1817 bonus,
1583 1773 1632 1809 ut
1650 1780 1676 1809 a
1690 1767 1791 1809 filiis
1805 1767 1890 1821 piis

1060 1825 1339 1879 impendatur
1359 1837 1463 1866 cura
1486 1823 1759 1877 parentibus·
1782 1829 1888 1867 tam-

1061 1895 1193 1935 quam
1217 1882 1383 1933 lignum
1405 1880 1529 1931 illud,
1559 1880 1635 1923 ubi
1660 1881 1749 1923 fixa
1767 1887 1891 1924 erant

1059 1938 1256 1981 membra
1272 1938 1510 1988 morientis
1530 1938 1661 1980 etiam
1680 1937 1891 1981 cathedra

1060 1996 1190 2038 fuerit
1207 1995 1406 2046 magistri
1423 1993 1634 2037 docentis.
1759 1995 1776 2009 '

1116 2066 1164 2116 R
1195 2061 1338 2103 Deleo
1368 2073 1501 2114 super
1527 2065 1572 2102 te
1600 2059 1661 2101 fili
1688 2059 1748 2101 mi
1774 2059 1889 2111 Jesu,

1061 2119 1249 2160 (10οό1115
1274 2117 1418 2166 11111115,
1458 2123 1502 2159 et
1529 2116 1730 2158 amabilis
1757 2129 1890 2170 super

1060 2178 1256 2217 amorem
1287 2174 1534 2216 mulierum!
1566 2177 1586 2198 ¹*
1617 2173 1741 2216 Sicut
1774 2173 1890 2215 enirn

1059 2237 1199 2274 mater
1239 2231 1415 2273 unicum
1456 2230 1596 2282 diligit
1631 2230 1784 2282 filium,
1828 2230 1891 2273 ita

1061 2302 1143 2340 ego
1174 2295 1219 2331 te
1252 2287 1498 2339 diligebam.
1554 2285 1602 2337 Yr.
1642 2287 1816 2330 Defecit
1845 2285 1890 2329 iri

1061 2345 1213 2387 dolere
1233 2345 1322 2387 vita
1339 2357 1448 2394 mea,
1473 2350 1517 2387 et
1534 2345 1634 2387 anni
1653 2344 1738 2386 mei
1755 2344 1799 2385 in
1817 2356 1888 2396 ge-

1059 2402 1247 2444 mitibus.
1275 2401 1406 2443 Sicut.

1117 2469 1276 2511 Bened.
1324 2467 1454 2518 Cujus
1491 2466 1650 2508 festum
1686 2465 1889 2516 0611111115,

1059 2523 1157 2576 ipsa
1174 2522 1313 2574 Virgo
1332 2522 1558 2574 virginum.

1348 2588 1382 2628 I
1386 2589 1502 2629 ectio
1523 2602 1546 2626 x
1552 2588 1606 2628 iii.

1141 2664 1169 2691 x
1200 2649 1282 2692 hac
1315 2661 1420 2690 sana
1448 2646 1648 2690 doctrina
1677 2647 1891 2690 didicerat

1153 2706 1315 2749 Paulus
1341 2704 1586 2758 Apostolus
1612 2705 1733 2758 quod
1759 2704 1887 2747 doce·
