2066 2904
511 154 583 188 Die
610 154 636 187 1.
660 152 760 195 Maii.
806 151 863 185 Ss.
889 149 1061 193 Philippi
1087 151 1123 182 et
1146 147 1285 181 Jacobi
1310 147 1446 189 Apost.

137 254 384 294 mansuros:
417 248 517 302 quia
542 246 625 289 etsi
649 245 758 287 alius
783 250 850 286 est
874 245 960 285 alio

138 309 310 357 fortior,
335 306 445 348 alius
465 304 550 346 alio
571 302 826 356 sapientior,
852 301 962 342 alius

140 366 226 407 alio
246 364 414 418 justior,
442 361 551 403 alius
576 360 661 402 alio
687 358 893 400 sanctior:
919 358 963 398 in

140 422 273 464 domo
286 419 429 462 Patris
445 418 532 460 mei
545 416 795 458 mansiones
813 414 963 456 multae

140 483 250 520 sunt.
280 476 437 518 Nullus
461 476 613 516 eorum
631 471 889 515 alienabitur
908 470 962 513 ab

114 573 118 579 ,
140 535 213 576 illa
230 534 380 583 domo,
397 531 475 574 ubi
491 530 762 572 mansionem
780 541 862 582 pro
883 540 963 569 suo

141 591 326 644 quisque
345 592 606 642 accepturus
627 592 693 629 est
711 586 880 627 merito.

192 651 254 690 Te
272 648 415 689 Deum
433 645 673 688 laudamus.
691 645 750 685 15.

404 728 482 770 Ad
506 726 704 769 Laudes

361 801 380 824 e
396 796 408 823 t
442 799 467 832 p
483 799 502 823 e
517 799 535 821 r
566 787 600 821 H
615 797 637 821 ο
652 798 669 820 r
683 798 703 820 a
718 797 746 820 s.

192 848 289 888 Ant.
311 848 339 886 1.
369 843 574 891 Domine,
593 842 615 867 *
636 840 820 882 ostende
840 838 966 880 nobis

141 903 327 950 Patrem,
347 906 391 942 et
410 899 571 941 sufficit
589 898 726 947 nobis,
748 896 929 947 alleluia.

190 961 258 1001 Ps.
291 957 504 1000 Dominus
523 955 730 1006 regnavit.
751 955 809 994 16.

193 1019 228 1058 2.
258 1014 476 1068 Philippe‚
500 1014 524 1040 *
550 1011 623 1064 qui
649 1011 768 1053 videt
793 1023 880 1060 me,
908 1010 967 1051 vi-

144 1073 219 1115 det
238 1077 282 1115 et
299 1071 474 1112 Patrem
492 1081 649 1119 meum,
668 1068 849 1118 alleluia.

197 1133 232 1172 3.
269 1130 411 1172 Tanto
448 1129 649 1179 tempore
684 1126 707 1151 *
740 1124 969 1167 vobiscum

144 1198 257 1236 sum,
284 1190 326 1227 et
349 1197 437 1226 non
461 1182 732 1235 cognovistis
750 1179 844 1223 me?
872 1179 969 1221 Phi-

144 1242 280 1295 lippe,
315 1240 389 1294 qui
414 1239 534 1282 videt
561 1252 648 1289 me,
676 1238 797 1280 videt
823 1243 866 1280 et
890 1237 969 1278 Pa-

144 1304 256 1340 trem
275 1310 429 1347 meum,
449 1296 630 1348 alleluia.

194 1357 231 1396 4.
262 1355 308 1396 Si
336 1353 655 1405 cognovissetis
680 1365 768 1402 me,
788 1352 812 1377 *
832 1355 875 1392 et
892 1351 970 1391 Pa-

145 1415 259 1452 trem
285 1423 431 1452 meum
458 1410 609 1462 utique
637 1407 972 1460 cognovissetiS,

148 1471 192 1508 et
217 1466 378 1508 amodo
404 1465 679 1518 cognoscetis
705 1477 820 1514 eum,
846 1468 889 1505 et
914 1463 972 1504 vi-

149 1523 273 1565 distis
293 1536 402 1574 eum,
422 1522 603 1574 alleluia,
622 1521 803 1573 alleluia,
823 1519 932 1562 allel.

196 1582 234 1622 5.
256 1580 302 1622 Si
321 1579 501 1631 diligitis
519 1592 600 1628 me,
614 1579 638 1604 *
654 1577 859 1619 mandata
877 1589 974 1618 mea

151 1639 333 1687 servate,
354 1636 535 1689 alleluja,
553 1635 736 1688 alleluia,
755 1635 936 1687 alleluia.

251 1698 508 1751 Capitulum.
717 1697 814 1748 Sap.
830 1696 866 1736 5.

220 1755 375 1798 tabunt
399 1754 499 1807 iusti
522 1754 566 1795 in
591 1766 749 1804 magna
775 1755 975 1795 constan·

238 1812 299 1854 tia
326 1811 536 1854 adversus
565 1823 640 1853 eos
669 1810 743 1863 qui
771 1823 819 1851 se
847 1823 975 1861 angu-

151 1868 402 1918 stiaverunt,
421 1872 466 1910 et
486 1867 559 1921 qui
574 1866 845 1909 abstulerunt
858 1865 976 1907 labo-

153 1938 223 1966 res
243 1927 404 1967 eorum.

457 1986 664 2038 Hymnus.

263 2047 437 2090 aschale
455 2046 618 2089 mundo
638 2046 845 2098 gaudium

280 2103 356 2146 Sol
375 2104 545 2146 nuntiat
562 2103 806 2153 formosior,

233 2160 342 2202 Cum
361 2160 458 2202 luce
476 2160 714 2212 fulgentem
732 2173 846 2202 nova

232 2218 256 2258 J
259 2230 381 2259 esum
399 2217 549 2260 vident
567 2217 784 2270 Apustoli.

180 2283 233 2323 In
251 2295 380 2325 carne
402 2283 562 2326 Christi
580 2283 761 2325 vulnera

228 2339 392 2382 Micare
413 2344 637 2393 tamquam
656 2340 800 2382 sidera

233 2396 455 2447 Mirantur,
475 2402 519 2439 et
538 2395 752 2449 quidquid
772 2395 921 2438 vident

233 2452 390 2495 Testes
411 2452 565 2496 fideles
582 2453 835 2506 praedicant.

186 2518 279 2559 Rex
300 2518 471 2561 Christe
492 2519 838 2567 clementissime,

234 2574 303 2616 Tu
322 2575 456 2617 corda
473 2580 625 2617 nostra
640 2575 836 2628 posside:

235 2631 294 2673 Ut
311 2632 456 2683 lingua
474 2638 620 2683 grates
640 2632 810 2674 debitas

236 2688 334 2729 Tuo
351 2689 566 2742 rependat
583 2689 756 2730 nomini.

1041 244 1099 286 Ut
1117 242 1176 283 sis
1195 243 1387 294 perenne
1406 240 1625 282 mentibus

1091 297 1302 340 Paschale
1321 298 1346 338 J
1349 310 1426 339 esu
1444 296 1667 348 gaudium3

1093 355 1134 396 A
1151 359 1292 396 morte
1313 354 1407 396 dira
1427 354 1653 395 criminum

1092 413 1210 455 Vitae
1229 413 1404 453 renatos
1422 410 1570 453 libera.

1044 482 1140 522 Deo
1158 477 1281 519 Patri
1300 477 1357 519 sit
1375 476 1524 529 gloria,

1096 536 1154 577 Et
1169 535 1292 585 Filio,
1315 534 1389 586 qui
1409 546 1434 574 a
1452 533 1638 575 mortuis

1056 624 1058 626 -
1093 592 1299 642 Surrexit,
1318 604 1370 633 ac
1388 589 1620 640 Paraclito,

1094 651 1146 691 In
1164 648 1431 702 sempiterna
1450 647 1622 688 saecula.
1650 647 1803 687 Amen.

1072 711 1120 762 V.
1136 710 1336 752 Pretiosa
1350 709 1393 749 in
1409 709 1649 761 conspectu
1659 707 1846 756 Domini,

1019 770 1201 819 alleluia.
1240 772 1289 823 R.
1318 766 1440 807 Mors
1468 766 1720 807 sanctorum
1746 764 1848 815 eius,

1019 826 1202 878 alleluja.

1074 887 1143 928 Ad
1174 885 1334 927 Bened.
1377 886 1476 925 Ant.
1519 882 1613 930 Ego
1643 891 1739 919 Sum
1766 877 1848 925 via,

1020 940 1196 988 veritas,
1217 944 1260 980 et
1279 938 1382 979 vita:
1406 949 1536 978 nemo
1556 935 1675 977 venit
1694 934 1750 976 ad
1770 935 1848 974 Pa-

1019 1002 1143 1046 trem,
1162 996 1245 1037 nisi
1263 1007 1343 1048 per
1361 1006 1442 1043 me,
1461 993 1644 1045 alleluia.

1358 1061 1520 1102 Oratio.

1022 1114 1202 1221 Deus,
1233 1113 1307 1166 qui
1334 1114 1415 1153 nos
1441 1114 1584 1153 annua
1610 1109 1848 1163 Apostolo-

1114 1184 1210 1212 rum
1227 1171 1403 1212 tuorum
1421 1167 1615 1220 Philippi
1634 1172 1678 1208 et
1696 1167 1719 1207 J
1723 1165 1850 1207 acobi

1022 1227 1300 1270 solemnitate
1319 1226 1532 1267 laetificas:
1551 1229 1715 1277 praesta
1734 1225 1849 1275 quae-

1024 1298 1186 1335 sumus;
1215 1290 1264 1326 ut
1291 1296 1476 1336 quorum
1499 1280 1740 1333 gaudemus
1764 1281 1850 1320 me-

1023 1343 1131 1392 ritis,
1176 1341 1441 1383 instruamur
1486 1338 1708 1390 exemplis.
1767 1337 1851 1377 Per

1024 1399 1260 1440 Dominum
1280 1402 1490 1438 nostrum.

1290 1466 1357 1503 Ad
1381 1465 1583 1502 Tertiam.

1079 1523 1176 1563 Ant.
1206 1520 1419 1573 philippe.

1078 1583 1338 1635 Capitulum.
1366 1580 1562 1636 Stabunt.
1592 1587 1799 1633 utsupra.

1078 1644 1128 1696 Ην.
1147 1643 1210 1684 br.
1238 1643 1387 1684 Sancti
1414 1647 1457 1683 et
1481 1641 1581 1694 justi
1601 1641 1643 1681 in
1663 1640 1853 1681 Domino

1026 1700 1226 1753 gaudete,
1239 1703 1261 1727 *
1280 1699 1478 1751 Alleluia,
1497 1698 1678 1750 alleluia.
1698 1696 1854 1738 Sancti.

1026 1756 1077 1806 V.
1091 1758 1187 1800 Vos
1207 1756 1338 1808 elegit
1352 1756 1474 1797 Deus
1493 1755 1537 1796 in
1551 1753 1855 1796 haereditatem

1029 1814 1123 1856 sibi.
1157 1813 1360 1866 Alleluia,
1386 1812 1568 1865 alleluja.
1603 1811 1755 1853 Gloria
1777 1811 1855 1851 Pa-

1029 1871 1095 1913 tri.
1122 1871 1280 1913 Sancti.
1431 1868 1434 1872 ’

1080 1925 1130 1978 V.
1157 1927 1254 1969 Lux
1277 1926 1492 1981 perpetua
1512 1925 1675 1968 lucebit
1695 1925 1856 1967 sanctis

1029 1985 1115 2027 tuis
1135 1985 1342 2035 Domine,
1369 1983 1551 2036 alleluia.
1589 1987 1638 2037 R.
1658 1984 1714 2024 Et
1734 1984 1855 2024 aeter-

1029 2042 1143 2083 nitas
1162 2043 1422 2095 temporum,
1443 2040 1624 2093 alleluja.

1307 2110 1374 2147 Ad
1399 2110 1584 2147 Sextam.

1083 2171 1181 2210 Ant.
1210 2171 1354 2210 Tanto
1373 2169 1584 2220 tempore.

1083 2229 1341 2281 Capitulum.
1598 2229 1695 2279 Sap.
1714 2228 1751 2266 ὃ.

1031 2285 1187 2393 Ecce
1224 2290 1447 2345 quomodo
1485 2289 1728 2342 computati
1758 2294 1858 2331 sunt

1127 2349 1240 2391 inter
1272 2349 1387 2390 filios
1412 2347 1512 2396 Dei,
1545 2351 1588 2388 et
1619 2346 1731 2387 inter
1763 2358 1857 2387 san-

1032 2410 1128 2447 ctos
1148 2418 1245 2447 sors
1262 2405 1436 2446 illorum
1456 2407 1533 2445 est.

1084 2462 1133 2513 Η.
1155 2462 1215 2503 br.
1234 2462 1331 2503 Lux
1348 2461 1562 2514 perpetua
1581 2458 1745 2501 lucebit
1763 2471 1857 2500 san-

1033 2518 1113 2559 ctis
1137 2518 1224 2561 tuis
1250 2518 1456 2567 Domine,
1474 2516 1496 2539 *
1526 2515 1729 2568 Alleluia,
1756 2515 1856 2557 alle-

1031 2575 1128 2626 luja.
1160 2575 1257 2616 Lux
1275 2575 1500 2627 perpetua.
1535 2567 1584 2619 V.
1612 2573 1669 2614 Et
1689 2573 1857 2614 aeterni-

1032 2636 1100 2673 tas
1133 2633 1392 2683 temporum.
1440 2629 1643 2682 Alleluia,
1676 2629 1857 2680 alleluja.

1036 2687 1185 2729 Gloria
1202 2687 1333 2728 Patri.
1363 2686 1471 2727 Lux.
