2028 2892
834 182 1003 215 Sablmto
1030 188 1173 216 sancti).

149 273 267 317 mino,
284 273 450 317 alleluja,
468 273 633 317 allehiJ'a.
653 274 697 317 R.
720 274 804 310 Deo
822 276 978 320 gratias,

151 321 317 366 alleloja,
341 321 506 365 alleluja.

152 373 352 455 aliIu)deinde
370 372 525 406 additur
544 373 655 407 Pater
669 377 812 418 noster,
829 381 865 409 et
882 376 976 409 nihil

311 485 391 525 Ad
410 483 816 535 completorium.

202 541 247 586 V.
268 545 370 581 Jube
395 546 546 581 domne.

202 593 335 628 Lectio
351 594 494 628 breviS.
510 594 682 628 Fratres:
699 594 829 629 sobrii
846 596 977 630 estote.

203 636 248 682 Y.
270 641 519 685 Adjutorium
541 646 727 677 nostrum.

202 689 316 724 Pater
337 693 479 724 noster.

202 737 248 770 Et
264 737 365 771 facta
382 737 638 772 Cont'essione
657 743 693 771 et
709 738 977 782 Absolutione,

151 785 306 819 dicitur:

204 832 253 882 V.
279 837 496 878 Converte
515 850 596 878 nos
615 837 748 878 Deus.

203 888 251 938 V.
276 893 400 934 Deus
418 893 462 933 in
481 893 754 945 adjutorium.

201 953 335 988 Gloria
349 953 467 989 Patri.
490 961 525 988 et
548 954 714 997 amplius
740 965 813 988 non
839 956 978 989 dicitur

146 999 250 1035 Laus
270 1001 344 1036 tibi
358 1000 534 1046 Domine,
552 1002 638 1037 Rex
658 1003 812 1037 aeternae
831 1003 976 1046 gloriae.

150 1050 218 1083 sed
236 1050 317 1092 ejus
336 1051 422 1083 loco
441 1050 624 1092 deinceps
645 1050 785 1083 dicitur
800 1051 976 1094 Alleluja.

200 1101 350 1136 Deinde
386 1102 468 1135 sinc
502 1102 589 1136 Ant
625 1102 803 1136 dicuntur
836 1102 882 1135 l’s
888 1104 974 1137 {lini

150 1150 334 1185 consueti.
382 1150 620 1192 C·1pituluni‚
655 1145 699 1190 V
734 1156 767 1183 et
801 1150 976 1193 Hymnus

149 1207 226 1232 non
252 1198 441 1232 dicuntur.

203 1250 273 1290 Ad
293 1250 420 1290 Nunc
441 1249 633 1290 dimittis.
661 1251 692 1289 Α
702 1257 758 1290 nt.
784 1251 817 1289 V
821 1251 977 1302 espere

147 1307 295 1345 autem
315 1304 498 1346 sabbati.

328 1374 554 1414 Canticum
573 1375 797 1415 Simeonis.

465 1434 554 1469 Luc.
577 1435 608 1469 2.
632 1445 661 1469 e.

242 1496 327 1525 unc
348 1483 530 1525 dimittis
551 1496 728 1526 servum
747 1490 871 1526 tuum
888 1486 976 1527 Do-

259 1540 386 1590 mine,
407 1540 430 1566 *
450 1539 691 1582 seeundum
711 1541 894 1583 verbum
912 1547 976 1583 tu-

147 1607 221 1635 um
239 1595 283 1636 in
302 1608 428 1648 pace:

199 1652 312 1702 Quia
336 1651 540 1694 viderunt
566 1652 682 1693 oculi
705 1653 791 1694 mei
816 1653 840 1680 *
867 1654 976 1696 salu-

145 1710 240 1750 tare
259 1713 393 1749 tuum.

198 1763 330 1814 Quod
361 1764 528 1817 parasti
558 1764 582 1790 *
615 1769 716 1806 ante
748 1765 904 1808 faciem
932 1770 976 1809 o-

145 1820 310 1861 mnium
328 1820 609 1873 populorum.

197 1875 366 1917 Lumen
411 1875 469 1917 ad
509 1877 822 1919 revelationem
863 1878 975 1920 Gen-

145 1931 280 1981 tium,
324 1933 348 1960 *
394 1937 438 1974 et
478 1932 663 1983 gloriam
702 1933 846 1986 plebis
886 1940 974 1976 tuae

144 1963 292 2028 Israel.

197 2042 351 2084 Gloria
369 2044 499 2085 Patri.

203 2106 301 2145 Ant.
330 2105 523 2157 Vespere
553 2109 699 2146 autem
727 2105 919 2154 sabbati,
949 2106 974 2131 *

147 2172 246 2211 quae
268 2159 450 2201 lucescit
469 2161 513 2200 in
532 2161 673 2213 prima
693 2160 880 2210 sabbati,
902 2173 973 2202 ve-

144 2215 210 2256 nit
227 2215 366 2256 Maria
384 2215 653 2267 Magdalene,
673 2221 716 2258 et
735 2216 871 2257 altera
885 2216 973 2257 Ma-

145 2273 210 2312 ria
227 2270 377 2313 videre
396 2272 690 2324 sepulchrum,
709 2272 891 2324 alleluja.

201 2327 251 2378 V.
260 2331 476 2373 Dominus
489 2332 728 2374 vobiscum.
745 2332 794 2381 Rv.
807 2333 864 2373 Et
875 2344 973 2373 cum

1367 278 1526 317 Oratio.

1122 337 1233 386 isita‚
1254 339 1503 389 quaesumus
1521 339 1719 389 Domine,
1738 340 1855 382 habi-

1143 393 1355 434 tationem
1368 394 1507 444 istam,
1527 400 1570 436 et
1589 407 1740 436 omnes
1757 397 1854 437 insi-

1032 448 1126 490 dias
1158 449 1320 490 inimici
1352 449 1406 490 ab
1435 462 1487 491 ea
1517 450 1646 500 longe
1676 452 1855 504 repelle:

1031 504 1189 555 Angeli
1204 505 1267 546 tui
1283 505 1421 546 sancti
1435 505 1632 547 habitent
1646 507 1689 547 in
1705 520 1765 557 ea,
1782 509 1856 560 qui

1030 573 1111 602 nos
1142 561 1187 601 in
1215 573 1324 613 pace
1357 561 1619 603 custodiant:
1654 567 1697 603 et
1727 563 1854 605 bene-

1031 616 1166 657 dictio
1197 621 1273 658 tua
1305 617 1363 657 sit
1395 630 1526 669 super
1558 631 1638 659 nos
1673 631 1855 672 semper.

1030 673 1114 714 Per
1132 673 1380 713 Dominum.

1086 728 1135 779 ¹5⁷.
1146 733 1361 774 Dominus
1375 733 1611 775 vobiscum.
1632 735 1678 784 Ιζν.
1690 736 1745 776 Et
1758 748 1856 777 cum

1031 790 1187 842 spiritu
1206 795 1294 831 tuo.

1086 842 1135 893 y.
1147 846 1466 888 Benedicamus
1475 847 1678 889 Domino.
1696 846 1745 896 Ru
1759 848 1854 890 Deo

1030 903 1203 952 gratias.

1090 962 1353 1003 Benedictio.
1386 962 1620 1005 Benedicat
1645 969 1689 1006 et
1714 967 1855 1006 custo-

1032 1017 1123 1059 diat
1143 1031 1223 1059 nos
1248 1020 1523 1071 omnipotens
1544 1024 1587 1060 et
1609 1020 1855 1061 misericors

1030 1074 1256 1124 DominuS,
1274 1075 1415 1123 Pater,
1435 1078 1478 1115 et
1497 1074 1642 1126 Filius,
1662 1081 1705 1117 et
1724 1075 1854 1128 Spiri-

1030 1135 1101 1171 tus
1120 1135 1306 1172 sanctus.
1349 1131 1393 1180 lig.
1410 1130 1563 1171 Amen.

1315 1197 1575 1248 Antiphonti.

1117 1262 1244 1310 egina
1263 1258 1363 1300 coeli
1381 1259 1543 1309 laetare,
1564 1260 1743 1312 alleluja,

1143 1316 1254 1365 Quia
1282 1328 1412 1366 quem
1443 1317 1638 1357 meruisti
1668 1318 1855 1368 portare,

1289 1371 1469 1423 alleluja,

1030 1428 1296 1476 Resurrexit‚
1315 1428 1427 1468 sicut
1446 1427 1565 1475 dixit,
1585 1427 1764 1478 alleluja,

1031 1484 1121 1524 Ora
1139 1496 1219 1535 pro
1239 1483 1366 1524 nobis
1385 1484 1538 1532 Deum,
1558 1482 1737 1534 alleluja.

1082 1544 1131 1592 V.
1152 1543 1306 1585 Gaude
1325 1548 1368 1584 et
1387 1543 1536 1584 laetare
1551 1542 1689 1592 Virgo
1706 1543 1852 1593 Maria,

1030 1599 1211 1652 alleluja.
1239 1602 1285 1653 [ἐν.
1309 1599 1419 1649 Quia
1439 1598 1624 1639 surrexit
1638 1598 1852 1639 Dominus

1028 1668 1143 1705 vere,
1166 1655 1347 1707 alleluja.
1474 1668 1477 1669 ⁷

1161 1720 1354 1761 Oremus.
1562 1719 1724 1774 Oratio.

1117 1793 1213 1830 eus,
1257 1780 1331 1832 qui
1369 1792 1449 1831 per
1489 1779 1851 1820 resurrectionem

1140 1836 1238 1876 Filii
1273 1836 1336 1877 tui
1367 1835 1544 1876 Domini
1580 1835 1718 1875 nostri
1748 1834 1851 1875 Jesu

1029 1892 1190 1934 Christi
1215 1891 1425 1933 mundum
1452 1890 1676 1931 laetificare
1706 1890 1850 1940 digna-

1026 1953 1098 1990 tus
1126 1960 1189 1988 es:
1216 1952 1380 2000 praesta
1406 1948 1672 1998 quaesumus3
1700 1950 1748 1986 ut
1771 1958 1850 1997 per

1028 2005 1119 2056 ejus
1143 2003 1410 2045 Genitricem
1428 2002 1652 2052 Virginem
1671 2001 1850 2041 Mariam

1026 2062 1254 2113 perpetuae
1288 2059 1510 2111 capiamus
1545 2055 1702 2107 gaudia
1736 2056 1848 2096 vitae.

1025 2117 1110 2157 Per
1138 2114 1341 2157 eumdem
1370 2114 1588 2155 Christum
1613 2111 1848 2152 Dominum

1025 2176 1235 2213 nostrum.
1291 2171 1337 2221 [ἐν.
1366 2170 1518 2210 Amen.

1080 2221 1130 2272 V-
1173 2231 1380 2271 Divinum
1425 2227 1630 2269 auxilium
1674 2227 1847 2266 maneat

1026 2299 1200 2339 semper
1228 2285 1466 2327 nobiscum.
1517 2282 1564 2332 Ru
1591 2282 1743 2322 Amen.

1079 2347 1126 2380 Et
1156 2357 1230 2381 non
1263 2348 1463 2380 flectuntur
1493 2354 1615 2385 genua
1646 2345 1727 2376 toto
1756 2347 1846 2376 tcm-

1027 2404 1119 2436 porc
1147 2394 1333 2428 I'aschali.
