2066 2956
696 239 851 273 Ordinis
877 242 1083 274 Servorum
1109 241 1147 273 B.
1174 241 1219 274 M.
1247 241 1287 274 V.
1799 236 1843 272 7*

194 331 453 384 Capitulum.
705 334 731 372 1.
748 334 861 373 Petr.
877 334 914 372 4.

217 387 420 429 arissimi:
445 388 827 431 Communicantes
848 389 965 431 Chri-

235 444 292 486 sti
314 443 595 497 passionibus
619 445 824 496 gaudete,
851 451 900 488 ut
923 451 967 488 et

138 502 184 542 in
202 500 470 543 revelatione
494 501 646 552 gloriae
670 502 760 553 ejus
779 502 966 553 gaudea-

138 558 194 600 tis
214 557 494 600 exsultantes.

191 620 242 671 Rz.
267 620 330 660 br.
359 613 534 656 Amavit
562 627 661 656 eum
684 615 914 666 Dominus,
943 619 964 641 *

139 672 196 713 Et
220 671 393 714 ornavit
417 684 527 713 eum.
567 672 756 713 Amavit.
800 669 850 720 V.
871 673 966 714 Sto-

1017 344 1149 382 gnum
1177 333 1275 382 Dei,
1310 338 1354 374 et
1382 332 1503 374 dedit
1530 332 1590 373 illi
1619 332 1843 374 scientiam

1019 391 1285 430 sanctorum:
1311 388 1560 430 honestavit
1582 388 1703 429 illum
1722 389 1766 429 in
1786 388 1842 429 la-

1017 445 1209 495 boribus,
1227 450 1270 486 et
1285 445 1521 498 complevit
1534 444 1708 486 labores
1718 444 1844 486 illius.

1072 513 1121 564 R.
1146 513 1207 553 br.
1233 510 1326 551 Lex
1353 510 1436 551 Dei
1465 511 1555 561 ejus
1584 514 1605 536 *
1630 509 1681 550 In
1709 508 1843 551 corde

1018 569 1166 621 ipsius.
1206 567 1311 610 LeX.
1351 565 1398 615 Y.
1432 567 1489 608 Et
1520 579 1605 608 non
1639 566 1843 619 supplan-

1018 625 1226 667 tabuntur
1252 637 1428 675 gressus
1448 625 1548 675 ejus.
1590 624 1661 663 In.v
1693 623 1844 665 Gloria

1018 681 1149 723 Patri.
1176 681 1280 722 Lex.

139 728 227 770 lam
244 727 397 779 gloriae
417 727 557 770 induit
577 741 686 770 eum.
715 728 781 770 Et.
816 729 967 770 Gloria
991 723 995 773 l
1072 745 1122 791 y,
1139 748 1311 789 Justum
1331 745 1513 788 deduxit
1532 746 1745 786 DOminus
1765 758 1844 798 per

137 785 269 826 Patri.
296 784 486 826 Amavit.

192 838 243 890 V.
277 841 339 882 Os
364 840 465 892 justi
490 841 774 883 meditabitur
800 842 966 895 sapien-

139 898 256 940 tiam.
307 901 357 951 R.
387 898 444 939 Et
468 897 615 950 lingua
644 899 734 950 ejus
763 898 967 950 loquetur

139 954 355 1008 jud1'cium.

418 1024 485 1060 Ad
508 1024 694 1061 Sextam.

194 1083 294 1123 Ant.
322 1079 485 1123 Fidelis
505 1094 669 1123 servus.

192 1143 451 1195 Capitulum.
705 1143 833 1184 Eccli.
850 1143 914 1183 39.

212 1208 336 1246 ustus
356 1217 433 1246 cor
453 1218 578 1246 suum
596 1204 778 1246 tradidit
794 1204 850 1246 ad
864 1204 967 1255 vigi-

230 1259 410 1302 landum
429 1260 622 1303 diluculo
648 1260 704 1303 ad
722 1261 970 1309 Dominum,

143 1316 219 1369 qui
236 1317 339 1359 fecit
356 1317 493 1368 illum,
513 1323 557 1360 et
574 1319 616 1359 in
637 1319 878 1370 conspectu
897 1316 968 1357 Al-
990 1304 993 1345 Ι

990 1353 994 1425 l
1022 1368 1250 1419 permanet
1272 1365 1315 1405 in
1335 1365 1561 1413 aeternum,
1586 1364 1846 1415 permanens

142 1373 299 1415 tissimi
317 1372 638 1427 deprecabitur.

1020 804 1111 845 vias
1136 809 1291 845 rectas.
1330 803 1379 854 Rg.
1403 802 1459 843 Et
1483 801 1674 843 ostendit
1696 801 1757 842 illi
1781 814 1843 843 re-

1019 873 1152 911 gnum
1170 860 1264 902 Dei.

1226 942 1287 983 In
1308 941 1370 982 11.
1389 940 1638 991 vesperis.

990 1006 993 1038 ἰ
1072 1005 1208 1039 Omnia
1234 1010 1273 1039 ut
1299 1006 1336 1039 in
1361 1005 1506 1048 primis.
1531 1010 1671 1047 praeter

1071 1062 1121 1113 V·
1162 1069 1221 1110 Hi
1261 1069 1342 1110 viri
1380 1066 1693 1109 misericordiae
1735 1071 1845 1115 sunt,

1023 1140 1209 1180 quorum
1247 1125 1434 1178 pietates
1474 1136 1562 1165 non
1604 1122 1845 1164 defuerunt.

1020 1181 1071 1232 Rz·
1097 1184 1254 1225 Semen
1279 1183 1448 1231 eorum,
1473 1185 1517 1222 et
1536 1179 1675 1231 gloria
1695 1181 1846 1220 eorum

1021 1253 1110 1282 non
1129 1238 1464 1290 derelinquetur.

1074 1306 1142 1346 Ad
1161 1306 1334 1355 Magnif.
1365 1307 1462 1347 Ant.
1502 1307 1672 1347 Nomen
1696 1308 1846 1347 eorum

191 1432 320 1484 Rbr,
351 1430 413 1472 ΟΒ
436 1431 537 1483 justi
554 1438 576 1461 ιιι
597 1431 882 1473 Meditabjtur
906 1444 969 1471 sa-
1023 1422 1080 1464 ad
1106 1422 1222 1463 filios
1251 1423 1417 1470 eorum,
1456 1422 1708 1461 sanctorum
1735 1419 1846 1460 viro-

142 1485 364 1539 pientiam.
410 1488 483 1530 Os.
529 1486 579 1538 V.
613 1488 670 1530 Et
700 1487 847 1538 lingua
879 1488 970 1538 ejus

143 1542 349 1596 loquetur
392 1545 610 1598 judicium.
676 1544 971 1586 Meditabitur.

144 1600 296 1642 Gloria
313 1601 443 1644 Patri.
469 1602 542 1644 Os.

194 1653 244 1705 V.
269 1658 364 1700 Lex
382 1659 466 1701 Dei
490 1660 580 1711 ejus
603 1659 648 1699 in
667 1658 802 1700 corde
821 1658 971 1711 ipsius.

141 1714 192 1766 R.
225 1714 283 1757 Et
314 1727 402 1757 non
430 1715 828 1768 supplantabuntur
855 1727 971 1765 gres-

146 1782 221 1812 sus
240 1783 342 1823 ejus.

422 1837 489 1873 Ad
513 1838 697 1873 Nonam.

198 1892 298 1933 Ant.
326 1894 460 1935 Serve
480 1893 605 1935 bone.

195 1948 452 2001 Capitulum.
685 1950 782 2001 Sap.
798 1950 861 1989 10.
877 1948 916 1990 b.

215 2011 362 2048 ustum
407 2005 590 2048 deduxit
632 2005 847 2048 Dominus
891 2017 972 2058 per

233 2062 326 2104 vias
346 2067 506 2113 rectas,
534 2067 578 2104 et
604 2061 796 2104 ostendit
822 2061 883 2102 illi
907 2073 971 2102 re-

882 2141 964 2156 DO-Q‘

1023 1492 1119 1520 rum
1138 1478 1287 1530 gloria.

1357 1539 1519 1581 Oratio.

1022 1603 1253 1708 Domine
1272 1609 1296 1649 J
1300 1621 1377 1650 esu
1397 1607 1583 1655 Christe,
1612 1606 1687 1658 qui
1709 1606 1765 1647 ad
1783 1618 1846 1646 re-

1119 1664 1348 1707 colendam
1371 1663 1626 1705 memoriam
1646 1662 1847 1704 dolorum

1024 1722 1310 1764 sanctissimae
1352 1720 1584 1763 Genitricis
1624 1724 1728 1768 tuae,
1769 1731 1848 1771 per

1025 1780 1202 1831 Septem
1220 1778 1376 1819 beatos
1391 1778 1546 1818 Patres
1566 1787 1679 1816 nova
1694 1775 1846 1816 Servo-

1024 1848 1119 1876 rum
1147 1835 1236 1886 ejus
1259 1833 1442 1874 Familia
1464 1831 1706 1873 Ecclesiam
1729 1835 1848 1872 tuam

1024 1890 1300 1932 foecundasti:
1325 1888 1519 1931 concede
1538 1887 1770 1941 propitius3
1790 1887 1849 1928 ita

1023 1960 1105 1989 nos
1136 1949 1287 1988 eorum
1315 1945 1557 1988 consociari
1586 1943 1774 1994 fletibus,
1802 1949 1850 1984 ut

1024 2004 1299 2057 perfruamur
1329 2008 1372 2044 et
1399 2001 1587 2054 gaudiis:
1629 2001 1712 2051 Qui
1739 2000 1848 2041 vivis

1026 2066 1070 2102 et
1087 2072 1244 2111 regnas
1265 2072 1363 2101 cum
1382 2059 1479 2100 Deo
1498 2059 1637 2099 Patre.

835 2213 1168 2255 ELOGIUM

489 2275 894 2311 MARTYROLOGIO
920 2275 1135 2309 ROMANO
1160 2274 1500 2309 INSERENDUM.

927 2341 1074 2355 ,οω-

253 2384 405 2426 Tertio
434 2383 540 2426 Idus
568 2381 804 2424 Februarii.

253 2441 440 2482 Etruriae
472 2441 515 2481 in
549 2439 699 2480 Monte
733 2437 912 2479 Senario
946 2435 1205 2476 Sanctorum
1237 2433 1414 2484 Septem
1442 2429 1741 2472 Fundatorum
1769 2429 1846 2470 Or-

150 2495 264 2538 dinis
297 2497 534 2538 Servorum
565 2495 718 2536 Beatae
752 2493 902 2533 Mariae
934 2491 1144 2542 Virginis,
1187 2489 1260 2540 qui
1291 2493 1394 2540 post
1427 2486 1715 2539 asperrimum
1747 2485 1848 2526 vitae

150 2564 303 2603 genus,
335 2552 502 2594 meritis
531 2557 574 2594 et
600 2549 815 2604 prodigiis
846 2548 967 2597 clari,
1003 2547 1245 2599 pretiosam
1271 2545 1315 2585 in
1342 2543 1532 2585 Domino
1559 2547 1747 2583 mortem
1774 2540 1848 2581 ob-

151 2608 304 2650 ierunt.
359 2610 481 2660 Quos
510 2613 656 2650 autem
683 2607 726 2647 in
754 2606 843 2646 vita
870 2617 982 2645 unus
1010 2616 1125 2644 verae
1154 2600 1437 2643 fraternitatis
1466 2599 1645 2652 spiritus
1664 2585 1850 2639 sociavit

152 2669 196 2706 et
222 2664 409 2707 indivisa
435 2670 538 2718 post
568 2663 735 2705 obitum
762 2660 916 2714 populi
935 2659 1158 2702 veneratio
1178 2659 1414 2711 prosecuta
1433 2661 1514 2704 est,
1542 2655 1634 2696 Leo
1655 2653 1848 2695 decimus

152 2721 307 2762 tertius
334 2735 419 2763 una
447 2721 611 2774 pariter
639 2719 900 2760 Sanctorum
926 2716 1049 2758 fastis
1078 2714 1310 2756 accensuit.

848 2793 1155 2810 ——mffl
