2066 2956
497 178 674 214 Officium
698 181 870 215 votivum
899 182 944 216 dc
971 183 1005 217 S.
1031 183 1180 226 Joseph
1207 183 1360 226 Sponso
1386 184 1427 218 B.
1452 184 1499 218 M.
1525 184 1567 218 V.

219 275 555 328 Apprehendite
592 275 885 328 disciplinam,
926 289 999 319 ne-

169 331 346 384 quando
382 331 599 373 irascatur
632 332 867 383 Deminus‚
896 334 921 359 *
954 338 999 375 et

166 388 360 440 pereatis
379 387 435 429 de
453 388 525 429 via
544 389 667 440 justa.

219 444 329 485 Cum
344 444 558 485 exarserit
577 445 622 485 in
636 444 762 487 brevi
779 445 844 486 ira
860 446 962 497 eius,
974 446 997 471 *

167 499 287 542 beati
306 512 470 550 omnes,
492 501 567 552 qui
586 501 816 543 confidunt
832 501 876 542 in
898 514 962 543 eo.

218 555 319 596 Ant.
378 557 601 598 Venerunt
635 559 839 610 pastores
880 558 997 600 festi-

165 614 333 654 nantes:
371 617 414 654 et
449 613 707 655 invenerunt
738 614 922 655 Mariam
954 620 998 657 et

164 668 346 721 Joseph,
389 674 434 711 et
472 669 682 711 infantem
722 671 917 723 positum
953 671 997 712 in

164 725 396 778 praesepio.

215 781 315 822 Ant.
342 782 460 823 Ecce
480 781 674 833 Angelus
694 783 881 824 Domini.

449 838 650 880 Psalmus
674 841 710 879 3.

254 893 399 935 emine
435 893 542 945 quid
580 895 860 948 multiplicati
895 902 996 938 sunt

269 950 344 1001 qui
367 949 580 992 tribulant
608 951 701 992 me?
729 952 753 977 *
780 952 908 993 multi
934 953 994 993 in-

164 1009 348 1057 surgunt
367 1005 602 1048 adversum
622 1020 703 1048 me.

214 1062 343 1103 Multi
362 1062 514 1104 dicunt
533 1063 691 1104 animae
705 1076 833 1105 meae:
852 1066 876 1092 *
891 1065 994 1106 Non

162 1122 231 1159 est
249 1117 367 1159 salus
384 1118 472 1171 ipsi
489 1119 533 1159 in
552 1119 650 1160 Deo
671 1121 772 1171 ejus.

214 1174 284 1215 Tu
331 1178 479 1216 autem
524 1175 715 1217 Domine
760 1178 993 1229 susceptor

164 1243 289 1272 meus
309 1243 371 1280 es,
391 1231 414 1256 *
433 1231 573 1282 gleria
591 1244 706 1282 mea,
730 1237 774 1274 et
793 1233 992 1275 exaltans

162 1291 296 1339 caput
314 1300 471 1331 meum.

211 1343 338 1385 Voce
362 1356 462 1385 mea
485 1343 543 1385 ad
567 1345 806 1386 Dominum
835 1345 991 1387 clama-

159 1399 224 1440 vi:
253 1399 279 1426 *
312 1403 356 1442 et
387 1400 611 1442 exaudivit
646 1414 717 1443 me
748 1401 804 1443 de
840 1407 992 1444 monte

158 1461 311 1498 sancto
339 1469 431 1498 suo.

210 1512 306 1564 Ego
327 1512 530 1564 dormivi,
558 1518 602 1556 et
624 1516 861 1566 soporatus
881 1528 991 1556 sum:

158 1570 183 1596 *
202 1573 247 1611 et
271 1570 513 1620 exsurrexi,
540 1569 644 1622 quia
663 1570 881 1613 Dominus
899 1585 990 1613 sus-

158 1625 276 1677 cepit
293 1638 374 1667 me.

209 1681 312 1723 Non
349 1682 517 1725 timebo
548 1683 686 1725 millia
721 1684 877 1737 populi
911 1685 989 1726 cir-

158 1737 406 1780 cumdantis
430 1752 515 1781 me:
534 1741 558 1767 *
578 1743 764 1791 exsurge
788 1741 988 1791 Demine‚

158 1793 329 1836 salvum
349 1808 420 1837 me
439 1795 510 1837 fac
530 1796 653 1837 Deus
671 1810 808 1838 meus.

210 1850 429 1900 Quoniam
461 1857 510 1894 tu
546 1853 805 1905 percussisti
836 1866 988 1895 omnes
1048 1858 1075 1879 ⁴

157 1905 445 1949 adversantes
462 1907 571 1949 mihi
586 1909 679 1950 sine
694 1910 875 1950 causa:*
887 1906 987 1951 den-

157 1966 226 2004 tes
244 1966 531 2015 peccatorum
550 1965 809 2006 contrivisti.

209 2019 389 2060 Domini
409 2024 476 2061 est
501 2020 635 2061 salus:
651 2022 676 2048 *
695 2026 740 2062 et
760 2034 893 2074 super
911 2023 988 2074 pe-

156 2074 310 2127 pulum
327 2080 452 2117 tuum
468 2075 721 2118 benedictio
740 2082 827 2118 tua.

209 2136 311 2176 Ant.
345 2136 462 2178 Ecce
486 2137 682 2188 Angelus
705 2137 885 2179 Demini
913 2151 986 2191 ap-

155 2192 302 2244 paruit
332 2192 376 2232 in
409 2193 574 2234 somnis
605 2193 630 2234 J
633 2193 790 2246 oseph,
821 2193 988 2235 dicens:

155 2247 310 2299 Surge,
343 2253 386 2290 et
414 2249 566 2301 accipe
594 2253 798 2302 puerum,
832 2255 876 2291 et
898 2263 986 2292 ma-

154 2309 267 2345 trem
286 2305 389 2356 ejus,
409 2310 452 2347 et
472 2305 573 2356 fuge
591 2306 636 2346 in
654 2306 908 2358 AEgthum.

207 2350 258 2403 Ys-
273 2360 528 2403 Confitebor
538 2362 802 2404 nominituo.
816 2359 868 2410 Ru
879 2362 988 2412 Quo-

154 2416 272 2457 niam
277 2417 478 2514 lladjutor
511 2422 555 2459 et
584 2420 814 2470 protector
844 2418 984 2460 faetus

156 2485 203 2513 es
230 2486 275 2513 m
323 2487 348 2513 1.

205 2529 411 2565 Lectiones
444 2531 490 2565 de
520 2530 720 2575 Scriptura
750 2536 984 2567 occurrente.

208 2581 259 2633 Ra.
271 2582 296 2622 i.
316 2584 531 2626 Clamavit
546 2585 739 2637 pepulus
755 2584 811 2626 ad
825 2597 985 2635 regem,

155 2638 360 2681 alimenta
382 2646 555 2692 petens:
581 2640 605 2665 *
631 2640 800 2691 Quibus
823 2641 897 2682 ille
921 2654 985 2683 re-

154 2694 348 2746 spondit:
378 2696 446 2737 Ite
474 2696 532 2738 ad
559 2696 737 2748 Joseph.
779 2690 828 2742 V.
859 2697 999 2739 Salus-

1793 177 1884 221 [231]

1050 282 1203 320 nostra
1237 278 1282 319 in
1317 292 1450 320 manu
1484 284 1561 320 tua
1594 283 1676 320 est:
1713 278 1883 331 respice

1050 347 1132 375 nos
1146 339 1327 385 tantum,
1347 340 1390 377 et
1408 335 1499 377 laeti
1518 335 1761 377 serviemus
1780 335 1883 386 regi.

1052 390 1231 440 Quibus.

1106 461 1159 513 R.
1184 460 1224 500 ii.
1258 460 1382 502 Fecit
1408 473 1479 501 me
1504 460 1627 501 Deus
1657 460 1782 512 quasi
1809 472 1882 512 pa-

1050 520 1164 558 trem
1185 517 1318 567 regis,
1347 521 1390 558 et
1415 516 1642 558 dominum
1664 516 1881 557 universae

1051 572 1207 614 domus
1228 574 1333 625 ejus:
1358 574 1381 598 *
1394 573 1619 614 Exaltavit
1637 585 1718 622 me,
1737 577 1786 613 ut
1801 572 1882 613 sal-

1048 641 1130 670 vos
1150 629 1315 671 faceret
1329 629 1492 671 multos
1506 629 1710 682 populos.
1737 624 1882 675 NYVe-

1049 687 1138 727 nite
1165 685 1223 727 ad
1247 699 1335 735 me,
1364 690 1408 727 et
1434 698 1516 736 ego
1543 685 1659 727 dabo
1684 684 1812 726 vobis
1838 687 1881 726 ό-

1048 742 1166 782 mnia
1190 742 1307 783 bona
1329 742 1528 795 AEgypti,
1562 746 1611 782 ut
1637 740 1881 782 comedatis

1048 797 1286 839 medullam
1305 803 1446 839 terrae.
1474 798 1706 839 Exaltavit.

1104 871 1156 911 R.
1184 871 1238 911 iii.
1277 873 1375 914 Jam
1405 872 1535 913 laetus
1566 872 1746 921 meriar,
1780 872 1882 924 quia

1048 928 1139 970 vidi
1170 929 1327 970 faciem
1356 933 1493 978 tuam,
1528 933 1571 970 et
1599 928 1882 981 superstitem

1047 990 1091 1027 te
1123 986 1336 1037 relinquo.
1387 985 1490 1026 Non
1522 998 1619 1026 sum
1651 983 1880 1025 fraudatus

1047 1043 1231 1094 aspectu
1267 1046 1360 1083 tuo:
1403 1043 1425 1066 *
1457 1042 1645 1094 Insuper
1687 1039 1880 1082 ostendit

1046 1097 1152 1139 mjhi
1171 1098 1387 1139 Dominus
1407 1111 1556 1139 semen
1575 1102 1710 1138 tuum.
1734 1093 1784 1144 V.
1796 1097 1880 1147 Qui

1045 1154 1189 1206 pascit
1207 1167 1277 1195 me
1294 1153 1348 1195 ab
1364 1154 1663 1195 adolescentia
1678 1165 1787 1203 mea,
1806 1153 1878 1194 be-

1045 1210 1221 1252 nedicat
1248 1211 1398 1264 pueris
1427 1211 1540 1260 istis,
1578 1215 1621 1251 et
1650 1210 1880 1251 invocetur

1046 1279 1179 1319 super
1204 1280 1280 1308 eos
1306 1279 1466 1308 nomen
1489 1280 1646 1308 meum.
1682 1266 1879 1318 Insuper.

1050 1322 1204 1365 Gloria
1220 1324 1352 1365 Patri.
1379 1325 1576 1376 Insuper.

1099 1418 1141 1451 In
1160 1418 1396 1459 Ouudruges.
1422 1430 1531 1460 vero,
1562 1420 1684 1454 Feriis
1710 1421 1884 1461 Ouutuor

1047 1466 1178 1509 Tcrnp.
1205 1474 1241 1504 ct
1264 1467 1405 1506 vigilia
1431 1468 1591 1502 Ascens.
1619 1469 1799 1503 dicuntur
1824 1482 1880 1504 se·

1048 1519 1209 1557 quentes
1234 1514 1448 1549 Lectiones.

1254 1592 1322 1633 De
1340 1591 1455 1633 libro
1476 1592 1674 1633 Genesis.

1149 1666 1303 1707 Lectio
1326 1667 1350 1706 i.
1585 1666 1688 1718 Cap.
1708 1667 1773 1707 39.

1123 1742 1284 1793 gitur
1321 1740 1489 1793 Joseph
1529 1737 1688 1781 ductus
1726 1743 1794 1779 est
1831 1738 1876 1778 in

1120 1797 1153 1830 Η
1185 1799 1441 1850 AEgyptum,
1462 1797 1654 1848 emitque
1676 1807 1776 1836 eum
1792 1795 1874 1836 Pu-

1185 1854 1346 1906 tiphar,
1372 1852 1598 1895 eunuchus
1621 1851 1875 1901 Pharaenis,

1041 1911 1249 1963 princeps
1275 1911 1509 1958 exercituS,
1534 1909 1599 1950 vir
1624 1909 1873 1960 AEgyptius,

1042 1966 1097 2009 de
1125 1980 1257 2008 manu
1284 1967 1624 2014 Ismaelitarum,
1657 1979 1682 2006 a
1716 1964 1873 2016 quibus

1040 2023 1282 2076 perductus
1308 2028 1413 2065 erat.
1449 2023 1638 2074 Fuitque
1656 2021 1872 2062 Dominus

1042 2093 1142 2121 cum
1161 2093 1229 2130 eo,
1254 2084 1299 2121 et
1319 2084 1414 2121 erat
1432 2079 1500 2120 vir
1519 2079 1564 2119 in
1583 2077 1752 2119 cunctis
1772 2079 1872 2130 pro-

1041 2149 1171 2188 spere
1190 2149 1340 2187 agens:
1358 2135 1662 2186 habitavitque
1678 2134 1722 2174 in
1737 2133 1871 2176 domo

1041 2191 1208 2233 demini
1245 2193 1328 2241 sui,
1371 2192 1446 2243 qui
1484 2191 1650 2243 optime
1687 2192 1873 2231 noverat

1039 2248 1280 2290 Dominum
1306 2261 1403 2290 esse
1429 2260 1529 2288 cum
1555 2259 1626 2295 eo,
1655 2250 1698 2287 et
1725 2245 1872 2287 omnia

1040 2317 1139 2356 quae
1159 2307 1348 2356 gereret,
1377 2304 1432 2345 ab
1454 2316 1507 2345 eo
1528 2303 1658 2354 dirigi
1676 2302 1721 2342 in
1739 2315 1872 2343 manu

1037 2360 1164 2402 illius.
1204 2362 1465 2412 Invenitque
1489 2360 1515 2400 J
1517 2358 1656 2411 oseph
1683 2359 1871 2410 gratiam

1040 2429 1190 2458 coram
1211 2417 1390 2458 domino
1411 2429 1507 2466 suo,
1528 2420 1572 2457 et
1589 2415 1870 2457 ministrabat

1040 2473 1093 2514 ei:
1114 2486 1139 2514 a
1159 2486 1247 2525 quo
1266 2473 1534 2525 praepositus
1554 2471 1774 2521 omnibus,
1795 2485 1868 2524 gu-

1038 2528 1255 2571 bernabat
1274 2528 1487 2571 creditam
1507 2528 1591 2570 sibi
1611 2527 1806 2579 domum,
1826 2533 1870 2570 et

1038 2586 1243 2627 universa
1275 2598 1374 2637 quae
1408 2585 1448 2626 ei
1483 2584 1648 2626 tradita
1679 2584 1869 2626 fuerant:

1038 2641 1350 2694 benedixitque
1374 2641 1591 2682 Dominus
1618 2641 1770 2683 domui
1793 2642 1867 2681 AE-

1037 2698 1179 2750 gyptii
1197 2702 1382 2751 propter
1400 2698 1425 2738 J
1427 2697 1578 2750 oseph,
1599 2702 1643 2739 et
1661 2697 1867 2750 multipli-
