2066 2956
638 180 740 214 Infra
766 180 952 215 Octavam
979 182 1244 216 Dedit—ationis
1272 182 1466 217 Ecclesiae.

483 277 551 314 Ad
574 278 759 314 Nonam.

257 347 355 387 Ant.
383 345 576 399 Lapides
596 345 791 398 pretiosi.

282 422 538 476 Capitulum.
687 422 826 474 Apoc.
841 424 898 463 21.
915 424 953 464 b.

285 495 304 532 t
327 488 550 539 absterget
567 488 689 529 Deus
715 500 891 529 omnem
909 488 1032 529 lacri-

291 558 409 586 mam
427 544 482 586 ab
504 543 641 585 oculis
661 545 827 585 eerum:
851 548 895 585 et
912 557 1033 585 mors

1312 282 1361 321 In
1388 283 1438 321 11.
1468 283 1691 322 Noeturno.

1140 348 1207 388 Ex
1230 347 1444 388 Tractatu
1469 346 1610 388 sancti
1635 347 1869 397 Augustini

1201 403 1414 456 Episcopi
1433 416 1566 456 super
1584 403 1797 444 Psalmos.

1356 470 1397 503 In
1417 469 1556 503 Psalm.
1579 470 1647 503 121.

1390 531 1543 571 Lectio
1565 531 1616 571 iv.

1155 578 1436 628 ;erfisa1em‚
1470 591 1569 630 quae
1598 578 1845 620 aedificatur
1872 584 1921 621 ut

201 602 317 644 ultra
334 614 423 642 non
443 601 534 650 erit,
553 613 696 652 neque
715 600 870 649 luctus,
889 613 1032 652 neque
1092 604 1128 627 ³⁴
1163 617 1170 632 ⁴

202 658 378 707 clamor,
393 669 536 709 neque
552 656 679 698 dolor
695 657 776 698 erit
790 656 914 706 ultra,
931 657 1032 709 quia

200 715 343 767 prima
362 713 572 754 abierunt.
606 713 664 754 Et
687 712 797 754 dixit
816 713 890 764 qui
910 712 1032 754 sede-

201 770 278 813 bat
315 771 359 811 in
394 769 571 811 throno:
615 769 731 810 Ecce
767 781 883 810 nova
919 769 1032 810 facio

202 827 357 869 emnia.

253 896 303 947 K.
323 895 384 936 br.
414 894 525 936 Haec
549 899 616 936 est
636 894 793 936 domus
812 894 1029 936 Domini*

200 952 404 994 Firmiter
424 951 652 993 aedificata.
680 951 802 992 Haec.
838 951 887 1001 Y.
910 951 1031 992 Bene

201 1008 382 1050 fundata
409 1013 477 1050 est
500 1020 634 1060 supra
659 1007 830 1047 firmam
848 1012 1032 1060 petram.

201 1065 416 1106 Firmiter.
443 1064 597 1105 Gloria
614 1063 744 1105 Patri.
771 1064 893 1105 Haec.

251 1119 301 1170 V·
330 1129 451 1171 Bene
475 1128 658 1170 fundata
678 1133 746 1170 est
765 1128 924 1170 domus
943 1129 1031 1170 Do-

200 1186 315 1227 mini.
337 1182 388 1233 Ri-
411 1185 554 1238 Supra
570 1185 742 1226 firmam
759 1189 943 1237 petram.

385 1258 605 1311 Tempore
634 1258 845 1299 Paschali.

225 1325 276 1378 R.
305 1325 367 1365 br.
405 1324 516 1365 Haec
553 1328 621 1365 est
659 1323 818 1365 domus
854 1324 1032 1365 Domini

201 1381 383 1423 firmiter
410 1379 639 1429 aedificata,
654 1384 677 1407 *
707 1380 905 1431 Alleluia,
931 1379 1031 1421 alle-

201 1436 298 1489 luja.
343 1437 466 1478 Haec.
510 1433 562 1486 V.
596 1436 718 1477 Bene
750 1436 934 1477 fundata
966 1441 1033 1477 est

202 1506 336 1546 supra
353 1493 524 1534 firmam
542 1497 726 1546 petram.
754 1492 954 1544 Alleluia,
973 1492 1031 1533 al-

204 1548 344 1602 leluja.
371 1549 526 1590 Gleria
543 1548 675 1591 Patri.
701 1549 824 1590 Haec.

251 1611 302 1662 V.
331 1614 452 1656 Bene
475 1613 659 1655 fundata
678 1618 746 1655 est
765 1612 923 1654 domus
943 1613 1031 1654 De-

200 1671 322 1721 mini,
357 1670 540 1722 alleluja.
591 1674 642 1724 R.
684 1670 827 1722 Supra
861 1670 1031 1711 firmam

200 1731 383 1780 petram,
411 1726 593 1779 alleluja.

398 1830 461 1870 In
486 1829 548 1870 11.
577 1828 831 1879 vesperis.

250 1901 355 1943 Ant.,
385 1901 548 1943 Psalmi,
574 1901 698 1945 Capit.
723 1907 760 1937 et
784 1903 961 1946 Hymnus
987 1908 1028 1937 ut

199 1948 238 1982 in
261 1949 288 1984 Ι.
314 1949 508 1992 Vesperis.
539 1951 637 1995 [130]

251 2013 302 2066 V.
329 2020 522 2061 Domum
544 2024 666 2061 tuam
688 2019 878 2061 Demine
903 2019 1031 2062 decet

202 2075 464 2118 sanctitudo.
520 2077 571 2128 R».
616 2076 667 2116 In
711 2075 1029 2127 longitudinem

202 2132 382 2174 dierum.

252 2198 324 2239 Ad
353 2198 525 2249 Magnis.
567 2199 667 2240 Ant.
709 2200 746 2240 O
783 2209 914 2248 quam
943 2209 1030 2238 me-

200 2252 389 2294 tuendus
409 2256 476 2294 est
495 2252 518 2278 *
537 2252 660 2293 locus
686 2252 784 2294 iste:
812 2265 916 2293 vere
942 2264 1031 2293 non

202 2313 269 2350 est
295 2308 367 2350 hic
395 2307 530 2358 aliud,
557 2308 642 2348 nisi
669 2308 826 2349 domus
853 2308 955 2357 Dei,
988 2313 1032 2349 et

200 2369 331 2417 porta
350 2364 462 2406 coeli.

460 2441 772 2468 -Φ-ᾣ-οῌ

365 2518 397 2558 S
416 2527 443 2558 e
463 2528 489 2558 e
506 2528 542 2558 u
558 2528 594 2557 n
612 2517 645 2558 d
664 2527 695 2558 a
739 2518 781 2557 D
801 2516 819 2556 i
839 2527 865 2557 e

440 2572 550 2612 infra
571 2572 793 2613 Octavam.

252 2639 296 2673 In
327 2640 355 2675 Ι.
387 2641 587 2676 Nocturno
618 2642 822 2677 Lectiones
854 2643 900 2676 de
929 2643 1027 2677 Scri-

200 2691 312 2731 ptura
337 2694 568 2723 occurrente.

1091 633 1128 681 ῥέξ’,
1158 630 1194 687 ἐ
1219 636 1382 677 civitas.
1423 635 1617 685 Fratres,
1653 635 1828 687 quando
1858 635 1919 677 di-

1112 681 1194 715 ’ἃ
1218 692 1347 733 cebat
1391 692 1475 733 ista
1516 691 1679 741 David,
1724 692 1921 744 perfecta

1088 754 1181 791 erat
1198 749 1273 790 illa
1292 748 1464 798 civitas,
1492 761 1581 789 non
1606 748 1920 790 aedificabatur.

1086 805 1249 847 Nescio
1275 818 1407 857 quam
1430 817 1535 855 ergo
1560 804 1783 846 civitatem
1803 804 1920 854 dicit,

1087 875 1186 914 quae
1222 861 1357 903 modo
1394 861 1656 910 aedificatur,
1694 860 1751 902 ad
1789 874 1920 913 quam

1086 922 1267 959 currunt
1302 918 1346 958 in
1382 917 1470 958 fide
1507 917 1679 969 lapides
1716 917 1820 967 vivi3
1865 917 1920 958 de

1087 974 1245 1027 quibus
1272 973 1379 1015 dicit
1405 974 1579 1015 Petrus:
1619 974 1676 1014 Et
1704 986 1785 1014 vos
1812 978 1919 1014 tam-

1087 1043 1219 1083 quam
1254 1029 1427 1082 lapides
1464 1030 1553 1071 vivi
1586 1029 1920 1071 coaedificamini

1085 1087 1128 1127 in
1150 1086 1330 1128 domum
1349 1085 1608 1138 spiritalem,
1635 1085 1682 1127 id
1702 1090 1785 1135 est,
1813 1090 1919 1127 tem-

1084 1143 1207 1195 plum
1224 1142 1310 1184 Dei
1333 1146 1545 1183 sanctum.
1591 1141 1707 1192 Quid
1731 1146 1814 1191 est,
1838 1142 1919 1182 La-

1084 1198 1211 1251 pides
1230 1198 1319 1240 vivi
1338 1196 1693 1240 coaedificamini?
1722 1198 1864 1247 Vivis,
1884 1198 1921 1239 si

1085 1255 1243 1297 credis:
1276 1255 1313 1296 si
1344 1259 1491 1296 autern
1524 1254 1683 1304 credis,
1716 1254 1920 1296 efficieris

1084 1311 1298 1363 templum
1330 1311 1429 1361 Dei,
1463 1311 1564 1362 quia
1596 1310 1702 1351 dicit
1729 1310 1919 1362 Apesto-

1084 1367 1152 1408 lus
1189 1367 1367 1408 Paulus:
1409 1366 1645 1419 Templum
1684 1367 1799 1408 enim
1836 1367 1920 1408 Dei

1085 1427 1285 1464 sanctum
1305 1428 1382 1473 est,
1404 1422 1524 1475 quod
1544 1423 1651 1464 estis
1670 1435 1762 1464 vos.

1138 1489 1188 1540 R.
1215 1483 1456 1525 Orantibus
1475 1484 1520 1524 in
1539 1483 1650 1524 l'oeo.
1671 1483 1776 1536 [136]

1394 1554 1546 1594 Lectio
1566 1568 1603 1594 v,

1135 1622 1217 1662 psa
1246 1613 1351 1659 ergo
1378 1608 1513 1650 modo
1545 1609 1700 1651 civitas
1730 1609 1917 1650 aedifica-

1147 1670 1229 1707 tur.
1272 1664 1580 1706 Praeciduntur
1612 1665 1668 1707 de
1694 1665 1918 1707 mentibus

1084 1721 1255 1773 lapides
1287 1734 1368 1774 per
1399 1734 1554 1762 manus
1582 1721 1918 1774 praedicantium

1084 1778 1336 1827 veritatem,
1369 1777 1744 1829 conquadrantur,
1778 1783 1826 1820 ut
1857 1778 1918 1818 in-

1084 1839 1201 1876 trent
1226 1835 1271 1875 in
1299 1836 1566 1875 structuram
1596 1834 1918 1886 sempiternam.

1084 1890 1243 1932 Adhuc
1275 1889 1401 1931 multi
1436 1889 1608 1942 lapides
1641 1891 1685 1930 in
1716 1890 1918 1932 manibus

1084 1946 1262 1988 artificis
1283 1950 1397 1987 sunt:
1420 1958 1509 1987 non
1530 1946 1690 1988 cadant
1709 1946 1765 1988 de
1783 1946 1917 1987 mani-

1083 2001 1166 2044 bus
1185 2003 1374 2051 artificis,
1393 2007 1442 2043 ut
1460 2002 1633 2054 possint
1646 2002 1830 2055 perfecti
1847 2014 1917 2043 co-

1084 2058 1295 2100 aedificari
1313 2059 1357 2099 in
1372 2062 1640 2100 structuram
1654 2058 1817 2110 templi.
1837 2059 1918 2099 Est

1084 2127 1189 2165 ergo
1214 2115 1298 2156 ista
1315 2114 1578 2164 Jerusalem,
1605 2126 1704 2166 quae
1729 2113 1916 2155 aedifica-

1086 2175 1157 2212 tur
1175 2175 1224 2212 ut
1243 2171 1411 2212 civitas:
1430 2170 1760 2211 fundamentum
1778 2169 1916 2222 ipsius

1085 2226 1282 2268 Christus
1302 2231 1380 2267 est.
1407 2226 1526 2267 Dicit
1540 2225 1786 2278 Apostolus
1806 2226 1915 2267 Pau-

1083 2281 1165 2323 lus:
1179 2282 1531 2323 Fundamentum
1546 2280 1665 2323 aliud
1679 2293 1809 2323 nemo
1819 2286 1916 2334 pot-

1084 2343 1151 2380 est
1174 2341 1341 2391 p6nere
1364 2342 1528 2390 praeter
1555 2336 1618 2386 id,
1652 2338 1773 2389 quod
1799 2339 1915 2390 pesi-

1083 2399 1177 2436 tum
1197 2399 1274 2444 est,
1296 2393 1415 2446 quod
1434 2397 1501 2434 est
1520 2392 1719 2435 Christus
1737 2394 1763 2434 J
1765 2407 1877 2436 esus.

1134 2452 1185 2504 Rz.
1217 2455 1254 2496 O
1276 2466 1408 2506 quam
1426 2452 1699 2495 metuendus.
1727 2455 1832 2507 [136]

1383 2515 1535 2557 Lectio
1556 2517 1609 2558 vi.

1165 2579 1478 2620 undamentum
1519 2580 1695 2631 quando
1735 2581 1916 2632 ponitur

1177 2635 1220 2675 in
1251 2639 1384 2683 terra,
1416 2633 1606 2687 desuper
1639 2635 1916 2679 aedifica'mtur

1082 2693 1292 2742 parietes,
1325 2694 1368 2732 et
1400 2690 1574 2742 pondus
1608 2695 1828 2744 parietum
1857 2693 1915 2735 ad
