2028 2892
738 180 845 214 Feria
873 193 905 215 v,
934 184 969 215 in
996 183 1114 217 Coena
1143 185 1305 219 Domini.

1800 185 1866 220 217

161 232 1866 253 Ἣ

215 266 341 308 Heth.
380 269 612 308 Peccatum
639 270 841 320 peccavit
867 271 891 310 J
895 274 987 312 eru-

158 322 310 372 salem,
351 324 588 374 propterea
621 324 836 366 instabilis
873 326 988 367 facta

158 383 241 419 est:
267 390 436 427 omnes,
463 379 536 430 qui
555 379 862 430 glorificabant
881 395 988 432 eam,

158 436 418 486 spreverunt
460 434 594 485 illam,
640 436 742 488 quia
786 437 989 480 viderunt

156 490 440 540 ignominiam
473 492 578 543 ejus:
609 492 706 544 ipsa
738 498 885 535 autem
917 507 988 545 ge-

156 558 280 587 mens
300 548 514 588 conve'rsa
533 552 600 589 est
618 551 871 590 retrorsum.

213 602 334 643 Teth.
380 603 545 645 Sordes
588 605 679 656 ejus
719 605 763 645 in
800 605 987 658 pedibus

158 658 265 709 eim,
299 671 380 700 nec
413 659 646 702 recordata
680 666 746 702 est
777 661 875 702 finis
905 663 987 702 sui:

158 713 361 766 deposita
386 720 453 756 est
476 715 775 767 vehementer,
803 730 891 758 non
915 717 986 758 ha-

156 769 266 811 bens
294 770 632 813 consolatorem:
669 772 770 814 vide
798 773 987 815 Domine

157 826 440 868 afflictionem
471 841 630 878 meam,
664 830 870 881 quoniam
899 832 986 871 ere-

157 887 254 924 ctus
275 888 342 924 est
358 884 570 926 inimicus.

211 940 465 990 Jerasalem‚
505 941 763 992 Jerfisalem‚
807 945 985 984 conver-

156 999 250 1036 tere
270 995 327 1037 ad
344 997 583 1038 Dominum
601 998 746 1039 Deum
764 1003 898 1039 tuum.

211 1053 263 1105 R.
286 1052 446 1094 Tristis
471 1058 537 1094 est
561 1054 704 1095 anima
724 1067 822 1096 mea
845 1068 985 1107 usque

156 1106 213 1149 ad
235 1112 438 1150 mortem:
466 1110 676 1152 sustinete
700 1110 788 1160 hic,
813 1116 857 1152 et
880 1111 985 1162 vigi-

154 1163 244 1205 late
257 1177 444 1206 mecum:
458 1178 574 1207 nunc
583 1166 789 1208 videbitis
800 1166 984 1217 turbam,

155 1231 255 1271 quae
275 1220 564 1263 circamdabit
581 1235 669 1264 me:
687 1223 710 1246 *
722 1223 818 1264 Vos
837 1222 985 1273 fugam

155 1276 352 1328 capietiS,
388 1281 431 1318 et
463 1290 545 1328 ego
580 1277 740 1319 vadam
767 1278 984 1320 immolari

154 1343 237 1384 pro
262 1332 401 1374 vobis.
440 1327 491 1379 V.
514 1334 630 1376 Ecce
657 1337 992 1387 appropinquat

153 1387 274 1438 hora,
294 1393 338 1430 et
357 1389 494 1431 Filius
513 1389 703 1431 hominis
722 1390 921 1432 tradetur
940 1391 984 1431 in

153 1456 308 1485 manus
325 1447 621 1497 peccatorum.
649 1447 756 1488 Vos.

303 1500 458 1541 Lectio
479 1502 535 1541 iii.
744 1502 836 1544 Jod.

263 1568 393 1598 anum
433 1570 557 1598 suam
594 1559 712 1600 misit
747 1558 889 1600 hostis
927 1559 984 1601 ad

271 1612 417 1653 omnia
432 1612 743 1655 desiderabilia
758 1615 862 1666 ejus:
883 1616 984 1666 quia

154 1667 264 1709 vidit
272 1668 439 1709 Gentes
453 1669 672 1720 ingressas
688 1671 984 1712 sanctuarium

154 1736 291 1774 suum,
311 1724 367 1766 de
387 1725 544 1777 quibus
558 1729 837 1779 praeceperas
853 1739 908 1768 ne
922 1728 983 1767 in-

154 1781 321 1822 trarent
338 1781 382 1821 in
402 1781 632 1823 ecclesiam
651 1787 782 1824 tuam.

209 1836 346 1889 Caph.
381 1838 532 1879 Omnis
568 1837 761 1890 populus
793 1839 882 1890 ejus
913 1851 983 1889 ge-

153 1904 294 1941 menS‚
331 1901 375 1934 et
409 1905 611 1945 quaerens
641 1906 814 1946 panem:
853 1893 982 1935 dede-

155 1953 256 1989 runt
274 1949 470 2000 pretiosa
494 1962 680 2001 quaeque
699 1962 781 2002 pro
808 1949 907 1990 cibo
928 1949 985 1990 ad

155 2003 485 2046 refocillandam
512 2005 710 2045 animam.
756 2004 871 2046 Vide
895 2005 984 2046 Do-

154 2059 270 2100 mine
295 2064 340 2100 et
363 2059 608 2110 considera,
639 2060 845 2112 quoniam
870 2061 984 2102 facta

156 2127 252 2155 sum
270 2114 378 2156 vilis.

210 2170 386 2212 Lamed.
414 2172 452 2212 O
471 2184 550 2213 vos
571 2184 732 2222 omnes,
753 2171 826 2223 qui
846 2175 983 2212 trans-

154 2226 227 2266 itis
250 2239 330 2278 per
354 2226 484 2277 viam,
513 2227 742 2276 attendite,
771 2232 814 2268 et
837 2226 983 2268 videte

155 2281 192 2321 si
211 2286 279 2322 est
297 2281 425 2323 dolor
445 2282 557 2323 sicut
575 2282 704 2324 dolor
719 2295 857 2324 meus:
878 2284 982 2334 quo-

154 2337 270 2377 niam
305 2337 590 2379 vindemiavit
624 2351 695 2379 me
731 2342 779 2379 ut
809 2338 982 2379 locatus

155 2396 223 2433 est
241 2393 456 2434 Dominus
478 2394 522 2434 in
542 2393 612 2435 die
631 2395 708 2434 irae
726 2394 885 2434 furoris
905 2393 981 2434 sui.

206 2449 332 2490 Mem.
359 2450 426 2490 De
447 2450 621 2491 excelso
641 2450 757 2490 misit
774 2450 918 2500 ignem
937 2449 982 2488 in

155 2504 327 2546 ossibus
354 2505 480 2554 meis,
509 2510 553 2546 et
581 2505 769 2546 erudivit
796 2517 882 2545 me:
911 2516 980 2544 ex-

153 2558 310 2610 pandit
328 2565 421 2601 rete
440 2560 629 2612 pedibus
648 2561 774 2609 meis,
803 2561 980 2600 conver—

153 2614 208 2655 tit
224 2628 295 2657 me
314 2618 570 2657 retrorsum:
593 2616 743 2668 posuit
765 2628 834 2656 me
855 2615 998 2655 deso-'

154 2668 296 2721 latam,
315 2676 412 2712 tota
430 2671 501 2712 die
518 2673 710 2712 moerore
726 2670 980 2712 confectam.

308 2810 372 2835 Pars
387 2811 481 2837 Vel-na.

1096 275 1205 314 Nun.
1251 275 1454 324 Vigilavit
1486 278 1631 329 jugum
1665 280 1865 332 iniquita-

1040 332 1134 368 tum
1152 331 1360 370 mearum:
1384 332 1427 371 in
1446 346 1576 375 manu
1596 336 1685 386 ejus
1706 348 1865 378 convo-

1040 383 1144 424 latae
1166 390 1281 434 sunt,
1307 391 1350 427 et
1374 387 1591 439 impositae
1616 391 1730 432 collo
1750 405 1864 434 meo:

1040 439 1259 481 infirmata
1278 447 1344 483 est
1363 443 1500 484 virtus
1518 458 1629 486 mea:
1654 446 1775 488 dedit
1794 461 1864 490 me

1040 495 1255 536 Dominus
1274 497 1317 537 in
1334 511 1474 548 manu,
1498 500 1552 542 de
1568 515 1653 553 qua
1667 515 1754 543 non
1768 506 1863 556 pot-

1041 563 1116 591 ero
1136 555 1326 602 sargere.

1099 612 1353 662 Jerusalem,
1389 614 1647 666 Jerl'isalem,
1686 622 1863 660 convor-

1039 671 1132 707 tere
1154 667 1210 708 ad
1228 668 1465 710 Dominum
1484 671 1626 712 Deum
1645 678 1776 714 tuum.

1096 735 1146 785 R.
1175 732 1291 774 Ecce
1324 733 1511 775 vidimus
1546 749 1643 777 eum
1675 751 1762 779 non
1790 740 1860 781 ha-

1038 786 1215 828 bentem
1242 790 1449 840 speciem,
1476 804 1619 843 neque
1645 792 1864 836 decorem:

1039 844 1244 894 aspectus
1278 845 1367 895 ejus
1400 846 1444 886 in
1478 860 1531 888 eo
1559 860 1646 888 non
1676 855 1757 890 est:
1794 851 1863 892 hic

1038 901 1220 949 peccata
1239 906 1389 942 nostra
1407 904 1610 953 portavit,
1631 910 1674 946 et
1692 918 1773 957 pro
1790 920 1863 948 no-

1038 953 1104 995 bis
1139 954 1273 996 dolet:
1307 957 1402 1009 ipse
1434 964 1579 1000 autem
1612 961 1863 1003 vulneratus

1039 1015 1106 1050 est
1131 1016 1314 1063 propter
1343 1013 1594 1065 iniquitates
1624 1022 1813 1058 nostras:
1842 1023 1862 1045 *

1039 1065 1168 1117 Cujus
1188 1067 1325 1108 livore
1350 1071 1491 1111 sanati
1511 1083 1669 1112 sumus.
1708 1070 1755 1120 Y.
1779 1074 1862 1115 Ve-

1037 1134 1084 1162 re
1108 1122 1341 1173 languores
1367 1130 1542 1166 nostros
1565 1127 1660 1179 ipse
1679 1128 1793 1178 tulit,
1821 1134 1863 1170 et

1038 1177 1215 1220 dolores
1235 1184 1409 1221 nostros
1435 1182 1529 1233 ipse
1547 1184 1750 1234 portavit.
1784 1184 1862 1226 Cu·
1911 1231 1914 1234 ,

1036 1233 1101 1285 jus
1119 1233 1268 1276 livore.
1302 1240 1427 1279 Ecce.

1265 1315 1314 1354 In
1341 1316 1390 1354 11.
1420 1316 1642 1355 Nocturno.

1094 1378 1192 1418 Ant.
1222 1375 1443 1417 Liberavit
1464 1377 1677 1418 Dominus
1702 1381 1862 1430 paupe-

1036 1442 1129 1470 rem
1148 1443 1174 1471 a
1192 1434 1387 1483 potente,
1411 1437 1454 1474 et
1472 1435 1662 1486 inopem,
1687 1434 1755 1474 cui
1774 1447 1861 1475 non

1038 1491 1131 1527 erat
1150 1487 1333 1538 adjutor.

1321 1562 1514 1602 Psalmus
1536 1564 1590 1602 71.

1049 1620 1246 1677 ']5*v„.}*‘<¹eus
1279 1615 1483 1667 judicium
1514 1621 1635 1657 tuum
1667 1618 1758 1668 regi
1787 1618 1859 1659 da:
1908 1657 1912 1667 ‚

1074 1670 1117 1726 *js
1134 1672 1161 1739 ,js
1184 1671 1207 1695 *
1236 1676 1279 1712 et
1306 1672 1512 1723 justitiam
1537 1677 1656 1713 tuam
1682 1673 1771 1714 filio
1796 1686 1858 1714 re-

1086 1739 1289 1824 Judi{1asre
1320 1783 1532 1834 populum
1569 1788 1691 1824 tuum
1725 1784 1769 1824 in
1800 1785 1857 1835 ju-

1037 1839 1164 1888 stitia,
1179 1839 1202 1864 *
1221 1843 1264 1879 et
1282 1841 1499 1890 pauperes
1518 1843 1618 1880 tuos
1632 1839 1675 1879 in
1688 1839 1856 1890 judicio.

1086 1895 1333 1946 Suscipiant
1373 1900 1544 1936 montes
1586 1907 1740 1947 pacem
1782 1897 1856 1947 po-

1034 1950 1156 2002 pulo:
1174 1950 1198 1976 *
1219 1955 1262 1991 et
1282 1949 1417 1991 colles
1436 1950 1653 2001 justitiam.

1087 2006 1111 2046 J
1113 2005 1306 2047 udicabit
1345 2009 1561 2058 pauperes
1597 2007 1768 2058 populi,
1813 2010 1856 2046 et

1036 2061 1182 2102 salvos
1206 2061 1336 2102 faciet
1358 2061 1473 2102 filios
1496 2065 1751 2113 paaperum:
1770 2062 1792 2087 *
1812 2066 1855 2102 et

1035 2116 1282 2158 humiliabit
1302 2117 1668 2158 calumniatorem.

1086 2173 1143 2213 Et
1160 2172 1432 2224 permanebit
1450 2184 1548 2213 cum
1567 2171 1676 2220 sole,
1696 2175 1739 2211 et
1754 2175 1854 2212 ante

1034 2227 1198 2277 lunam,
1217 2230 1241 2255 *
1258 2228 1302 2268 in
1321 2227 1597 2279 generatione
1618 2231 1661 2267 et
1678 2238 1852 2276 genera-

1034 2283 1209 2324 tionem.

1085 2338 1336 2379 Descendet
1354 2338 1465 2378 sicut
1483 2336 1630 2388 plavia
1644 2336 1687 2376 in
1702 2336 1853 2377 veUus:

1034 2394 1057 2419 *
1077 2398 1120 2435 et
1139 2394 1251 2434 sicut
1270 2392 1485 2435 stillicidia
1502 2391 1708 2432 stillantia
1722 2405 1854 2444 super

1032 2454 1205 2490 terram.

1085 2505 1260 2545 Orietur
1277 2504 1319 2543 in
1339 2502 1491 2543 diebus
1511 2503 1600 2553 ejus
1620 2503 1790 2554 justitia,
1811 2507 1854 2544 et

1033 2559 1299 2600 abundantia
1321 2557 1456 2610 pacis:
1475 2558 1498 2583 *
1522 2557 1663 2599 donec
1689 2558 1852 2599 aufera-

1032 2620 1103 2656 tur
1121 2615 1232 2655 luna.

1082 2670 1139 2710 Et
1157 2668 1447 2710 dominabitur
1466 2680 1491 2708 a
1512 2668 1622 2709 mari
1640 2681 1778 2719 usque
1796 2667 1852 2708 ad

1608 2796 1648 2828 15
