2028 2892
155 186 223 221 226

159 298 285 326 suum
304 297 436 337 super
454 297 552 335 nOS,
577 289 621 326 et
639 285 898 327 misereatur
917 296 992 325 no-

162 341 252 382 stri.

211 396 270 438 Ut
302 398 621 447 cognoscamus
652 397 696 437 in
727 401 847 438 terra
876 396 991 436 viam

159 457 298 493 tuam:
316 453 339 478 *
359 452 403 492 in
423 452 625 494 omnibus
645 452 861 494 Gentibus
881 451 991 492 salu-

160 510 255 549 tare
275 513 409 549 tuum.

214 564 514 607 Confiteantur
538 565 618 607 tibi
637 565 792 618 populi
810 565 949 605 Deus:
967 564 991 591 *

161 620 451 663 confiteantur
468 621 549 663 tibi
568 621 722 673 populi
742 633 906 662 omnes.

212 676 438 718 Laetentur
463 682 506 719 et
529 677 749 719 exsultent
769 677 991 718 Gentesz*

163 733 371 784 quoniam
394 733 559 785 judicas
582 734 773 786 populos
797 734 841 774 in
860 733 991 785 aequi-

161 791 264 838 tate,
285 793 329 830 et
349 789 515 831 Gentes
534 790 579 830 in
598 795 716 831 terra
735 789 897 840 dirigis.

216 844 518 886 Confiteantur
553 845 634 887 tibi
668 845 823 898 populi
858 845 991 893 Deus,

162 900 454 942 confiteantur
485 901 565 943 tibi
591 901 745 953 populi
775 913 941 942 omnes:
968 901 991 926 *

161 960 279 997 terra
299 956 421 998 dedit
440 957 628 998 fructum
647 970 785 998 suum.

211 1012 453 1054 Benedicat
480 1015 561 1054 no's
588 1013 728 1063 Deus,
764 1013 886 1054 Deus
916 1025 991 1054 no-

161 1072 266 1117 ster,
289 1067 522 1110 benedicat
540 1082 622 1110 nos
642 1070 778 1110 Deus:
797 1069 821 1094 *
843 1074 886 1110 et
904 1070 991 1110 me-

160 1128 285 1166 tuant
304 1137 403 1166 eum
424 1137 577 1166 omnes
596 1126 706 1167 fines
725 1130 869 1166 terrae.

215 1184 312 1222 Ant.
338 1182 583 1222 Contritum
603 1186 670 1222 est
689 1194 765 1222 cor
783 1194 930 1222 meum
948 1180 992 1221 in

160 1236 306 1277 medio
332 1237 434 1286 mei,
463 1239 821 1279 contremuerunt
846 1236 992 1279 omnia

161 1305 262 1333 ossa
281 1305 389 1333 mea.

216 1352 313 1391 Ant.
359 1349 632 1390 Exhortatus
667 1362 714 1391 es
749 1350 793 1390 in
829 1349 992 1390 virtute

159 1408 245 1453 tua,
265 1409 309 1445 et
327 1405 370 1444 in
390 1405 627 1447 refectione
647 1410 798 1447 sancta
812 1410 888 1447 tua
902 1406 990 1446 Do-

157 1472 282 1501 mine.

375 1521 602 1561 Canticum
632 1522 784 1573 Moysi.

477 1578 599 1611 Exod.
626 1580 674 1612 15.

233 1629 431 1669 antemus
441 1629 649 1670 Domino:
665 1629 859 1680 gloriose
875 1630 991 1671 enim

248 1684 552 1734 magnificatus
587 1691 664 1735 est,
695 1687 719 1711 *
753 1699 914 1738 equum
947 1691 991 1728 et

158 1742 438 1781 ascensorem
458 1740 615 1792 dejecit
633 1741 677 1781 in
696 1754 827 1783 mare.

210 1795 443 1837 Fortitudo
464 1809 577 1846 mea,
603 1802 646 1838 et
670 1797 765 1838 laus
784 1811 883 1839 mea
901 1799 989 1839 Do-

158 1851 316 1902 minus,
335 1852 359 1878 *
380 1857 424 1894 et
443 1853 585 1894 factus
605 1858 673 1895 est
690 1853 796 1895 mihi
814 1855 858 1895 in
878 1854 989 1896 salu-

156 1911 262 1948 tem:

211 1964 302 2006 Iste
328 1965 450 2006 Deus
478 1978 619 2017 meus,
655 1971 699 2007 et
731 1966 989 2018 glorificabo

159 2032 273 2061 eum:
292 2020 315 2046 *
334 2020 455 2062 Deus
474 2022 612 2073 patris
631 2022 732 2072 mei,
758 2027 803 2064 et
827 2022 990 2064 exalta-

158 2075 217 2117 bo
238 2089 349 2118 eum.

210 2132 425 2174 Dominus
472 2134 598 2185 quasi
643 2134 709 2175 vir
754 2137 990 2187 pugnator,

160 2188 450 2241 Omnipotens
476 2202 637 2231 nomen
662 2191 764 2241 ejus.
783 2191 807 2216 *
827 2191 991 2232 Currus

159 2243 403 2286 Pharaonis
431 2250 475 2287 et
502 2246 742 2288 exercitum
773 2247 863 2299 ejus
890 2260 990 2300 pro-

160 2299 287 2349 jecit‘
275 2314 318 2341 111
337 2314 468 2342 mare.

213 2355 352 2397 Electi
387 2357 610 2410 principes
648 2359 739 2409 ejus
776 2358 989 2400 submersi

162 2415 261 2451 sunt
288 2411 331 2452 in
356 2412 468 2454 Mari
495 2413 686 2455 rubroz*
712 2414 860 2466 abyssi
888 2428 990 2467 ope-

161 2467 340 2508 ruerunt
359 2481 452 2517 eos,
478 2469 834 2513 descenderunt
823 2484 867 2511 ln
890 2484 990 2523 pro-

161 2521 342 2563 fundum
365 2525 487 2575 quasi
504 2525 577 2578 lap
580 2526 627 2566 is.

214 2577 407 2619 Dextera
420 2585 495 2621 tua
509 2582 698 2623 Domine
713 2582 991 2632 magnificata

163 2637 230 2674 est
247 2633 292 2674 in
312 2634 580 2678 fortitudine.
605 2637 788 2679 dextera
808 2643 883 2679 tua
902 2638 990 2679 Do-

162 2689 277 2731 mine
305 2692 525 2742 percussit
552 2694 784 2735 inimicum.
811 2694 835 2720 *
862 2694 919 2736 Et
947 2694 988 2734 in

737 192 843 225 Feria
870 203 902 224 v.
931 192 966 224 in
995 191 1115 224 Coena
1141 190 1307 226 Domini.

1041 281 1322 324 multitudine
1345 282 1499 333 gloriae
1521 286 1610 324 tuae
1630 281 1875 335 deposuisti

1042 338 1322 379 adversarios
1344 343 1461 380 tuos:

1094 393 1254 435 Misisti
1275 395 1387 436 iram
1406 399 1542 444 tuam,
1568 407 1667 447 quae
1692 394 1875 436 devora-

1043 451 1105 492 vit
1131 462 1208 492 eos
1235 450 1348 492 sieut
1373 451 1590 503 stipulam.
1608 451 1632 477 *
1651 451 1709 492 Et
1727 451 1772 491 in
1790 453 1876 504 spi-

1043 506 1129 547 ritu
1166 507 1327 548 furoris
1363 506 1429 548 tui
1462 509 1742 559 congregatae
1775 512 1877 549 sunt

1044 575 1187 615 aquae:

1095 619 1227 660 Stetit
1245 619 1363 660 unda
1380 619 1531 668 fluens,
1551 619 1576 645 *
1595 622 1876 671 congregatae

1045 680 1147 717 sunt
1165 675 1346 734 abyssi
1334 689 1379 716 1n
1397 675 1545 717 medio
1563 675 1684 716 mari.

1094 731 1239 772 Dixit
1227 732 1440 773 mimicus·
1455 732 1703 783 Persequar
1714 735 1759 774 et
1768 744 1878 774 com-

1045 787 1334 840 prehendam,
1353 790 1377 815 *
1397 787 1592 829 dividam
1615 788 1773 841 spolia,
1800 788 1877 829 im-

1044 843 1237 896 plebitur
1256 844 1401 885 anima
1418 856 1532 885 mea:

1095 899 1355 950 Evaginabo
1375 899 1571 951 gladium
1593 912 1755 950 meum,
1773 900 1798 927 *
1816 900 1877 942 in-

1044 955 1234 998 terficiet
1254 969 1332 998 eos
1351 969 1507 997 manus
1525 969 1634 998 mea.

1097 1011 1243 1054 Flavit
1270 1012 1453 1065 spiritus
1480 1016 1598 1062 tuus,
1634 1016 1679 1054 et
1704 1013 1880 1065 operuit

1047 1081 1123 1110 eos
1155 1081 1291 1110 mare:
1318 1068 1343 1095 *
1370 1068 1588 1110 submersi
1618 1073 1720 1110 sunt
1752 1068 1880 1121 quasi

1044 1124 1273 1176 plumbum
1291 1125 1336 1165 in
1356 1125 1482 1176 aquis
1500 1124 1846 1166 vehementibus.

1098 1181 1206 1230 Quis
1235 1181 1388 1222 similis
1415 1181 1479 1222 tui
1506 1181 1551 1222 in
1578 1180 1767 1222 fortibus
1788 1181 1877 1223 Do-

1044 1236 1183 1278 mine?
1198 1237 1222 1263 *
1237 1237 1334 1288 quis
1354 1237 1508 1278 similis
1525 1237 1600 1287 tui,
1619 1237 1878 1288 magnificus

1044 1292 1087 1333 in
1113 1293 1362 1343 sanctitate,
1390 1293 1597 1335 terribilis
1626 1298 1761 1346 atque
1787 1293 1877 1335 lau-

1045 1348 1214 1399 dabilis,
1234 1349 1398 1390 faciens
1417 1347 1658 1391 mirabilia?

1095 1404 1348 1447 Extendisti
1370 1418 1548 1447 manum
1571 1410 1708 1455 tuam,
1737 1409 1781 1447 et
1805 1405 1877 1448 de-

1044 1461 1217 1502 voravit
1246 1474 1324 1503 eos
1351 1466 1480 1504 terra.
1505 1462 1529 1488 *
1556 1462 1661 1503 Dux
1686 1461 1806 1504 fuisti
1832 1462 1877 1503 in

1043 1516 1347 1559 misericordia
1394 1523 1471 1559 tua
1524 1517 1695 1571 populo
1745 1530 1877 1570 quem

1043 1573 1280 1616 redemisti.

1096 1630 1154 1671 Et
1185 1631 1375 1682 portasti
1406 1643 1507 1672 eum
1540 1631 1585 1671 in
1618 1629 1878 1672 fortitudine

1043 1691 1135 1736 tua,
1172 1687 1196 1712 *
1232 1686 1289 1728 ad
1332 1686 1632 1729 habitaculum
1677 1691 1877 1728 sanctum

1043 1748 1179 1785 tuum.

1096 1797 1407 1840 Ascenderunt
1415 1797 1581 1850 populi,
1597 1802 1642 1839 et
1652 1798 1752 1839 irati
1762 1802 1877 1840 sunt:

1043 1855 1067 1882 *
1093 1854 1272 1897 dolores
1296 1853 1581 1896 obtinuerunt
1604 1853 1876 1896 habitatores

1042 1910 1318 1953 Philisthiim.

1096 1968 1223 2009 Tunc
1247 1965 1499 2008 conturbati
1528 1970 1630 2007 sunt
1651 1966 1876 2020 principes

1043 2024 1199 2073 Edom,
1214 2022 1425 2065 robustos
1439 2022 1573 2064 Moab
1588 2022 1779 2065 obtinuit
1791 2027 1876 2064 tre-

1043 2093 1156 2122 mor:
1174 2079 1198 2106 *
1218 2078 1505 2130 obriguerunt
1529 2091 1683 2120 omnes
1709 2078 1876 2120 habita-

1043 2139 1165 2178 tores
1188 2135 1407 2176 Chanaan.

1096 2192 1244 2233 Irruat
1266 2202 1400 2242 super
1424 2202 1501 2232 eos
1527 2190 1717 2232 formido
1738 2195 1783 2232 et
1800 2203 1875 2243 pa-

1044 2260 1140 2297 vor,
1159 2248 1183 2274 *
1202 2247 1246 2288 in
1273 2245 1575 2296 magnitudine
1602 2246 1771 2288 brachii
1795 2246 1875 2288 tui:

1096 2303 1225 2344 Fiant
1243 2301 1490 2344 immobiles
1511 2303 1637 2354 quasi
1654 2302 1778 2355 lapis,
1799 2302 1874 2344 do-

1044 2372 1125 2401 nec
1148 2359 1426 2412 pertranseat
1450 2358 1644 2411 populus
1667 2363 1769 2400 tuus
1786 2359 1875 2400 Do-

1044 2416 1171 2465 mine,
1185 2415 1209 2440 *
1224 2414 1367 2456 donec
1386 2416 1664 2466 pertranseat
1682 2414 1874 2466 populus

1044 2476 1145 2512 tuus
1164 2471 1257 2519 iste,
1278 2482 1409 2522 quem
1428 2469 1677 2522 possedisti.

1095 2525 1358 2568 Introduces
1387 2538 1482 2575 eos,
1510 2531 1555 2567 et
1580 2525 1803 2578 plantabis
1830 2526 1873 2566 in

1044 2588 1194 2624 monte
1218 2581 1488 2623 haereditatis
1514 2586 1619 2631 tuae,
1637 2582 1662 2607 *
1681 2581 1874 2622 firmissi-

1044 2652 1117 2681 mo
1142 2637 1392 2680 habitaculo
1415 2642 1493 2679 tuo
1518 2637 1640 2689 quod
1663 2639 1875 2689 operatus

1044 2708 1091 2736 es
1110 2695 1314 2736 Domine:
