2066 2956
603 186 779 221 Officium
805 186 980 220 votivum
1006 186 1053 219 de
1078 186 1230 220 Sanctis
1256 185 1427 227 Angelis.

161 282 227 322 De
245 280 456 321 Sermone
476 278 615 320 sancti
630 278 833 329 Gregorii
845 278 991 330 Papae.

306 343 363 376 Ex
380 342 550 377 Homilia
568 343 619 376 34.
639 342 677 375 in
697 342 839 384 Evang.

459 395 610 434 Lectio
632 395 683 433 iv.

162 455 178 474 ³³
201 453 358 489 >faula
375 446 646 497 Angelorum
667 446 844 487 nomina
862 446 990 487 inter-

163 493 165 498 ’
194 487 244 529 '⁴¹40ss

303 502 520 556 pretando
545 502 898 554 perstrinximus,
924 505 992 543 su-

231 582 242 583 ff
303 564 463 612 perest‚
482 564 531 600 ut
545 558 642 611 ipsa
657 558 903 599 officiorum
918 571 991 599 vo-

159 615 317 658 cabula
340 615 533 657 breviter
557 616 860 666 exsequamur.
894 614 991 655 Vir-

157 675 275 714 tutes
295 672 457 713 etenim
474 673 689 712 vocantur
709 670 770 711 illi
789 671 991 711 nimirum

158 728 351 781 spiritus,
370 740 451 780 per
471 739 584 779 quos
604 727 727 778 signa
747 731 791 768 et
809 727 991 768 miracu-

159 785 202 826 la
246 784 517 836 frequentius
562 783 682 825 fiunt.
741 784 992 825 Potestates

160 843 291 885 etiam
309 842 523 882 vocantur
542 839 603 889 hi,
632 840 707 891 qui
732 839 818 880 hoc
841 842 992 892 poten-

158 899 245 941 tius
264 896 421 940 ceteris
445 895 490 936 in
509 908 590 936 suo
611 894 765 937 ordine
784 898 993 949 percepe-

159 959 274 1004 runt,
300 959 349 995 ut
368 954 522 994 eorum
541 950 696 993 ditioni
714 952 900 993 virtates
921 951 993 994 ad-

159 1013 300 1052 versae
331 1008 539 1061 subjectae
568 1007 671 1058 sint,
705 1020 893 1059 quorum
917 1021 993 1060 po-

156 1069 317 1109 testate
336 1065 636 1114 refraenantur,
657 1077 739 1106 nec
760 1063 898 1105 corda
916 1064 991 1105 ho-

160 1123 326 1164 minum
343 1126 513 1163 tantum
526 1123 697 1162 tentare
711 1120 994 1173 praevaleant,

163 1183 374 1232 quantum
391 1176 556 1219 volunt.

214 1238 265 1288 Rz.
293 1235 457 1276 Omnes
477 1232 635 1284 Angeli
658 1232 834 1274 stabant
852 1233 896 1273 in
915 1232 993 1273 cir-

160 1291 280 1334 caitu
302 1290 464 1340 throni,
490 1294 534 1331 et
558 1289 793 1338 seniorum,
821 1294 865 1330 et
891 1290 993 1340 qua-

160 1353 262 1390 tuor
281 1346 546 1389 animalium:
563 1348 584 1370 *
600 1345 658 1387 Et
678 1344 931 1387 ceciderunt
950 1345 994 1385 in

161 1405 404 1456 conspectu
421 1402 569 1444 throni
586 1402 631 1442 in
650 1401 785 1443 facies
809 1414 926 1450 suaS‚
952 1406 996 1442 et

161 1459 457 1501 adoraverunt
501 1459 657 1500 Deum.
706 1452 757 1504 ΥΤ.
795 1456 995 1499 Adorate

162 1516 402 1557 Dominum
425 1527 578 1557 omnes
602 1513 762 1565 Angeli
786 1514 888 1565 ejus.
928 1513 996 1554 Et.

476 1572 629 1613 Lectio
650 1584 687 1610 v,

246 1627 487 1680 rincipatus
513 1627 647 1668 etiam
665 1627 895 1675 vocantur,
922 1626 997 1677 qui

256 1683 365 1735 ipsis
384 1695 562 1736 quoque
580 1682 708 1725 bonis
724 1681 996 1732 Angelorum

163 1739 391 1792 spiritibus
423 1744 637 1792 praesunt,
678 1738 753 1791 qui
789 1738 995 1789 subjectis

163 1796 259 1837 aliis
300 1795 405 1838 dum
447 1808 636 1847 quaeque
680 1799 781 1836 sunt
825 1793 996 1845 agenda

163 1851 420 1904 disponunt,
446 1852 509 1894 eis
533 1851 591 1894 ad
611 1850 829 1903 explenda
849 1849 997 1891 divina

162 1908 403 1951 ministeria
433 1908 747 1961 principantur.
788 1906 995 1948 Domina-

163 1965 307 2007 tiones
333 1969 480 2006 autem
506 1965 735 2012 vocantur·‚
769 1963 844 2014 qui
868 1962 999 2004 etiam

165 2023 413 2074 potestates
435 2019 762 2072 principatuum
782 2018 998 2060 dissimili-

165 2078 318 2120 tfidine
364 2077 452 2120 alta
496 2075 824 2118 transcendunt.
884 2076 999 2117 Nam

165 2134 404 2187 principari
431 2138 499 2175 est
525 2133 638 2174 inter
665 2132 859 2184 reliquos
884 2132 999 2184 prio-

166 2203 260 2231 rem
288 2191 513 2231 exsistere:
546 2187 762 2230 dominari
794 2200 900 2229 vero
933 2193 1000 2229 est

168 2246 299 2287 etiam
314 2245 535 2296 subjectos
548 2256 748 2296 quosque
759 2242 1000 2296 possidere.

167 2302 335 2343 Throni
373 2313 550 2352 quoque
588 2299 662 2340 illa
695 2300 868 2351 agmina
901 2304 1001 2341 sunt

1790 179 1881 225 [221]

1046 277 1089 318 in
1108 289 1240 317 manu
1259 288 1348 325 sua,
1371 280 1415 317 et
1435 274 1539 317 data
1559 280 1660 316 sunt
1679 276 1719 317 ei
1737 275 1879 317 incen-

1046 346 1095 374 sa
1113 332 1265 373 multa:
1284 337 1306 359 *
1327 332 1383 373 Et
1403 331 1603 372 ascendit
1622 331 1766 372 fumus
1786 334 1879 373 aro-

1045 394 1212 430 matum
1232 387 1287 429 de
1306 401 1437 429 manu
1458 387 1615 438 Angeli
1634 387 1678 428 in
1698 390 1880 440 conspe-

1048 450 1122 487 ctu
1148 444 1338 485 Domini.
1370 443 1419 493 Ψ,
1448 445 1499 484 In
1525 445 1767 496 conspectu
1792 445 1879 484 An-

1047 501 1246 553 gelorum
1269 499 1456 553 psallam
1479 500 1573 541 tibi:
1599 500 1797 542 adorabo
1823 500 1879 541 ad

1045 557 1260 610 templum
1286 562 1485 598 sanctum
1511 562 1650 605 tuum,
1679 563 1722 598 et
1747 557 1878 597 confi-

1045 614 1174 656 tebor
1192 613 1357 654 nomini
1376 618 1452 654 tuo
1473 613 1672 654 Domine.
1700 613 1768 654 Et.

1352 677 1501 716 Lectio
1524 677 1573 715 vi.

1122 734 1323 776 herubim
1346 746 1523 785 quoque
1547 731 1777 785 plenitudo
1802 732 1880 772 sci-

1157 791 1287 831 entiae
1324 789 1502 839 dicitur3
1544 794 1588 830 et
1625 788 1882 829 sublimiora

1047 849 1121 890 illa
1150 847 1323 898 agmina
1350 846 1517 887 idcirco
1545 844 1781 886 Cherubim
1810 856 1881 884 vo-

1048 907 1146 946 cata
1179 908 1298 952 sunt,
1337 902 1438 954 quia
1470 906 1595 943 tanto
1627 900 1882 953 perfectiori

1049 960 1230 1002 scientia
1243 959 1374 1011 plena
1394 963 1506 1007 sunt,
1528 963 1692 1009 quanto
1713 956 1881 997 clarita-

1048 1022 1138 1058 tem
1172 1016 1256 1057 Dei
1292 1015 1476 1057 vicinius
1514 1013 1882 1065 contemplantur.

1048 1072 1277 1125 Seraphim
1302 1072 1434 1112 etiam
1460 1073 1674 1112 vocantur
1698 1069 1771 1109 illa
1798 1069 1882 1120 spi-

1049 1132 1210 1170 rituum
1231 1129 1484 1169 sanctorum
1504 1126 1686 1177 agmina,
1708 1138 1807 1176 quae
1828 1137 1882 1165 ex

1049 1184 1259 1236 singulari
1278 1183 1610 1236 propinquitate
1629 1180 1882 1222 Conditoris

1049 1241 1116 1282 sui
1156 1239 1493 1292 incomparabili
1530 1237 1685 1279 ardent
1722 1238 1883 1277 amore.

1049 1296 1278 1349 Seraphim
1299 1307 1489 1346 namque
1510 1293 1715 1335 ardentes
1735 1292 1805 1333 vel
1823 1292 1883 1332 in-

1049 1353 1287 1394 cendentes
1312 1353 1543 1400 vocantur;
1571 1362 1758 1401 quorum
1782 1361 1882 1401 pro-

1049 1409 1165 1450 fecto
1195 1408 1371 1449 flamma
1400 1419 1523 1447 amor
1552 1410 1634 1447 est:
1667 1405 1770 1456 quia
1795 1416 1883 1455 quo

1050 1521 1277 1573 aspiciunt,
1295 1532 1348 1561 eo
1363 1518 1551 1560 validius
1566 1519 1610 1558 in
1627 1519 1718 1569 ejus
1734 1519 1883 1558 amore

1050 1577 1366 1618 flammescunt.

1105 1637 1155 1687 R».
1169 1633 1220 1673 In
1236 1634 1477 1684 conspectu
1493 1630 1762 1681 Angelorum
1778 1628 1886 1682 psal-

1049 1690 1138 1730 lam
1162 1688 1259 1738 tibi,
1293 1693 1336 1729 et
1365 1687 1563 1729 adorabo
1589 1686 1646 1727 ad
1671 1685 1883 1738 templum

1051 1750 1249 1786 sanctum
1267 1749 1405 1786 tuum:
1428 1746 1449 1769 *
1467 1743 1525 1784 Et
1543 1742 1790 1784 confitebor
1809 1743 1884 1782 no-

1050 1802 1154 1842 mini
1177 1806 1254 1843 tuo
1279 1800 1478 1841 Domine.
1515 1796 1565 1847 V.
1592 1799 1734 1851 Super
1759 1798 1884 1839 mise-

1050 1856 1242 1899 ricordia
1269 1862 1344 1898 tua
1373 1861 1417 1897 et
1443 1856 1629 1898 veritate
1656 1860 1746 1896 tua:
1779 1857 1884 1906 quo-

1050 1914 1167 1955 niam
1180 1912 1471 1963 magnificasti
1487 1924 1620 1964 super
1633 1924 1715 1952 nos
1726 1923 1885 1952 nomen

1051 1975 1251 2011 sanctum
1270 1974 1405 2010 tuum.
1446 1969 1514 2010 Et.
1556 1967 1717 2008 Gloria.
1758 1968 1824 2007 Et.

1270 2052 1319 2090 In
1347 2050 1418 2089 III.
1446 2049 1669 2088 Nocturno.

1107 2115 1206 2153 Ant.
1234 2113 1352 2153 Misit
1369 2111 1594 2153 Dominus.

1330 2180 1530 2220 Psalmus
1550 2180 1615 2219 95.

1063 2262 1167 2307 N
1176 2245 1325 2284 antate
1349 2241 1542 2282 Domino
1568 2241 1787 2281 canticum
1812 2250 1886 2278 no-

1081 2318 1084 2330 «
1098 2314 1167 2336 ι
1189 2312 1307 2340 vum:
1321 2299 1344 2325 *
1357 2299 1530 2338 cantate
1541 2295 1732 2336 Domino
1744 2294 1886 2335 omnis

168 2360 340 2407 vocata,
368 2356 527 2409 quibus
552 2354 610 2397 ad
629 2354 876 2397 exercenda
895 2354 1000 2407 judi·
1064 2354 1110 2377 ³
1146 2374 1167 2380 <—

169 2414 237 2455 cia
255 2426 430 2465 semper
448 2413 570 2454 Deus
590 2414 871 2464 omnipotens
889 2413 1000 2463 prae-

169 2469 293 2511 sidet.
326 2468 454 2511 Unde
477 2474 521 2510 et
542 2481 624 2521 per
642 2467 920 2509 Psalmistam
940 2465 1001 2508 di-

169 2526 295 2567 citur:
332 2524 471 2567 Sedes
503 2537 637 2577 super
667 2524 889 2571 thronum,
928 2523 1002 2574 qui

170 2581 337 2633 indicas
355 2582 620 2634 aequitatem.

226 2638 275 2688 Rz-
316 2637 445 2679 Stetit
480 2636 677 2687 Angelus
722 2637 841 2687 juxta
881 2647 1002 2674 aram

174 2693 334 2746 templi,
351 2693 520 2735 habens
535 2692 806 2735 thuribulum
821 2693 1003 2731 aareum-

1108 2411 1292 2451 Cantate
1320 2409 1529 2456 Domino,
1566 2412 1610 2448 et
1639 2406 1886 2448 benedicite

1054 2467 1220 2507 nomini
1240 2467 1346 2517 ejus:
1364 2465 1388 2490 *
1408 2463 1660 2505 annuntiate
1680 2462 1734 2504 de
1756 2462 1827 2504 die
1843 2462 1885 2502 in

1055 2522 1172 2563 diem
1192 2522 1383 2563 salutare
1403 2521 1504 2571 ejus.

1106 2577 1375 2618 Annuntiate
1390 2576 1503 2616 inter
1519 2574 1686 2615 Gentes
1701 2574 1885 2625 gloriam

1055 2635 1161 2685 ejus,
1180 2635 1203 2659 *
1222 2634 1265 2673 in
1290 2631 1492 2673 omnibus
1516 2630 1694 2683 populis
1713 2630 1885 2671 mirabi-

1053 2689 1111 2731 lia
1130 2691 1232 2741 ejus.
