2028 2892
551 192 623 226 Die
648 192 699 226 19.
722 191 860 226 Martii.
906 192 941 227 S.
965 194 1115 236 Joseph
1139 192 1281 235 Sponsi
1306 193 1346 226 B.
1371 193 1417 227 M.
1443 194 1485 227 V.

170 284 234 324 vi:
263 285 287 310 *
321 289 365 326 et
395 284 617 326 exaudivit
653 297 723 326 me
753 285 809 326 de
845 291 995 327 monte

170 344 321 381 sancto
350 353 440 381 suo.

220 395 316 446 Ego
337 395 537 445 dormivi,
565 400 609 437 et
633 398 867 447 soporatus
887 410 995 437 sum:

170 451 194 477 *
214 455 258 492 et
282 451 521 501 exsurrexi,
548 451 651 503 quia
670 451 886 492 Dominus
905 465 994 493 sus-

170 505 287 557 cepit
303 518 384 547 me.

219 561 322 602 Non
359 561 525 604 timebo
557 563 693 604 millia
728 563 883 616 populi
917 564 994 604 cir-

170 616 414 658 cumdantis
439 631 523 659 me:
542 620 566 646 *
586 622 771 669 exsurge
794 619 994 669 Domine,

169 671 339 712 salvum
358 686 429 714 me
448 673 518 714 fac
538 674 660 715 Deus
678 687 812 715 meus.

222 723 438 773 Quoniam
471 729 519 766 tu
554 726 812 777 percussisti
843 738 994 766 omnes

170 778 455 821 adversantes
472 780 579 820 mihi
595 781 687 822 sine
702 794 847 822 causa:
858 782 882 808 *
893 781 993 822 den-

169 838 237 874 tes
256 837 541 886 peccatorum
560 836 817 877 contrivisti.

220 889 400 931 Domini
419 895 486 932 est
511 891 644 932 salus:
660 893 685 919 *
704 897 748 933 et
767 904 900 944 super
918 893 993 944 po-

169 945 321 996 pulum
338 950 462 987 tuum
479 944 730 988 benedictio
749 952 835 988 tua.

221 1011 321 1050 Ant.
353 1010 469 1051 Ecce
493 1010 688 1060 Angelus
714 1011 892 1051 Domini
921 1023 994 1063 ap-

169 1064 314 1115 paruit
344 1065 388 1104 in
420 1066 584 1106 somnis
615 1066 796 1118 Joseph,
829 1066 995 1107 dicens:

169 1119 321 1170 Surge,
354 1124 398 1161 et
429 1121 579 1173 accipe
606 1124 807 1173 puerum,
838 1126 882 1162 et
908 1134 995 1162 ma-

168 1179 280 1216 trem
298 1175 398 1226 ejus,
418 1180 462 1217 et
480 1176 582 1226 fuge
599 1176 643 1216 in
661 1177 913 1227 AEgyptum.

219 1236 271 1285 V.
297 1239 531 1280 Constituit
553 1252 653 1280 eum
672 1239 899 1281 dominum
919 1239 993 1281 do-

167 1307 263 1335 mus
289 1307 392 1335 suae.
425 1297 475 1348 Ε.
505 1295 563 1336 Et
587 1295 830 1347 principem
855 1295 995 1336 omnis

166 1350 461 1402 possessionis
481 1363 583 1391 suae.

367 1432 434 1472 De
461 1430 574 1473 libro
604 1430 798 1472 Genesis.

270 1490 422 1532 Lectio
443 1492 466 1531 i.
703 1490 806 1541 Cap.
824 1491 890 1529 39.

183 1569 215 1586 ι
237 1549 419 1602 3220seph
462 1550 592 1600 igitur
639 1549 796 1591 ductus
842 1554 908 1590 est
951 1549 995 1589 in

182 1610 202 1641 fr*
245 1625 261 1654 ῃ
296 1606 555 1657 AEgthum,
584 1607 776 1657 emitque
795 1617 894 1645 eum
911 1605 994 1646 Pu-

234 1657 271 1674 ”’”“
296 1660 442 1712 tiphar
479 1660 703 1701 eumichus
739 1660 995 1710 Pharaonis,

167 1716 373 1767 princeps
399 1716 632 1765 exercitus,
660 1715 726 1756 vir
748 1716 995 1767 AEgyptius,

170 1769 225 1812 de
253 1783 385 1811 manu
411 1770 747 1820 Ismaelitarum,
780 1783 806 1810 a
838 1770 995 1822 quibus

168 1825 407 1877 perductus
431 1830 534 1867 erat.
570 1826 758 1877 Fuitque
780 1826 995 1866 Dominus

169 1893 269 1921 cum
287 1893 358 1930 eo,
386 1885 430 1923 et
453 1886 548 1922 erat
565 1881 631 1922 vir
649 1881 693 1920 in
711 1881 878 1922 cunctis
897 1883 995 1932 pro-

169 1948 297 1988 spere
315 1948 462 1986 agens:
479 1935 780 1986 habitavitque
798 1936 842 1975 in
862 1934 994 1976 domo

170 1989 335 2032 domini
349 1991 425 2041 sui,
443 1992 518 2042 qui
532 1991 697 2043 optime
711 1992 894 2031 noverat
906 1991 994 2031 Do-

168 2046 333 2086 minum
352 2058 448 2087 esse
468 2059 567 2087 cum
585 2059 650 2096 eo,
670 2050 713 2087 et
732 2046 877 2086 omnia
896 2058 995 2096 quae

169 2102 351 2151 gereret,
369 2100 425 2142 ab
446 2113 499 2142 eo
519 2101 646 2152 dirigi
663 2101 707 2141 in
724 2113 856 2141 manu
870 2099 996 2141 illius.

169 2156 430 2206 Invenitque
452 2156 478 2196 J
480 2155 620 2208 oseph
640 2156 825 2207 gratiam
850 2167 996 2196 coram

171 2209 349 2252 domino
382 2223 479 2261 suo,
511 2216 555 2253 et
581 2210 856 2252 ministrabat
883 2211 939 2259 ei,
971 2223 997 2251 a

172 2277 259 2317 quo
280 2266 546 2318 praepositus
566 2265 766 2307 omnibus
785 2265 995 2315 guberna-

170 2320 247 2362 bat
271 2320 482 2362 creditam
505 2320 588 2363 sibi
613 2319 806 2371 domum,
838 2325 882 2361 et
906 2321 995 2361 uni-

171 2377 298 2416 versa
352 2388 451 2430 quae
505 2376 545 2417 ei
597 2375 759 2417 tradita
810 2376 996 2416 fuerant:

171 2429 482 2482 benedixitque
552 2431 766 2472 Dominus
847 2430 997 2472 domui

173 2485 371 2538 AEgyptii
397 2491 580 2538 propter
610 2486 787 2537 Joseph.

228 2546 280 2596 Rz-
309 2550 410 2591 Fuit
439 2550 653 2591 Dominus
689 2562 787 2590 cum
820 2548 996 2600 Joseph,

175 2608 219 2646 et
252 2603 374 2646 dedit
406 2605 445 2646 ei
476 2605 660 2656 gratiam
684 2605 729 2644 in
756 2605 998 2655 conspectu

174 2660 382 2711 principis
415 2660 617 2701 carceris:
649 2654 672 2678 *
699 2659 783 2709 Qui
816 2657 998 2699 tradidit

326 2796 391 2820 Pars
406 2797 499 2821 Verna.

1047 287 1091 326 in
1122 299 1253 327 manu
1282 287 1396 327 illius
1431 288 1660 329 universos
1692 288 1873 329 vinctos.

1046 338 1098 390 V.
1126 342 1350 394 Quidquid
1368 343 1517 392 fiebat,
1546 343 1626 385 sub
1645 343 1744 395 ipso
1766 347 1874 384 erat:

1047 397 1262 438 Dominus
1295 398 1408 439 enim
1442 404 1534 440 erat
1571 412 1669 440 cum
1700 399 1792 449 illo,
1832 403 1876 440 et

1049 453 1194 494 omnia
1213 456 1349 506 opera
1368 455 1459 505 ejus
1480 454 1705 505 dirigebat.
1734 454 1828 504 Qui.

1149 512 1302 552 Lectio
1322 510 1361 550 ii.
1543 512 1645 562 Cap.
1659 512 1718 550 41.
1735 524 1768 551 e.

1131 563 1265 605 lacuit
1295 564 1513 605 Pharaoni
1545 565 1774 605 consilium
1806 565 1876 606 Jo-

1146 619 1270 671 seph,
1295 624 1339 660 et
1357 620 1524 660 cunctis
1544 619 1751 661 ministris
1771 621 1877 671 ejus:

1047 675 1310 726 locutosque
1336 680 1402 716 est
1426 675 1483 716 ad
1507 687 1598 716 eos:
1625 675 1743 716 Num
1761 676 1876 716 inve-

1047 733 1141 771 nire
1172 730 1414 782 poterimus
1446 730 1580 771 talem
1611 730 1767 781 virum,
1803 732 1877 782 qui

1048 786 1203 838 spiritu
1227 786 1312 827 Dei
1336 786 1492 838 plenus
1517 785 1596 826 sit?
1623 786 1747 827 Dixit
1771 799 1875 837 ergo

1048 841 1105 882 ad
1119 842 1145 881 J
1147 841 1301 893 oseph:
1321 841 1432 891 Quia
1451 840 1643 882 ostendit
1661 841 1741 882 tibi
1756 842 1877 883 Deus

1049 897 1193 937 omnia
1226 909 1324 948 quae
1355 897 1530 938 locutus
1563 909 1626 946 eS,
1663 896 1877 949 numquid

1048 951 1357 1004 sapientiorem
1381 957 1424 994 et
1447 951 1718 993 consimilem
1735 953 1800 994 tui
1817 953 1876 993 in-

1047 1009 1195 1048 venire
1218 1006 1398 1059 potero?
1430 1009 1499 1048 Tu
1527 1008 1611 1049 eris
1643 1021 1774 1060 super
1801 1008 1876 1049 do-

1047 1075 1166 1103 mum
1184 1076 1341 1113 meam,
1367 1068 1410 1105 et
1434 1063 1491 1104 ad
1513 1064 1577 1104 tui
1598 1064 1685 1104 oris
1704 1064 1876 1115 imperi-

1047 1130 1121 1158 um
1146 1123 1327 1160 cunctus
1351 1118 1544 1170 populus
1570 1118 1761 1160 obediet:
1788 1131 1876 1159 uno

1047 1178 1217 1214 tantum
1236 1174 1358 1224 regni
1377 1173 1488 1214 solio
1508 1179 1552 1214 te
1571 1172 1832 1225 praecedam.

1099 1229 1150 1279 R».
1183 1228 1412 1270 Esuriente
1439 1234 1557 1270 terra
1582 1229 1766 1281 AEgthi
1793 1229 1876 1270 cla-

1047 1283 1182 1324 mavit
1200 1284 1393 1335 populus
1414 1283 1471 1325 ad
1489 1296 1652 1334 regem,
1672 1285 1876 1325 alimenta

1048 1344 1213 1390 petens,
1242 1339 1408 1388 Quibus
1426 1339 1498 1380 ille
1514 1338 1790 1391 responditz*
1810 1340 1877 1380 Ite

1049 1393 1105 1435 ad
1118 1394 1143 1434 J
1145 1394 1295 1446 oseph,
1317 1399 1360 1435 et
1379 1394 1592 1446 quidquid
1610 1394 1738 1436 vobis
1759 1394 1876 1435 dixe-

1047 1449 1119 1498 rit,
1147 1449 1288 1490 facite.
1328 1443 1378 1494 V.
1413 1450 1649 1491 Crescebat
1680 1449 1876 1501 quotidie

1048 1504 1184 1545 fames
1216 1505 1260 1544 in
1293 1505 1409 1546 omni
1439 1510 1575 1554 terra,
1617 1508 1876 1556 aperuitque

1047 1560 1071 1599 J
1074 1559 1213 1611 oseph
1232 1561 1435 1601 universa
1456 1560 1630 1610 horrea,
1657 1565 1699 1601 et
1718 1561 1875 1601 vende-

1047 1614 1123 1656 bat
1142 1615 1373 1667 AEgyptiis.
1400 1617 1476 1657 Ite.

1344 1669 1495 1709 Lectio
1516 1668 1571 1707 iii.

1048 1722 1299 1825 Dixitque
1330 1739 1479 1767 rursus
1512 1726 1684 1767 Pharao
1718 1726 1774 1768 ad
1805 1727 1830 1767 J
1833 1739 1875 1768 o-

1157 1781 1283 1833 seph:
1308 1782 1435 1831 Ecce,
1456 1781 1660 1823 constitui
1681 1786 1724 1822 te
1744 1795 1876 1834 super

1048 1836 1295 1877 universam
1322 1842 1485 1877 terram
1509 1837 1703 1888 AEgthi.
1740 1837 1875 1878 Tulit-

1050 1903 1135 1942 que
1159 1891 1365 1932 annulum
1391 1892 1445 1933 de
1469 1905 1599 1933 manu
1618 1905 1711 1941 sua,
1741 1897 1784 1933 et
1804 1891 1876 1933 de-

1049 1946 1112 1988 dit
1136 1959 1235 1987 eum
1256 1947 1300 1986 in
1323 1960 1453 1988 manu
1477 1948 1584 1999 ejus,
1612 1948 1875 1998 vestivitque

1049 2014 1148 2042 eum
1159 2001 1272 2042 stola
1282 2002 1470 2053 byssina,
1485 2007 1529 2043 et
1546 2002 1659 2043 collo
1672 2007 1876 2053 torquem

1049 2059 1227 2097 auream
1274 2057 1595 2109 circumposuit.
1666 2058 1876 2107 Fecitque

1050 2123 1149 2151 eum
1176 2111 1412 2153 ascendere
1441 2125 1573 2164 super
1604 2124 1776 2153 currum
1808 2123 1875 2152 su-

1049 2179 1122 2206 um
1142 2165 1397 2216 secundum,
1426 2167 1640 2208 clamante
1658 2168 1875 2218 praecone,

1048 2226 1096 2261 ut
1115 2233 1265 2262 omnes
1284 2234 1433 2262 coram
1452 2234 1505 2262 eo
1524 2221 1874 2272 genuflecterent,

1049 2279 1092 2316 et
1109 2276 1397 2327 praepositum
1416 2288 1513 2317 esse
1532 2276 1691 2316 scirent
1707 2276 1874 2316 univer-

1049 2341 1110 2369 sae
1140 2334 1270 2371 terrae
1302 2331 1497 2382 AEgypti.
1544 2330 1666 2371 Dixit
1699 2342 1874 2381 quoque

1047 2396 1126 2425 rex
1150 2384 1206 2426 ad
1231 2386 1412 2437 Joseph:
1444 2386 1539 2435 Ego
1565 2398 1661 2425 sum
1686 2385 1873 2426 Pharao:

1048 2439 1214 2490 absque
1246 2445 1323 2481 tuo
1350 2440 1534 2492 imperio
1564 2452 1652 2480 non
1679 2439 1874 2482 movebit

1049 2494 1278 2546 quisquam
1315 2508 1490 2536 manum
1525 2499 1599 2536 aut
1634 2494 1794 2547 pedem
1829 2496 1873 2536 in

1049 2550 1166 2589 omni
1185 2554 1301 2590 terra
1319 2550 1511 2601 AEgthi.

1105 2603 1158 2653 Ιῖι.
1176 2604 1299 2645 Fecit
1320 2617 1390 2644 me
1412 2604 1626 2645 Dominus
1651 2605 1776 2656 quasi
1798 2618 1871 2656 pa-

1047 2663 1159 2700 trem
1182 2659 1312 2708 regis,
1344 2663 1387 2699 et
1410 2657 1634 2699 dominum
1656 2659 1872 2701 universae

1601 2787 1640 2818 27
