2028 2892
236 288 479 332 Secundum
510 282 849 327 misericordiam
881 286 999 323 tuam

187 348 401 389 memento
421 343 505 384 mei
523 348 583 383 tu:
598 342 620 366 *
637 344 816 393 propter
833 337 999 380 bonita-

189 410 276 445 tem
296 408 412 443 tuam
431 398 627 440 Demine.

238 457 387 499 Dulcis
407 462 450 497 et
466 460 610 496 rectus
625 452 850 493 Dominus:
865 451 887 476 *
904 462 1000 502 pro-

188 520 284 568 pter
307 513 390 554 hoc
412 512 551 562 legem
576 509 695 551 dabit
719 506 999 559 delinquenti·

189 572 269 612 bus
288 570 330 610 in
350 569 428 609 via.

240 626 407 675 Diriget
434 625 684 665 mansuetos
711 621 752 661 in
781 619 951 671 judicio:
979 619 1001 643 *

190 681 363 724 docebit
381 680 507 721 mites
526 680 617 720 vias
637 691 747 719 suas.

242 738 463 779 Universae
474 736 554 776 viae
566 734 750 783 Domini,
765 732 1002 773 misericer-

193 794 263 836 dia
292 799 334 835 et
359 792 533 841 veritas,
557 792 579 816 *
604 788 920 842 requirentibus
943 792 1002 828 te-

192 851 452 892 stamentum
471 848 559 900 ejus
579 852 621 889 et
640 845 886 888 testimenia
904 844 1003 895 ejus.

242 907 426 957 Propter
467 916 622 945 nomen
663 908 783 943 tuum
819 900 1004 941 Demine

193 960 497 1015 propitiaberis
521 961 702 1012 peccato
726 970 839 999 meo:
858 958 880 981 *
900 956 1004 997 mul-

194 1024 284 1060 tum
305 1022 371 1058 est
390 1017 511 1058 enim.

245 1073 349 1123 Quis
374 1078 440 1114 est
464 1072 595 1113 homo
621 1071 692 1123 qui
715 1070 837 1111 timet
860 1069 1006 1110 Demi-

194 1128 321 1171 num?
353 1130 375 1154 *
407 1129 545 1178 legem
583 1127 733 1168 statuit
771 1126 808 1167 ei
845 1126 886 1166 in
924 1125 1006 1174 via,

197 1198 324 1238 quam
343 1184 482 1235 elegit.

246 1242 401 1282 Anima
429 1241 517 1292 ejus
544 1240 586 1280 in
615 1239 740 1281 bonis
768 1237 1007 1279 demorabi-

195 1303 284 1340 tur:
311 1298 333 1323 *
361 1302 405 1339 et
436 1309 581 1338 semen
614 1296 702 1347 ejus
734 1294 1008 1336 haereditabit

196 1360 365 1396 terram.

247 1410 583 1451 Firmamentum
620 1412 686 1449 est
716 1407 928 1448 Dominus
960 1406 1009 1447 ti-

196 1465 411 1507 mentibus
439 1478 554 1506 eum:
581 1465 604 1490 *
632 1469 675 1505 et
703 1464 1009 1505 testamentum

197 1522 331 1574 ipsius
351 1527 398 1562 ut
417 1520 713 1561 manifestetur
731 1519 825 1559 illis.

249 1577 373 1618 Oculi
391 1577 474 1618 mei
499 1589 670 1628 semper
690 1575 745 1617 ad
763 1575 1010 1616 Dominum:

199 1635 221 1658 ¹⁸¹
247 1633 447 1685 queniam
470 1633 564 1684 ipse
594 1631 749 1673 evellet
777 1630 831 1672 de
853 1630 1011 1683 laqueo

200 1688 335 1741 pedes
354 1700 486 1729 meos.

254 1745 437 1797 Respice
456 1744 497 1784 in
516 1757 600 1792 me,
624 1748 667 1784 et
690 1743 893 1783 miserere
916 1742 1013 1783 mei:

196 1802 224 1828 ·*
245 1801 343 1852 quia
362 1800 512 1841 unicus
532 1804 574 1841 et
592 1811 758 1852 pauper
778 1811 872 1839 sum
891 1811 983 1849 ego.

253 1856 573 1897 Tribulationes
598 1854 741 1896 cordis
770 1855 853 1895 mei
876 1854 1014 1895 multi-

203 1912 375 1965 plicatae
403 1916 516 1952 sunt:
547 1912 570 1936 *
603 1910 656 1952 de
685 1910 1015 1952 necessitatibus

204 1968 310 2009 meis
330 1970 430 2008 erue
449 1980 529 2008 me.

257 2023 368 2065 Vide
395 2022 680 2064 humilitatem
706 2035 861 2071 meam,
890 2027 933 2064 et
960 2023 1016 2063 la-

206 2080 356 2121 borem
371 2079 559 2120 meumz*
571 2084 614 2120 et
633 2078 800 2120 dimitte
819 2079 1017 2120 universa

207 2135 364 2177 delicta
383 2148 488 2176 mea.

259 2191 444 2244 Respice
463 2191 657 2231 inimicos
676 2203 796 2231 meos
817 2190 1018 2243 queniam

209 2247 479 2299 multiplicati
505 2251 619 2295 sunt,
637 2248 660 2272 *
679 2252 723 2288 et
747 2246 847 2288 edio
872 2247 1018 2299 iniquo

210 2302 393 2344 oderunt
412 2316 491 2344 me.

263 2358 440 2400 Custodi
466 2358 651 2399 animam
674 2371 829 2407 meam,
857 2363 900 2399 et
919 2360 1020 2400 erue

211 2427 294 2455 me:
308 2415 330 2438 *
346 2426 431 2454 non
446 2414 695 2455 erubescam
713 2415 913 2466 queniam
926 2427 1020 2467 spe-

212 2469 303 2509 ravi
323 2469 363 2509 in
383 2475 436 2510 te.

264 2525 517 2566 Innocentes
545 2532 587 2567 et
615 2526 719 2567 recti
749 2525 1023 2569 adhaeserunt

213 2580 328 2621 mihi:
347 2581 369 2605 ¹⁸¹
390 2581 488 2632 quia
507 2582 685 2623 sustinui
706 2588 759 2623 te.

264 2636 418 2677 Libera
446 2637 564 2678 Deus
591 2638 739 2687 Israel,
763 2639 785 2663 *
811 2651 863 2679 ex
892 2640 1023 2679 emni-

214 2692 294 2733 bus
314 2692 658 2734 tribulatiOnibus
678 2695 776 2735 suis.

184 196 230 231 28
498 200 535 233 In
564 198 684 232 feriali
710 196 843 230 Officio
869 194 916 228 ad
944 193 1103 227 Primam
1129 196 1247 227 (extra
1272 195 1383 230 temp.
1409 185 1561 229 pasch.»

1243 274 1413 311 Feria
1448 272 1673 319 Quarta.

1323 351 1519 392 Psalmus
1539 349 1602 388 25.

1051 411 1248 519 Ji'idica
1267 426 1335 455 me
1351 411 1549 460 Domine,
1567 408 1771 462 quoniam
1790 420 1872 459 ego

1151 472 1193 513 in
1229 469 1474 511 innocentia
1510 479 1607 509 mea
1653 466 1873 515 ingressus

1053 543 1161 570 sum:
1184 529 1207 554 *
1233 533 1276 569 et
1300 527 1341 567 in
1367 524 1555 566 Demino
1581 534 1762 576 sperans
1786 533 1874 562 non

1052 584 1315 626 infirmabor.

1103 640 1247 683 Proba
1265 652 1335 681 me
1354 637 1556 687 Demine,
1581 640 1625 678 et
1648 639 1770 677 tenta
1791 647 1876 676 me:

1053 700 1076 724 *
1096 710 1171 739 ure
1190 709 1316 738 renes
1335 707 1457 736 meos
1477 699 1521 735 et
1539 705 1616 734 cor
1634 704 1791 733 meum.

1106 753 1319 804 Quoniam
1346 749 1644 792 misericordia
1672 753 1747 790 tua
1775 752 1876 789 ante

1056 810 1206 852 oculos
1226 821 1348 851 meos
1368 812 1448 849 est:
1466 807 1489 833 *
1509 811 1554 848 et
1569 804 1815 858 complacui
1831 804 1876 845 in

1056 867 1238 909 veritate
1257 871 1342 907 tua.

1106 924 1206 965 Non
1226 921 1319 964 sedi
1338 934 1436 963 cum
1455 919 1639 962 concilio
1658 917 1878 960 vanitatis:

1056 982 1079 1006 *
1107 985 1151 1021 et
1187 992 1285 1020 cum
1320 979 1466 1030 iniqua
1501 974 1754 1027 gerentibus
1789 986 1878 1015 non

1057 1036 1257 1079 introibo.

1109 1092 1237 1134 Odivi
1257 1091 1484 1133 ecclesiam
1502 1086 1879 1140 malignantiumz*

1059 1155 1102 1192 et
1122 1163 1219 1191 cum
1238 1148 1380 1201 impiis
1398 1159 1486 1188 non
1506 1145 1682 1187 sedebo.

1109 1204 1287 1247 Lavabo
1310 1204 1422 1245 inter
1449 1203 1704 1244 innocentes
1726 1212 1880 1241 manus

1059 1275 1192 1304 meas:
1207 1262 1230 1287 *
1246 1266 1289 1302 et
1308 1258 1588 1302 circumdabo
1605 1258 1744 1300 altare
1758 1262 1882 1299 tuum

1060 1319 1264 1360 Demine:

1112 1376 1171 1417 Ut
1203 1374 1375 1416 audiam
1406 1385 1562 1415 vocem
1592 1370 1751 1420 laudis,
1782 1370 1807 1396 *
1839 1373 1883 1411 et

1062 1434 1259 1474 enarrem
1278 1430 1479 1471 universa
1497 1428 1711 1470 mirabilia
1728 1431 1814 1469 tua.

1113 1488 1299 1529 Demine
1327 1486 1458 1528 dilexi
1490 1485 1695 1527 decorem
1727 1483 1884 1525 domus

1062 1550 1165 1594 tuae,
1192 1545 1215 1570 *
1243 1548 1287 1585 et
1314 1543 1459 1584 locum
1487 1540 1768 1584 habitatit'mis
1795 1539 1885 1591 glo-

1064 1602 1139 1642 riae
1159 1606 1257 1642 tuae.

1114 1657 1182 1698 Ne
1200 1656 1360 1709 perdas
1380 1668 1478 1697 cum
1496 1654 1640 1707 impiis
1659 1654 1780 1695 Deus
1800 1652 1887 1694 ani-

1065 1726 1180 1754 mam
1198 1726 1350 1762 meam,
1369 1713 1392 1738 *
1412 1717 1456 1753 et
1475 1724 1574 1753 cum
1593 1710 1697 1751 viris
1718 1708 1887 1760 sangui-

1067 1783 1168 1811 num
1187 1769 1320 1810 vitam
1339 1781 1495 1810 meam:

1117 1827 1167 1866 In
1197 1838 1380 1878 quorum
1409 1824 1608 1865 manibus
1636 1822 1888 1876 iniquitates

1069 1887 1186 1923 sunt:
1205 1883 1228 1908 *
1248 1881 1427 1923 dextera
1452 1883 1603 1923 eorum
1628 1879 1797 1933 repleta
1822 1883 1889 1920 est

1068 1937 1327 1980 muneribus.

1120 1995 1213 2045 Ego
1234 1999 1378 2035 autem
1398 1994 1439 2034 in
1459 1993 1705 2035 innocentia
1718 2004 1816 2034 mea
1830 1992 1890 2032 in-

1069 2053 1243 2101 gressus
1268 2063 1377 2091 sum:
1396 2051 1419 2076 *
1439 2050 1603 2092 redime
1629 2062 1716 2099 me,
1745 2053 1789 2091 et
1816 2048 1890 2089 mi-

1071 2109 1213 2149 serere
1232 2107 1326 2148 mei.

1121 2164 1204 2205 Pes
1232 2176 1353 2204 meus
1383 2163 1504 2204 stetit
1528 2163 1571 2203 in
1596 2162 1778 2204 directo:
1801 2162 1824 2187 *
1848 2161 1890 2201 in

1073 2220 1264 2261 ecclesiis
1282 2219 1537 2261 benedicam
1557 2224 1600 2261 te
1619 2218 1818 2260 Demine.

1266 2328 1435 2364 Feria
1471 2328 1695 2375 Quinta.

1344 2406 1539 2446 Psalmus
1558 2408 1621 2446 22.

1161 2471 1330 2512 ominus
1354 2471 1465 2521 regit
1488 2483 1574 2520 me,
1599 2476 1643 2513 et
1666 2470 1772 2512 nihil
1789 2469 1893 2511 mihi

1178 2527 1333 2569 deerit:
1346 2527 1369 2552 *
1384 2527 1427 2567 in
1441 2527 1540 2569 loco
1554 2530 1731 2580 pascuae
1751 2526 1810 2569 ibi
1824 2539 1893 2568 me

1075 2583 1315 2625 collocavit.

1126 2640 1263 2692 Super
1287 2651 1443 2691 aquam
1467 2639 1714 2680 refectionis
1739 2639 1893 2680 educa-

1078 2695 1137 2736 vit
1156 2708 1238 2736 me:
1257 2695 1280 2721 *
1301 2695 1486 2736 animam
1506 2707 1647 2737 meam
1667 2695 1894 2737 convertit.
