2066 2956
829 221 943 255 Festa
967 221 1127 265 Aprilis.
1152 223 1208 265 (9.)
1828 220 1872 255 9*

167 314 271 356 turi:
297 314 428 356 etiam
450 314 547 366 ipsa
565 326 721 356 navem
741 315 996 358 conscendit

167 376 212 413 et
252 370 610 422 Hierosolymam
653 372 871 423 pervenit3
918 372 996 414 sed

166 427 411 469 Ecclesiam
447 427 713 477 ingressura,
749 429 906 469 iterum
945 441 996 470 ac

166 484 310 534 tertio,
334 483 388 526 ab
412 483 511 537 ipso
537 482 673 525 limite
697 497 828 536 passa
850 490 917 527 est
934 485 994 526 in-

168 539 386 582 visibilem
404 539 638 593 repulsam.

219 604 268 655 R.
295 601 486 654 Propter
505 601 746 644 veritatem.

476 676 629 716 Lectio
652 690 687 715 v.

169 719 313 844 Quo
332 740 544 782 miraculo
570 741 627 782 ad
646 753 694 782 se
713 743 900 792 reversa,
926 756 995 785 co-

283 797 439 849 gitavit
463 797 559 839 haec
585 797 667 840 sibi
696 797 754 839 ob
783 799 996 840 scelerum

169 856 348 896 suorum
409 854 726 896 immanitatem
785 855 995 898 accidere.

169 912 315 962 Quare
341 911 574 953 lacrimans
603 924 654 952 ac
681 916 837 964 pectus
864 913 996 953 mani-

167 968 250 1010 bus
274 966 478 1018 tundens‚
507 973 607 1010 ante
632 966 776 1010 beatae
801 968 995 1020 Virginis

167 1024 403 1076 imaginem
435 1025 576 1066 oravit
603 1024 686 1065 Dei
713 1024 917 1075 Matrem,
949 1030 997 1067 ut

169 1080 252 1123 sibi
274 1083 559 1134 peccatorum
578 1081 749 1122 veniam
773 1086 817 1123 et
834 1082 995 1132 ingres-

168 1151 265 1179 sum
290 1137 347 1179 ad
369 1138 511 1180 crucis
537 1137 840 1180 adorationem
862 1139 996 1191 impe—

168 1196 322 1244 traret,
358 1195 621 1247 promittens
653 1206 700 1236 se
731 1195 995 1237 renuntiatu-

167 1263 262 1292 ram
280 1250 455 1301 saeculo,
475 1255 520 1293 et
539 1255 658 1293 caste
676 1252 902 1293 victuram.
930 1253 996 1293 In-

168 1309 320 1358 gressa
349 1308 440 1349 sine
467 1307 798 1361 impedimento,
832 1308 997 1351 audivit

168 1376 324 1406 vocem
342 1364 426 1406 sibi
445 1363 678 1407 dicentem:
698 1365 742 1406 Si
761 1365 785 1405 J
787 1364 997 1408 ordanem

166 1422 434 1472 transiveris,
454 1422 576 1463 salva
593 1422 688 1463 eris.
716 1422 741 1463 J
744 1422 908 1464 ordane
929 1435 996 1463 su-

167 1480 339 1530 perato,
371 1478 480 1520 vixit
507 1479 551 1519 in
581 1480 728 1520 eremo
757 1479 799 1519 in
829 1492 997 1520 summa

167 1535 269 1577 vitae
291 1536 548 1578 austeritate
567 1540 611 1577 et
631 1535 903 1586 abstinentia,
923 1535 995 1578 ad-

168 1604 221 1633 eo
254 1596 303 1634 ut
328 1592 373 1633 in
401 1605 538 1634 annos
566 1592 880 1645 septemdecim
906 1598 996 1634 tres

166 1661 315 1701 paneS,
333 1661 445 1701 quos
460 1662 610 1691 secum
623 1649 794 1700 tulerat,
815 1650 854 1691 ei
870 1649 995 1691 suffe-

169 1704 318 1755 cerint,
339 1718 427 1758 quo
447 1704 606 1748 eodem
621 1706 834 1758 temporis
851 1706 995 1758 spatio

167 1762 335 1812 magnis
359 1762 675 1805 tentationibus
702 1762 843 1804 carnis
869 1775 993 1815 supe-

167 1818 290 1868 ratis,
322 1818 501 1861 tandem
527 1819 612 1862 Dei
643 1819 782 1871 gratia
812 1819 996 1861 liberata

167 1874 249 1916 fuit
274 1874 330 1917 ab
357 1875 695 1929 impugnatione.

219 1937 272 1989 R.
296 1935 501 1978 Dilexisti
519 1937 737 1989 justitiam.

473 2010 627 2051 Lectio
648 2009 700 2049 vi.

171 2052 404 2178 Quidam
428 2075 573 2113 autem
596 2071 748 2114 Abbas
768 2071 996 2124 Zosymus‚

279 2139 379 2168 cum
391 2140 472 2180 per
487 2129 682 2170 eremum
695 2127 886 2180 aliquem
900 2140 994 2168 san-

169 2185 342 2225 ctorum
365 2183 745 2226 Anachoretarum
770 2186 996 2235 quaereret,

169 2239 333 2282 invenit
357 2241 558 2282 Mariam:
587 2253 673 2293 qua
698 2242 869 2289 orante,
897 2253 996 2282 cum

168 2295 351 2339 vidisset
383 2310 479 2338 eam
511 2310 646 2339 senex
677 2309 765 2338 uno
794 2296 942 2338 cubito
971 2309 997 2337 a

167 2356 285 2393 terra
311 2353 492 2404 elevari,
521 2353 737 2406 suspicari
762 2352 914 2405 coepit,
942 2365 995 2393 ne

167 2408 282 2450 forte
319 2409 494 2452 daemon
530 2409 612 2451 sibi
644 2409 859 2450 illuderet.
908 2407 997 2450 Sed
1057 2414 1058 2417 ’

166 2465 323 2508 mulier
342 2471 504 2516 sancta,
523 2471 760 2519 postquam
780 2478 827 2506 se
846 2470 995 2517 postu-

165 2519 256 2563 lato
271 2522 406 2574 pallio
422 2524 616 2571 texisset,
635 2521 858 2563 Abbatem
875 2521 997 2573 prior

166 2578 343 2620 nomine
364 2592 444 2620 suo
464 2578 734 2631 compellans
750 2582 793 2619 et
808 2577 995 2629 prophe-

165 2633 255 2675 tico
274 2636 432 2688 spiritu
449 2634 724 2676 sacerdotem
740 2635 994 2684 agnoscens,

166 2702 341 2733 omnem
361 2692 401 2734 ei
415 2692 517 2734 vitae
536 2704 628 2732 suae
647 2690 863 2732 rationem
878 2690 995 2741 jussa

165 2748 390 2801 exposuit,
434 2750 714 2799 rogavitque,
758 2750 807 2788 ut
842 2746 887 2787 in
922 2745 994 2788 die

1049 316 1198 357 Coenae
1217 315 1273 358 ad
1291 316 1316 357 J
1318 315 1528 357 ordanem
1547 316 1690 358 redire
1711 321 1755 358 et
1769 316 1872 358 Cor-

1046 385 1130 424 pus
1153 372 1431 414 Dominicum
1457 372 1539 414 sibi
1563 372 1734 414 adferre
1758 373 1872 423 velit,

1048 440 1135 480 quo
1173 441 1198 469 a
1234 428 1304 470 die
1341 427 1590 470 solitudinis
1627 441 1718 470 suae
1753 442 1872 470 num-

1048 497 1179 536 quam
1216 485 1356 526 fuerat
1394 484 1567 526 refecta.
1623 485 1872 527 Constituto

1047 540 1117 583 die
1141 542 1357 593 Zosymus
1384 540 1522 583 adfuit
1547 541 1603 583 ad
1624 541 1647 582 J
1651 541 1872 591 ordanem‚

1048 602 1091 639 et
1121 597 1260 639 Maria
1291 610 1346 639 ex
1382 598 1589 650 opposita
1624 598 1720 650 ripa
1755 597 1871 640 facto

1005 658 1008 660 ’
1048 655 1189 696 crucis
1225 654 1350 705 signo
1385 654 1584 707 pervenit
1620 652 1678 695 ad
1712 667 1872 704 senem,

1048 710 1274 752 ambulans
1298 723 1431 763 super
1449 723 1600 762 aquas,
1627 709 1872 765 eodemque

1047 767 1199 818 modo,
1231 771 1468 820 postquam
1496 766 1872 817 communicasset,

1048 824 1240 866 recessit.
1284 823 1372 865 Sed
1405 823 1558 876 elapso
1591 836 1704 864 anno
1738 823 1872 875 Z6sy-

1048 894 1159 930 mus,
1185 881 1296 922 sicut
1318 882 1499 931 rogatus
1518 879 1674 929 fuerat,
1700 878 1872 921 rediens

1048 937 1211 979 invenit
1233 939 1466 986 mortuam,
1493 941 1535 978 et
1560 935 1687 977 leone
1714 948 1738 977 e
1764 935 1872 977 silva

1048 1000 1209 1036 terram
1241 993 1475 1035 effodiente
1509 1005 1604 1034 eam
1636 991 1871 1034 christiano

1048 1064 1170 1092 more
1191 1050 1403 1103 sepelivit.
1435 1050 1502 1090 Ex
1520 1050 1573 1090 iis
1592 1053 1748 1098 autem,
1774 1062 1871 1101 quae

1048 1113 1178 1150 terrae
1205 1108 1302 1161 ipsa
1328 1107 1624 1159 inscripserat,
1657 1105 1872 1156 cognovit,

1050 1177 1146 1206 eam
1171 1165 1269 1217 ipso
1294 1163 1369 1205 illo
1398 1162 1468 1205 die
1494 1162 1760 1215 exspirasse,
1786 1174 1872 1214 quo

1050 1221 1089 1263 ei
1107 1226 1207 1263 ante
1227 1233 1386 1262 annum
1403 1219 1682 1261 Dominicum
1702 1218 1872 1270 Corpus

1048 1280 1324 1331 porrexerat,
1361 1279 1545 1327 eamque
1577 1276 1659 1317 iter
1690 1274 1797 1316 illud
1829 1287 1871 1315 o-

1048 1348 1158 1384 mne,
1183 1334 1420 1375 multorum
1445 1332 1613 1374 dierum
1638 1344 1663 1372 a
1682 1332 1706 1372 J
1709 1331 1873 1372 ordane

1049 1391 1105 1433 ad
1124 1391 1387 1444 speluncam,
1409 1388 1669 1431 brevissima
1686 1386 1793 1428 hora
1813 1386 1872 1428 di-

1049 1450 1149 1489 vina
1173 1448 1333 1489 virtute
1358 1446 1702 1498 transportatam
1729 1443 1871 1485 confe-

1050 1507 1172 1546 cisse.

1102 1561 1152 1612 R.
1177 1560 1329 1602 Fallax
1347 1559 1499 1610 gratia.

1271 1638 1321 1677 In
1339 1637 1410 1676 111.
1429 1637 1651 1677 Nocturno.

1048 1701 1204 1742 Lectio
1228 1698 1367 1741 sancti
1384 1696 1609 1747 Evangelii
1634 1695 1870 1738 secundum

1374 1755 1548 1796 Lucam.

1126 1817 1277 1859 Lectio
1298 1817 1365 1857 vii.
1617 1817 1719 1868 Cap.
1735 1817 1793 1857 15.

1047 1873 1124 1980 In
1143 1877 1218 1919 illo
1242 1879 1460 1930 tempore:
1483 1875 1618 1916 Erant
1638 1873 1871 1926 appropin-

1115 1936 1301 1987 quantes
1327 1932 1383 1975 ad
1407 1932 1431 1974 J
1435 1945 1555 1974 esum
1580 1929 1802 1984 publicani
1828 1933 1871 1970 et

1048 1993 1322 2044 peccatores,
1350 1994 1397 2031 ut
1425 1987 1625 2030 audirent
1648 1986 1779 2027 illum.
1816 1985 1871 2027 Et

1047 2048 1224 2100 reliqua.

1168 2120 1360 2162 Homilia
1387 2117 1526 2160 sancti
1554 2115 1757 2167 Gregorii

1387 2175 1533 2227 Papae

1115 2238 1286 2273 Homilia
1310 2237 1363 2271 34.
1387 2237 1427 2271 in
1447 2236 1592 2278 Evang.
1615 2239 1705 2278 post
1728 2235 1808 2270 init.

1052 2300 1133 2346 '2²7
1128 2300 1184 2342 ’ἤι’
1199 2293 1354 2335 udistis
1384 2292 1428 2332 in
1460 2290 1648 2331 lectione
1675 2289 1868 2338 Evange-

1056 2335 1187 2408 ,1⁴32
1215 2350 1313 2398 lica,
1338 2349 1493 2389 fratres
1516 2346 1618 2395 mei,
1645 2344 1746 2397 quia
1769 2356 1870 2397 pec-

1056 2402 1184 2431 *3*ιέ
1216 2407 1388 2447 catores
1414 2408 1458 2445 et
1482 2402 1702 2456 publicani
1725 2413 1870 2442 acces-

1049 2466 1198 2505 serunt
1216 2461 1274 2503 ad
1292 2459 1638 2512 Redemptorem
1656 2461 1871 2506 nostrum;

1049 2526 1093 2562 et
1128 2531 1214 2560 non
1252 2517 1393 2559 solum
1428 2515 1485 2557 ad
1520 2511 1870 2578 colloquendum,

1049 2576 1128 2617 sed
1152 2575 1283 2616 etiam
1307 2573 1363 2615 ad
1387 2568 1737 2614 convescendum
1754 2570 1869 2609 rece-

1048 2633 1112 2686 pti
1134 2636 1243 2673 sunt.
1276 2630 1343 2670 Ex
1367 2641 1452 2681 qua
1470 2640 1516 2669 re
1541 2626 1744 2676 colligite,
1769 2624 1870 2675 quia

1049 2701 1151 2730 vera
1170 2686 1331 2739 justitia
1351 2683 1703 2736 compassionem
1726 2679 1869 2728 habet,

1048 2745 1156 2786 falsa
1168 2742 1330 2795 justitia
1343 2739 1708 2791 dedignatiOnem:
1724 2748 1868 2789 quam·
