2028 2892
814 165 855 198 111
882 164 1022 206 Vigilia
1048 164 1302 198 l‘cntceostcs.

220 261 311 303 bat:
354 261 467 303 Odio
504 261 747 303 habuerunt
783 275 852 303 me
888 262 1037 313 gratis:

219 331 316 358 cum
340 323 485 359 autem
507 318 674 359 venerit
691 318 943 367 Paraclitus,
966 317 1037 358 ille

218 374 512 415 testimonium
560 374 805 427 perhibebit
856 373 910 415 de
957 386 1037 414 me.

217 429 460 482 Tamquam
495 429 678 472 diceret:
716 430 829 472 Odio
864 443 933 471 me
966 429 1037 470 ha-

217 485 420 535 buerunt,
455 492 502 528 et
538 486 790 528 occiderunt
826 485 1038 528 videntes:

218 541 296 583 sed
316 542 402 584 tale
422 541 476 584 de
496 556 565 584 me
584 542 823 584 Paraclitus
846 543 1036 584 testimo-

217 598 334 639 nium
363 598 628 651 perhibebit,
661 605 708 641 ut
736 612 812 640 eos
840 599 969 640 faciat
996 598 1038 639 in

217 667 286 696 me
313 654 490 696 credere
513 668 599 697 non
625 654 833 697 videntes.
868 655 925 697 Et
948 668 1037 704 vos,

217 710 373 763 inquit,
414 712 708 754 testimonium
743 711 1038 765 perhibebitis,

218 767 318 818 quia
337 767 392 809 ab
413 767 533 810 initio
553 781 723 810 mecum
743 768 858 810 estis.
893 767 1038 810 Perhi-

216 822 337 865 bebit
350 824 535 877 Spiritus
551 830 735 874 sanctus,
754 823 1038 877 perhibebitis

217 885 260 921 et
278 893 369 921 vos.
397 881 508 930 Quia
527 881 639 922 enim
658 881 713 923 ab
732 881 852 923 initio
869 894 1039 923 mecum

217 936 335 986 estis,
358 937 543 989 potestis
563 937 805 990 praedicare
826 937 945 990 quod
964 950 1037 979 no-

216 992 312 1033 stis:
349 992 469 1044 quod
499 998 546 1035 ut
577 993 710 1035 modo
745 1007 831 1035 non
860 994 1038 1043 faciatis,

215 1048 328 1089 illius
362 1049 548 1102 Spiritus
583 1049 810 1102 plenitudo
847 1049 1039 1092 nondum

216 1104 341 1147 adest
360 1105 496 1147 vobis.

270 1161 318 1211 R.
331 1161 376 1202 Si
391 1162 505 1203 enim
519 1174 607 1203 non
622 1162 783 1212 abiero,
797 1162 1039 1204 Paraclitus

216 1230 305 1259 non
319 1218 465 1260 veniet
479 1218 536 1260 ad
549 1231 645 1260 vos·
665 1219 702 1259 si
716 1223 862 1260 autem
878 1218 1038 1268 abiero,

215 1274 386 1315 mittam
411 1287 510 1316 eum
532 1274 589 1316 ad
611 1287 701 1316 vos
723 1275 745 1298 *
765 1275 874 1316 Cum
893 1280 1038 1316 autem

216 1330 384 1372 venerit
416 1330 506 1380 ille,
543 1330 720 1373 docebit
751 1344 832 1373 vos
865 1344 1039 1373 omnem

216 1387 464 1436 veritatem,
493 1387 673 1439 alleluja.
721 1379 767 1430 17
795 1387 896 1430 Non
924 1388 1038 1429 enim

216 1442 420 1495 loquetur
456 1456 482 1484 a
516 1446 768 1496 semetipso:
809 1444 888 1486 sed
923 1456 1038 1496 quae-

217 1502 402 1551 cumque
431 1499 593 1549 audiet,
621 1500 839 1552 loquetur:
868 1506 912 1542 et
941 1514 1038 1553 quae

216 1559 400 1597 ventura
441 1561 555 1605 sunt,-
596 1557 867 1599 annuntiabit
902 1557 1038 1599 vobis.

218 1611 336 1661 Cum.
394 1612 543 1653 Gloria
567 1613 698 1654 Patri.
753 1613 872 1655 Cum.

517 1672 667 1712 Lectio
687 1672 739 1711 ix.

221 1722 320 1826 Ille
346 1741 450 1780 ergo
476 1730 771 1771 testimonium
794 1730 1039 1783 perhibebit
1156 1724 1192 1739 ”⁶

282 1783 337 1825 de
356 1797 441 1835 me,
465 1791 509 1827 et
530 1798 609 1827 vos
631 1786 925 1828 testimonium
942 1799 1037 1839 per-

216 1838 439 1882 hibebitis:
476 1840 596 1883 dabit
629 1842 742 1883 enim
774 1842 899 1884 vobis
930 1842 1037 1884 fidu-

219 1895 329 1936 ciam
359 1897 652 1938 testimonium
683 1897 940 1950 perhibendi
971 1901 1038 1940 ca-

219 1951 323 1993 ritas
336 1952 418 1993 Dei
434 1951 616 1994 diffiisa
605 1967 647 1994 ln
663 1953 869 1996 cordibus
882 1955 1039 1996 vestris

218 2020 297 2060 per
315 2008 522 2061 Spiritum
540 2015 751 2059 sanctum,
774 2011 847 2062 qui
867 2010 1040 2053 dabitur

219 2064 355 2106 vobis.
409 2065 517 2115 Quae
552 2066 702 2118 utique
730 2067 861 2108 Petro
898 2066 1040 2109 adhuc

220 2119 367 2170 defuit,
390 2120 564 2173 quando
583 2122 774 2164 mulieris
794 2123 961 2164 ancillae
980 2123 1038 2164 in-

219 2178 512 2227 terrogatione
542 2178 815 2231 perterritus,
848 2192 934 2220 non
964 2182 1039 2232 po-

219 2232 301 2274 tuit
319 2245 469 2274 verum
488 2234 781 2275 testimonium
801 2235 1039 2287 perhibere,

222 2287 299 2329 sed
336 2295 485 2331 contra
524 2303 646 2331 suam
683 2290 1040 2343 pollicitationem

221 2344 375 2386 timore
406 2359 563 2397 magno
596 2346 847 2399 compulsus
879 2353 945 2388 est
974 2353 1041 2389 ter

222 2403 390 2462 negare.
426 2402 577 2443 Timor
600 2408 744 2444 autem
766 2403 847 2444 iste
870 2416 955 2444 non
976 2410 1040 2445 est

223 2454 265 2494 in
303 2457 499 2499 caritate:
541 2457 619 2499 sed
654 2459 847 2511 perfecta
883 2460 1041 2501 caritas

225 2510 340 2551 foras
354 2512 483 2555 mittit
495 2514 706 2556 timorem.
730 2515 928 2567 Denique
943 2522 1040 2557 ante

224 2567 471 2617 passionem
499 2569 675 2612 Domini
711 2571 878 2612 servilis
913 2571 1042 2613 timor

226 2622 316 2672 ejus
340 2622 627 2676 interrogatus
646 2633 712 2669 est
735 2641 759 2669 a
779 2628 935 2668 femina
956 2641 1041 2669 ser-

226 2677 392 2728 vitutis3
424 2686 525 2731 post
552 2684 911 2725 resurrectionem
938 2696 1042 2725 vero

1087 261 1272 310 Domini,
1291 261 1482 303 liberalis
1497 261 1587 311 ejus
1604 273 1724 302 amor
1738 259 1793 302 ab
1807 260 1905 314 ipso

1087 317 1283 370 principe
1305 317 1532 359 libertatis:
1560 322 1603 358 et
1624 315 1724 358 ideo
1743 316 1803 358 ibi
1819 321 1906 358 tur-

1087 372 1291 422 babatur,
1326 372 1397 415 hic
1430 372 1809 424 tranquillabatur:
1846 372 1907 414 ibi

1090 441 1218 481 quem
1235 428 1455 478 dilexerat,
1474 427 1674 479 negabat:
1693 427 1764 469 hic
1778 441 1907 480 quem

1088 487 1339 536 negaverat,
1376 483 1593 536 diligebat.
1645 483 1732 525 Sed
1766 483 1908 526 adhuc

1089 542 1218 583 etiam
1240 547 1344 583 tune
1369 553 1489 582 amor
1513 540 1607 593 ipse
1629 540 1822 582 infirmus
1846 540 1906 581 ffi-

1089 603 1181 640 erat
1199 603 1242 640 et
1261 601 1483 648 angustus,
1507 595 1646 638 donec
1665 609 1763 638 eum
1781 596 1907 639 robo-

1089 657 1204 696 raret
1228 659 1271 696 et
1294 653 1495 695 dilataret
1515 652 1698 705 Spiritus
1721 658 1907 695 sanctus.

1148 714 1205 756 Te
1224 715 1366 756 Deum
1382 712 1621 755 laudamus.
1640 713 1698 754 15.

1339 839 1367 876 S
1392 851 1418 876 a
1440 840 1467 876 b
1491 840 1517 876 b
1543 850 1568 876 a
1590 842 1607 874 t
1631 849 1656 875 0

1155 893 1206 933 in
1237 893 1447 943 Vigilia
1474 892 1852 935 Pentecostes.

1141 962 1203 996 Ab
1224 962 1297 996 hac
1321 962 1382 997 dic
1406 972 1528 1007 usque
1553 962 1602 997 ad
1619 962 1773 997 Festum
1789 961 1913 997 Trini-

1092 1010 1180 1043 tatis
1202 1010 1400 1053 inclusive‚
1425 1011 1458 1045 si
1477 1014 1650 1046 occurrat
1665 1010 1821 1046 Festum
1836 1010 1912 1045 Du-

1092 1058 1181 1100 plex
1196 1069 1243 1092 cx
1256 1059 1465 1102 majoribus
1479 1060 1541 1093 vel
1557 1059 1718 1103 alicujus
1731 1059 1912 1094 Doctoris

1092 1106 1291 1147 Ecclesiae,
1321 1107 1547 1142 transfertur
1573 1112 1663 1151 post
1686 1107 1913 1151 praedictum

1093 1153 1249 1188 Festum
1272 1154 1482 1189 Trinitatis.
1527 1155 1583 1189 Dc
1608 1155 1695 1190 aliis
1719 1165 1812 1191 vero
1837 1154 1914 1190 Du—

1091 1201 1259 1244 plicibus
1285 1206 1321 1236 et
1345 1202 1391 1236 (10
1416 1202 1741 1247 Semiduplicibus
1770 1204 1812 1239 fit
1834 1207 1914 1238 tan-

1092 1252 1171 1282 tum
1210 1249 1548 1294 Commemoratio,
1587 1255 1751 1296 excepto
1786 1251 1914 1287 triduo

1093 1296 1351 1334 Pentecostes.

1327 1369 1377 1410 In
1403 1370 1435 1409 1.
1461 1369 1684 1410 Nocturno.

1133 1434 1286 1487 Incipit
1303 1434 1501 1487 Epistola
1519 1434 1733 1478 catholica
1749 1434 1867 1478 beati

1319 1491 1343 1532 J
1345 1490 1446 1533 udae
1463 1491 1679 1544 Apostoli.

1411 1556 1560 1598 Lectio
1580 1557 1603 1596 i.

1098 1623 1141 1670 §.is
1166 1629 1190 1664 ,15
1202 1612 1311 1654 11(138
1330 1613 1354 1654 J
1357 1626 1434 1654 esu
1454 1612 1613 1655 Christi
1636 1626 1804 1663 80111118,
1829 1613 1909 1656 fra-

1107 1674 1124 1701 <
1161 1663 1183 1718 ’Ξ
1226 1675 1293 1711 101·
1328 1675 1473 1711 31110111
1507 1669 1676 1719 Jacobi‚
1716 1669 1799 1719 his,
1836 1670 1910 1722 qui

1227 1731 1326 1768 sunt
1343 1726 1386 1766 in
1404 1726 1501 1767 Deo
1519 1726 1648 1767 Patre
1668 1725 1848 1776 (11100118,
1866 1731 1910 1768 01

1091 1781 1264 1824 Christo
1282 1783 1306 1823 J
1309 1795 1386 1824 esu
1411 1781 1694 1832 conservatis,
1720 1786 1764 1824 et
1781 1784 1908 1824 voca-

1089 1838 1155 1880 tis.
1192 1837 1490 1879 Misericordia
1513 1837 1653 1887 vobis,
1675 1843 1719 1879 et
1741 1851 1843 1890 pax,
1867 1843 1910 1880 et

1091 1894 1248 1936 caritas
1274 1893 1572 1946 adimpleatur.
1601 1893 1838 1943 Carissimi,
1866 1907 1909 1935 o-

1090 1963 1233 1992 mnem
1261 1948 1594 1992 sollicitudinem
1623 1949 1784 1991 faciens
1809 1950 1910 1992 scri-

1090 2006 1221 2048 bendi
1260 2006 1385 2048 vobis
1423 2004 1477 2047 de
1514 2006 1731 2047 communi
1766 2011 1911 2048 vestra

1092 2062 1241 2111 salute,
1264 2064 1442 2104 necesse
1466 2061 1597 2103 habui
1623 2061 1813 2104 scribere
1836 2075 1909 2104 vo-

1091 2118 1174 2160 bis:
1198 2118 1438 2171 deprecans
1461 2117 1751 2170 supercertari
1777 2117 1911 2159 semel

1091 2174 1265 2216 traditae
1308 2174 1466 2216 sanctis
1510 2173 1622 2215 fidei.
1690 2172 1910 2216 Subintro-

1091 2231 1232 2272 ierunt
1259 2231 1372 2272 enim
1404 2229 1579 2282 quidam
1604 2229 1800 2271 homines
1824 2230 1912 2281 (qui

1093 2287 1196 2328 olim
1224 2286 1470 2339 praescripti
1498 2292 1596 2327 sunt
1627 2286 1670 2326 in
1695 2285 1781 2326 hoc
1807 2284 1910 2337 judi-

1093 2343 1219 2392 cium)
1265 2342 1399 2395 impii,
1436 2342 1518 2383 Dei
1555 2341 1692 2383 nostri
1728 2341 1912 2391 gratiam

1092 2398 1399 2440 transferentes
1430 2398 1472 2438 in
1502 2397 1734 2446 luxtiriam,
1769 2401 1812 2438 et
1844 2408 1910 2438 so-

1093 2454 1181 2495 lum
1217 2453 1561 2503 Dominatorem,
1601 2458 1644 2494 et
1679 2452 1912 2494 Dominum

1094 2517 1289 2552 nostrum
1303 2510 1326 2550 J
1329 2523 1450 2551 esum
1463 2509 1681 2551 Christum
1694 2510 1912 2559 negantes.

1148 2571 1197 2622 Rv-
1240 2571 1346 2612 Post
1384 2570 1631 2622 passionem
1674 2581 1795 2610 suam
1832 2581 1912 2621 per

1095 2628 1188 2670 dies
1214 2625 1498 2679 quadraginta
1525 2627 1740 2678 apparens
1769 2625 1841 2674 eis,
1869 2630 1912 2666 et

1095 2684 1278 2737 loquens
1307 2681 1361 2724 de
1388 2694 1522 2733 regno
1550 2681 1649 2730 Dei,
1676 2676 1911 2733 311011113ε*
