2066 2904
525 180 593 213 Die
617 180 675 212 30.
702 177 858 220 Aprilis.
904 176 938 209 S.
964 173 1183 207 (lutharinae
1208 171 1390 206 Senensis
1414 170 1517 211 Virg.

174 272 614 328 contemplatiOnibus
651 270 894 313 exercebat.
947 269 997 310 In

174 333 312 375 salute
335 331 575 372 animarum
598 325 875 381 procuranda
894 327 996 367 assi-

175 389 259 432 due
286 386 556 430 versabatur:
588 383 819 439 peculiaris
846 382 998 433 gratiae

176 446 292 488 dono
312 443 542 485 haereticos
562 442 720 483 acriter
735 438 998 481 confutabat.

174 503 361 544 Tantam
397 501 441 542 in
473 496 774 541 concionando
807 496 895 537 vim
926 494 998 535 ha·

174 559 284 609 buit,
327 563 374 600 ut
414 553 741 598 innumerabilis
777 552 998 594 huminum

177 613 411 656 multitudo
431 611 488 654 ad
506 625 605 654 eum
622 609 884 652 audiendum
900 620 998 649 con-

178 671 348 720 flueret,
380 669 589 721 multique
617 666 672 709 ad
700 664 998 719 poenitentiam

178 727 543 769 converterentur.

231 791 282 842 R.
307 788 358 828 In
377 787 512 829 servis
530 786 630 834 suis,
650 784 830 854 alleluja³
849 785 869 807 *
891 783 999 824 Con-

178 844 391 887 solabitur
416 843 551 891 Deus,
583 840 763 892 alleluja.
803 840 853 886 Y.
882 837 999 880 Judi-

179 901 295 943 cabit
314 900 525 941 Dominus
550 897 762 951 pupulum
787 909 929 945 suum,
958 899 1002 936 et

178 959 220 999 in
240 957 377 999 servis
395 956 495 998 suis.
523 953 839 996 Consolabitur.

480 1026 629 1066 Lectio
650 1025 699 1065 vi.

180 1086 362 1192 Tanto
382 1090 484 1132 fidei
500 1087 660 1131 'ardore
677 1089 879 1130 incensus
899 1092 1002 1135 erat,

269 1154 317 1189 ut
335 1160 417 1200 pro
438 1160 489 1188 ea
506 1151 694 1187 mortem
713 1144 857 1186 subire
882 1145 1002 1196 opta-

180 1209 262 1253 ret,
290 1206 472 1255 eamque
501 1216 526 1244 a
544 1203 641 1244 Deo
669 1201 854 1253 gratiam
878 1202 1003 1241 enixe

180 1261 441 1314 precaretur.
466 1260 620 1311 Itaque
634 1257 828 1299 haeretici
840 1269 1003 1305 necem,

183 1330 312 1370 quam
343 1316 379 1357 is
411 1315 542 1369 paulo
572 1319 672 1355 ante
700 1311 1003 1355 concionando

182 1372 462 1426 praedixerat,
499 1371 559 1413 illi
591 1370 839 1412 intulerunt.
890 1369 1005 1410 Nam

184 1442 282 1471 cum
314 1433 478 1470 sanctae
510 1426 809 1479 Inquisitionis
847 1438 1005 1466 munus

183 1487 369 1536 gereret,
400 1484 520 1525 illum
545 1484 682 1525 Como
708 1480 1005 1524 Mediolanum

183 1541 452 1591 redeuntem,
479 1540 636 1593 impius
664 1538 843 1580 sicarius
871 1537 1006 1579 semel

184 1603 315 1650 atque
337 1600 493 1640 iterum
515 1597 558 1638 in
583 1596 728 1649 capite
750 1594 896 1646 gladio
915 1593 1006 1635 vul-

184 1654 366 1695 neravit:
418 1654 588 1706 jamque
634 1665 747 1706 pene
792 1653 1007 1700 moi-tuus,
1068 1684 1084 1689 ..

185 1710 429 1764 symbolum
448 1709 565 1759 fidei,
586 1722 717 1762 quam
734 1708 875 1749 infans
893 1706 1007 1748 virili

183 1766 438 1809 fortitudine
482 1766 708 1808 confessus
755 1765 912 1814 fuerat,
964 1763 1008 1804 in
1067 1783 1161 1810 ιζ

184 1824 281 1876 ipso
319 1825 522 1876 supremo
563 1823 719 1877 spiritu
755 1820 1007 1874 pronuntia-

185 1881 263 1921 vit:
316 1880 559 1933 iterumque
610 1879 749 1922 latera
799 1879 1009 1919 mucrene

185 1936 578 1987 transverberatus,
610 1936 667 1978 ad
694 1934 892 1988 martyrii
918 1933 1008 1987 pal-

184 2006 300 2034 mam
318 1993 519 2045 migravit
538 1993 581 2035 in
600 1992 776 2042 coelum,
804 2004 917 2033 anno
944 2003 1008 2031 sa·

184 2049 289 2091 lutis
312 2049 540 2091 millesimo
564 2049 863 2092 ducentesimo
888 2047 1008 2100 quin—

188 2106 440 2158 quagesimo
468 2106 679 2148 secundo:
706 2118 836 2158 quem
863 2103 1010 2146 multis

187 2162 399 2204 illustrem
456 2162 676 2204 miraculis
729 2160 1010 2203 Innocentius

190 2224 368 2270 quartus
396 2232 508 2261 anno
536 2218 736 2272 sequenti
761 2219 1009 2260 sanctorum

188 2275 427 2328 Martyrum
444 2279 626 2318 numero
647 2274 889 2328 adscripsit.

241 2340 290 2390 Ru
316 2340 437 2382 Filiae
456 2340 709 2383 Jerusalem.
728 2339 812 2392 [44]

248 2416 285 2449 in
308 2416 368 2450 111.
391 2416 588 2451 Nocturno
615 2417 783 2451 Homilia
806 2417 845 2451 in
867 2418 1009 2459 Evang.

193 2463 272 2507 Ego
302 2475 385 2500 sum
413 2466 504 2502 vitis
533 2477 636 2501 vera.
669 2465 716 2499 dc
741 2465 876 2500 codem
902 2466 1010 2499 Com-

193 2512 293 2544 muni
322 2512 348 2545 1.
374 2512 469 2546 loco.
495 2514 563 2558 [47]

243 2567 358 2610 Vesp.
388 2578 408 2602 u
434 2568 524 2612 Cup.
554 2569 600 2603 dc
630 2580 735 2613 sequ.
764 2580 848 2604 cum
878 2580 1011 2604 comm.

194 2615 354 2658 praeced.

480 2696 490 2698 >⁷
564 2685 580 2712 a·
618 2685 637 2713 ἢ
712 2697 773 2699 ἡ

1279 266 1363 307 Die
1381 266 1453 306 30.
1472 263 1648 316 Aprilis.

1092 341 1135 382 S.
1156 339 1446 382 catharinae
1466 336 1699 380 Senensis
1718 334 1840 384 Virg.

1383 403 1546 447 Duplex.

1105 468 1241 503 Omnia
1275 470 1321 504 de
1347 468 1511 503 Comuni
1536 468 1738 511 Virginum
1771 466 1877 511 [100]

1053 522 1194 561 praeter
1217 528 1322 561 sequ.

1387 576 1552 618 Oratio.

1054 637 1177 745 Da,
1194 646 1442 698 quaesumus
1454 643 1731 694 omnipotens
1744 640 1881 682 Deus:

1147 706 1211 751 ut,
1240 699 1314 753 qui
1340 699 1483 740 beatae
1514 696 1760 739 Catharinae
1782 697 1880 738 Vir-

1052 759 1163 810 ginis
1186 763 1274 800 tuae
1298 755 1496 797 natalitia
1520 754 1718 804 celimus3
1747 757 1791 795 et
1809 755 1881 795 an-

1052 829 1139 857 nua
1157 813 1434 856 solemnitate
1452 811 1665 860 laetemur,
1685 815 1729 852 et
1746 813 1882 851 tantae

1053 871 1226 914 virtutis
1245 869 1528 923 proficiamus
1548 866 1763 920 exemplo.
1797 866 1882 907 Per

1053 927 1290 970 Deminum
1308 930 1520 968 nostrum.

1108 994 1154 1027 Et
1178 993 1218 1027 fit
1241 1001 1437 1038 commem.
1463 990 1627 1034 praeced.

1109 1049 1207 1089 Ant.
1243 1048 1390 1090 Sancti
1421 1052 1466 1090 et
1493 1047 1593 1100 justi
1620 1046 1665 1088 in
1690 1045 1882 1087 Domino

1055 1106 1257 1158 gaudete,
1282 1105 1468 1157 alleluia:
1501 1116 1580 1146 vos
1606 1102 1737 1154 elegit
1761 1102 1883 1143 Deus

1055 1164 1099 1204 in
1116 1162 1421 1204 haereditatem
1441 1160 1534 1211 sibi,
1554 1159 1737 1211 alleluia.

1111 1223 1160 1275 V.
1175 1228 1374 1269 Pretiosa
1388 1227 1432 1268 in
1445 1226 1688 1279 conspectu
1696 1224 1884 1275 Demini,

1059 1284 1239 1337 alleluja.
1282 1286 1334 1337 R.
1357 1284 1478 1325 Mors
1502 1284 1752 1325 sancturum
1777 1281 1883 1334 ejus,

1059 1340 1240 1394 alleluja.

1110 1420 1153 1454 In
1182 1419 1209 1453 I.
1239 1418 1438 1453 Nocturno
1473 1416 1679 1452 Lectiones
1711 1414 1759 1450 de
1787 1412 1885 1449 Scri-

1059 1471 1172 1512 ptura
1195 1470 1430 1502 occurrente.

1287 1546 1337 1585 In
1362 1545 1413 1584 II.
1437 1544 1661 1584 Nocturno.

1362 1609 1515 1650 Lectio
1535 1608 1588 1648 iv.

1064 1694 1071 1729 ς
1092 1712 1093 1715 ,
1112 1675 1390 1734 atharina,
1421 1674 1546 1724 virgo
1574 1673 1777 1715 Senensis
1804 1673 1889 1726 piis

1064 1765 1067 1773 .
1086 1733 1114 1754 '‘'
1135 1741 1150 1767 ἐ
1169 1742 1171 1764 1
1196 1737 1293 1775 orta
1310 1730 1580 1783 parentibus,
1599 1729 1720 1772 beati
1738 1729 1884 1771 Domi-

1152 1802 1165 1810 ··
1195 1790 1281 1831 nici
1308 1787 1522 1837 habitum,
1554 1799 1685 1839 quem
1712 1787 1890 1828 soreres

1062 1849 1116 1891 de
1135 1844 1401 1890 Poenitentia
1419 1848 1608 1895 gestant,
1626 1843 1890 1896 impetravit.

1061 1906 1238 1948 Summa
1257 1903 1348 1955 ejus
1367 1901 1447 1942 fuit
1466 1899 1738 1951 abstinentia,
1758 1904 1803 1942 et
1817 1899 1889 1942 ad-

1060 1960 1271 2004 mirabilis
1297 1959 1400 2000 vitae
1428 1957 1671 1999 austeritas.
1706 1957 1891 1999 Inventa

1063 2024 1129 2061 est
1160 2014 1397 2069 aliquando
1430 2027 1455 2056 a
1486 2012 1558 2055 die
1586 2013 1792 2055 Cinerum
1821 2026 1890 2055 us-

1063 2088 1148 2128 que
1173 2073 1230 2116 ad
1249 2070 1565 2114 Ascensionem
1588 2069 1768 2111 Domini
1791 2070 1890 2122 ieju-

1061 2132 1181 2173 nium
1198 2129 1473 2184 perduxisse,
1493 2126 1589 2169 sola
1604 2125 1890 2168 Eucharistiae

1063 2186 1368 2231 communione
1384 2185 1600 2227 contenta.
1620 2182 1891 2225 Luctabatur

1064 2258 1196 2298 quam
1223 2240 1574 2294 frequentissime
1601 2252 1701 2282 cum
1729 2237 1889 2281 daemo-

1062 2301 1205 2351 nibus,
1227 2299 1463 2351 multisque
1484 2297 1660 2339 illorum
1677 2294 1891 2337 molestiis

1067 2358 1319 2406 vexabatur,
1337 2353 1556 2396 aestuabat
1572 2351 1784 2402 febribus,
1810 2365 1891 2393 nec

1066 2415 1251 2457 alierum
1274 2411 1532 2454 morborum
1555 2409 1751 2452 cruciatu
1773 2410 1891 2450 care-

1063 2472 1150 2514 bat.
1183 2471 1390 2522 Magnum
1409 2473 1453 2510 et
1471 2471 1672 2508 sanctum
1699 2470 1793 2507 erat
1814 2465 1890 2507 Ca-

1063 2529 1247 2571 tharinae
1267 2538 1438 2574 nomen,
1458 2530 1502 2566 et
1516 2523 1709 2575 undique
1724 2521 1780 2563 ad
1796 2534 1892 2564 eam

1065 2584 1220 2637 aegrofi
1248 2588 1292 2625 et
1325 2581 1525 2633 malignis
1553 2579 1700 2622 vexati
1735 2579 1893 2631 spiriti·
1952 2579 1955 2581 ’

1063 2641 1147 2683 bus
1163 2639 1503 2683 deducebantur.
1528 2635 1833 2687 Languoribus
1848 2640 1892 2677 et

1064 2697 1258 2741 febribus
1286 2697 1330 2738 in
1364 2695 1524 2738 Christi
1555 2693 1729 2736 nomine
1757 2692 1892 2745 impe-
