2028 2892
739 170 779 203 In
806 170 950 205 Octava
976 170 1237 203 Ascensionis.

129 263 229 317 luja:
248 270 292 306 et
306 263 444 306 nubes
463 264 656 317 suscepit
671 276 771 305 eum
785 263 840 305 ab
856 266 955 305 ocu-

129 321 182 362 lis
210 324 379 371 eorum,
414 320 594 373 alleluja.
644 317 695 367 V.
715 320 772 362 Et
801 321 955 362 conve-

130 391 256 419 scens
276 377 488 431 praecepit
507 377 580 428 eis,
600 376 655 418 ab
671 377 695 417 J
699 376 957 429 erosolymis

130 447 184 475 ne
215 433 505 483 discederent,
541 432 621 475 sed
650 436 957 486 exspectarent

130 490 466 543 promissionem
492 490 646 532 Patris.
691 489 749 532 Et
776 488 955 532 videnti-

129 546 212 588 bus
229 546 324 588 illis.
509 588 511 590 ,

446 600 596 642 Lectio
616 600 653 640 ii.

214 654 306 697 uod
333 661 478 698 autem
506 655 718 707 ascendit,
747 655 853 709 quid
881 662 957 707 est,

233 712 315 753 nisi
337 713 438 764 quia
459 719 502 755 et
524 712 750 756 descendit
770 713 958 766 primum

130 767 174 808 in
191 768 418 810 1nferiores
437 775 586 823 partes
604 769 756 812 terrae?
781 770 865 820 Qui
885 768 956 811 de-

131 823 318 876 scendit,
355 825 450 879 ipse
483 831 550 868 est
581 831 625 868 et
657 826 731 879 qui
762 825 957 868 ascendit

130 893 263 934 super
295 894 446 924 omnes
482 882 637 934 coelos,
673 887 722 924 ut
754 882 956 935 impleret

131 937 285 979 omnia.
312 938 369 980 Et
386 939 482 992 ipse
499 938 620 982 dedit
637 937 852 992 quosdam
867 940 956 992 qui-

130 992 231 1036 dem
263 995 526 1048 Apostolos,
564 994 779 1049 quosdam
812 1001 958 1038 autem

127 1050 392 1104 ProphetaS,
436 1052 546 1095 alios
587 1065 693 1095 vero
729 1052 957 1104 Evangeli-

129 1112 235 1158 stas‚
264 1107 373 1150 alios
399 1114 544 1151 autem
568 1111 786 1162 pastores,
816 1115 859 1151 et
883 1108 957 1151 do-

130 1165 274 1208 ctores
312 1163 369 1206 ad
408 1166 828 1207 consummationem
864 1179 957 1207 san-

130 1221 302 1262 ctorum
322 1221 366 1262 in
389 1234 502 1275 opus
524 1222 765 1272 ministerii,
790 1222 834 1263 in
855 1221 957 1264 aedi-

128 1275 377 1319 ficationem
399 1279 599 1332 corporis
619 1278 793 1320 Christi:
818 1277 960 1321 donec

129 1336 410 1376 occurramus
435 1348 586 1377 omnes
608 1335 652 1376 in
676 1335 888 1377 unitatem
911 1336 957 1376 fi-

1773 165 1840 201 345

1008 265 1110 305 tate.
1147 263 1246 304 Hoc
1270 262 1398 314 igitur
1423 262 1534 314 dico,
1558 268 1602 305 et
1623 263 1836 304 testificor

1008 319 1052 360 in
1074 319 1281 369 Domino,
1308 325 1356 361 ut
1379 320 1463 372 13111
1485 332 1574 361 11οη
1596 319 1836 369 ambuletis,

1010 375 1121 418 sicut
1148 381 1192 417 et
1212 375 1376 417 Gentes
1405 375 1628 418 ambulant
1652 376 1696 416 in
1721 376 1835 417 vani-

1009 434 1100 474 tz‘ite
1127 445 1279 473 sensus
1307 432 1387 483 sui,
1414 431 1606 474 tenebris
1632 431 1836 473 obscura-

1009 493 1103 531 tum
1124 488 1335 530 habentes
1358 488 1640 539 intellectum,
1664 488 1838 530 alienati

1010 548 1036 587 a
1062 545 1152 588 vita
1178 545 1262 587 Dei
1289 557 1369 599 per
1398 545 1703 596 ignorantiam,
1739 558 1837 597 quae

1011 602 1139 644 estin
1156 601 1256 652 illis,
1279 607 1462 655 propter
1485 602 1726 643 caecitatem
1746 614 1836 643 cor-

1011 657 1079 700 dis
1104 659 1316 711 ipsorum,
1344 659 1417 711 qui
1444 657 1745 711 desperantes,
1774 671 1837 699 se-

1010 718 1222 768 metipsos
1245 714 1520 758 tradiderunt
1545 714 1838 768 impudicitiae,

1010 772 1054 812 in
1075 772 1375 825 operationem
1395 771 1679 814 immunditiae
1700 772 1839 813 omnis

1010 829 1054 869 in
1086 828 1322 870 avaritiam.
1366 829 1462 870 Vos
1491 834 1636 871 autem
1665 841 1752 869 non
1780 828 1839 870 ita

1012 884 1224 927 didicistis
1245 884 1475 936 Christum,
1500 886 1536 927 si
1554 890 1700 927 tamen
1719 885 1839 926 illum

1012 941 1205 993 audistiS,
1225 947 1268 983 et
1286 942 1330 982 in
1348 941 1446 995 ipso
1467 941 1614 984 edocti
1633 942 1748 984 estis.

1068 1000 1118 1051 R.
1138 997 1345 1040 Exaltare
1366 999 1564 1041 Domine.
1591 999 1690 1040 320.

1245 1070 1293 1109 In
1316 1070 1365 1109 II.
1390 1069 1612 1108 Nocturno.

1015 1129 1166 1172 Sermo
1195 1130 1334 1172 sancti
1358 1130 1591 1182 Augustini
1618 1129 1840 1182 Episcopi.

1071 1192 1203 1226 Sermo
1227 1192 1257 1225 3.
1282 1191 1328 1225 dc
1354 1190 1594 1225 Asccnsionc
1619 1188 1785 1222 Domini.

1156 1239 1222 1282 qui
1247 1244 1305 1274 est
1331 1239 1401 1274 17⁴5.
1428 1239 1473 1273 dc
1499 1239 1699 1280 Tempore.

1317 1292 1469 1333 Lectio
1492 1291 1543 1331 iv.

1014 1351 1117 1404 ‘ff
1126 1347 1250 1398 mnia,
1271 1347 1491 1398 carissimi,
1513 1361 1610 1400 quae
1625 1348 1839 1390 Dominus

128 1387 210 1440 dei,
230 1395 273 1432 et
287 1391 518 1441 agnitionis
531 1391 630 1432 Filii
645 1392 739 1442 Dei,
757 1391 801 1432 in
815 1392 957 1433 virum
1015 1408 1018 1430 ι’
1035 1392 1092 1419 '²²³1‘

127 1446 381 1499 perfectum,
395 1448 440 1489 in
453 1451 703 1490 mensuram
716 1448 859 1490 aetatis
873 1448 957 1502 ple·
1014 1448 1121 1483 *s

127 1502 336 1545 nitudinis
355 1503 529 1547 Christi:
547 1509 596 1547 ut
615 1505 700 1558 jam
716 1517 804 1546 non
823 1505 957 1547 simus

127 1560 301 1612 parvuli
318 1561 596 1612 fluctuantes,
620 1566 664 1604 et
683 1561 956 1603 circumfera-

127 1629 225 1658 mur
240 1618 357 1659 omni
375 1624 507 1661 vento
523 1617 735 1661 doctrinae
750 1618 794 1659 in
807 1620 955 1671 nequi-

127 1672 189 1714 tia
206 1672 440 1726 hominum‚
459 1675 504 1716 in
522 1675 683 1718 astutia
701 1674 758 1717 ad
777 1675 956 1717 circum-

127 1730 376 1773 ventionem
395 1733 567 1774 erroris.

185 1790 237 1841 Rt·
268 1793 422 1835 ,Omnis
461 1793 744 1847 pulchritudo
780 1794 956 1836 Domini

130 1847 321 1891 exaltata
335 1855 403 1892 est
418 1863 550 1904 super
565 1849 724 1892 sidera:
742 1847 766 1872 *
777 1851 956 1903 Species

130 1905 220 1956 ejus
239 1903 283 1946 in
299 1906 488 1949 nubibus
503 1906 614 1957 coeli,
635 1912 678 1948 et
692 1919 851 1948 nomen
866 1908 957 1959 ejus

129 1959 174 2000 in
217 1964 430 2004 aeternum
475 1965 727 2016 permanet,
775 1962 957 2015 alleluja.

136 2010 187 2062 V·
210 2017 252 2058 A
281 2031 452 2061 summo
485 2019 599 2061 coelo
632 2019 826 2070 egressio
855 2020 957 2071 ejus,

131 2078 174 2114 et
189 2077 396 2116 occursus
411 2076 502 2128 ejus
515 2087 655 2128 usque
670 2074 727 2117 ad
742 2087 958 2117 summum

131 2130 232 2181 01118.
261 2130 440 2184 Species
458 2133 560 2184 01118.

435 2186 588 2229 Lectio
607 2187 662 2226 iii.

136 2238 421 2345 Veritatem
440 2255 586 2292 autem
601 2250 809 2292 facientes
828 2251 871 2290 in
891 2263 956 2291 03-

239 2305 383 2355 111310,
418 2309 667 2348 crescamus
700 2306 744 2347 in
774 2306 850 2348 illo
878 2319 958 2359 per

132 2361 291 2412 omnia,
320 2362 393 2414 qui
419 2368 485 2404 est
508 2368 640 2416 caput
663 2363 876 2404 Christus:
904 2376 958 2404 ex

133 2430 220 2469 quo
248 2423 390 2459 totum
419 2431 581 2472 corpus
610 2422 887 2472 compactum
916 2423 959 2460 et

132 2475 376 2515 connexum
403 2488 483 2527 per
515 2488 689 2517 omnem
717 2477 959 2527 juncturam

133 2529 558 2583 subministrationis,
590 2531 830 2574 secundum
857 2544 958 2584 ope-

134 2586 346 2628 rationem
364 2588 409 2628 in
426 2592 675 2630 mensuram
693 2589 958 2640 uniuscujus-

136 2653 220 2692 que
242 2643 439 2694 membri,
461 2646 741 2695 augmentum
761 2644 959 2697 corporis

134 2695 236 2739 facit
262 2698 307 2739 in
333 2698 668 2742 aedificationem
694 2701 761 2742 sui
785 2699 828 2740 in
854 2700 958 2741 cari-

287 2838 352 2865 Pars
367 2840 460 2866 Vema.

1015 1432 1018 1446 .
1062 1403 1101 1451 „2232
1117 1412 1121 1445 Α
1143 1405 1167 1444 J
1170 1417 1270 1446 esus
1291 1404 1488 1446 Christus
1508 1405 1552 1445 in
1570 1405 1654 1448 hoc
1675 1405 1837 1448 mundo

1143 1460 1224 1503 sub
1261 1461 1495 1512 fragilitate
1530 1468 1679 1505 nostra
1713 1462 1837 1504 mira-

1011 1517 1108 1558 cula
1136 1516 1291 1568 edidit,
1323 1517 1450 1560 nobis
1478 1519 1731 1571 proficiunt:
1765 1519 1838 1572 qui

1011 1571 1115 1615 dum
1141 1574 1374 1616 humanam
1405 1575 1699 1618 conditionem
1727 1575 1836 1618 side-

1010 1629 1130 1672 ribus
1152 1630 1423 1684 importavit,
1450 1631 1728 1675 credentibus
1753 1646 1836 1674 coe-

1009 1686 1100 1728 lum
1130 1690 1281 1740 patere
1312 1700 1445 1741 posse
1477 1690 1756 1732 monstravit:
1795 1695 1838 1731 et

1011 1742 1115 1785 dum
1146 1744 1359 1786 victorem
1385 1745 1537 1787 mortis
1567 1746 1611 1786 in
1643 1745 1838 1788 coelestia

1010 1799 1208 1851 elevavit,
1232 1801 1472 1844 victoribus
1492 1814 1579 1854 quo
1600 1805 1838 1855 sequantur

1011 1856 1213 1899 ostendit.
1270 1858 1484 1900 Ascensio
1522 1872 1627 1910 ergo
1662 1859 1838 1902 Domini

1011 1913 1238 1955 catholicae
1257 1914 1361 1957 fidei
1383 1915 1655 1958 confirmatio
1674 1917 1766 1958 fuit:
1790 1921 1838 1958 ut

1011 1971 1153 2012 securi
1166 1971 1209 2011 in
1223 1974 1451 2024 posterum
1470 1972 1747 2014 crederemus
1762 1972 1835 2013 mi-

1010 2027 1147 2068 raculi
1177 2027 1292 2070 illius
1320 2028 1502 2079 donum,
1536 2030 1656 2082 cujus
1683 2030 1767 2081 jam
1793 2029 1837 2069 in

1010 2084 1218 2135 praesenti
1244 2086 1593 2138 percepissemus
1621 2085 1836 2126 effectum:

1011 2143 1055 2180 et
1080 2139 1223 2182 fidelis
1255 2142 1441 2194 quisque
1474 2155 1573 2183 cum
1602 2142 1687 2194 jam
1716 2146 1837 2183 tanta

1009 2197 1270 2249 perceperit,
1294 2211 1375 2251 per
1398 2210 1463 2249 ea,
1489 2210 1588 2250 quae
1611 2197 1837 2248 cognoscit

1009 2252 1222 2304 praestita,
1247 2253 1386 2296 discat
1407 2256 1586 2306 sperare
1609 2255 1835 2305 promissa,

1011 2320 1062 2349 ac
1080 2308 1164 2350 Dei
1184 2309 1251 2350 sui
1270 2310 1537 2363 praeteritam
1555 2311 1835 2362 praesentem-

1012 2375 1097 2415 que
1133 2364 1393 2416 bonitatem,
1433 2365 1557 2418 quasi
1591 2363 1836 2407 futurorum

1010 2421 1156 2462 teneat
1175 2422 1430 2463 cautionem.

1070 2474 1120 2524 Rz·
1144 2477 1338 2530 Tempus
1367 2482 1451 2527 est‚
1483 2482 1531 2518 ut
1558 2479 1752 2520 revertar
1780 2478 1836 2521 ad

1011 2545 1121 2584 eum,
1146 2534 1220 2586 qui
1242 2546 1310 2574 me
1334 2533 1459 2583 misit,
1484 2532 1590 2575 dicit
1608 2535 1836 2576 Dominus:

1003 2589 1145 2631 ‘nolite
1164 2589 1422 2638 contristari,
1443 2601 1523 2630 nec
1540 2589 1740 2632 turbetur
1758 2603 1835 2632 cor

1010 2651 1218 2687 vestrum:
1242 2639 1263 2661 *
1273 2646 1400 2695 Rogo
1413 2657 1495 2697 pro
1509 2645 1636 2688 vobis
1649 2647 1835 2698 Patrem,

1010 2706 1059 2743 ut
1075 2701 1171 2754 ipse
1188 2714 1268 2743 vos
1288 2699 1516 2752 custodiat,
1535 2702 1715 2755 alleluja,
1735 2702 1834 2744 alle-

1563 2834 1607 2866 23
