2028 2892
183 200 250 235 178

184 301 300 342 licita
320 304 434 348 sunt,
459 302 503 340 et
526 302 680 339 contra
700 295 907 347 justitiam
924 307 1011 334 non

184 361 284 398 sunt
308 357 422 407 (quae
450 354 563 395 enim
587 353 771 394 honeste
800 353 1012 398 emuntur,

184 424 271 452 non
296 411 446 452 illicite
471 408 735 458 venduntur)
759 406 927 459 expulit
951 410 1012 446 13-

184 480 299 515 men,
342 472 386 508 et
419 478 508 507 non
544 469 612 506 est
643 475 801 516 passus
835 461 1013 503 domum

186 522 397 606 oratiopnis
446 521 542 563 fieri
592 519 772 562 domum
821 517 1013 569 negotia-

184 578 332 619 116313.

235 639 284 689 1ζ·.
315 632 433 674 Audi
454 632 593 673 Israel
618 633 843 684 praecepta
866 630 1014 671 Domi-

185 690 240 739 ni,
261 694 304 730 et
323 702 374 730 ea
394 689 437 729 in
457 687 591 729 corde
610 692 687 728 tuo
704 687 827 739 quasi
842 687 885 727 in
901 686 1014 727 libro

186 744 344 786 scribe:
359 751 381 773 ¹*
403 744 461 785 Et
481 743 597 785 dabo
613 742 692 784 tibi
706 748 868 783 terram
883 743 1015 783 fluen-

186 806 276 842 tem
294 801 363 841 130
382 805 426 841 31
444 799 542 840 mel.
573 800 620 850 Υ,
652 798 852 839 Observa
871 798 1015 849 igitur,

187 861 231 898 et
255 856 357 897 audi
380 869 536 897 vocem
559 867 716 896 meam:
750 860 793 896 et
816 854 1015 896 inimicus

188 926 263 955 ero
283 912 467 953 inimicis
485 911 582 953 tuis.
610 911 667 951 Et
685 910 813 952 dabo.

484 971 637 1011 Lectio
658 972 710 1010 iii.

255 1025 269 1065 i
296 1023 605 1074 negotiationis
640 1022 797 1064 domus
827 1034 917 1063 non
944 1021 1016 1063 de-

267 1080 343 1121 031
362 1079 456 1120 fieri
476 1078 632 1120 domus
653 1078 753 1132 Dei,
775 1077 1016 1131 potati6nis

188 1136 320 1178 debet
335 1133 453 1177 fieri?
469 1134 564 1175 Nos
579 1139 725 1175 autem
741 1133 917 1186 quando
932 1133 1017 1174 ista

188 1193 383 1241 dicimus,
402 1190 590 1232 strident
609 1189 813 1231 dentibus
833 1190 923 1231 suis
943 1189 1016 1230 ad-

187 1250 341 1290 versus
361 1259 458 1287 nos:
478 1251 522 1288 et
537 1246 790 1288 consolatur
805 1258 886 1287 nos
899 1245 1016 1286 Psal-

188 1317 300 1353 mus,
327 1315 458 1355 quem
481 1302 678 1343 audistis:
705 1301 950 1343 Striderunt
973 1301 1016 1341 in

187 1373 257 1401 me
276 1358 480 1401 dentibus
500 1358 601 1399 suis.
632 1358 849 1399 Nevimus
870 1362 914 1399 et
935 1369 1016 1398 nos

187 1415 338 1457 audire
357 1414 474 1455 unde
494 1415 709 1455 curemur:
734 1414 816 1455 etsi
839 1414 1016 1464 ingemi·

186 1474 344 1513 nantur
378 1469 551 1521 flagella
580 1469 770 1519 Christo,
809 1469 911 1521 quia
944 1470 1016 1510 113-

187 1528 374 1578 33113131
395 1539 539 1568 331310
558 1526 708 1578 ipsius.
741 1525 1018 1577 Congregata

187 1588 303 1632 sunt,
330 1582 486 1634 inquit,
512 1582 555 1622 in
574 1594 645 1623 me
666 1582 853 1633 flagella,
883 1586 927 1623 et
946 1593 1017 1622 ne-

188 1638 395 1680 sciebant.
432 1637 700 1688 Flagellatus
733 1643 802 1679 est
833 1637 1017 1688 flagellis

187 1694 461 1735 Judaeorum:
521 1693 765 1744 flagellatur
815 1693 1017 1746 blasphe—

187 1751 285 1791 miis
306 1750 515 1791 falsorum
532 1749 892 1790 Christianorum:
911 1749 1017 1790 mul-

187 1806 387 1859 tiplicant
406 1805 576 1856 flagella
595 1806 786 1847 Domino
806 1806 904 1847 Deo
925 1818 1017 1856 suo,

189 1867 232 1903 et
255 1862 467 1903 nesciunt.
501 1861 733 1902 Faciamus
757 1875 855 1911 nos,
885 1875 1018 1914 quan-

188 1923 280 1959 tum
299 1918 395 1970 ipse
412 1917 600 1968 adjuvat.
627 1917 722 1968 Ego
743 1923 898 1967 autem,
919 1931 1019 1959 cum

188 1974 296 2015 mihi
314 1973 488 2014 molesti
507 1979 668 2022 essent,
695 1973 931 2016 induebam
947 1987 1018 2016 me

190 2030 350 2079 cilicio,
390 2034 435 2071 et
468 2029 750 2071 humiliabam
785 2031 828 2070 in
861 2031 1018 2082 jejunio
1078 2032 1090 2048 ²
1124 2044 1144 2060 ν

190 2086 379 2127 animam
399 2097 552 2126 meam.

242 2144 291 2194 R.
319 2141 440 2183 Sicut
463 2141 524 2182 fui
548 2153 647 2182 cum
666 2141 835 2193 Moyse,
863 2142 924 2183 ita
943 2154 1019 2183 ero

188 2202 349 2247 tecum,
384 2197 490 2239 dicit
520 2197 753 2238 Dominus:
780 2202 802 2224 *
838 2198 1018 2239 Confor-

189 2256 300 2303 tare,
329 2258 372 2295 et
397 2259 493 2295 esto
512 2252 737 2294 robustus:
764 2253 1019 2295 introduces

192 2310 405 2361 populum
438 2322 586 2350 meum
623 2309 679 2350 ad
713 2314 875 2351 terram
906 2310 1019 2350 lacte

192 2370 236 2406 et
254 2365 382 2406 melle
401 2367 662 2406 manantem.
696 2362 745 2412 V.
772 2365 875 2406 Noli
898 2366 1020 2406 time-

192 2433 256 2469 re,
285 2421 493 2472 quoniam
516 2426 662 2463 tecum
686 2434 797 2462 sum:
825 2421 882 2462 ad
905 2434 1019 2472 quae-

193 2479 380 2528 cumque
405 2478 667 2528 perrexeris,
694 2489 782 2517 non
805 2477 1020 2518 dimittam

191 2538 247 2581 te,
262 2544 404 2583 neque
420 2532 731 2584 derelinquam.
751 2533 1021 2574 Consortare.

193 2588 348 2629 Gloria
364 2588 494 2629 Patri.
523 2589 796 2630 Confortare.

246 2643 316 2684 Ad
359 2644 514 2685 Bencd.
566 2645 665 2685 Ant.
715 2644 898 2685 Auferte
934 2644 1017 2685 ista

194 2699 306 2748 hinc,
326 2700 349 2725 *
371 2699 477 2741 dicit
495 2700 728 2741 Deminus:
747 2705 791 2742 et
809 2700 945 2741 nolite
964 2700 1021 2740 fa-

618 206 716 239 Int'ra
746 204 1036 238 llcbdoniaduin
1064 203 1111 236 iv.
1138 201 1465 243 Quadi-agesimae.

1066 305 1165 334 cere
1203 292 1383 334 domum
1415 291 1560 333 Patris
1596 292 1684 334 mei
1716 291 1897 334 domum

1066 348 1389 399 negotiationis.

1401 402 1567 443 Oratio.

1154 461 1286 498 raesta
1315 458 1584 508 quaesumus,
1617 460 1899 511 omnipotens

1163 513 1300 555 Deus:
1323 517 1372 554 ut
1395 512 1731 556 observationes
1749 527 1898 556 sacras

1067 571 1211 610 annua
1255 567 1493 610 devotione
1537 568 1800 620 1300133133,
1854 575 1899 613 31

1067 627 1255 677 cerpore
1278 624 1359 666 tibi
1382 624 1651 676 placeamus,
1675 630 1720 668 et
1739 631 1899 669 mente.

1067 682 1151 722 Per
1169 681 1418 722 Deminum.

1120 745 1245 779 Hodie
1262 744 1402 780 dicitur
1417 742 1595 777 Officium
1608 741 1895 777 Defunctorum.

1117 797 1188 838 Ad
1200 797 1373 847 Magnis.
1390 796 1491 835 Ant.
1506 794 1676 836 solvite
1685 795 1899 848 templum

1068 849 1169 899 hoc,
1189 850 1213 877 *
1236 849 1343 891 dicit
1366 850 1599 901 Dominus3
1626 855 1670 893 et
1696 856 1802 904 post
1826 853 1900 894 tri-

1069 905 1204 947 duum
1239 905 1522 948 reaedificabo
1553 906 1678 948 illud:
1710 907 1797 949 hoc
1828 920 1900 948 au-

1069 967 1159 1004 tem
1175 961 1350 1004 dicebat
1365 961 1421 1004 de
1431 962 1599 1015 templo
1610 963 1812 1016 corporis
1822 963 1901 1005 sui.

1404 1023 1569 1065 Oratio.

1066 1075 1484 1181 Deprecationem
1527 1079 1739 1125 nostram,
1785 1076 1900 1128 quae-

1170 1144 1319 1172 sumus
1347 1131 1552 1181 Domine,
1585 1131 1801 1182 benignus
1829 1143 1899 1173 ex-

1069 1187 1188 1229 audi:
1225 1193 1269 1229 et
1298 1187 1458 1240 quibus
1485 1187 1765 1240 supplicandi
1789 1200 1901 1240 prae-

1070 1249 1160 1286 stas
1193 1243 1415 1293 affectum,
1453 1244 1597 1285 tribue
1631 1243 1900 1286 defensionis

1069 1300 1289 1342 auxilium.
1316 1301 1402 1341 Per
1419 1299 1670 1342 Deminum.

1277 1404 1450 1440 Feria
1476 1403 1694 1440 Tertia.

1067 1456 1223 1498 Lectio
1247 1456 1386 1497 sancti
1409 1456 1637 1508 Evangelii
1659 1455 1902 1498 secundum

1373 1513 1398 1553 J
1400 1514 1598 1554 oannem.

1171 1568 1326 1610 Lectio
1346 1569 1370 1609 i.
1579 1567 1683 1620 Cap.
1702 1567 1738 1608 7.
1756 1566 1797 1608 0.

1117 1637 1145 1664 3
1177 1623 1252 1665 1110
1285 1626 1502 1677 tempore:
1541 1624 1567 1665 J
1569 1637 1640 1666 am
1676 1624 1748 1666 die
1787 1623 1902 1665 festo

1129 1679 1364 1730 mediante,
1384 1680 1581 1723 ascendit
1595 1680 1620 1721 J
1622 1693 1723 1722 esus
1737 1680 1783 1720 in
1796 1683 1902 1720 tem-

1069 1735 1209 1788 plum,
1243 1741 1287 1778 et
1311 1736 1513 1778 docebat.
1552 1737 1609 1779 Et
1630 1735 1903 1777 mirabantur

1070 1792 1095 1832 J
1097 1792 1225 1834 udaei.
1252 1793 1309 1834 Et
1328 1793 1507 1846 reliqua.

1072 1856 1263 1899 Homilia
1278 1857 1420 1898 sancti
1431 1856 1666 1908 Augustini
1679 1855 1904 1908 Episcopi.

1093 1919 1099 1928 ”
1155 1917 1281 1951 Tract.
1298 1917 1352 1951 29.
1370 1917 1410 1950 in
1426 1916 1449 1950 J
1453 1925 1628 1957 oannem,
1650 1916 1723 1950 330
1741 1915 1821 1950 init.

1162 1970 1218 2011 lle
1239 1970 1313 2022 qui
1331 1968 1512 2019 latebat,
1535 1968 1739 2018 docebat,
1763 1972 1807 2010 et
1828 1981 1902 2021 pa-

1180 2026 1267 2067 lam
1292 2025 1574 2078 loquebatur,
1602 2029 1647 2067 et
1671 2037 1761 2066 non
1785 2029 1902 2066 tene-

1071 2084 1212 2125 batur.
1249 2082 1366 2123 Illud
1392 2082 1507 2123 enim
1532 2086 1581 2123 ut
1606 2081 1781 2131 lateret,
1809 2085 1904 2123 erat

1072 2152 1204 2181 03333
1224 2138 1426 2191 exempli,
1445 2137 1530 2179 hoc
1548 2137 1795 2190 potestatis.
1815 2135 1904 2178 Sed

1072 2208 1172 2237 cum
1205 2195 1403 2244 doceret,
1444 2193 1718 2235 mirabantur
1749 2193 1775 2233 J
1776 2192 1903 2234 udaei.

1071 2254 1229 2292 Omnes
1249 2250 1443 2302 quidem,
1470 2255 1681 2302 quantum
1701 2248 1903 2298 arbitror,

1071 2307 1359 2355 mirabantur,
1392 2306 1471 2347 sed
1504 2319 1593 2348 non
1619 2317 1774 2347 omnes
1802 2317 1902 2346 con-

1072 2363 1367 2405 vertebantur.
1408 2363 1466 2404 Et
1497 2362 1614 2404 unde
1645 2359 1902 2403 admiratio?

1073 2420 1185 2470 Quia
1229 2419 1354 2460 multi
1396 2421 1613 2460 noverant
1649 2417 1725 2459 ubi
1765 2421 1904 2465 natus,

1074 2474 1448 2527 quemadmodum
1503 2474 1635 2516 fuerit
1679 2472 1903 2515 educatus.

1072 2533 1324 2583 Numquam
1361 2543 1461 2572 eum
1496 2530 1699 2572 viderant
1734 2529 1904 2569 litteras

1075 2589 1331 2629 discentem:
1378 2587 1617 2628 audiebant
1662 2589 1809 2627 331331
1849 2584 1905 2626 de

1074 2645 1171 2695 1333
1190 2643 1507 2696 disputantem,
1526 2642 1635 2694 legis
1653 2641 1905 2683 testimonia

1074 2700 1388 2752 proferentem,
1435 2712 1534 2752 quae
1578 2711 1708 2740 nemo
1753 2701 1907 2749 posset
