2066 2904
839 154 1048 187 Commune
1076 153 1287 195 Yirginum.

214 250 334 303 quod
354 251 600 291 imitaretur
619 250 663 290 in
681 249 821 291 terris.
852 249 948 291 Nec
967 249 1043 290 im-

213 307 370 347 merito
391 305 568 347 vivendi
588 305 673 347 sibi
692 312 821 347 usum
840 306 1043 359 quaesivit

214 375 237 427 0
256 362 388 459 coelo,
416 375 515 414 quae
538 374 750 414 sponsum
775 361 859 403 sibi
877 362 1044 403 invenit

211 432 255 459 111
275 431 344 459 coe
363 431 401 459 0.
798 442 802 446 «

264 486 313 535 R.
351 483 540 535 Propter
568 482 818 531 veritatem,
854 487 898 523 et
924 494 1042 522 man—

213 538 506 588 suetudinem,
536 543 580 580 et
603 538 827 591 justitiam:
843 545 865 567 *
889 538 946 579 Ε1
971 537 1042 579 de-

213 594 346 636 ducet
381 599 425 636 te
458 594 718 636 mirabiliter
746 594 930 635 dextera
956 598 1043 635 tua.

212 648 261 697 Y.
285 651 442 703 Specie
462 656 537 692 tua
561 656 604 692 et
620 649 948 703 pulchritudine
966 655 1043 691 tua

211 706 407 756 intende,
434 709 648 759 prospere
673 706 885 759 procede,
914 711 958 748 et
977 719 1041 748 re-

211 776 306 814 gna.
342 764 410 804 Et.

263 825 423 866 Bcncd.
453 823 655 865 Christus
674 824 913 875 perpetuae.

519 895 672 935 Lectio
695 909 730 934 v.

307 967 373 996 aec
393 953 549 1003 nubes,
569 955 686 1004 aera,
705 954 911 1005 Angelos,
931 954 1042 996 side-

320 1023 456 1062 raque
475 1009 821 1061 transgrediens,
843 1010 1044 1052 Verbum

211 1066 296 1108 Dei
320 1066 364 1106 in
386 1067 485 1118 ipso
510 1066 608 1107 sinu
627 1067 770 1107 Patris
788 1067 971 1117 invenit,
999 1072 1043 1109 et

212 1126 310 1163 toto
326 1122 472 1163 hausit
487 1124 680 1175 pectore.
704 1122 820 1163 Nam
836 1123 934 1174 quis
950 1128 1042 1164 1311-

212 1182 317 1228 111111,
333 1190 433 1219 011111
443 1178 670 1229 111170110111,
686 1178 906 1230 relinquat
916 1178 1043 1220 boni?

213 1233 494 1285 Unguentum
528 1234 643 1275 enim
677 1234 947 1275 exinanitum
976 1239 1043 1276 est

1096 261 1228 290 curru
1247 254 1401 302 raptus
1421 249 1478 291 ad
1502 249 1678 290 coelum:
1703 249 1805 291 ideo
1827 261 1928 291 cum

1095 305 1286 346 Domino
1324 307 1511 358 apparet
1551 305 1596 346 in
1628 305 1789 357 gloria,
1824 304 1927 347 ideo

1096 361 1319 402 Dominici
1345 364 1557 403 venturus
1584 366 1652 403 est
1676 364 1929 414 praecursor

1095 416 1323 459 adventus.

1146 483 1196 534 R'·
1215 482 1469 525 Afferentur
1483 483 1598 533 Regi
1615 482 1807 533 virgines
1823 485 1929 534 post

1096 550 1211 588 eam,
1244 539 1461 591 proximae
1494 539 1585 590 ejus
1618 541 1640 566 *
1674 537 1928 579 Afferentur

1094 594 1177 635 tibi
1226 595 1271 635 in
1320 594 1477 635 laetitia
1527 598 1571 642 01
1622 593 1929 636 exsultatione.

1096 645 1145 696 V.
1166 650 1323 703 Specie
1343 655 1420 692 tua
1438 655 1483 691 et
1502 649 1832 702 pulchritudine
1851 654 1928 690 tua

1095 706 1290 755 intende,
1315 709 1530 759 prospere
1558 705 1772 759 procede,
1801 710 1846 747 et
1863 718 1928 747 re-

1094 775 1190 813 gna.
1218 762 1482 804 Afferentur.
1517 762 1671 804 Gloria
1690 761 1822 803 Patri.
1853 761 1928 802 Af-

1094 818 1300 860 ferentur.

1315 896 1364 935 In
1386 896 1457 936 ΙΙΙ.
1479 897 1703 937 Nocturno.

1148 962 1246 1002 Ant.
1279 960 1415 1011 Nigra
1440 973 1555 1010 sum,
1573 961 1598 988 *
1617 960 1698 1002 sed
1720 961 1928 1011 formosa,

1095 1017 1198 1058 filiae
1232 1016 1491 1058 Jerusalem:
1529 1016 1631 1058 ideo
1672 1016 1827 1059 dilexit
1857 1030 1929 1059 me

1095 1074 1211 1123 Rex,
1239 1077 1282 1114 et
1310 1072 1558 1115 introduxit
1584 1086 1655 1115 me
1682 1074 1728 1114 in
1755 1073 1929 1116 cubicu-

1095 1129 1186 1170 lum
1205 1142 1344 1171 suum.

1362 1200 1560 1240 Psalmus
1589 1201 1656 1241 95.
1807 1188 1810 1189 ⁷

1388 1267 1580 1309 Domino
1609 1269 1828 1310 canticum
1854 1281 1928 1310 no-

213 1302 375 1331 nomen
389 1294 526 1331 tuum:
540 1292 779 1342 propterea
792 1290 1043 1332 adolescen-
1100 1306 1102 1324 1
1126 1301 1193 1330 a

212 1345 318 1386 111130
338 1345 586 1387 dilexerunt
611 1351 673 1396 te,
699 1351 743 1387 et
768 1349 1043 1389 attraxerunt
1108 1375 1113 1382 η

212 1406 267 1442 10.
300 1402 547 1452 Postremo,
563 1414 652 1443 non
669 1415 818 1444 meum
838 1408 905 1445 est
922 1403 1044 1454 illud,

214 1458 422 1509 quoniam
447 1471 546 1510 quae
571 1471 660 1499 non
684 1458 872 1509 nubunt,
899 1472 1043 1511 neque

213 1513 451 1564 nubentur,
481 1519 608 1556 erunt
637 1515 750 1556 sicut
775 1515 935 1567 Angeli
959 1516 1044 1557 Dei

213 1570 257 1610 in
289 1570 414 1611 coelo.
462 1570 606 1611 Nemo
638 1583 744 1622 ergo
774 1571 974 1622 miretur,
1006 1573 1044 1613 si

213 1626 395 1677 Angelis
420 1628 749 1678 comparentur,
779 1640 877 1679 quae
901 1627 1043 1679 Ange-

213 1681 357 1723 lorum
375 1682 567 1724 Domino
587 1683 861 1736 copulantur.

267 1749 315 1799 Rg.
345 1747 551 1790 Dilexisti
577 1750 805 1800 justitiam,
838 1755 883 1792 et
908 1750 1043 1793 odisti

214 1803 505 1856 iniquitatem:
527 1806 548 1827 *
573 1806 818 1858 Propterea
845 1807 971 1848 unxit
998 1812 1043 1849 te

214 1860 353 1919 Deus,
405 1861 526 1902 Deus
571 1866 673 1903 tuus
719 1862 818 1904 oleo
862 1863 1042 1905 laetitiae.

214 1915 262 1960 Υ.
297 1916 487 1969 Propter
506 1918 754 1969 veritatem,
782 1924 827 1961 et
845 1932 1043 1961 mansue-

213 1972 423 2023 tudinem,
442 1978 486 2015 et
504 1974 724 2026 justitiam.
750 1975 1004 2028 Propterea.

266 2032 425 2074 Bcncd.
455 2036 608 2086 Ignem
628 2035 695 2076 5111
714 2037 888 2077 31110115.

514 2099 667 2140 Lectio
689 2102 742 2138 vi.

215 2139 368 2263 Quis
390 2159 523 2211 igitur
541 2164 673 2212 neget
686 2159 800 2202 hanc
816 2162 952 2203 vitam
967 2164 1043 2205 flu-

308 2218 426 2257 xisse
446 2215 503 2258 de
521 2217 649 2267 coelo,
670 2230 802 2269 quam
816 2231 903 2260 non
918 2219 1044 2262 facile

213 2270 457 2314 invenimus
477 2273 521 2314 in
539 2274 681 2324 terris,
702 2274 786 2315 nisi
805 2280 1044 2328 postquam

215 2326 337 2368 Deus
348 2328 393 2368 111
408 2328 504 2370 11300
517 2331 680 2371 terreni
696 2332 898 2383 corporis
912 2346 1043 2374 mem-

215 2381 295 2423 bra
307 2383 557 2427 descendit?
573 2386 700 2428 Tunc
710 2387 754 2428 in
764 2390 892 2429 utero
903 2389 1043 2440 Virgo

216 2440 433 2492 concepit,
460 2446 504 2483 et
527 2442 727 2484 Verbum
750 2455 855 2485 0310
880 2444 1044 2487 factum

217 2499 298 2543 est,
318 2500 365 2536 ut
386 2509 487 2538 caro
510 2498 638 2540 fieret
656 2500 789 2541 Deus.
819 2500 951 2543 Dicet
970 2503 1043 2543 ali-

218 2550 330 2601 quis:
356 2551 444 2594 Sed
468 2554 601 2596 etiam
619 2555 740 2597 Elias
764 2556 925 2599 nullius
952 2571 1043 2600 cor-

215 2607 342 2657 porei
370 2608 513 2650 coitus
540 2611 674 2653 fuisse
700 2615 946 2664 permixtus
974 2628 1043 2656 cu-

215 2661 475 2712 piditatibus
511 2666 739 2709 invenitur.
791 2668 901 2711 Ideo
938 2683 1044 2723 ergo

1101 1358 1103 1362 .
1227 1338 1342 1366 vum:
1353 1324 1376 1351 *
1389 1326 1564 1366 cantate
1578 1325 1770 1372 Domino
1787 1325 1929 1367 omnis

1105 1388 1200 1405 Ψ·
1225 1385 1354 1422 10113.

1150 1436 1334 1479 Cantate
1365 1437 1573 1487 Domino,
1606 1441 1651 1478 et
1680 1436 1930 1480 benedicite

1096 1493 1262 1534 nomini
1291 1494 1399 1546 ejus:
1427 1494 1451 1520 *
1479 1493 1735 1535 annuntiate
1767 1493 1823 1535 de
1857 1493 1929 1536 die

1095 1549 1140 1590 in
1169 1549 1287 1591 diem
1313 1549 1506 1591 salutare
1534 1550 1637 1601 ejus.

1149 1605 1420 1647 Annuntiate
1434 1606 1548 1647 inter
1562 1605 1729 1648 Gentes
1743 1606 1930 1657 gloriam

1098 1662 1205 1713 ejus,
1236 1663 1260 1689 *
1292 1661 1337 1702 in
1365 1661 1570 1704 omnibus
1596 1662 1774 1715 populis
1802 1663 1929 1705 mira-

1095 1717 1202 1759 bilia
1230 1718 1332 1770 ejus.

1150 1773 1369 1824 Quoniam
1400 1787 1584 1825 magnus
1615 1774 1850 1827 Dominus,
1885 1780 1930 1818 et

1098 1829 1331 1871 laudabilis
1366 1830 1513 1871 nimis:
1551 1832 1575 1858 *
1612 1830 1823 1873 terribilis
1862 1837 1930 1874 est

1097 1899 1231 1939 super
1258 1898 1410 1928 omnes
1440 1885 1559 1928 deos.

1150 1943 1369 1993 Quoniam
1384 1955 1536 1984 omnes
1551 1942 1611 1985 dii
1622 1943 1833 1986 Gentium
1843 1944 1929 1987 dae-

1097 1999 1260 2040 monia:
1294 2000 1318 2027 *
1354 1999 1571 2041 Dominus
1609 2004 1756 2042 autem
1791 2000 1929 2042 coelos

1097 2055 1211 2097 fecit.

1152 2111 1391 2162 Confessio,
1406 2117 1450 2154 et
1469 2112 1753 2165 pulchritudo
1768 2113 1814 2154 in
1828 2125 1928 2156 con-

1098 2169 1253 2220 spectu
1279 2169 1387 2221 ejus:
1411 2169 1436 2195 *
1462 2169 1751 2210 sanctimonia
1774 2173 1819 2211 et
1841 2182 1928 2211 ma-

1097 2224 1348 2275 gnificentia
1375 2225 1420 2265 in
1453 2226 1798 2268 sanctificatione
1826 2227 1929 2279 ejus.

1145 2280 1314 2323 Afferte
1328 2281 1521 2323 Domino
1537 2283 1694 2334 patriae
1710 2282 1928 2333 Gentium,

1098 2335 1251 2378 afferte
1278 2337 1471 2379 Domino
1498 2337 1687 2389 gloriam
1719 2342 1763 2380 et
1791 2337 1928 2380 hono-

1097 2405 1204 2434 rem:
1223 2394 1247 2420 *
1267 2392 1419 2435 afferte
1437 2394 1630 2436 Domino
1649 2393 1836 2446 gloriam
1852 2397 1927 2437 no-

1096 2462 1203 2489 mini
1232 2462 1333 2501 ejus.

1150 2504 1314 2546 Tollite
1354 2505 1541 2557 hostias,
1578 2511 1623 2548 et
1664 2507 1844 2550 introite
1884 2509 1928 2550 in

1097 2561 1209 2602 atria
1234 2563 1339 2614 eius:
1362 2563 1386 2588 *
1412 2562 1595 2604 adorate
1617 2563 1857 2605 Dominum
1884 2565 1928 2606 in

1098 2617 1210 2659 atrio
1238 2622 1390 2660 sancto
1420 2620 1521 2671 ejus.

1151 2674 1491 2717 Commoveatur
1522 2688 1548 2717 a
1579 2675 1691 2718 facie
1720 2677 1811 2730 ejus
1838 2677 1927 2720 uni·
