2066 2956
218 219 311 265 [178]

269 316 408 369 Super
430 315 730 358 misericordia
752 321 842 366 tua,
866 320 910 357 et
932 316 1039 358 veri-

217 374 307 414 tate
339 377 431 414 tua:
462 373 486 398 *
519 373 723 425 quoniam
753 372 1040 424 magnificasti

218 441 349 481 super
364 441 502 479 omne,
521 441 680 470 nomen
695 434 893 470 sanctum
907 433 1039 470 tuum.

268 490 319 530 In
335 493 609 542 quacumque
620 489 690 531 die
706 490 969 531 invocavero
984 494 1039 539 te,

217 545 375 587 exaudi
397 559 482 588 me:
506 548 529 572 *
552 545 863 599 multiplicabis
886 546 929 587 in
953 546 1037 587 ani-

215 615 287 643 ma
305 615 402 644 mea
420 602 636 644 virtutem.

269 663 567 705 Confiteantur
585 663 665 705 tibi
681 663 868 704 Domine
888 675 1039 704 omnes

215 732 341 770 reges
369 725 517 761 terrae:
549 721 573 746 *
606 720 707 772 quia
738 719 968 761 audierunt
995 721 1038 760 o-

215 776 331 817 mnia
350 776 483 818 verba
503 776 591 817 oris
609 775 686 818 tui:

267 836 324 877 Et
343 841 517 878 cantent
530 836 574 876 in
587 836 668 877 viis
683 835 873 876 Domini:
892 837 916 863 *
934 837 1037 888 quo-

215 892 331 934 niam
349 905 504 944 magna
523 897 591 934 est
608 892 748 944 gloria
765 892 952 934 Domini.

267 954 481 1004 Quoniam
510 953 707 995 excelsus
733 953 965 1003 Dominus,
995 957 1038 995 et

214 1008 392 1051 humilia
414 1009 608 1062 respicit:
633 1011 657 1036 *
683 1014 727 1052 et
750 1010 838 1052 alta
861 1023 886 1051 a
908 1009 1039 1061 longe

215 1066 451 1117 cognoscit.

267 1127 311 1168 Si
335 1127 615 1169 ambulavero
633 1127 677 1168 in
695 1126 840 1169 medio
861 1128 1036 1170 tribula-

214 1183 363 1233 tionis,
395 1183 635 1224 vivificabis
661 1197 749 1225 me:
781 1185 804 1210 *
833 1189 877 1225 et
905 1197 1038 1237 super

214 1239 323 1280 iram
340 1239 613 1281 inimicorum
630 1242 829 1282 meorum
845 1240 1037 1282 extendi-

214 1296 270 1336 sti
288 1308 464 1336 manum
482 1300 612 1346 tuam,
637 1301 680 1338 et
704 1296 872 1338 salvum
892 1310 962 1339 me
979 1297 1036 1338 fe-

214 1352 273 1393 cit
292 1351 473 1393 dextera
491 1356 576 1393 tua.

263 1413 478 1454 Dominus
519 1412 731 1455 retribuet
770 1426 852 1466 pro
887 1426 976 1456 me:
1012 1414 1036 1440 *

212 1469 400 1511 Domine
435 1469 736 1511 misericordia
772 1475 848 1511 tua
882 1470 926 1511 in
958 1471 1036 1511 sae·

214 1525 373 1566 culum:
401 1527 537 1579 opera
559 1527 764 1567 manuum
786 1528 959 1568 tuarum
982 1539 1036 1568 ne

213 1580 442 1634 despicias.

263 1643 479 1695 Requiem
505 1644 724 1684 aeternam.

268 1708 365 1749 Ant.
383 1708 527 1760 Opera
541 1709 747 1750 manuum
761 1710 935 1750 tuarum
948 1709 1035 1751 Do-

212 1763 327 1804 mine
345 1776 400 1805 ne
419 1763 646 1817 despicias.

268 1816 316 1867 Y.
333 1824 495 1866 Audivi
513 1837 667 1866 vocem
686 1825 741 1866 de
761 1825 876 1867 coelo
893 1825 1035 1867 dicen-

213 1884 303 1921 tem
326 1880 441 1921 mihi.
482 1879 530 1930 R
558 1881 683 1922 Beati
707 1882 870 1923 mortui
895 1882 969 1935 qui
991 1882 1036 1923 in

212 1935 403 1977 Domino
423 1937 676 1978 moriuntur.

269 1997 336 2038 Ad
366 1999 537 2047 Magnis.
565 2003 661 2042 Ant.
697 2001 836 2043 Omne
864 2003 887 2030 *
916 2003 1036 2055 quod

213 2056 289 2098 dat
316 2056 421 2098 mihi
447 2058 591 2108 Pater,
619 2057 676 2100 ad
702 2070 772 2099 me
799 2058 962 2100 veniet:
994 2064 1037 2101 et

214 2126 314 2155 eum
337 2114 412 2167 qui
436 2114 554 2156 venit
576 2114 633 2156 ad
655 2127 736 2164 me,
760 2127 848 2155 non
872 2115 1036 2167 ejiciam

212 2170 340 2211 foras.

267 2224 403 2258 Preces
434 2225 689 2267 infrascripta)
719 2226 895 2259 dicuntur
924 2227 1034 2260 flexis

215 2272 389 2311 genibus:
417 2272 591 2306 similiter
617 2278 652 2306 et
677 2273 725 2307 ud
750 2273 910 2307 Laudes.

270 2324 393 2368 Pater
411 2330 571 2367 noster.
592 2331 774 2365 secreto.

268 2382 315 2429 Y.
328 2387 384 2428 Et
402 2399 456 2428 ne
473 2399 554 2428 nos
572 2385 755 2428 inducas
773 2387 817 2428 in
834 2389 1034 2430 tentatio-

213 2454 323 2483 nem.
361 2445 409 2494 Rg.
435 2443 523 2485 Sed
541 2443 677 2485 libera
695 2455 776 2485 nos
796 2456 821 2484 a
840 2444 966 2486 malo.

267 2499 436 2541 Sequens
467 2502 525 2535 Is
552 2502 684 2538 lauda
711 2504 838 2539 anima
865 2515 965 2549 mea,
999 2505 1035 2538 1'11

220 2544 290 2577 &c
276 2556 343 2587 p
377 2548 550 2583 ¹similiter
582 2556 616 2583 ct
648 2550 706 2583 ]'.s
738 2551 793 2586 De
819 2553 1034 2603 profi'mdis,

217 2592 251 2623 in
284 2595 354 2626 tine¹
382 2595 408 2627 Ι
412 2597 566 2634 andum,
599 2608 673 2631 non
706 2598 882 2632 dicuntur
912 2598 948 2630 in
974 2582 1034 2632 dit'*

217 2640 243 2669 (
235 2650 419 2676 ominem
441 2646 606 2678 oninium
627 2646 813 2679 Fidelium
831 2645 1034 2680 Defuncto-

218 2697 311 2722 ium
339 2700 459 2741 mque
488 2693 521 2724 in
550 2693 609 2727 dic
637 2694 764 2727 obitus
790 2704 857 2727 seu
883 2693 1034 2736 deposi-

218 2735 268 2767 ιιι
275 2736 331 2767 ni.
348 2736 420 2770 lm
409 2742 440 2770 ι
448 2745 530 2771 mli
558 2741 633 2773 ili
637 2752 665 2774 ις
683 2752 833 2784 semper
849 2742 1033 2776 (licuntur.

831 223 1006 255 Officium
1032 222 1314 257 Defunemrum.

1355 319 1550 359 Psalmus
1575 320 1659 359 145.

1169 373 1283 415 auda
1297 375 1439 416 anima
1453 387 1551 417 mea
1564 375 1812 425 Dominum,
1825 374 1913 417 lau-

1187 429 1302 472 dabo
1321 431 1556 473 Dominum
1578 432 1622 472 in
1646 432 1736 473 vita
1753 443 1866 473 mea:
1889 434 1913 459 *

1091 485 1276 538 psallam
1293 487 1391 529 Deo
1412 500 1512 529 meo
1533 488 1741 540 quamdiu
1758 488 1892 530 fuero.

1141 542 1289 585 Nolite
1316 543 1538 586 confidere
1560 544 1605 585 in
1627 544 1914 597 principibus:

1090 599 1114 624 *
1137 598 1181 639 in
1203 599 1303 641 filiis
1326 599 1563 650 hominum,
1586 600 1630 641 in
1650 600 1807 653 quibus
1825 613 1914 642 non

1091 659 1158 696 est
1176 655 1304 698 salus.

1141 712 1289 755 Exibit
1304 713 1485 766 spiritus
1500 714 1600 766 eius,
1616 718 1659 756 et
1673 715 1914 756 revertetur

1091 770 1136 809 in
1163 773 1324 810 terram
1348 782 1488 811 suam:
1515 771 1539 798 *
1561 770 1607 811 in
1628 769 1703 811 illa
1725 769 1796 812 die
1818 783 1914 823 per-

1092 825 1217 867 ibunt
1237 838 1387 868 omnes
1407 826 1696 878 cogitationes
1717 829 1878 869 eorum.

1142 882 1323 933 BeatuS,
1349 883 1469 935 cujus
1491 883 1613 925 Deus
1636 883 1773 925 Jacob
1798 883 1914 935 adju-

1089 942 1159 979 tor
1182 939 1283 991 ejus
1307 952 1409 992 spes
1434 940 1524 991 ejus
1543 940 1589 980 in
1605 940 1796 982 Domino
1815 940 1912 981 Deo

1089 994 1242 1047 ipsius:
1260 997 1283 1022 *
1300 996 1374 1048 qui
1387 996 1491 1038 fecit
1507 995 1668 1038 coelum
1683 1001 1727 1039 et
1741 1001 1915 1046 terram,

1089 1064 1220 1102 mare,
1240 1057 1283 1093 et
1302 1052 1457 1103 omnia,
1478 1065 1576 1105 quae
1595 1053 1639 1094 in
1657 1053 1719 1095 eis
1738 1058 1848 1095 sunt.

1143 1108 1227 1159 Qui
1249 1108 1442 1150 custodit
1464 1109 1694 1152 veritatem
1713 1109 1757 1151 in
1779 1112 1914 1152 saecu-

1090 1164 1189 1215 lum,
1204 1164 1308 1206 facit
1322 1164 1528 1217 judicium
1541 1165 1741 1218 injuriam
1750 1166 1914 1219 patien-

1090 1221 1222 1262 tibus:
1240 1223 1263 1248 *
1286 1221 1361 1263 dat
1380 1234 1526 1263 escam
1545 1222 1848 1274 esurientibus.

1140 1277 1355 1319 Dominus
1392 1278 1524 1320 solvit
1558 1279 1854 1332 compeditos:
1889 1281 1912 1307 *

1088 1334 1303 1376 Dominus
1330 1334 1542 1376 illuminat
1569 1348 1724 1377 caecos.

1140 1391 1355 1432 Dominus
1383 1392 1509 1442 erigit
1536 1392 1684 1443 elisos,
1714 1393 1739 1420 *
1764 1393 1913 1435 1)όωὶ-

1088 1460 1169 1488 nus
1197 1446 1336 1499 diligit
1362 1448 1511 1499 justos.

1139 1504 1353 1546 Dominus
1381 1505 1575 1547 custodit
1602 1503 1810 1556 advenas,
1837 1519 1913 1559 pu-

1088 1561 1241 1614 pillum
1270 1566 1315 1603 et
1345 1560 1523 1603 viduam
1554 1562 1782 1615 suscipiet:
1814 1564 1838 1590 *
1870 1567 1915 1605 et

1089 1618 1181 1659 vias
1208 1620 1491 1671 peccatorum
1518 1617 1754 1671 disperdet.

1141 1673 1361 1725 Regnabit
1403 1674 1618 1716 Dominus
1664 1675 1709 1716 in
1753 1674 1922 1717 saecula-

1089 1731 1210 1772 Deus
1228 1735 1329 1772 tuus
1348 1730 1464 1780 Sion,
1484 1731 1507 1757 *
1526 1731 1571 1771 in
1588 1731 1914 1782 generationem

1090 1792 1133 1829 et
1159 1786 1497 1838 generationem.

1143 1842 1191 1881 In
1225 1841 1309 1883 fine
1337 1842 1515 1883 Psalmi:
1548 1843 1764 1896 Requiem
1789 1845 1913 1886 aeter-

1088 1911 1189 1940 nam
1207 1899 1230 1925 *
1250 1897 1366 1941 dona
1385 1899 1448 1942 eis
1466 1899 1665 1942 Domine.

1139 1955 1196 1997 Et
1214 1955 1289 1997 lux
1307 1958 1521 2010 perpetua
1538 1956 1725 1998 *luceat
1743 1956 1816 1998 eis.

1143 2010 1311 2052 Deinde
1349 2007 1397 2058 Y'.
1434 2013 1475 2054 A
1510 2018 1640 2066 porta
1675 2013 1810 2054 inferi.
1862 2015 1912 2067 Rz.

1089 2069 1205 2111 Erue
1223 2069 1411 2111 Domine
1429 2069 1596 2111 animas
1615 2071 1778 2111 eorum.

1133 2118 1181 2169 Ῡ.
1201 2125 1548 2178 Requiescantin
1558 2139 1679 2180 pace.
1698 2127 1748 2179 Ιζι.
1762 2126 1914 2168 Amen.

1142 2174 1191 2225 Y
1210 2182 1308 2224 Dne
1327 2182 1486 2225 exaudi
1503 2184 1745 2225 orationem
1759 2195 1914 2224 meam.

1090 2236 1140 2287 ly.
1166 2238 1224 2280 Et
1243 2238 1408 2280 clamor
1425 2252 1548 2281 meus
1566 2239 1623 2281 ad
1641 2244 1686 2281 te
1705 2239 1861 2281 veniat.

1144 2287 1180 2338 l
1185 2324 1191 2331 .
1228 2294 1442 2337 Dominus
1478 2295 1717 2339 vobiscum.
1772 2296 1821 2347 R*-
1856 2295 1914 2337 Et

1088 2363 1188 2392 cum
1205 2351 1361 2403 spiritu
1379 2356 1468 2394 tuo.

1423 2410 1585 2451 Oratio.

1091 2460 1272 2566 Deus,
1305 2464 1379 2516 qui
1407 2465 1519 2506 inter
1550 2463 1820 2516 apostolicos
1846 2475 1910 2504 sa-

1189 2519 1404 2570 cerdotes,
1424 2519 1610 2561 famulos
1624 2524 1724 2561 tuos
1739 2519 1911 2572 pontifi-

1089 2575 1173 2617 cali
1185 2589 1262 2617 seu
1275 2575 1537 2618 sacerdotali
1549 2575 1689 2616 fecisti
1699 2575 1912 2627 dignitate

1087 2633 1250 2683 vigere:
1276 2638 1441 2685 praesta
1469 2634 1735 2686 quaesumus:
1764 2636 1813 2674 ut
1841 2634 1911 2674 eo-

1088 2701 1183 2730 rum
1199 2701 1374 2741 quoque
1389 2690 1603 2742 perpetuo
1618 2690 1911 2740 aggregentur

1088 2745 1321 2787 consortio.
