2028 2892
844 178 1012 215 Sabbato
1037 186 1179 217 sancto.

218 278 318 318 Ant.
345 274 492 318 Credo
513 276 662 318 videre
680 277 796 318 bona
813 279 989 320 Domini

167 331 211 372 in
229 336 346 374 terra
364 332 610 374 viventium.

220 400 318 440 Ant.
337 398 524 439 Domine
544 398 794 441 abstraxisti
812 400 866 441 ab
886 402 987 442 infe-

167 453 227 494 ris
246 453 434 495 ammam
451 467 604 496 meam.

434 543 629 584 I'salmus
656 546 721 584 24).

163 607 423 712 Exaltabo
468 620 513 656 te
552 615 739 658 Domine
785 618 988 669 quoniam

169 726 177 734 ·
214 727 223 735 ·
266 672 497 739 suscepisti
515 684 600 713 me:
620 672 644 698 *
663 686 743 714 nec
763 672 989 716 delectasti

166 740 365 769 mimicos
383 741 506 769 meos
525 741 658 782 super
676 742 756 771 me.

218 783 405 826 Domine
427 785 549 826 Deus
576 798 699 826 meus
728 786 910 827 clamavi
933 787 989 828 ad

166 843 220 889 te,
239 840 263 865 *
283 844 327 881 et
345 841 506 882 sanasti
525 854 606 883 me.

216 895 405 938 Domine
430 896 618 939 eduxisti
639 898 694 940 ab
714 899 882 940 inferno
903 900 987 940 6111-

165 964 281 992 1116111
308 966 469 994 meam:
506 954 529 979 *
562 954 739 996 salvasti
765 969 835 997 me
865 969 890 997 a
918 956 988 998 de-

166 1008 474 1051 scendentibus
493 1010 537 1050 in
556 1010 709 1052 lacum.

215 1064 394 1107 Psallite
412 1067 601 1108 Demino
621 1069 759 1110 sancti
779 1069 883 1120 ejus:
902 1070 925 1095 *
946 1075 989 1111 et

166 1121 430 1163 confitemini
476 1124 699 1165 memoriae
746 1126 987 1167 sanctitatis

165 1189 265 1228 ejus.

217 1234 432 1284 Queniam
443 1236 508 1277 ira
520 1236 563 1277 in
575 1236 870 1288 indignatione
884 1239 987 1290 ejus:

163 1290 188 1315 '⁸‘
207 1295 251 1332 et
268 1291 359 1332 vita
379 1292 422 1332 in
440 1292 664 1335 voluntate
685 1294 785 1345 ejus.

214 1346 287 1388 Ad
318 1349 552 1401 vesperum
586 1349 882 1392 demorabitur
914 1352 986 1393 fle-

162 1406 249 1444 tus:
267 1404 290 1430 *
310 1409 354 1446 et
373 1405 429 1446 ad
448 1408 708 1448 matutinum
727 1407 888 1449 laetitia.

214 1460 309 1511 Ego
341 1466 487 1503 autem
518 1460 607 1503 dixi
642 1463 686 1503 in
722 1463 987 1506 abundantia

163 1528 274 1557 mea:
294 1517 317 1543 *
335 1517 437 1558 Non
455 1518 667 1560 movebor
685 1520 728 1560 in
747 1522 968 1562 aeternum.

213 1573 402 1615 Domine
420 1574 465 1615 in
484 1575 710 1617 voluntate
729 1581 814 1626 tua,
834 1577 858 1603 *
876 1591 985 1630 prae-

162 1630 310 1671 stitisti
329 1629 478 1672 decori
495 1640 595 1673 meo
614 1633 829 1674 virtutem.

214 1686 425 1729 Avertisti
443 1687 601 1730 faciem
618 1693 738 1730 tuam
757 1702 782 1731 a
800 1703 880 1740 me,
900 1691 923 1716 *
943 1696 986 1732 et

161 1741 301 1784 factus
321 1757 416 1784 sum
435 1745 732 1787 conturbatus.

212 1799 286 1841 Ad
302 1804 347 1841 te
365 1800 552 1843 Demine
577 1802 791 1844 clamabo:
815 1803 837 1830 *
862 1807 906 1844 et
929 1803 984 1845 ad

161 1855 304 1897 Deum
322 1870 467 1898 meum
486 1857 768 1910 deprecabor.

214 1912 322 1961 Quae
344 1913 507 1955 utilitas
529 1914 573 1954 in
596 1916 804 1966 sanguine
822 1929 937 1965 meo,
960 1917 984 1942 *

163 1967 267 2008 dum
286 1967 505 2016 descendo
526 1971 569 2011 in
589 1971 937 2024 corruptionem?

212 2024 439 2077 Numquid
470 2027 748 2069 confitebitur
781 2028 860 2069 tibi
891 2029 983 2080 pul-

162 2080 247 2129 vis,
281 2081 305 2107 *
341 2086 415 2123 aut
450 2083 723 2126 annuntiabit
755 2085 982 2126 veritatem

161 2135 304 2177 tuam?

212 2192 394 2236 Audivit
404 2195 628 2246 Dominus,
644 2201 687 2238 et
701 2197 902 2238 misertus
918 2202 983 2239 est

161 2250 260 2291 mei:
283 2250 306 2276 *
326 2251 540 2293 Dominus
559 2253 700 2294 factus
725 2259 791 2295 est
812 2253 982 2305 adjutor

161 2318 293 2347 meus.

213 2362 477 2405 Convertisti
508 2364 731 2416 planctum
763 2378 907 2406 meum
939 2365 981 2405 in

160 2418 366 2468 gaudium
396 2420 518 2460 mihi:
553 2422 575 2447 *
609 2421 859 2463 conscidisti
892 2434 981 2462 sac-

162 2486 259 2514 cum
290 2488 451 2525 meum,
487 2481 529 2518 et
561 2477 885 2519 circumdedisti
911 2490 980 2518 me

161 2529 326 2572 laetitia:

212 2586 271 2628 Ut
290 2593 434 2630 cantet
453 2589 532 2631 tibi
551 2590 688 2640 gloria
704 2603 810 2640 mea,
830 2594 873 2630 et
891 2601 979 2630 non

162 2647 445 2695 compungar:
468 2646 491 2671 *
513 2646 700 2686 Demine
718 2647 838 2686 Deus
856 2658 979 2686 meus

160 2697 204 2737 in
224 2700 434 2742 aeternum
452 2701 693 2743 confitebor
709 2701 800 2743 tibi.

1789 189 1856 225 249

1093 283 1189 322 Α111.
1212 281 1393 323 Domine
1413 282 1661 325 abstraxisti
1680 284 1734 326 ab
1754 286 1854 327 infe-

1039 336 1098 376 ris
1118 337 1305 378 animam
1322 351 1472 379 meam.

1092 390 1140 440 V.
1172 393 1240 434 Tu
1268 399 1411 435 autem
1438 395 1623 437 Demine
1650 397 1854 439 miserere

1038 449 1133 491 11161.
1174 452 1218 503 Ῑζν.
1247 450 1302 491 Ε1
1326 452 1535 493 resuscita
1556 465 1640 502 me,
1668 459 1710 495 et
1734 457 1854 496 retri-

1038 505 1169 546 buam
1188 507 1261 547 eis.

1094 564 1217 604 Pater
1235 569 1395 605 noster.
1421 574 1597 608 secreto.

1040 629 1109 668 Ex
1123 628 1331 670 Tractatu
1349 629 1388 670 S.
1403 630 1633 681 Augustini
1650 631 1856 684 Episcopi

1269 698 1400 737 super
1419 686 1625 728 Psalmos.

1196 743 1233 775 In
1262 743 1452 779 psalmum
1476 747 1526 779 (Β.
1553 757 1647 780 vers.
1672 747 1700 779 7.

1339 793 1487 833 Lectio
1509 795 1560 833 iv.

1125 844 1340 905 Qccedet
1368 845 1499 887 homo
1528 846 1583 887 ad
1611 859 1686 888 cor
1714 848 1854 898 altum,

1045 924 1050 983 ,ι
1091 949 1094 952 ¹
1205 906 1247 942 et
1267 901 1526 943 exaltabitur
1545 902 1674 944 Deus.
1710 904 1778 944 Illi
1797 904 1854 946 dj-

1065 948 1105 971 '⁴'
1124 955 1168 984 Γ*
1203 959 1376 999 xerunt:
1415 959 1519 1008 Quis
1553 972 1630 1000 nos
1667 959 1855 1002 videbit?

1039 1013 1301 1055 Defecerunt
1347 1017 1589 1056 scrutantes
1633 1017 1854 1058 scrutatio-

1039 1083 1127 1120 1165,
1152 1071 1330 1112 consilia
1350 1071 1473 1112 mala.
1509 1072 1706 1114 Accessit
1724 1072 1854 1114 homo

1040 1126 1096 1167 ad
1119 1102 1215 1179 ipsa
1240 1127 1431 1177 consilia,
1459 1141 1614 1180 passus
1639 1134 1703 1170 est
1727 1142 1773 1170 se
1796 1134 1855 1171 te-

1039 1183 1131 1223 neri
1150 1188 1197 1224 ut
1216 1183 1359 1225 homo.
1387 1183 1487 1225 Non
1507 1185 1620 1225 enim
1638 1187 1857 1226 teneretur

1039 1239 1121 1279 nisi
1136 1239 1280 1289 homo,
1297 1245 1371 1281 aut
1385 1240 1604 1281 videretur
1619 1241 1700 1282 nisi
1714 1241 1855 1291 homo,

1039 1300 1114 1336 aut
1138 1296 1377 1337 caederetur
1402 1297 1483 1337 nisi
1503 1296 1646 1347 homo,
1670 1303 1743 1339 aut
1765 1311 1855 1339 cru-

1039 1351 1298 1403 cifigeretur,
1323 1357 1397 1394 aut
1420 1355 1660 1394 moreretur
1683 1354 1763 1394 nisi
1782 1354 1854 1394 ho-

1038 1421 1120 1449 mo.
1161 1409 1359 1450 Accessit
1387 1421 1490 1459 ergo
1518 1409 1648 1450 homo
1677 1410 1733 1451 ad
1760 1410 1854 1450 illas

1039 1477 1188 1506 omnes
1211 1465 1452 1517 passienes,
1477 1478 1574 1516 quae
1594 1466 1637 1505 in
1655 1465 1729 1507 illo
1750 1466 1854 1506 nihil

1038 1521 1247 1571 valerent,
1275 1522 1358 1562 nisi
1383 1526 1498 1563 esset
1524 1521 1665 1563 homo.
1705 1522 1791 1563 Sed
1818 1523 1853 1562 si

1036 1578 1109 1619 ille
1131 1590 1219 1619 non
1243 1583 1358 1619 esset
1376 1577 1523 1627 homo,
1548 1591 1632 1618 non
1655 1578 1852 1619 liberare-

1037 1639 1107 1675 tur
1134 1633 1278 1675 homo.
1317 1634 1516 1675 Accessit
1541 1633 1671 1675 homo
1698 1634 1753 1675 ad
1778 1647 1854 1675 cor

1037 1690 1187 1740 altum,
1216 1689 1261 1731 id
1287 1695 1367 1739 651,
1395 1702 1471 1731 601
1495 1692 1723 1740 secretum,
1752 1690 1853 1742 obji—

1037 1746 1154 1788 ciens
1195 1746 1442 1798 aspectibus
1483 1745 1680 1786 humanis
1719 1746 1853 1788 homi-

1036 1816 1151 1852 nem,
1180 1815 1357 1844 servans
1384 1803 1499 1843 intus
1523 1803 1681 1843 Deum:
1709 1802 1852 1844 celans

1036 1859 1219 1900 formam
1245 1859 1349 1908 Dei,
1385 1859 1429 1898 in
1458 1871 1543 1910 qua
1574 1858 1755 1910 aequalis
1787 1864 1852 1900 est

1035 1915 1171 1965 Patri,
1213 1919 1256 1956 et
1292 1915 1477 1956 offerens
1513 1915 1695 1955 formam
1730 1915 1851 1964 servi,

1037 1984 1121 2023 qua
1139 1972 1280 2012 minor
1300 1976 1366 2012 est
1384 1971 1523 2012 Patre.

1087 2029 1137 2080 Rz.
1161 2027 1361 2069 Recessit
1386 2032 1536 2079 pastor
1563 2031 1727 2076 noster,
1754 2027 1848 2067 fons

1035 2097 1160 2136 aquae
1180 2084 1302 2133 vivae,
1325 2083 1380 2124 ad
1401 2083 1518 2134 cujus
1537 2082 1763 2123 transitum
1782 2082 1848 2123 sol

1035 2140 1294 2182 obscuratus
1322 2145 1403 2182 est:
1432 2141 1453 2165 *
1477 2139 1589 2180 Nam
1615 2143 1658 2180 et
1684 2137 1754 2178 1116
1781 2150 1846 2178 66-

1033 2201 1134 2249 111115
1154 2201 1230 2246 651,
1251 2196 1324 2248 qui
1340 2198 1559 2248 captivum
1575 2193 1748 2236 tenebat
1763 2193 1846 2245 pri-

1033 2266 1152 2293 mum
1170 2252 1401 2294 11ό1111116111ι
1421 2250 1550 2292 hedie
1568 2254 1718 2302 portas
1734 2262 1846 2290 mor-

1033 2310 1089 2350 tis
1109 2314 1152 2350 et
1171 2322 1291 2350 seras
1308 2308 1470 2361 pariter
1483 2306 1682 2347 Salvator
1699 2310 1846 2346 noster

1033 2365 1231 2417 disrupit.
1257 2358 1306 2409 V.
1321 2362 1544 2405 Destruxit
1556 2360 1730 2412 quidem
1741 2361 1846 2402 clau-

1032 2426 1122 2462 stra
1145 2421 1312 2469 inferni,
1337 2424 1379 2460 61
1398 2417 1609 2459 subvertit
1628 2417 1845 2469 potentias

1033 2477 1207 2518 diaboli.
1233 2476 1345 2517 Nam
1364 2479 1407 2516 et
1424 2473 1506 2514 ille.

1336 2528 1485 2567 Lectio
1508 2541 1541 2565 v.

1036 2571 1170 2692 Quo
1193 2586 1487 2640 perduxerunt
1506 2583 1600 2625 illas
1621 2585 1843 2627 scrutatio-

1132 2657 1209 2685 nes
1237 2654 1355 2691 suas,
1388 2653 1494 2692 quas
1522 2643 1843 2692 perscrutantes

1031 2700 1297 2747 defecerunt,
1328 2705 1375 2738 ut
1402 2697 1531 2737 etiam
1558 2698 1729 2738 mortuo
1756 2698 1843 2738 Do-
