2028 2892
442 263 595 304 Lectio
616 265 670 304 iii.

142 319 341 424 Engua
377 325 655 366 constituitur
691 326 735 366 in
765 327 972 368 membris

237 379 416 428 nostris,
459 392 558 431 quae
598 382 789 423 maculat
829 388 971 424 totum

146 446 318 486 coerS,
338 439 382 476 et
400 435 642 477 inflammat
660 442 803 478 rotam
822 440 971 480 nativi-

144 490 246 531 tatis
272 495 438 531 nostrae
469 491 739 534 inflammata
764 506 789 534 a
814 494 971 544 gehen-

144 557 210 585 na.
239 545 390 586 Omnis
412 546 527 587 enim
545 552 702 589 natura
719 549 970 600 bestiarum,

144 605 188 641 et
206 601 450 651 volucrum,
474 607 518 643 et
536 605 817 656 serpentium,
842 611 885 647 et
904 619 969 647 ce-

142 658 337 698 terorum
357 657 600 709 domantur,
622 665 666 701 et
686 660 851 702 domita
870 667 970 703 sunt

143 724 169 752 a
192 715 349 753 natura
372 713 576 755 humana:
607 715 797 767 linguam
823 722 969 759 autem

142 767 286 809 nullus
322 768 548 811 hominum
589 771 769 813 domare
804 778 968 825 potest:

141 822 383 874 inquietum
415 826 595 876 malum,
634 827 764 879 plena
800 831 967 871 veneno

140 879 378 921 mortifero.
441 882 493 921 In
530 881 630 934 ipsa
669 883 967 925 benedicimus

139 934 283 975 Deum
302 940 346 977 et
363 936 557 978 Patrem:
582 943 626 979 et
648 939 693 979 in
717 940 814 991 ipsa
838 941 967 982 male-

140 988 323 1031 dicimus
347 991 565 1043 homines,
595 995 669 1046 qui
693 995 749 1036 ad
774 996 966 1037 similitu-

140 1045 287 1087 dinem
304 1047 388 1088 Dei
406 1048 511 1090 facti
531 1054 641 1091 sunt.
676 1051 743 1091 Ex
766 1052 865 1103 ipso
890 1065 966 1093 ore

138 1102 342 1153 procedit
359 1103 620 1155 benedictio,
643 1111 686 1147 et
704 1107 966 1149 maledictio.

192 1162 255 1202 Te
274 1158 418 1200 Deum
436 1160 677 1202 laudamus.
696 1163 755 1203 15.

187 1230 258 1271 Ad
284 1231 445 1272 Bened.
482 1233 579 1273 Ant.
615 1228 884 1273 Obtulerunt
904 1230 965 1272 di-

138 1281 294 1334 scipuli
328 1283 352 1309 *
387 1283 579 1326 1)όωίηο
619 1290 791 1337 partem
832 1287 965 1338 piscis

136 1337 240 1386 assi,
269 1342 312 1378 et
336 1338 484 1380 favum
507 1339 667 1390 mellis,
693 1341 881 1393 alleluja,
907 1343 964 1383 al-

135 1391 274 1444 leluja.

186 1460 256 1501 Ad
283 1461 457 1511 Magnis.
495 1463 593 1503 Ant.
634 1464 734 1503 Non
761 1462 876 1503 enim
902 1463 963 1505 lo-

137 1514 294 1564 quetur
325 1514 349 1540 *
380 1527 407 1555 a
439 1518 696 1568 semetipso:
735 1517 814 1559 sed
848 1531 962 1570 quae-

135 1571 323 1620 cumque
349 1569 515 1620 audiet,
540 1571 759 1624 loquetur:
792 1578 837 1614 et
864 1587 962 1626 quae

134 1627 319 1665 ventura
355 1630 473 1676 sunt,
514 1628 790 1671 annuntiabit
825 1630 962 1679 vobis,

134 1679 316 1732 alleluja.

367 1794 528 1829 Feria
560 1794 733 1831 Sexta.

131 1856 199 1896 De
218 1852 416 1904 Epistola
435 1853 554 1895 beati
573 1855 598 1894 J
600 1855 728 1896 acobi
743 1855 960 1907 Apostoli.

234 1925 385 1967 Lectio
406 1927 430 1966 i.
693 1928 795 1979 Cap.
816 1929 853 1967 4.

159 1998 210 2039 13:33
230 1984 316 2026 nde
348 1985 480 2035 bella,
523 1991 567 2027 et
599 1987 698 2029 lites
730 1988 775 2028 in
808 1988 957 2030 vobis?

165 2038 210 2073 (Β
247 2039 405 2082 Nonne
423 2040 547 2083 hinc?
576 2055 630 2083 ex
649 2044 958 2095 concupiscen-

132 2096 203 2136 tiis
222 2096 398 2145 vestris,
428 2110 526 2149 quae
550 2097 737 2139 militant
760 2099 804 2138 in
827 2112 957 2140 mem—

130 2150 221 2191 bris
239 2149 420 2191 vestris?
450 2153 787 2206 ConcupiscitiS,
808 2158 851 2195 et
869 2167 957 2195 non

130 2206 316 2247 habetis:
336 2207 546 2258 occiditis,
567 2214 610 2250 et
626 2209 793 2251 zelatis:
813 2214 856 2250 et
870 2223 958 2251 non

130 2262 317 2314 potestis
337 2261 534 2315 adipisci:
558 2264 755 2315 litigatis,
776 2270 819 2306 et
837 2265 956 2306 belli-

129 2317 311 2368 geratis,
349 2323 392 2359 et
427 2331 515 2359 non
550 2319 735 2369 habetis,
775 2325 956 2372 propter

132 2373 253 2424 quod
287 2386 375 2414 non
413 2374 661 2426 postulatis:
701 2376 872 2425 Petitis,
914 2381 957 2417 et

130 2441 218 2469 non
242 2430 455 2481 accipitis:
481 2443 533 2471 eo
560 2431 679 2483 quod
701 2431 814 2472 male
836 2434 955 2482 peta-

130 2484 201 2524 tis:
237 2489 285 2525 ut
320 2485 364 2525 in
402 2487 766 2538 concupiscentiis
799 2487 955 2527 vestris

130 2539 368 2581 insumatis.
409 2541 612 2582 Adulteri
645 2542 821 2583 nescitis
855 2541 956 2592 quia

131 2595 320 2679 amicitia
343 2595 468 2648 hujus
492 2597 659 2646 mundi,
691 2598 864 2637 inimica
889 2601 956 2637 est

129 2648 230 2690 Dei.

292 2651 565 2704 Quicumque
614 2665 719 2703 ergo
769 2651 955 2692 voluerit

540 170 644 203 Infra
669 170 963 205 Hebdomadam
988 173 1036 206 iv.
1062 178 1150 215 post
1175 173 1253 207 Oct.
1279 175 1447 210 Paschae.

1775 179 1848 213 307

1026 268 1190 306 amicus
1211 279 1306 308 esse
1326 270 1473 311 saeculi
1492 271 1631 323 hujus,
1650 273 1847 314 inimicus

1024 320 1108 361 Dei
1127 323 1412 364 constituitur.

1078 381 1127 431 R.
1152 377 1204 416 In
1224 379 1429 420 ecclesiis.
1448 383 1546 422 302.

1332 452 1481 492 Lectio
1502 455 1538 492 ii.

1101 525 1129 552 n
1148 515 1311 564 putatis
1333 517 1433 567 quia
1453 517 1637 559 inaniter
1654 520 1843 572 Scriptu-

1126 581 1173 608 ra
1200 569 1331 611 dicat:
1359 571 1430 612 Ad
1458 573 1662 614 invidiam
1690 588 1843 616 concu-

1021 624 1152 674 piscit
1179 626 1376 676 spiritus,
1410 628 1483 679 qui
1511 628 1678 671 habitat
1703 631 1745 670 in
1771 645 1843 672 vo-

1021 677 1110 719 bis?
1147 680 1357 731 Majorem
1381 688 1526 724 autem
1553 684 1627 725 dat
1652 687 1844 736 gratiam.

1020 734 1208 786 Propter
1229 737 1348 788 quod
1370 738 1488 779 dicit:
1506 739 1626 780 Deus
1646 742 1843 793 superbis

1021 791 1202 840 resistit,
1231 792 1465 835 humilibus
1490 799 1635 835 autem
1658 796 1733 837 dat
1751 799 1843 847 gra-

1020 846 1137 886 tiam.
1164 847 1336 889 subditi
1357 862 1461 899 ergo
1482 852 1622 892 estote
1641 852 1755 901 Deo,
1780 866 1843 894 re-

1021 902 1161 943 sistite
1189 908 1334 944 autem
1363 904 1555 955 diabolo,
1589 912 1632 947 et
1659 907 1794 958 fugiet
1819 922 1843 949 a

1020 957 1156 998 vobis.
1184 958 1550 1012 Appropinquate
1568 962 1681 1011 Deo,
1707 968 1751 1003 et
1769 976 1842 1015 ap-

1019 1014 1336 1065 propinquabit
1350 1015 1486 1056 vobis.
1504 1017 1749 1059 Emundate
1764 1032 1843 1059 ma-

1019 1081 1115 1117 nus,
1138 1072 1409 1120 peccatores:
1436 1076 1479 1112 et
1502 1073 1730 1123 purificate
1750 1087 1841 1114 cor-

1019 1123 1090 1173 da,
1116 1124 1313 1177 diiplices
1334 1127 1490 1167 animo.
1523 1128 1671 1168 Miseri
1691 1132 1843 1178 estote,

1019 1184 1063 1220 et
1086 1180 1250 1230 lugete,
1280 1186 1324 1222 et
1350 1182 1538 1233 plorate:
1567 1184 1678 1224 risus
1699 1190 1842 1226 vester

1017 1235 1060 1275 in
1079 1235 1244 1277 luctum
1264 1240 1554 1287 convertatur,
1577 1244 1619 1280 et
1636 1239 1842 1290 gasidium

1017 1291 1059 1331 in
1078 1294 1323 1333 moerorem.
1364 1293 1660 1334 Humiliamini
1680 1295 1723 1334 in
1744 1308 1841 1336 con-

1017 1349 1170 1398 spectu
1189 1348 1374 1397 Domini,
1395 1354 1438 1389 et
1459 1349 1667 1390 exaltabit
1685 1363 1775 1391 vos.

1068 1410 1118 1460 R.
1152 1407 1203 1447 In
1238 1412 1334 1448 toto
1371 1408 1515 1449 corde.
1561 1425 1658 1452 cum
1687 1410 1838 1452 Gloria

1015 1462 1144 1503 Patri.
1172 1463 1240 1503 Ne
1259 1463 1455 1514 repellas.
1479 1468 1519 1505 in
1539 1467 1634 1507 fine.
1652 1465 1750 1504 302.

1315 1537 1464 1578 Lectio
1485 1538 1538 1577 iii.

1110 1599 1214 1641 olite
1233 1599 1463 1642 detrahere
1483 1600 1738 1641 alterutrum
1756 1602 1836 1642 fra-

1116 1659 1216 1696 tres.
1258 1656 1342 1705 Qui
1376 1656 1566 1697 detrahit
1593 1656 1731 1705 fratri,
1764 1662 1838 1698 aut

1015 1711 1090 1762 qui
1108 1710 1270 1762 judicat
1288 1711 1467 1752 fratrem
1486 1725 1627 1760 suum,
1650 1711 1837 1753 detrahit

1012 1766 1109 1816 legi,
1130 1771 1173 1807 et
1192 1766 1355 1817 judicat
1373 1767 1523 1817 legem.
1552 1767 1596 1808 Si
1615 1772 1760 1808 autem
1778 1769 1835 1819 ju-

1013 1821 1134 1863 dicas
1162 1822 1319 1873 legem:
1350 1835 1438 1863 non
1470 1835 1516 1863 es
1548 1823 1687 1863 factor
1711 1823 1833 1874 legis,

1012 1877 1091 1918 sed
1110 1877 1250 1929 judex.
1287 1878 1408 1919 Unus
1433 1882 1499 1919 est
1522 1877 1761 1928 legislator,
1791 1883 1834 1919 et

1011 1932 1157 1983 judex,
1184 1933 1258 1984 qui
1275 1938 1424 1984 potest
1442 1933 1643 1985 perdere,
1669 1938 1711 1974 et
1730 1933 1831 1974 libe-

1010 1991 1119 2029 rare.
1160 1988 1229 2029 Tu
1255 1993 1399 2029 autem
1425 1989 1521 2041 quis
1546 2001 1607 2037 es,
1637 1989 1709 2040 qui
1727 1988 1830 2039 judi-

1011 2057 1085 2084 cas
1110 2044 1380 2096 proximum?
1408 2045 1523 2085 Ecce
1545 2057 1656 2084 nunc
1678 2044 1751 2095 qui
1770 2043 1829 2084 di-

1010 2100 1124 2140 citis:
1157 2099 1318 2148 Hodie,
1351 2104 1425 2140 aut
1458 2099 1645 2140 crastino
1674 2099 1829 2139 ibimus

1008 2154 1188 2195 inillam
1207 2155 1443 2203 civitatem,
1473 2159 1515 2195 et
1539 2154 1745 2195 faciemus
1769 2153 1829 2194 ibi

1010 2210 1186 2261 quidem
1205 2223 1378 2259 annum,
1399 2215 1442 2251 et
1459 2209 1762 2257 mercabimur,
1786 2213 1830 2249 et

1007 2265 1175 2306 lucrum
1221 2265 1446 2306 faciemus:
1497 2265 1570 2316 qui
1618 2264 1828 2314 ignoratis

1009 2321 1115 2372 quid
1163 2321 1244 2361 erit
1280 2321 1324 2360 in
1360 2320 1559 2360 erastino.
1618 2319 1725 2368 Quae
1762 2324 1828 2360 est

1008 2377 1122 2416 enim
1158 2376 1246 2416 vita
1283 2373 1451 2416 vestra?
1496 2387 1634 2426 vapor
1670 2379 1736 2414 est
1772 2373 1829 2414 ad

1007 2431 1227 2472 modicum
1254 2443 1430 2482 parenS,
1458 2434 1501 2470 et
1525 2429 1733 2481 deinceps
1758 2442 1827 2470 ex-

1006 2486 1325 2534 terminabitur,
1348 2497 1428 2536 pro
1449 2497 1501 2525 eo
1522 2489 1569 2525 ut
1588 2483 1756 2525 dicatis:
1784 2484 1828 2525 Si

1006 2541 1219 2582 Dominus
1243 2540 1439 2581 voluer-it.
1483 2540 1554 2579 Et:
1600 2540 1645 2580 Si
1671 2540 1825 2580 vixeri-

993 2609 1113 2646 mus,
1130 2596 1336 2636 faciemus
1355 2594 1450 2643 hoc,
1470 2599 1544 2635 aut
1562 2594 1678 2636 illud.

1060 2657 1124 2695 Te
1143 2652 1285 2692 Deum
1303 2649 1541 2690 laudamus.
1563 2651 1621 2690 15.
