2028 2892
788 201 825 233 ln
853 201 1091 234 Ascensionc
1119 200 1281 234 Domini.

237 298 303 339 Ad
335 298 504 345 Magnif.
540 299 637 338 Ant.
667 298 810 345 Pater,
832 296 1008 337 manife-

182 356 294 396 stavi
313 368 472 396 nomen
491 359 613 396 tuum
629 353 877 395 hominibus
898 365 1008 405 quos

183 410 342 453 dedisti
370 410 492 452 mihi:
519 424 634 452 nunc
662 416 808 452 autem
834 422 916 463 pro
946 409 1008 450 eis

182 481 302 519 rogo,
328 481 415 510 non
443 481 526 521 pro
551 466 727 517 mundo,
756 467 856 519 quia
882 464 938 507 ad
965 470 1008 507 te

181 525 320 575 venio,
348 524 534 579 alleluja,

514 579 677 618 Oratio.

255 637 433 687 oncede‚
455 639 705 689 quaesumus
730 638 1008 688 omnipotens

275 690 476 736 Deus:'ut
497 693 570 746 qui
587 692 799 735 hodierna
819 691 889 734 die
907 692 1007 734 Uni-

180 751 374 802 genitum
405 755 527 792 tuum
558 748 902 802 Redempterem
933 761 1006 790 no-

181 813 318 850 strum
347 806 403 850 ad
430 807 568 850 coelos
596 806 845 848 ascendisse
872 804 1007 847 credi-

180 878 291 915 mus,
319 865 403 919 ipsi
432 877 608 917 quoque
636 868 780 905 mente
808 863 852 903 in
881 861 1007 904 coele-

180 921 319 964 stibus
363 920 621 963 habitemus.
675 921 759 962 Per
805 918 1008 961 eumdem

181 978 428 1020 Deminum.

342 1055 430 1096 Ad.
455 1054 844 1097 matutinum.

1093 298 1143 338 Ut
1162 309 1260 338 eum
1278 299 1458 350 repente
1477 297 1666 351 coeperis

1139 352 1312 395 Clarere
1331 353 1445 396 nube
1465 353 1629 407 judicis,

1139 409 1297 452 Poenas
1316 409 1503 463 repellas
1522 409 1703 460 debitas,

1138 465 1318 509 Reddas
1337 469 1523 508 corenas
1542 466 1748 520 perditas.

1087 535 1110 575 J
1112 547 1200 586 esu,
1218 535 1298 579 tibi
1317 536 1373 578 sit
1390 535 1539 587 gloria,

1139 592 1223 643 Qui
1241 593 1382 634 victor
1402 593 1446 634 in
1465 592 1624 635 coelum
1642 591 1770 642 redis,

1139 649 1247 690 Cum
1266 649 1407 699 Patre,
1428 654 1471 691 et
1490 649 1605 692 almo
1624 649 1798 702 Spiritu,

1137 707 1188 748 In
1207 706 1472 759 sempiterna
1491 705 1663 748 saecula.

1371 763 1524 804 Amen.

1294 837 1343 876 In
1370 837 1399 876 Ι.
1428 837 1649 877 Nocturno.

1114 902 1211 943 Ant.
1237 902 1420 945 Elevata
1439 908 1507 945 est
1524 903 1548 929 *
1567 903 1887 955 magnificentia

1059 964 1135 1001 tua
1154 972 1286 1012 super
1305 959 1444 1002 coelos
1463 960 1594 1010 Deus,
1613 960 1796 1014 alleluja.

1344 1033 1544 1073 Psalmus
1572 1033 1608 1072 8.

1092 1100 1335 1151 [rx
1385 1100 1600 1142 Deminus
1647 1104 1816 1150 noster,
1862 1100 1886 1126 *

235 1117 404 1159 Invitat.
444 1116 640 1169 Alleluia,
669 1116 889 1158 Christum
919 1115 1007 1156 De·
1062 1120 1075 1158 J:

179 1172 343 1214 minum
371 1172 680 1216 ascendentem
707 1173 751 1213 in
779 1172 956 1221 eoelum,
983 1176 1005 1198 *¹

181 1229 338 1271 Venite
358 1228 602 1280 adoremus,
621 1230 801 1282 alleluja.

238 1290 301 1328 Ps.
323 1289 488 1336 vVenite,
509 1287 789 1329 exsultemus.
812 1287 849 1326 2.

493 1351 702 1402 Hymnus.

334 1409 455 1450 terne
475 1409 572 1451 Rex
591 1409 811 1460 altissime,

361 1464 635 1519 Redemptor
654 1473 697 1509 et
718 1466 922 1516 fidelium,

259 1520 338 1562 Cui
355 1534 475 1563 mors
493 1525 723 1577 perempta
742 1523 897 1566 detulit

258 1577 446 1620 Summae
465 1580 735 1633 triumphum
753 1580 915 1632 gleriae.

209 1638 423 1681 Ascendis
443 1640 573 1683 orbes
592 1641 795 1691 siderum,

259 1695 356 1744 Quo
376 1702 420 1738 te
438 1697 627 1740 vocabat
647 1698 820 1740 co'elitus

260 1750 441 1802 Collata,
462 1767 550 1795 non
568 1754 830 1805 humanituS,

260 1808 424 1850 Rerum
443 1812 643 1863 potestas
664 1812 867 1853 emnium.

212 1870 265 1910 {ft
283 1869 395 1911 trina
414 1875 570 1919 rerum,
589 1872 799 1923 machina,

260 1925 525 1978 Coelestium,
543 1930 825 1979 terrestrium,

259 1982 315 2024 Et
333 1983 570 2026 infererum
590 1985 779 2036 condita,

260 2039 428 2083 Flectat
446 2054 561 2093 genu
579 2043 664 2094 jam
684 2042 870 2085 subdita.

208 2099 418 2143 Tremunt
436 2100 635 2144 videntes
654 2103 813 2155 Angeli

259 2156 445 2199 Versam
475 2158 616 2200 vicem
642 2160 907 2202 mortalium:

259 2213 420 2256 Peccat
440 2227 553 2264 caro,
572 2215 753 2258 mundat
773 2229 886 2265 caro,

260 2270 434 2322 Regnat
450 2271 572 2314 Deus
591 2273 675 2314 Dei
694 2286 809 2315 caro.

208 2330 276 2372 Sis
295 2331 390 2384 ipse
409 2339 608 2375 nostrum
626 2333 844 2385 gaudium,

262 2387 443 2430 Manens
463 2389 642 2443 015¹mp0
662 2391 900 2443 praemium,

261 2443 411 2487 Mundi
431 2446 545 2497 regis
566 2446 640 2499 qui
661 2446 880 2495 fabricam,

262 2498 482 2543 Mundana
501 2503 679 2544 vincens
698 2502 867 2554 gaudia.

212 2559 323 2602 Hine
342 2567 384 2602 te
404 2566 637 2615 precantes
659 2566 919 2616 quaesumus

263 2616 447 2666 Ignesce
468 2620 607 2673 culpis
627 2620 837 2670 omnibus,

265 2672 320 2714 Et
340 2673 475 2715 corda
493 2689 663 2718 sursum
684 2677 864 2719 subleva

264 2728 337 2770 Ad
356 2735 399 2771 te
419 2734 606 2783 superna
624 2734 774 2784 gratia.

1062 1172 1063 1179 ¹
1095 1152 1161 1213 ‹ng
1211 1169 1341 1209 quam
1360 1157 1616 1199 admirabile
1639 1161 1705 1199 est
1727 1169 1887 1199 nomen

1093 1212 1134 1240 Σ
1155 1220 1183 1240 Α
1208 1219 1330 1255 tuum
1348 1213 1393 1254 in
1411 1214 1613 1255 universa
1634 1213 1766 1255 terra!

1112 1275 1327 1325 Quoniam
1342 1274 1513 1316 elevata
1529 1279 1596 1316 est
1611 1274 1886 1326 magnificen-

1059 1331 1119 1374 tia
1137 1337 1223 1381 tua,
1242 1333 1266 1359 *
1285 1344 1417 1385 super
1437 1331 1585 1373 coelos.

1111 1393 1179 1434 Ex
1207 1406 1284 1435 ore
1311 1393 1539 1435 infantium
1567 1397 1610 1434 et
1635 1392 1888 1435 lactentium

1059 1450 1281 1502 perfecisti
1321 1449 1496 1491 laudem
1532 1454 1716 1502 propter
1751 1449 1886 1490 inimi-

1061 1519 1137 1548 cos
1165 1511 1286 1556 tuos,
1313 1507 1336 1532 *
1363 1511 1411 1548 ut
1439 1505 1639 1548 destruas
1667 1506 1887 1548 inimicum

1061 1568 1104 1605 et
1122 1563 1321 1605 ulterem.

1115 1625 1330 1675 Queniam
1373 1623 1534 1666 videbo
1584 1623 1723 1666 coelos
1770 1629 1887 1674 tuos,

1062 1683 1197 1735 (Spera
1225 1681 1461 1732 digitorum
1484 1683 1676 1723 tuorum:
1695 1681 1719 1707 *
1741 1680 1888 1723 lunam

1061 1743 1106 1780 et
1125 1737 1285 1788 stellas,
1306 1750 1404 1790 quae
1422 1742 1470 1779 tu
1488 1737 1690 1780 fundasti.

1114 1798 1229 1850 Quid
1253 1803 1320 1840 est
1343 1798 1487 1847 homo,
1517 1798 1636 1851 quod
1653 1811 1823 1841 memor
1840 1811 1887 1840 es

1062 1853 1176 1907 ejus?
1197 1856 1221 1881 *
1240 1860 1314 1897 aut
1332 1855 1447 1896 filius
1465 1855 1663 1906 heminiS,
1683 1855 1888 1908 queniam

1062 1913 1214 1954 visitas
1234 1910 1355 1954 eum?

1113 1973 1307 2016 Minuisti
1343 1986 1442 2015 eum
1483 1973 1616 2026 paulo
1652 1973 1795 2014 minus
1831 1972 1886 2015 ab

1062 2030 1258 2082 Angelis,
1290 2029 1429 2082 gleria
1457 2034 1500 2072 et
1521 2029 1688 2072 honere
1708 2031 1887 2072 corona-

1063 2087 1118 2129 sti
1146 2099 1259 2129 eum:
1285 2088 1309 2112 *
1333 2092 1377 2129 et
1404 2086 1666 2129 constituisti
1693 2099 1792 2128 eum
1820 2099 1886 2128 su-

1062 2157 1141 2197 per
1161 2146 1296 2197 epera
1318 2146 1525 2185 manuum
1543 2145 1728 2185 tuarum.

1115 2205 1271 2247 Omnia
1317 2205 1539 2257 subjecisti
1578 2204 1659 2247 sub
1701 2203 1887 2258 pedibus

1063 2263 1171 2314 erS‚
1203 2263 1227 2287 *
1260 2275 1366 2304 oves
1400 2267 1443 2304 et
1476 2261 1614 2303 boves
1647 2261 1887 2303 universas:

1063 2321 1240 2372 insuper
1259 2323 1303 2360 et
1320 2321 1484 2372 pecora
1503 2318 1657 2370 campi.

1113 2379 1328 2421 Velucres
1358 2379 1472 2429 coeli,
1505 2384 1548 2421 et
1575 2379 1719 2432 pisces
1746 2378 1887 2427 maris,

1062 2437 1085 2461 *
1115 2436 1187 2489 qui
1214 2435 1520 2489 perambulant
1547 2435 1723 2477 semitas
1746 2434 1887 2476 maris.

1113 2497 1300 2538 Demine
1318 2497 1533 2538 Deminus
1552 2495 1746 2545 noster,*
1758 2508 1886 2547 quam

1062 2553 1316 2596 admirabile
1337 2558 1402 2594 est
1421 2565 1579 2594 nomen
1597 2557 1719 2594 tuum
1738 2551 1780 2592 in
1798 2551 1887 2593 uni-

1062 2612 1189 2652 versa
1206 2610 1342 2653 terra!

1115 2674 1211 2714 Ant.
1251 2674 1431 2716 Elevata
1468 2679 1535 2715 est
1567 2671 1887 2724 magnificentia

1062 2738 1137 2774 tua
1156 2744 1287 2785 super
1307 2731 1444 2773 coelos
1462 2731 1593 2780 Deus,
1613 2729 1794 2781 alleluja.
