2028 2892
217 202 285 237 170

271 301 336 339 Ad
361 298 516 338 licncd.
547 297 643 336 Ant.
678 292 862 335 Exibant
885 296 1029 333 autem

217 352 430 394 daemoma
448 352 472 378 *
495 363 520 391 a
545 351 691 393 multis
717 348 961 398 clamantia,
986 352 1029 389 et

216 408 418 457 dicentia,
451 407 561 458 Quia
591 412 638 448 tu
669 419 715 448 es
741 405 938 447 Christus
963 404 1028 444 Fi-

215 464 296 505 lius
315 464 413 505 Dei:
437 468 481 505 et
505 465 732 516 increpans
752 474 837 503 non
859 460 1029 502 sinebat

216 533 267 561 ea
284 520 420 572 loqui,
442 520 541 572 quia
560 519 754 561 sciebant
771 518 913 571 ipsum
933 529 1028 559 esse

216 576 442 618 Christum.
566 628 569 629 ⁷

549 627 708 667 Oratio.

217 680 523 785 Magnificet
562 690 605 726 te
640 684 826 725 Demine
863 684 1028 724 sancte-

334 754 429 782 rum
462 743 635 783 tuerum
669 741 839 782 Cosmae
872 744 915 781 et
946 740 1028 780 Da-

215 797 344 838 miani
366 797 493 839 beeta
516 797 781 839 solemnitas:
805 809 891 848 qua
917 801 959 837 et
982 795 1028 836 il-

215 853 268 894 lis
287 853 469 905 gleriam
488 854 810 906 sempiternam,
835 858 878 894 et
901 864 1029 905 opem

216 909 342 951 nobis
360 909 564 951 ineffabili
586 909 859 962 providentia
881 914 1028 951 contu-

215 965 311 1007 listi.
338 966 421 1007 Per
440 966 684 1008 Deminum.

269 1028 335 1068 Ad
358 1028 524 1075 Magnis.
556 1028 651 1066 Ant.
682 1028 843 1068 Omnes
868 1027 940 1079 qui
958 1026 1029 1067 ha-

215 1080 375 1124 bebant
401 1083 611 1133 infirmos,
639 1084 662 1109 *
691 1083 906 1125 ducebant
933 1083 1029 1124 illos

217 1137 272 1179 ad
289 1139 313 1179 J
316 1151 445 1190 esum,
466 1145 508 1182 et
527 1140 800 1182 sanabantur.

549 1200 707 1240 Oratio.

220 1251 502 1358 Subiectum
537 1256 616 1297 tibi
649 1256 879 1309 p6pulum,
917 1258 1030 1309 quae-

293 1324 440 1353 sumus
460 1313 655 1363 D6mine,
674 1313 926 1366 propitiatio
946 1326 1029 1354 coe-

218 1367 339 1409 lestis
375 1368 622 1421 amplificet:
659 1374 703 1411 et
737 1370 823 1411 tuis
859 1382 1031 1422 semper

218 1423 346 1465 feciat
365 1427 525 1467 servire
543 1426 770 1468 mandatis.
803 1427 887 1467 Per
906 1426 1030 1467 Dfim.

420 1542 601 1579 Feria
634 1542 830 1580 Sexta.

221 1602 370 1644 Lectio
395 1603 531 1645 sancti
548 1603 771 1655 Evangelii
794 1604 1031 1646 secundum

515 1659 539 1700 J
542 1662 735 1702 oannem.

322 1721 469 1761 Lectio
492 1722 513 1761 i.
773 1723 873 1774 Cap.
894 1724 929 1761 4.

219 1781 294 1888 In
326 1784 399 1826 illo
431 1787 644 1838 tempore:
674 1785 806 1827 Venit
833 1787 855 1827 J
859 1799 956 1828 esus
988 1787 1031 1827 in

285 1841 502 1883 civitatem
520 1842 740 1892 Samariae,
760 1855 856 1894 quae
876 1842 1032 1885 dicitur

220 1898 382 1940 Sichar:
402 1899 519 1950 iuxta
536 1897 758 1950 praedium,
778 1899 895 1951 quod
913 1899 1033 1941 dedit

221 1954 357 1996 Jacob
376 1954 400 1995 J
403 1954 539 2007 oseph
558 1954 646 1996 filio
666 1968 755 1996 suo.
782 1956 837 1997 Et
855 1956 1032 2008 reliqua.

224 2031 411 2074 nomilia
425 2031 561 2073 sancti
574 2031 804 2083 Augustini
817 2032 1034 2086 Episcopi.

306 2097 428 2131 Tract.
457 2098 501 2130 15.
529 2098 563 2130 in
589 2098 735 2133 Joann..
757 2103 843 2140 post
870 2099 945 2131 init.

226 2155 375 2252 nam
419 2152 627 2205 incipiunt
669 2155 879 2205 mysteria.
935 2155 1034 2196 Non

331 2209 444 2251 enim
475 2208 633 2251 frustra
665 2210 867 2261 fatigatur
896 2212 1035 2253 Jesus:

223 2279 309 2309 non
341 2266 453 2308 enim
484 2265 642 2307 frustra
672 2266 874 2317 fatigatur
901 2268 1035 2310 virtus

223 2323 321 2364 Dei:
364 2335 451 2364 non
487 2323 601 2363 enim
636 2322 794 2363 frustra
825 2323 1036 2374 fatigatur,

225 2392 302 2431 per
326 2392 454 2431 quem
478 2378 643 2429 fatigati
663 2381 926 2420 recreantur:
952 2393 1037 2421 non

226 2436 338 2476 enim
365 2436 524 2476 frustra
551 2435 770 2485 fatigatur,
805 2448 891 2487 quo
919 2435 1038 2477 dese-

226 2493 346 2533 rente
364 2492 607 2542 fatigamur,
634 2503 720 2543 quo
740 2493 954 2543 praesente
974 2493 1038 2532 fir-

226 2550 402 2589 mamur.
429 2549 652 2600 Fatigetur
669 2552 814 2589 tamen
833 2548 972 2597 Jesus‚
998 2554 1040 2590 et

228 2604 430 2655 fatigatur
462 2604 515 2646 ab
547 2605 717 2654 itinere,
751 2610 794 2646 et
825 2604 965 2654 sedet,
998 2610 1041 2646 et

228 2660 343 2710 juxta
361 2663 539 2712 puteum
558 2661 696 2710 sedet,
726 2665 768 2702 et
790 2660 897 2702 hora
921 2666 1041 2702 sexta

229 2715 432 2766 fatigatus
451 2716 583 2758 sedet.
628 2717 784 2758 Omnia
812 2717 895 2758 ista
922 2718 1041 2757 innu-

641 200 735 232 [ΠΗ-ιι
766 196 1051 231 llcbdomudnm
1080 194 1129 226 iii.
1155 192 1476 233 (guindiwfltzesinuc.

1080 295 1156 332 unt
1166 289 1340 343 aliquid,
1355 288 1548 331 indicare
1558 287 1709 329 volunt
1718 286 1897 339 aliquid:

1079 347 1268 388 intentos
1291 358 1372 388 nos
1394 345 1569 393 faciunt3
1592 348 1639 385 ut
1662 342 1896 396 pulsemus,

1079 403 1317 444 hortentur.
1338 403 1438 454 Ipse
1459 413 1560 451 ergo
1581 400 1748 452 aperiat
1768 403 1811 441 et
1825 411 1897 440 no-

1078 459 1147 501 bis
1175 464 1218 501 et
1245 458 1385 508 vobis,
1417 458 1490 510 qui
1519 456 1720 507 dignatus
1747 460 1814 497 est
1836 455 1898 497 ita

1079 516 1256 565 hortari,
1275 520 1323 557 ut
1337 514 1516 556 diceret:
1535 511 1722 561 Pulsate,
1742 516 1785 553 et
1799 524 1897 564 ape-

1079 573 1214 615 rietur
1231 572 1368 614 vobis.

1136 631 1185 682 R
1207 628 1374 671 Videns
1392 626 1540 669 Jacob.
1562 626 1642 667 161.

1393 687 1541 727 Lectio
1561 687 1598 726 ii.

1085 739 1224 844 Tibi
1245 742 1448 793 fatigatus
1483 744 1549 781 est
1576 738 1631 780 ab
1657 739 1809 780 itinere
1831 738 1898 780 Je-

1171 812 1254 840 sus.
1307 799 1555 839 Invenimus
1592 796 1798 837 virtutem
1832 794 1897 836 Je-

1081 868 1191 906 sum;
1207 860 1250 897 et
1259 855 1501 896 invenimus
1511 852 1728 894 infirmum
1737 851 1762 892 J
1765 863 1899 892 esum:

1080 912 1252 961 fortem,
1271 916 1313 953 et
1332 910 1560 951 infirmum.
1586 909 1779 957 Fortem,
1799 907 1899 960 quia

1080 969 1124 1009 in
1142 967 1357 1021 principio
1377 971 1471 1009 erat
1487 965 1701 1015 Verbum,
1729 969 1773 1006 et
1791 964 1898 1006 Ver-

1080 1025 1184 1067 bum
1204 1029 1296 1066 erat
1311 1023 1429 1077 apud
1442 1023 1595 1074 Deum,
1615 1026 1658 1063 et
1669 1022 1792 1063 Deus
1807 1025 1900 1062 erat

1080 1081 1291 1123 Verbum:
1335 1081 1420 1122 hoc
1465 1083 1558 1121 erat
1601 1078 1645 1119 in
1683 1076 1898 1131 principio

1082 1138 1200 1192 apud
1218 1139 1370 1179 Deum.
1396 1136 1477 1179 Vis
1495 1135 1644 1178 videre
1669 1147 1799 1187 quam
1817 1134 1900 1175 iste

1082 1196 1215 1237 Filius
1246 1194 1329 1236 Dei
1359 1193 1483 1235 fortis
1515 1190 1593 1234 sit?
1635 1191 1792 1233 Omnia
1822 1202 1901 1243 per

1081 1253 1224 1305 ipsum
1248 1251 1363 1293 facta
1385 1254 1498 1300 sunt,
1527 1253 1572 1291 et
1599 1248 1690 1290 sine
1716 1248 1816 1301 ipso
1842 1246 1900 1287 fa-

1083 1314 1199 1351 ctum
1218 1313 1285 1350 est
1302 1307 1423 1348 nihil:
1447 1310 1489 1348 et
1508 1306 1600 1347 sine
1618 1304 1769 1346 labere
1787 1303 1902 1345 facta

1083 1371 1192 1407 sunt.
1234 1364 1347 1415 Quid
1379 1375 1484 1415 ergo
1513 1361 1588 1403 illo
1621 1360 1791 1410 fertius,
1822 1372 1901 1412 per

1084 1434 1213 1474 quem
1227 1422 1320 1462 sine
1336 1419 1486 1462 labere
1501 1418 1615 1460 facta
1625 1421 1725 1459 sunt
1736 1413 1901 1458 emnia?

1082 1478 1308 1519 Infirmum
1325 1477 1391 1518 vis
1410 1474 1569 1517 nosse?
1583 1473 1781 1517 Verbum
1799 1484 1902 1514 caro

1082 1535 1245 1576 factum
1270 1538 1351 1583 est,
1384 1538 1428 1575 et
1455 1531 1667 1573 habitavit
1694 1530 1739 1571 in
1764 1528 1903 1571 nobis.

1082 1590 1313 1632 Fortitudo
1334 1589 1497 1631 Christi
1519 1593 1563 1629 te
1587 1586 1765 1629 creavit:
1789 1584 1903 1626 infir-

1082 1648 1211 1689 mitas
1240 1646 1401 1688 Christi
1428 1650 1473 1686 te
1500 1642 1725 1686 recreavit.
1765 1640 1903 1683 Forti-

1082 1703 1191 1746 tudo
1228 1702 1387 1744 Christi
1423 1701 1541 1750 fecit,
1577 1704 1626 1741 ut
1661 1697 1781 1751 quod
1815 1710 1904 1739 non

1084 1765 1192 1810 erat,
1211 1764 1342 1801 esset:
1363 1757 1591 1799 infirmitas
1611 1754 1773 1797 Christi
1791 1753 1904 1803 fecit,

1084 1821 1131 1858 ut
1152 1815 1270 1869 quod
1294 1819 1403 1865 erat,
1428 1826 1516 1855 non
1539 1814 1711 1866 periret.
1748 1809 1905 1852 Cendi-

1085 1873 1149 1915 dit
1175 1885 1256 1914 nos
1288 1870 1542 1914 fortitudine
1576 1882 1670 1919 sua,
1703 1866 1907 1920 quaesivit

1085 1942 1164 1971 nos
1184 1928 1433 1970 infirmitate
1452 1940 1541 1968 sua.

1139 1986 1189 2037 Rz.
1211 1986 1236 2027 J
1238 1984 1377 2038 oseph
1395 1984 1499 2026 dum
1517 1983 1709 2024 intraret.
1728 1980 1813 2021 162.

1383 2041 1533 2081 Lectio
1555 2040 1606 2080 iii.

1087 2092 1285 2197 Nutrit
1314 2111 1418 2150 ergo
1446 2097 1540 2150 ipse
1569 2095 1765 2137 infirmus
1793 2092 1906 2133 infir-

1189 2169 1302 2205 mOS‚
1334 2160 1556 2207 tamquam
1579 2151 1738 2203 gallina
1763 2148 1907 2202 pullos

1088 2225 1205 2254 suos:
1238 2212 1337 2253 huic
1370 2212 1484 2253 enim
1517 2222 1564 2251 se
1589 2207 1771 2250 similem
1796 2205 1907 2247 fecit.

1089 2268 1269 2319 Qu6ties
1287 2267 1415 2315 volui,
1434 2266 1573 2319 inquit
1589 2264 1645 2307 ad
1658 2262 1908 2310 Jerusalem,

1091 2326 1355 2377 congregare
1400 2324 1514 2365 filios
1558 2327 1658 2364 tuos
1697 2319 1777 2361 sub
1818 2317 1908 2359 alas

1090 2386 1311 2433 tamquam
1343 2379 1501 2430 gallina
1532 2377 1678 2431 pullos
1710 2388 1833 2424 suos,
1865 2378 1908 2415 et

1090 2434 1288 2478 noluisti?
1339 2436 1510 2477 Videtis
1543 2439 1703 2482 autem,
1744 2432 1908 2479 fratres,

1093 2491 1459 2546 quemadmodum
1485 2490 1643 2542 gallina
1670 2488 1909 2530 infirmetur

1092 2563 1190 2591 cum
1220 2548 1348 2601 pullis
1381 2548 1479 2589 suis.
1519 2546 1650 2588 Nulla
1681 2545 1794 2587 enim
1827 2543 1909 2584 alia

1093 2606 1200 2654 avis,
1235 2603 1352 2657 quod
1381 2604 1435 2644 sit
1461 2608 1619 2651 mater,
1651 2600 1909 2653 agnoscitur.

1092 2661 1302 2703 Videmus
1319 2659 1542 2700 nidificare
1562 2660 1764 2711 passeres
1783 2657 1909 2708 quos-

1093 2716 1198 2759 libet
1215 2721 1316 2758 ante
1335 2715 1488 2757 Oculos
1506 2719 1696 2756 nostros:
1718 2710 1910 2754 hirundi-
