2066 2956
644 200 713 233 Dic
742 201 791 233 18.
819 200 955 234 Martii.
1003 202 1037 234 S.
1066 201 1260 235 Gabriclis
1287 202 1479 244 Arc-hang.

206 296 388 347 parente
417 293 501 335 sibi
528 293 717 345 Angelo,
746 293 770 334 J
774 295 959 335 oannem
987 294 1033 334 fi-

204 351 308 391 lium
329 349 383 391 de
403 362 449 390 se
469 349 767 401 generandum
786 349 966 391 audivit:
991 355 1035 392 et

204 406 351 455 Maria,
367 405 537 456 Angelo
554 405 637 447 sibi
652 405 909 458 praedicenti
922 406 1035 447 Chri-

204 468 318 504 stum
338 475 393 503 ex
412 474 459 503 se
479 461 757 511 nascendum,
778 467 821 503 et
836 462 1033 512 credidit,

203 523 246 560 et
266 518 462 559 assensit.
489 518 600 559 Haec
617 518 700 560 tria
719 531 799 570 per
815 518 1032 570 Angelum

203 574 336 623 dicta,
365 580 408 616 et
436 574 655 627 completa
682 573 893 616 videmus.
935 575 1033 615 Jam

202 643 306 681 ergo
323 630 509 688 sollicite
524 630 779 672 intuendum
795 636 871 680 est,
886 635 1032 672 utrum

201 686 398 737 Angelus
418 686 516 736 iste,
537 687 611 738 qui
629 686 857 728 Zachariae
878 691 922 727 et
942 686 1030 727 Ma-

200 744 278 784 riae
303 742 523 795 apparuit,
549 742 633 794 ipsi
658 755 835 794 quoque
859 742 1031 783 Danieli

199 798 273 840 illa
291 798 558 852 praedixerit.

258 856 306 905 R.
338 855 497 896 Missus
532 859 598 896 est
627 854 807 896 Gabriel
835 854 1030 906 Angelus

200 910 256 952 ad
273 911 454 952 Mariam
469 911 695 962 Virginem
716 910 1030 963 desponsatam

198 967 224 1008 J
228 966 377 1019 oseph,
395 967 599 1008 nuntians
619 967 659 1008 ei
678 966 876 1009 verbum:
895 972 939 1008 et
958 980 1028 1008 ex-

197 1023 396 1075 pavescit
414 1023 552 1074 Virgo
579 1023 634 1064 de
656 1023 829 1064 lamine.
850 1024 871 1044 *
890 1023 959 1064 Ne
978 1025 1028 1065 ti-

197 1092 317 1121 meas
332 1079 481 1129 Maria,
497 1079 699 1121 invenisti
715 1079 830 1120 enim
843 1079 1029 1130 gratiam

198 1135 318 1188 apud
336 1136 588 1177 Dominum:
608 1148 711 1177 ecce
732 1136 966 1188 concipies,
987 1142 1030 1178 et

198 1192 363 1243 paries,
392 1197 435 1233 et
461 1191 695 1233 vocabitur
719 1191 935 1233 Altissimi
961 1192 1029 1233 Fi-

199 1247 293 1288 lius.
316 1240 366 1291 V.
390 1248 498 1298 Quae
516 1261 615 1289 cum
630 1247 834 1297 audisset,
853 1248 1029 1290 turbata

200 1308 266 1344 est
293 1304 336 1344 in
365 1307 566 1346 sermene
595 1304 703 1355 ejus,
732 1309 775 1345 et
805 1304 1029 1355 cogitabat

199 1359 339 1410 qualis
372 1366 489 1402 esset
521 1361 606 1402 ista
637 1360 858 1410 salutatio,
892 1365 936 1401 et
969 1360 1029 1402 ait

196 1414 391 1466 Angelus
412 1416 463 1458 ei.
490 1416 558 1457 Ne
577 1418 744 1457 timeas.

487 1469 637 1509 Lectio
659 1470 739 1508 viii.

282 1527 459 1580 quidem
478 1527 572 1580 ipse
592 1528 749 1569 Daniel
772 1528 816 1569 in
838 1527 1027 1581 prophe-

287 1586 361 1625 tiae
381 1597 472 1625 suae
491 1583 726 1634 volumine,
754 1584 929 1636 quando
953 1584 1028 1626 illa

198 1642 468 1682 sacramenta
529 1639 909 1682 hebdomadarum
971 1639 1027 1683 de

199 1696 358 1738 Christi
376 1696 602 1738 nativitate
627 1709 708 1748 per
728 1697 947 1747 Angelum
965 1697 1026 1738 fu-

196 1756 294 1794 tura
331 1752 552 1803 cognovit,
595 1753 657 1794 sic
693 1753 831 1806 ipsius
869 1752 1027 1803 Angeli

198 1821 357 1849 nomen
389 1808 613 1850 evidenter
642 1809 869 1861 expressit.
910 1809 1027 1851 Dicit

199 1864 326 1905 enim:
354 1864 469 1905 Ecce
493 1865 559 1904 vir
583 1865 780 1915 Gabriel,
810 1877 941 1917 quem
965 1867 1025 1907 vi-

199 1919 351 1962 deram
368 1920 412 1960 in
429 1920 658 1973 principio,
683 1921 770 1963 cito
791 1921 945 1962 volans
964 1922 1025 1963 te-

198 1976 295 2026 tigit
312 1988 395 2025 me,
422 1981 466 2017 et
485 1975 608 2018 dixit:
636 1976 808 2026 Daniel,
835 1977 1024 2019 animad-

198 2034 319 2073 verte
348 2034 612 2082 sermenem,
650 2038 692 2074 et
724 2033 893 2084 reliqua
926 2046 1025 2085 quae

197 2087 257 2129 ibi
273 2090 682 2130 commemorantur.
710 2089 823 2130 Item
837 2089 904 2130 his
919 2095 1023 2131 tem-

197 2142 378 2194 poribus
390 2143 630 2186 secundum
641 2144 935 2195 Evangelium,
946 2145 1025 2186 An-

198 2199 282 2249 geli
319 2200 457 2251 ipsius
492 2213 654 2242 nomen
695 2201 925 2242 mirificum
961 2202 1024 2243 sic

197 2254 412 2297 invenitur
445 2258 713 2308 expressum.
755 2257 876 2298 Dixit
910 2257 1023 2298 enim

198 2309 313 2351 idem
332 2311 526 2362 Angelus
546 2312 788 2354 Zachariae:
811 2313 907 2363 Ego
927 2326 1023 2354 sum

198 2365 395 2416 Gabriel,
431 2368 504 2419 qui
537 2373 635 2410 asto
661 2374 761 2410 ante
787 2369 948 2418 Deum,
980 2375 1023 2411 et

197 2421 353 2462 missus
373 2435 467 2463 sum
487 2423 607 2476 loqui
626 2424 682 2466 ad
702 2429 757 2475 te,
777 2430 820 2466 et
834 2424 931 2466 haec
944 2424 1022 2466 tibi

198 2478 508 2527 evangelizare.

247 2528 295 2579 R·-
326 2533 480 2575 Gaude
504 2534 642 2576 Maria
660 2535 816 2586 Virgo,
842 2541 1022 2577 cunctas

195 2586 386 2629 haereses
423 2589 516 2630 sola
554 2591 829 2632 interemisti:
853 2594 875 2617 ¹⁸¹
913 2592 1021 2641 Quae

197 2643 413 2684 Gabrielis
438 2644 702 2697 Archangeli
730 2646 858 2688 dictis
884 2646 1020 2688 credi-

196 2698 314 2745 disti,
348 2698 451 2740 dum
476 2700 612 2751 Virgo
638 2702 783 2743 Deum
816 2707 859 2743 et
884 2701 1020 2743 hemi-

1086 306 1187 335 nem
1205 295 1410 345 genuisti,
1436 300 1480 336 et
1503 299 1608 348 post
1625 299 1803 347 partum
1820 294 1917 336 Vir-

1086 362 1143 400 go
1163 350 1374 393 inviolata
1391 351 1682 403 permansisti.
1712 347 1761 398 V.
1778 350 1917 392 Bene-

1086 405 1204 447 dicta
1238 411 1287 448 tu
1321 407 1365 448 in
1398 406 1669 457 mulieribus,
1710 412 1753 448 et
1788 405 1917 448 bene-

1086 462 1231 504 dictus
1266 463 1433 505 fructus
1470 463 1634 504 ventris
1670 463 1745 505 tui.
1796 463 1918 513 Quae.

1088 518 1239 560 Glaria
1257 519 1388 562 Patri.
1416 521 1536 571 Quae.

1140 584 1272 619 LeetIO
1291 585 1340 619 ix.
1359 585 1405 619 de
1424 586 1536 620 Fcria
1553 595 1714 624 occurr.:
1738 586 1772 620 si
1794 590 1915 620 trans-

1087 632 1229 667 feratur
1254 639 1342 676 post
1365 633 1527 676 Pascha,
1552 634 1692 676 legitur
1716 645 1882 677 sequens

1385 698 1536 740 Lectio
1559 699 1611 739 ix.

1087 731 1262 855 Quod
1281 753 1413 796 etiam
1430 753 1486 795 de
1503 753 1647 795 beatae
1662 753 1813 796 Mariae
1827 755 1919 797 Vir·

1178 810 1289 861 ginis
1307 814 1438 862 partu
1457 809 1520 851 sic
1538 810 1583 851 in
1603 808 1761 852 eodem
1776 811 1916 852 Evan-

1083 867 1199 918 gelio
1232 866 1405 916 legitur:
1447 866 1608 908 Missus
1641 871 1725 917 est,
1757 867 1917 920 inquit,

1085 923 1281 975 Angelus
1310 922 1492 965 Gabriel
1519 935 1546 964 a
1570 923 1667 965 Deo
1695 923 1740 964 in
1769 923 1916 966 civita-

1082 985 1173 1022 tem
1193 979 1401 1030 Galilaeae,
1418 979 1487 1021 cui
1505 992 1666 1021 nornen
1683 979 1917 1031 Nazareth,

1083 1035 1141 1078 ad
1181 1036 1409 1087 Virginem
1451 1035 1768 1088 desponsatam
1809 1036 1916 1086 viro,

1084 1093 1153 1134 cui
1180 1105 1340 1135 nomen
1369 1097 1463 1134 erat
1485 1093 1511 1133 J
1513 1092 1669 1145 oseph‚
1698 1091 1755 1134 de
1782 1092 1917 1135 domo

1082 1148 1242 1191 David:
1274 1154 1318 1191 et
1349 1161 1509 1190 nomen
1539 1149 1736 1200 Virginis
1767 1149 1917 1191 Maria.

1082 1206 1181 1246 Jam
1227 1218 1333 1256 ergo
1375 1205 1655 1247 manifestum
1691 1210 1759 1247 est
1796 1205 1917 1258 quod

1082 1275 1193 1303 unus
1211 1261 1419 1314 idemque
1436 1261 1632 1312 Angelus
1653 1261 1835 1303 Gabriel
1853 1261 1916 1304 fu·

1082 1318 1180 1366 erit,
1219 1318 1294 1370 qui
1329 1323 1372 1359 et
1398 1318 1586 1371 praefixa
1612 1317 1687 1359 illa
1711 1320 1917 1371 tempora

1081 1374 1254 1416 Danieli
1283 1373 1339 1416 de
1367 1374 1530 1415 Christi
1555 1374 1787 1416 nativitate
1815 1376 1915 1428 ape-

1081 1430 1186 1481 ruit,
1219 1435 1264 1472 et
1295 1435 1471 1483 partum
1498 1430 1694 1482 Virginis
1725 1433 1915 1484 praesen-

1080 1491 1171 1528 tem
1198 1499 1295 1528 esse
1322 1487 1596 1529 monstravit.
1637 1485 1711 1529 Ad
1738 1492 1914 1540 tempus

1080 1545 1229 1595 itaque
1246 1543 1513 1596 praefinitum
1527 1543 1730 1593 occurrit,
1749 1548 1794 1585 et
1809 1542 1915 1585 olim

1081 1612 1106 1640 a
1139 1611 1186 1640 se
1215 1597 1334 1641 dicta
1360 1599 1508 1651 eperis
1536 1598 1770 1642 efficientia
1798 1612 1914 1641 com·

1079 1655 1201 1707 pleta
1221 1668 1318 1696 esse
1339 1656 1575 1698 convincit:
1601 1660 1646 1697 et
1663 1655 1752 1697 illic
1770 1655 1914 1697 fidelis

1079 1711 1123 1751 in
1159 1711 1395 1764 prophetia
1431 1710 1830 1762 hebdomadarum,
1870 1717 1914 1754 et

1080 1766 1151 1808 hic
1178 1767 1321 1809 fidelis
1350 1780 1431 1820 per
1464 1767 1722 1820 mysterium
1747 1766 1912 1810 revela-

1079 1828 1183 1864 tum.
1221 1823 1286 1865 Te
1305 1824 1450 1865 Deum
1467 1822 1709 1866 laudamus.
1728 1824 1788 1865 15.

1345 1903 1425 1945 Ad
1447 1904 1644 1946 Laudes

1299 1974 1318 1998 e
1333 1968 1346 1997 t
1380 1974 1405 2007 p
1422 1975 1440 1998 c
1457 1975 1474 1998 r
1506 1965 1541 1999 H
1555 1975 1578 1999 o
1593 1975 1611 1999 r
1624 1976 1645 1999 a
1659 1976 1687 1999 s.

1132 2018 1229 2059 Ant.
1250 2020 1278 2058 1.
1301 2018 1507 2068 Ingresso
1528 2017 1743 2060 Zacharia
1760 2019 1785 2045 ‘⁸‘
1803 2023 1910 2060 tem-

1078 2073 1201 2126 plum
1218 2073 1411 2123 Domini,
1436 2074 1642 2126 apparuit
1665 2075 1705 2116 ei
1730 2074 1908 2117 Gabriel

1077 2129 1274 2180 Angelus
1299 2134 1421 2171 stans
1444 2142 1470 2171 a
1494 2129 1661 2172 dextris
1681 2130 1830 2172 altaris
1849 2130 1909 2171 in-

1078 2186 1208 2227 censi.

1126 2244 1192 2284 Ps.
1224 2242 1442 2285 Deminus
1460 2242 1669 2293 regnavit.
1693 2243 1753 2284 16.

1127 2304 1163 2343 2.
1198 2303 1274 2344 Ait
1301 2308 1448 2345 autem
1474 2303 1684 2354 Angelus:
1709 2304 1733 2330 *
1757 2303 1826 2345 Ne
1854 2305 1903 2344 ti-

1077 2370 1197 2399 meas
1217 2358 1447 2408 Zacharia,
1476 2360 1682 2411 quoniam
1701 2358 1908 2402 exaudita

1077 2418 1143 2455 est
1163 2413 1419 2467 deprecatio
1439 2420 1526 2457 tua.

1123 2476 1159 2514 3.
1197 2476 1294 2526 Ego
1322 2488 1418 2517 sum
1444 2475 1627 2518 Gabriel
1651 2476 1675 2502 *
1699 2475 1906 2528 Angelus,

1077 2530 1150 2582 qui
1169 2535 1266 2572 asto
1286 2536 1388 2573 ante
1403 2532 1557 2583 Deum,
1577 2538 1621 2575 et
1636 2532 1795 2579 missus
1809 2545 1907 2574 sum

1074 2586 1197 2639 loqui
1215 2586 1273 2628 ad
1291 2592 1346 2628 te.

1124 2650 1162 2687 4.
1185 2646 1368 2699 Gabriel
1387 2647 1583 2698 Angelus
1602 2649 1625 2674 *
1644 2648 1819 2691 locutus
1838 2653 1906 2690 est

1074 2702 1242 2751 Mariae,
1271 2702 1436 2744 dicens:
1465 2704 1580 2745 Ecce
1610 2705 1834 2758 concipies
1861 2705 1905 2746 in
