2066 2956
201 208 293 252 [222]

256 305 473 355 Qu6niam
504 316 690 354 magnus
717 303 951 351 D6minus,
993 306 1037 343 et

203 360 435 402 laudabilis
454 360 596 401 nimis:
615 361 639 385 *
658 359 866 401 terribilis
886 364 954 400 est
969 371 1036 399 su-

202 430 281 469 per
300 430 454 458 omnes
474 416 594 458 deos.

251 473 468 524 Qu6niam
484 485 637 514 omnes
654 472 714 514 dii
725 471 934 513 Gentium
950 470 1036 512 dae-

201 531 363 572 menia:
399 530 422 555 *
459 529 676 571 Deminus
713 533 861 569 autem
898 527 1037 569 eoelos

203 587 316 629 feeit.

255 642 495 692 Confessio,
515 646 559 684 et
577 640 860 694 pulchrittido
876 640 920 680 in
936 652 1037 681 eon-

203 701 360 752 spectu
389 700 496 750 ejus:
515 699 539 724 *
560 697 849 739 sanctimc'mia
878 700 921 737 et
948 708 1036 736 ma-

201 755 453 806 gnificentia
472 755 515 795 in
535 753 882 795 sanctificatiOne
902 753 1004 804 ejus.

255 810 424 852 Afferte
438 811 631 852 D6mino
649 809 805 862 patriae
817 808 1037 858 Gentium,

202 867 355 909 affe'rte
382 867 575 908 Domino
606 866 792 917 gleriam
824 870 868 906 et
899 864 1035 906 hond-

202 937 310 966 rem:
329 925 353 950 *
373 923 737 970 affertess-DOmino
758 922 944 973 gldriam
961 923 1036 963 ηό-

200 981 307 1021 mini
327 982 429 1031 ejus.

252 1036 414 1078 To'llite
425 1036 604 1084 hostias,
624 1040 668 1076 et
681 1035 860 1076 introite
871 1035 914 1075 in
926 1035 1036 1076 Atria

201 1094 307 1145 ejus:
327 1094 350 1118 *
375 1093 558 1134 adorate
586 1092 826 1132 Deminum
850 1091 894 1132 in
923 1091 1035 1132 atrio

201 1155 355 1191 sancto
375 1150 477 1201 ejus.

255 1206 597 1247 Commoveatur
630 1218 655 1246 a
687 1204 798 1245 facie
826 1205 918 1255 ejus
946 1204 1035 1244 uni-

202 1264 330 1304 versa
360 1267 498 1303 terra:
525 1262 549 1287 *
578 1261 710 1303 dicite
742 1261 787 1301 in
820 1259 1036 1301 Gentibus

203 1319 305 1371 quia
323 1318 541 1359 Deminus
559 1317 769 1369 regnavit.

254 1374 430 1416 Etenim
473 1374 665 1415 correxit
710 1373 864 1415 orbem
905 1378 1036 1414 terrae

204 1431 277 1483 qui
295 1444 384 1472 non
400 1430 765 1472 commovebitur:
783 1430 807 1456 *
827 1428 1038 1481 judicabit

201 1487 394 1543 pepulos
413 1487 457 1528 in
477 1487 698 1539 aequitate.

251 1543 481 1585 Laetentur
501 1543 617 1593 coeli,
637 1547 681 1584 et
700 1542 890 1585 exsiiltet
908 1546 1037 1591 terra,

203 1601 536 1641 commoveatur
563 1612 700 1649 mare,
734 1604 779 1640 et
806 1597 1037 1651 plenitlido

204 1656 309 1707 ejus:
328 1656 352 1682 *
371 1655 627 1707 gaudebunt
646 1655 806 1707 campi,
827 1660 872 1697 et
891 1654 1038 1696 Omnia

205 1725 304 1764 quae
323 1712 367 1753 in
388 1712 450 1754 eis
469 1717 581 1753 sunt.

255 1768 382 1809 Tunc
418 1768 702 1810 exsultabunt
739 1768 887 1810 &mnia
923 1767 1039 1817 ligna

204 1824 413 1865 silvarum
433 1837 458 1865 a
477 1825 589 1866 facie
608 1825 712 1874 Dffi,
737 1825 839 1876 quia
863 1823 995 1865 venit:
1014 1823 1038 1848 *

205 1881 413 1932 queniam
433 1881 554 1922 venit
575 1880 769 1932 judicare
787 1885 960 1922 terram.

255 1937 280 1977 J
282 1936 482 1983 udieaeibit
508 1937 663 1978 orbem
686 1942 818 1979 terrae
843 1937 887 1977 in
906 1935 1038 1987 aequi-

204 1995 306 2043 tate,
325 1994 349 2019 *
369 1997 413 2034 et
430 1993 623 2045 populos
641 1994 685 2034 in
704 1993 890 2035 veritate
909 2004 998 2032 sua.

260 2053 359 2091 Ant.
404 2049 520 2090 Misit
563 2050 780 2091 D6minus
821 2047 1040 2099 Angelum

205 2119 347 2156 suum,
372 2105 447 2158 qui
466 2106 684 2158 permissit
703 2117 878 2147 omnem
897 2104 1039 2146 virum

205 2162 447 2211 robfistum‚
468 2167 512 2203 et
529 2161 800 2210 bellaterem‚
821 2167 865 2202 et
883 2160 1039 2213 princi-

206 2232 308 2271 pem
328 2219 548 2260 exercitus
567 2218 683 2269 regis
702 2217 997 2270 Assyrierum.

261 2275 360 2314 Ant.
389 2274 589 2317 Adorate
606 2275 856 2317 Deminum.

478 2331 677 2371 Psalmus
706 2331 772 2370 96.

122 2436 128 2441 ο
209 2388 472 2491 Βόῐῃίηηε
498 2387 711 2438 regnavit,
741 2387 931 2429 exsaltet
957 2393 1040 2429 ter-

316 2457 380 2484 ra:
399 2445 422 2470 *
441 2444 647 2485 laetentur
666 2443 821 2484 insulae
840 2443 1002 2485 multae.

260 2499 423 2549 Nubes,
439 2505 484 2541 et
503 2499 643 2550 caligo
664 2500 707 2540 in
728 2500 914 2542 eircfiitu
933 2501 1041 2551 ejus:

209 2555 232 2580 *
252 2555 428 2605 justitia,
449 2561 493 2598 et
515 2555 721 2607 judicium
740 2556 956 2598 correctio
977 2568 1040 2597 se-

212 2609 280 2651 dis
300 2612 401 2662 ejus.

262 2666 380 2714 Ignis
409 2672 509 2708 ante
537 2668 681 2719 ipsum
700 2667 936 2720 praecedet,
955 2668 977 2693 *
998 2673 1042 2709 et

211 2722 453 2763 inflaffiz'lbit
467 2723 510 2762 in
525 2724 710 2765 eireflitu
725 2724 923 2765 inimicos
939 2724 1042 2775 ejus.

651 214 827 247 Officium
853 214 1028 247 votivum
1054 213 1101 247 de
1127 214 1278 247 Sanctis
1301 213 1473 255 Angelis

1141 301 1386 343 Illuxerunt
1409 301 1582 352 ffilgura
1605 301 1697 353 ejus
1721 301 1819 343 orbi
1837 306 1921 343 ter-

1090 371 1167 399 rae:
1193 358 1216 383 *
1239 357 1360 407 vidit,
1389 362 1433 398 et
1458 359 1678 399 commeta
1703 362 1771 398 est
1793 362 1922 399 terra.

1141 414 1332 463 Montes,
1365 414 1478 455 sicut
1511 426 1613 455 cera
1644 413 1864 455 fluxerunt
1897 427 1923 455 a

1089 470 1199 512 facie
1236 469 1434 511 DOmini:
1474 470 1498 495 *
1535 482 1561 511 a
1596 469 1708 511 facie
1744 469 1923 511 Domini

1089 526 1231 568 omnis
1258 531 1386 567 terra.

1142 581 1526 623 Annuntiaverunt
1570 580 1671 623 coeli
1713 581 1923 633 justitiam

1089 639 1199 690 ejus:
1227 640 1251 665 *
1281 643 1326 679 et
1354 636 1558 679 viderunt
1585 649 1738 679 omnes
1766 637 1922 690 p6puli

1089 694 1273 745 gloriam
1301 695 1405 746 ejus.

1142 749 1479 792 Confundantur
1518 761 1691 799 omnes,
1733 750 1808 802 qui
1848 749 1922 792 ad-

1089 809 1217 848 erant
1245 806 1482 859 sculptilia:
1509 808 1533 832 *
1562 810 1607 847 et
1635 805 1710 858 qui
1735 806 1922 857 glorian-

1088 868 1160 905 tur
1177 864 1222 904 in
1242 862 1485 904 simulacris
1509 862 1610 903 suis.

1142 918 1342 961 Adoreite
1357 931 1458 960 eum
1473 931 1627 960 omnes
1640 918 1800 969 Angeli
1815 919 1923 972 ejus:

1090 976 1114 1001 *
1134 975 1311 1025 audivit,
1332 980 1376 1017 et
1393 975 1545 1017 laeteita
1564 979 1632 1016 est
1650 974 1766 1016 Sion.

1140 1032 1198 1074 Et
1226 1031 1556 1073 exsultaverunt
1587 1030 1692 1072 fssiae
1725 1029 1870 1081 Judae,
1898 1033 1922 1056 ²⁸¹

1089 1093 1274 1140 propter
1291 1087 1451 1140 judicia
1467 1092 1543 1129 tua
1562 1087 1768 1128 Demine:

1142 1144 1360 1194 Queniam
1376 1148 1425 1185 tu
1438 1143 1655 1184 D6minus
1669 1142 1923 1184 Altissimus

1091 1213 1223 1253 super
1250 1212 1425 1241 omnem
1448 1204 1627 1241 terram:
1650 1200 1675 1226 *
1699 1198 1828 1240 nimis
1852 1210 1923 1240 ex·

1090 1257 1251 1298 altatus
1271 1269 1319 1297 es
1339 1268 1474 1309 super
1493 1268 1646 1297 omnes
1667 1254 1789 1298 deos.

1144 1312 1229 1363 Qui
1243 1311 1422 1363 diligitis
1435 1312 1685 1362 Deminum‚
1700 1310 1821 1353 odite
1836 1324 1925 1353 ma-

1089 1369 1196 1411 lum:
1224 1371 1248 1395 *
1282 1368 1476 1411 custddit
1507 1368 1725 1410 D6minus
1758 1367 1925 1409 Animas

1090 1428 1345 1467 sanctorum
1369 1427 1559 1475 suorum,
1585 1423 1641 1467 de
1668 1437 1800 1466 manu
1824 1435 1926 1476 pec-

1091 1482 1252 1524 cateris
1271 1480 1477 1523 liberabit
1495 1493 1585 1522 eos.
1830 1532 1833 1533 ⁷

1141 1539 1240 1580 Lux
1268 1543 1366 1580 orta
1398 1542 1466 1580 est
1499 1538 1634 1590 justo,
1666 1538 1690 1564 *
1718 1541 1763 1579 et
1794 1535 1927 1578 rectis

1093 1594 1227 1636 eorde
1255 1594 1419 1636 laetitia.

1143 1650 1374 1692 Laetzimini
1401 1649 1503 1702 justi
1529 1649 1574 1690 in
1597 1648 1807 1691 D6mino:
1831 1647 1856 1674 *
1882 1651 1926 1688 et

1092 1705 1362 1748 confitemini
1387 1705 1613 1747 memdriae
1649 1702 1926 1746 sanctificati-

1093 1763 1188 1804 onis
1217 1763 1320 1814 ejus.

1147 1833 1245 1873 Ant.
1261 1829 1459 1873 Adoreite
1474 1831 1591 1871 Dfim
1604 1841 1759 1871 omnes
1766 1819 1924 1879 Angeli

1092 1888 1198 1938 ejus:
1217 1885 1403 1938 audivit,
1428 1894 1472 1930 et
1490 1887 1640 1928 laetata
1659 1891 1728 1928 est
1746 1885 1861 1927 Sion.

1146 1959 1245 1999 Ant.
1276 1956 1531 1998 Benedicite
1549 1955 1753 1997 Demino.

1355 2041 1554 2082 Psalmus
1584 2043 1674 2082 102.

1094 2105 1331 2210 Benedic
1365 2106 1510 2148 anima
1541 2118 1641 2147 mea
1666 2106 1876 2148 Domino:
1902 2107 1927 2132 *

1198 2167 1243 2204 et
1269 2162 1429 2212 Omnia,
1456 2175 1556 2214 quae
1581 2162 1695 2204 intra
1719 2174 1790 2204 me
1816 2166 1927 2212 sunt,

1093 2218 1259 2260 nemini
1278 2224 1431 2260 sancto
1452 2219 1554 2270 ejus.

1145 2273 1341 2316 Benedic
1369 2274 1513 2315 {mima
1538 2287 1638 2316 mea
1664 2274 1872 2316 Domino:
1903 2275 1927 2300 ²⁸¹

1094 2337 1138 2373 et
1163 2330 1254 2372 noli
1278 2330 1479 2372 oblivisci
1503 2343 1656 2373 omnes
1681 2329 1926 2372 retributid-

1094 2400 1172 2429 nes
1199 2387 1303 2439 ejus.

1147 2443 1232 2493 Qui
1254 2442 1520 2495 propitiatur
1547 2441 1749 2484 emnibus
1774 2441 1927 2493 iniqui-

1093 2499 1259 2541 tatibus
1278 2498 1382 2540 tuis:
1400 2500 1424 2524 *
1446 2497 1521 2549 qui
1546 2503 1671 2539 sanat
1695 2510 1848 2539 omnes
1867 2497 1927 2538 in-

1095 2555 1325 2596 firmitates
1344 2559 1453 2595 tuas.

1146 2611 1230 2662 Qui
1267 2609 1441 2651 redimit
1484 2609 1539 2651 de
1582 2610 1758 2651 interitu
1793 2610 1927 2651 vitam

1093 2673 1229 2709 tuam:
1257 2669 1281 2693 *
1311 2666 1385 2718 qui
1413 2668 1596 2707 corenat
1622 2671 1667 2707 te
1694 2666 1739 2707 in
1764 2666 1927 2707 miseri-

1095 2723 1247 2766 cerdia
1266 2728 1310 2765 et
1328 2721 1692 2764 miseratidnibus.
