2028 2892
512 170 583 203 Die
607 170 658 203 22.
684 170 792 203 Febr.

147 257 276 299 Unde
309 259 618 300 convenienter
649 259 866 309 Psalmus‚
901 261 975 312 qui

146 312 288 355 lectus
312 319 395 364 est,
428 313 546 356 dicit:
577 314 783 356 Exaltent
807 328 906 356 eum
930 317 974 356 in

147 369 333 410 ecclesia
349 369 510 422 plebis,
540 375 583 411 et
606 371 651 410 in
675 371 885 412 cathedra
909 385 972 414 se-

145 425 318 466 nierum
348 425 528 467 laudent
555 438 664 467 eum.
703 426 973 475 Benedictus

145 480 276 531 Deus,
297 481 372 533 qui
389 481 569 523 beatum
588 482 767 523 Petrum
781 482 972 535 Apesto-

143 535 234 576 lum
256 536 300 577 in
318 536 517 578 Ecclesia
541 537 723 578 exaltari
745 539 972 591 praecepit:

145 591 246 642 quja
272 591 450 655 dignum
476 598 542 634 est
570 598 618 634 ut
642 593 972 635 fundamentum

143 646 229 688 hoc
271 647 314 688 in
350 648 548 689 Ecclesia
589 648 846 699 honoretur,
892 663 972 702 per

145 701 266 754 quod
284 703 341 744 ad
361 703 520 745 coelum
539 704 859 746 conscenditur.

192 766 244 817 lit·
272 763 368 813 Ego
395 776 478 816 pro
504 770 548 806 te
572 764 725 815 rogavi
748 765 896 815 Petre,
923 771 971 807 ut

143 831 231 859 non
256 818 432 861 deficiat
455 819 567 861 fides
590 825 680 861 tua:
697 823 720 847 *
740 820 799 861 Et
823 826 872 862 tu
897 822 969 862 ali-

144 874 322 925 quando
363 877 602 916 conversus
640 876 851 917 confirma
887 877 968 918 fra-

142 933 232 971 tres
250 935 362 971 tuos.
397 928 448 979 V.
477 931 590 973 Caro
615 935 659 972 et
682 932 858 982 sanguis
881 946 970 974 non

141 985 353 1027 revelavit
370 985 463 1036 tibi,
482 986 562 1028 sed
580 987 712 1029 Pater
729 999 868 1038 meus,
896 989 969 1040 qui

142 1045 209 1082 est
227 1041 271 1081 in
290 1041 425 1083 000115.
452 1042 520 1084 Et.

446 1109 599 1150 Lectio
620 1111 673 1150 vi.

219 1160 310 1202 uod
334 1161 492 1202 natalis
513 1174 618 1213 ergo
640 1163 873 1206 Cathedrae
893 1164 967 1206 he-

248 1215 318 1258 die
343 1216 511 1268 celitur,
532 1218 806 1262 sacerdotale
831 1220 968 1262 hono-

139 1274 260 1315 ratur
288 1271 492 1314 officium.
528 1273 620 1315 Sibi
644 1273 730 1316 hoc
755 1276 966 1317 Ecclesiae

139 1328 325 1370 invicem
351 1334 583 1382 praestant,
616 1331 719 1381 quia
745 1336 867 1373 tanto
895 1345 966 1373 ne-

140 1386 263 1426 cesse
286 1385 386 1437 plus
408 1384 543 1426 habet
559 1385 759 1427 Ecclesia
783 1387 966 1437 dignita-

138 1439 213 1489 tis,
259 1445 422 1492 quanto
460 1440 734 1483 sacerdotale
775 1442 967 1483 officium

138 1494 239 1547 plus
269 1494 459 1537 honeris.
503 1495 612 1536 Cum
645 1496 967 1539 solemnitatem

138 1550 251 1592 hanc
264 1550 474 1592 Ecclesiis
492 1552 650 1593 merito
669 1552 873 1602 religiesa
892 1553 966 1594 ob-

139 1606 329 1648 servatio
359 1606 669 1652 introduxerit
705 1608 856 1658 miror,
889 1622 966 1650 cur

139 1660 258 1713 apud
277 1660 493 1729 quosdam
510 1661 709 1704 infideles
725 1662 858 1705 hedie
875 1669 966 1706 tam

137 1717 410 1769 perniciesus
429 1730 553 1759 error
570 1718 812 1770 increverit,
830 1724 879 1761 ut
898 1733 965 1761 su-

137 1785 218 1825 per
235 1773 428 1814 tumulos
451 1773 756 1815 defuncterum
780 1774 903 1817 cibos
923 1781 966 1817 et

138 1828 239 1869 vina
266 1829 508 1879 cenferant,
540 1830 665 1880 quasi
693 1831 882 1881 egressae
911 1831 966 1872 de

139 1884 400 1936 corperibus
433 1885 589 1926 animae
617 1885 814 1927 carnales
841 1887 966 1928 cibos

138 1941 373 1991 requirant.

190 2001 239 2051 R.
268 2000 398 2041 Petre
419 2013 540 2042 amas
562 1999 656 2042 me?
683 2001 753 2042 Tu
774 2001 859 2042 scis
878 2002 966 2042 De-

138 2055 270 2105 mine,
300 2056 402 2106 quia
429 2068 528 2097 amo
556 2060 611 2097 te.
636 2059 657 2081 *
688 2057 827 2098 Pasce
859 2069 966 2098 oves

138 2123 269 2151 meas.
283 2106 334 2157 V.
365 2110 516 2152 Simon
535 2112 560 2151 J
562 2112 716 2152 oannis
735 2111 878 2162 diligis
895 2125 966 2153 me

137 2165 236 2216 plus
267 2164 357 2206 his?
403 2166 473 2206 Tu
505 2167 591 2208 scis
622 2167 828 2216 Domine,
864 2167 967 2218 quia

139 2232 238 2262 amo
264 2226 319 2262 te.
351 2221 500 2263 Pasce.
537 2221 697 2263 Gloria.
725 2223 875 2263 Pasce.

352 2298 400 2335 In
427 2298 497 2335 III.
526 2297 749 2336 Nocturno.

139 2362 288 2402 Lectio
315 2361 453 2402 sancti
472 2360 699 2412 Evangelii
724 2362 965 2404 secundum

416 2416 686 2458 Matthaeum.

243 2478 392 2517 Lectio
415 2478 480 2516 vii.
627 2478 729 2527 Cup.
748 2479 803 2515 16.
821 2477 857 2515 b.

137 2528 214 2633 In
245 2534 320 2575 illo
352 2537 565 2587 tempore:
597 2536 731 2577 Venit
762 2536 890 2576 Jesus
921 2536 964 2575 in

202 2594 350 2640 partes
370 2590 584 2631 Caesareae
602 2591 811 2643 Philippi,
839 2595 881 2631 et
903 2590 963 2630 in-

139 2645 391 2695 terrogabat
410 2646 651 2698 discipulos
666 2658 781 2695 suos,
801 2645 963 2686 dicens:

840 170 1044 204 Cathcdrae
1068 171 1103 205 S.
1129 171 1230 204 l'ctri
1256 172 1486 205 Antiochiae.

1788 169 1857 204 383

1027 263 1167 312 Quem
1191 263 1340 305 dicunt
1363 264 1562 306 hemines
1582 279 1679 308 esse
1698 266 1855 307 Filium

1025 317 1235 359 heminis?
1263 319 1321 360 Et
1340 320 1519 372 reliqua.

1098 390 1288 433 Homilia
1307 391 1445 432 sancti
1463 391 1625 432 Leenis
1644 392 1789 445 Papae.

1070 448 1233 484 Serm..'3.
1252 452 1290 484 111
1309 453 1425 485 anniv
1430 463 1489 486 015
1519 464 1561 486 ’15
1545 460 1702 497 5511111111.
1722 466 1812 491 suae.

1336 504 1396 533 ost
1413 481 1573 534 initium.

1327 555 1377 583 os
1400 542 1630 590 Deminus,
1666 544 1771 594 quid
1798 544 1853 586 de

1042 618 1158 649 1
1191 609 1238 637 50
1275 597 1473 638 hemines
1506 598 1756 649 opinentur,
1792 601 1852 641 in-

1190 654 1400 703 terrogat:
1433 657 1476 693 et
1506 653 1675 694 tamdiu
1707 668 1852 697 sermo

1022 707 1382 759 respondentium
1400 709 1598 749 comunis
1614 715 1692 759 est,
1713 714 1854 762 quam·

1024 762 1098 803 diu
1111 762 1314 804 humanae
1330 764 1629 814 intelligentiae
1644 766 1852 817 ambigui-

1022 822 1090 859 tas
1111 819 1365 870 explicatur.
1394 820 1454 861 At
1474 820 1549 860 ubi
1570 820 1676 871 quid
1691 821 1854 864 habeat

1023 886 1177 914 sensus
1204 874 1519 927 discipulerum
1539 877 1740 927 exigitur,
1768 879 1852 930 pri-

1022 943 1119 970 mus
1139 935 1206 971 est
1220 931 1263 970 in
1278 931 1456 971 Demini
1472 932 1758 983 confessiene‚
1779 935 1852 985 qui

1020 986 1187 1037 primus
1208 991 1274 1027 est
1291 986 1335 1026 in
1350 986 1611 1038 Apostelica
1630 987 1852 1038 dignitate.

1022 1041 1106 1090 Qui
1131 1054 1230 1082 cum
1256 1040 1453 1083 dixisset:
1485 1042 1555 1083 Tu
1579 1055 1627 1084 es
1651 1043 1851 1086 Christus

1019 1095 1156 1137 Filius
1175 1097 1260 1138 Dei
1278 1097 1380 1137 vivi:
1402 1098 1632 1149 respendit
1652 1099 1692 1140 ei
1709 1100 1734 1140 J
1737 1112 1851 1141 esus:

1020 1151 1186 1193 Beatus
1215 1165 1262 1193 es
1290 1152 1439 1193 Simon
1465 1153 1610 1194 Bar-J
1613 1167 1713 1204 ona,
1749 1156 1851 1207 quia

1021 1220 1124 1248 caro
1151 1213 1195 1249 et
1219 1208 1396 1258 sanguis
1421 1221 1509 1249 non
1532 1210 1743 1252 revelavit
1761 1211 1851 1261 tibi,

1021 1263 1101 1304 sed
1124 1264 1255 1305 Pater
1279 1276 1420 1313 meus,
1452 1265 1526 1316 qui
1555 1265 1598 1305 in
1625 1267 1748 1307 000115
1773 1273 1850 1309 est.

1019 1318 1072 1359 Id
1092 1323 1174 1368 est,
1203 1319 1303 1360 ideo
1327 1319 1483 1360 beatus
1509 1333 1571 1370 es,
1601 1322 1702 1373 quia
1719 1323 1851 1364 Pater

1019 1387 1142 1415 meus
1163 1380 1206 1415 te
1226 1374 1389 1415 decuit:
1411 1388 1492 1416 nec
1510 1379 1684 1417 terrena
1702 1379 1849 1429 opinio

1019 1434 1063 1470 te
1091 1429 1260 1478 fefellit,
1294 1430 1373 1471 sed
1400 1431 1629 1482 inspiratio
1659 1433 1849 1474 coelestis

1018 1485 1237 1526 instruxit:
1266 1490 1309 1526 et
1336 1498 1424 1526 non
1453 1499 1556 1528 caro
1586 1492 1630 1528 et
1657 1489 1848 1538 sanguis,

1019 1539 1100 1581 sed
1123 1539 1195 1580 ille
1221 1553 1290 1581 me
1309 1541 1405 1590 tibi,
1435 1542 1555 1592 cujus
1581 1555 1677 1583 sum
1703 1544 1848 1594 unige-

1018 1595 1136 1636 nitus
1154 1595 1301 1646 Filius,
1321 1596 1540 1638 indicavit.

1072 1658 1122 1707 R.
1153 1653 1294 1702 Quem
1331 1651 1481 1693 dicunt
1517 1652 1716 1695 hemines
1751 1667 1848 1697 esse

1018 1706 1177 1747 Filium
1201 1706 1411 1748 heminis?
1439 1707 1550 1750 dixit
1572 1709 1597 1749 J
1600 1722 1698 1750 esus
1723 1709 1848 1752 disci-

1018 1762 1133 1814 pulis
1158 1763 1258 1802 suis.
1292 1762 1585 1815 Respendens
1604 1765 1761 1806 Petrus
1786 1766 1847 1807 di-

1018 1818 1096 1859 xit:
1118 1818 1187 1858 Tu
1207 1830 1253 1859 es
1273 1817 1472 1860 Christus
1491 1819 1626 1861 Filius
1646 1821 1731 1862 Dei
1749 1822 1847 1862 vivi.

1020 1878 1042 1900 *
1062 1874 1119 1915 Et
1145 1886 1228 1924 ego
1253 1872 1352 1914 dico
1378 1873 1474 1923 tibi,
1504 1875 1606 1925 quia
1627 1881 1675 1917 tu
1699 1889 1746 1917 es
1770 1877 1846 1918 Pe-

1017 1933 1130 1979 trus,
1158 1935 1202 1971 et
1225 1942 1358 1982 super
1380 1929 1493 1971 hanc
1517 1936 1689 1982 petram
1714 1932 1846 1973 aedifi-

1019 1984 1131 2026 cabo
1154 1985 1398 2026 Ecclesiam
1419 1998 1573 2027 meam.
1607 1984 1657 2035 V.
1682 1987 1846 2028 Beatus

1019 2051 1067 2080 es
1093 2039 1244 2081 Simon
1266 2041 1508 2090 Bar-Jona,
1542 2042 1643 2092 quia
1671 2054 1773 2082 caro
1803 2047 1846 2083 et

1018 2095 1196 2146 sanguis
1214 2108 1304 2137 non
1322 2096 1534 2137 revelavit
1552 2096 1649 2145 tibi,
1670 2096 1748 2137 sed
1766 2097 1844 2137 Pa-

1018 2154 1085 2190 ter
1108 2163 1231 2191 meus
1258 2151 1332 2202 qui
1355 2155 1422 2192 est
1442 2151 1486 2191 in
1505 2151 1638 2192 coelis.
1675 2152 1733 2192 Et
1751 2163 1845 2202 ego.

1310 2205 1460 2245 Lectio
1482 2205 1563 2244 viii.

1098 2264 1117 2301 t
1136 2273 1234 2311 ego,
1252 2261 1407 2312 inquit,
1427 2261 1526 2302 dico
1545 2261 1640 2303 tibi:
1663 2260 1749 2301 hoc
1768 2265 1845 2311 est,

1125 2316 1238 2357 sicut
1256 2316 1387 2357 Pater
1409 2329 1532 2357 meus
1559 2316 1640 2357 tibi
1666 2317 1843 2358 manife-

1017 2371 1151 2412 stavit
1169 2371 1441 2413 divinitatem
1457 2384 1610 2420 meam,
1627 2371 1688 2412 ita
1703 2377 1747 2413 et
1761 2384 1843 2422 ego

1015 2425 1096 2466 tibi
1109 2432 1259 2467 notam
1273 2427 1386 2467 facio
1401 2426 1703 2467 excellentiam
1712 2430 1844 2475 tuam,

1018 2481 1120 2531 quia
1138 2487 1186 2522 tu
1206 2494 1252 2522 es
1271 2482 1443 2522 Petrus:
1467 2480 1513 2522 id
1534 2485 1616 2530 est,
1642 2494 1741 2522 cum
1760 2494 1843 2532 ego

1016 2535 1098 2576 sim
1115 2536 1378 2578 inviolabilis
1393 2541 1528 2587 petra,
1548 2548 1630 2586 ego
1645 2536 1757 2588 lapis
1773 2550 1843 2578 an-

1030 550 1060 613 1?
1054 551 1105 603 454
1112 553 1159 591 ²1*
1176 510 1352 592 pestolo

996 2591 1193 2640 'gularis,
1233 2591 1308 2642 qui
1338 2591 1450 2631 facio
1482 2594 1667 2642 utraque
1699 2605 1842 2642 unum,

1017 2658 1099 2696 ego
1143 2646 1471 2687 fundamentum
1514 2652 1677 2698 praeter
1723 2647 1843 2699 quod
