2066 2956
661 205 932 239 pretiosissimi
959 204 1166 244 sanguinis
1194 204 1234 237 l).
1263 203 1306 236 N.
1330 203 1363 236 .l.
1391 204 1429 236 (ἶ.

186 302 367 355 aperuit,
388 306 432 343 et
453 302 660 342 continuo
683 300 816 342 exivit
835 300 1010 351 sanguis

187 364 230 401 et
249 370 373 410 aqua.

243 425 289 476 Y.
327 427 526 468 Christus
559 425 710 468 dilexit
737 438 829 467 nos.
876 429 923 479 lx‘g.
955 427 1013 467 Et

186 484 291 548 laxjit
309 496 390 525 nos
411 496 435 525 a
459 483 654 536 peccatis
674 483 835 524 nostris
854 483 897 523 in
918 484 1012 524 san—

186 552 313 590 guine
333 553 424 581 suo.
538 556 540 558 >

191 628 339 670 Lectio
364 627 502 669 8311611
524 626 750 678 Evangelii
771 627 1012 668 secundum

486 683 510 724 J
513 685 710 725 oannem.

295 757 443 796 Lectio
467 756 532 795 vii.
697 757 798 805 (lap.
818 753 910 792 191.

234 834 262 861 n
286 820 360 861 illo
385 821 600 872 tempore:
633 818 742 859 Cum
769 821 1013 871 accepisset

247 877 270 917 J
273 889 372 918 esus
387 878 568 924 acetum,
589 873 710 916 dixit:
732 874 1011 916 Consumma-

186 938 279 974 tum
298 938 375 974 est.
402 932 458 973 Et
477 930 684 972 inclinato
705 931 861 983 capite,
880 931 1012 972 tradi-

188 988 251 1030 dit
271 989 481 1041 spiritum.
507 988 564 1028 Et
583 987 760 1039 reliqua.

303 1075 486 1117 llomilia
513 1075 649 1116 sancti
678 1075 910 1126 Augustini

487 1132 711 1185 Episcopi.

332 1201 511 1233 'Fructum
534 1200 609 1233 1211,
631 1200 663 1232 111
683 1200 881 1233 101111116111.

199 1288 203 1295 «
235 1264 506 1318 2⁷3·j2,v251g11ant1
551 1262 688 1305 verbo
734 1263 1015 1313 Evangelista

231 1370 240 1378 r
356 1334 461 1361 usus
477 1325 555 1368 est,
571 1324 619 1361 ut
634 1332 721 1361 non
737 1318 916 1361 diceret:
935 1320 1015 1361 La-

236 1380 251 1396 ’“
274 1388 324 1401 ὲ
358 1382 428 1418 1118
453 1378 544 1429 ejus
569 1376 802 1429 permissit,
828 1381 903 1417 aut
926 1376 1015 1417 vul-

187 1433 366 1482 neravit,
382 1438 456 1475 aut
473 1432 577 1485 quid
594 1432 723 1482 aliud,
739 1431 817 1474 sed
831 1433 1016 1485 aperuit3

188 1494 235 1531 ut
261 1489 347 1531 11116
375 1487 702 1541 quodammodo
727 1489 831 1530 vitae
857 1489 1017 1531 ostium

187 1544 470 1598 panderetur,
499 1544 614 1586 unde
642 1546 913 1586 sacramenta
936 1546 1015 1587 Ec-

190 1602 335 1643 clesiae
354 1603 648 1651 manaverunt,
669 1601 761 1642 sine
783 1601 941 1653 quibus
961 1601 1018 1643 ad

191 1658 340 1708 vitam,
370 1670 468 1710 quae
492 1670 596 1699 vera
620 1658 711 1699 vita
737 1663 819 1707 est,
846 1671 934 1699 non
957 1659 1016 1699 in-

191 1716 341 1755 tratur.
378 1714 456 1755 Ille
485 1714 660 1765 sanguis
691 1714 764 1766 qui
792 1714 913 1755 fusus
941 1719 1018 1765 est,

194 1771 238 1810 in
264 1770 561 1811 remissionem
587 1770 707 1811 fusus
727 1775 792 1812 est
815 1773 1017 1823 peccato-

195 1839 300 1867 rum.
339 1826 467 1878 Aqua
491 1826 565 1868 illa
589 1827 779 1868 salutare
803 1829 1020 1880 temperat

195 1883 418 1935 poculum:
454 1882 549 1924 haec
581 1888 624 1925 et
656 1883 880 1925 lavacrum
909 1897 1019 1937 prae-

197 1944 297 1988 stat,
323 1945 366 1981 et
384 1945 548 1992 potum.
582 1940 681 1981 Hoc
699 1940 1022 1993 praenuntiabat

198 1994 316 2047 quod
343 1996 441 2036 Noe
472 1996 514 2036 in
549 1996 685 2037 latere
719 2009 833 2037 arcae
861 1997 1022 2038 ostium

197 2052 340 2093 facere
377 2052 518 2103 iussus
554 2058 637 2101 est,
684 2065 771 2104 quo
812 2053 1022 2095 intrarent

198 2108 416 2158 animalia,
449 2121 548 2160 quae
580 2121 667 2149 non
700 2114 823 2150 erant
856 2108 1021 2151 diluvio

198 2164 410 2216 peritura,
458 2164 614 2217 quibus
659 2165 1023 2217 praefigurabatur

200 2220 404 2261 Ecclesia.
440 2221 628 2274 Propter
658 2221 743 2262 hoc
770 2222 910 2273 prima
931 2225 1022 2263 mu-

199 2275 277 2317 lier
312 2276 425 2318 facta
458 2282 525 2319 est
557 2277 613 2319 de
644 2278 780 2319 latere
814 2278 892 2318 viri
926 2277 1023 2319 dor-

200 2332 385 2382 mientis,
414 2339 457 2375 et
476 2334 698 2387 appellata
717 2339 783 2375 est
803 2334 910 2383 vita,
938 2348 1023 2376 1113-

201 2390 354 2440 terque
379 2390 588 2431 vivorum.
629 2390 835 2440 Magnum
861 2392 1023 2444 quippe

202 2445 459 2494 significavit
486 2446 665 2496 bonum,
693 2451 794 2488 ante
820 2460 1025 2498 magnum

202 2501 572 2553 praevaricatiOnis
608 2503 780 2544 malum.
839 2503 923 2544 Hic
961 2516 1024 2545 86-

205 2556 371 2597 cundus
391 2558 549 2608 Adam,
571 2559 777 2600 inclinato
797 2560 958 2612 capite,
984 2560 1026 2600 in

204 2625 331 2654 cruce
352 2612 567 2664 dormivit,
585 2620 632 2657 ut
652 2615 752 2657 inde
768 2616 1027 2658 formaretur

204 2669 243 2710 ei
263 2670 434 2720 conjux,
460 2682 558 2721 quae
583 2671 638 2713 de
656 2672 792 2714 latere
813 2671 1025 2714 dormien-

203 2726 260 2768 tis
287 2726 464 2767 effinxit.
506 2727 543 2768 O
568 2740 704 2778 mors,
730 2728 844 2770 unde
866 2730 1028 2771 mortui

1063 298 1345 341 reviviscunt!
1391 298 1507 350 Quid
1551 299 1636 341 isto
1683 299 1892 351 sanguine

1063 354 1290 397 mundius?
1325 355 1440 406 Quid
1463 355 1644 397 vulnere
1668 356 1755 398 isto
1782 355 1893 397 83111-

1064 410 1208 454 brius?

1124 483 1172 534 R.
1194 481 1279 523 Hic
1298 487 1380 532 est,
1407 481 1482 534 qui
1500 481 1619 522 venit
1637 494 1717 534 per
1736 494 1895 534 aquam

1065 543 1109 580 et
1145 539 1416 589 sanguinem,
1453 539 1476 579 J
1481 550 1582 579 esus
1621 537 1834 580 Christus:
1876 541 1898 565 *

1064 595 1166 636 Non
1184 595 1228 635 in
1247 608 1361 648 aqua
1380 595 1537 645 solum,
1558 593 1638 636 sed
1654 594 1699 635 in
1717 607 1832 648 aqua
1852 599 1896 637 et

1066 652 1285 703 sanguine.
1331 648 1379 699 δ”.
1408 652 1459 692 In
1487 650 1559 693 die
1586 650 1662 692 illa
1689 651 1771 693 erit
1797 651 1896 693 fons

1064 713 1220 761 patens
1242 707 1393 750 domui
1412 707 1575 756 David,
1601 712 1645 749 et
1662 706 1895 749 habitanti-

1064 764 1146 806 bus
1166 764 1426 815 Jerusalem,
1446 764 1490 805 in
1509 763 1779 806 ablutionem
1794 776 1895 817 pec-

1067 821 1239 863 catoris.
1266 821 1367 863 Non
1386 821 1430 862 in
1452 833 1577 873 aqua.

1123 890 1282 930 Bened.
1312 891 1517 933 Divinum
1536 889 1756 932 auxilium.

1358 985 1511 1025 Lectio
1532 985 1616 1024 viii.

1147 1059 1389 1103 enebantur
1412 1059 1612 1101 hemines
1635 1059 1799 1113 captivi
1818 1058 1899 1101 sub

1159 1117 1354 1166 diabolo,
1382 1121 1425 1158 et
1445 1115 1720 1158 daemenibus
1740 1116 1898 1158 servie-

1068 1175 1189 1226 bant,
1216 1174 1294 1216 sed
1314 1173 1531 1226 redempti
1555 1177 1655 1214 sunt
1674 1185 1700 1214 a
1720 1172 1898 1225 captivi-

1068 1234 1171 1274 tate.
1206 1229 1412 1273 Vendere
1439 1229 1552 1271 enim
1578 1241 1625 1270 se
1650 1231 1899 1282 potuerunt,

1069 1288 1149 1330 sed
1173 1286 1389 1329 redimere
1414 1299 1502 1327 non
1528 1288 1778 1339 potuerunt.
1814 1285 1900 1327 Ve-

1069 1346 1131 1387 nit
1154 1344 1448 1396 Redemptor,
1477 1347 1521 1384 et
1549 1341 1672 1384 dedit
1695 1341 1901 1394 pretium:

1070 1401 1181 1443 fudit
1201 1400 1456 1451 sanguinem
1475 1412 1618 1448 suum,
1647 1403 1691 1440 et
1710 1398 1815 1440 emit
1834 1411 1900 1440 or-

1069 1458 1171 1500 bem
1185 1459 1411 1499 terrarum.
1441 1456 1646 1506 Quaeritis
1667 1454 1774 1507 quid
1789 1456 1901 1497 eme-

1070 1513 1147 1556 rit?
1175 1513 1338 1556 Videte
1365 1511 1472 1565 quid
1498 1511 1686 1562 dederit,
1715 1516 1759 1553 et
1783 1511 1899 1553 inve-

1070 1571 1197 1613 nietis
1218 1569 1324 1623 quid
1347 1570 1511 1611 emerit.
1538 1568 1722 1620 Sanguis
1741 1567 1902 1609 Christi

1070 1628 1260 1681 pretium
1305 1632 1382 1668 est.
1436 1626 1568 1668 Tanti
1613 1624 1720 1677 quid
1747 1623 1902 1667 valet?

1073 1683 1205 1735 Quid,
1233 1684 1315 1724 nisi
1340 1688 1461 1725 totus
1488 1680 1630 1725 orbis?
1659 1680 1791 1733 Quid,
1818 1681 1902 1722 nisi

1073 1753 1225 1782 omnes
1245 1739 1421 1791 gentes?
1450 1738 1593 1782 Valde
1619 1738 1779 1790 ingrati
1803 1742 1903 1780 sunt

1072 1797 1216 1850 pretio
1256 1809 1355 1847 suo,
1393 1800 1467 1838 aut
1503 1796 1688 1837 multum
1725 1794 1903 1848 superbi

1075 1859 1190 1904 sunt,
1217 1854 1291 1905 qui
1311 1852 1478 1902 dicunt,
1503 1857 1577 1894 aut
1595 1850 1704 1893 illud
1721 1855 1812 1893 tam
1829 1863 1904 1904 pa-

1075 1923 1171 1951 rum
1203 1923 1314 1960 esse,
1346 1914 1394 1951 ut
1426 1908 1546 1950 solos
1573 1908 1707 1950 Afros
1740 1907 1904 1957 emerit,

1075 1971 1150 2008 3111
1175 1978 1222 2007 86
1247 1971 1337 2007 13111
1361 1978 1544 2017 magnos
1569 1977 1682 2015 esse,
1710 1976 1793 2017 pro
1815 1963 1903 2016 qui-

1075 2022 1157 2064 bus
1183 2022 1289 2063 solis
1314 2021 1422 2064 illud
1448 2022 1504 2063 sit
1526 2021 1688 2063 datum.
1720 2020 1822 2062 Non
1842 2032 1904 2061 er-

1076 2092 1132 2131 go
1153 2079 1387 2129 exsultent,
1412 2091 1501 2120 non
1521 2077 1786 2131 superbiant.
1818 2076 1905 2117 Pro

1077 2141 1172 2177 toto
1193 2135 1325 2186 dedit,
1348 2139 1559 2188 quantum
1578 2133 1711 2176 dedit.

1102 2207 1150 2257 Ru
1218 2203 1554 2246 Pr‘aedestinavit
1592 2217 1674 2245 nos
1705 2204 1827 2245 Deus
1863 2203 1907 2243 in

1079 2261 1363 2315 adoptionem
1405 2260 1595 2302 filiorum
1637 2273 1716 2313 per
1757 2259 1908 2301 Jesum

1080 2318 1316 2368 Christum,
1332 2319 1354 2341 *
1378 2318 1429 2358 In
1459 2330 1547 2369 quo
1575 2316 1788 2359 habemus
1812 2314 1907 2358 red-

1079 2374 1346 2427 emptienem
1389 2387 1469 2426 per
1514 2373 1770 2424 sanguinem
1806 2372 1908 2423 ejus.

1077 2425 1126 2476 Ῡ.
1166 2430 1488 2471 Remissienem
1525 2431 1807 2482 peccatorum
1844 2442 1908 2470 86-

1081 2487 1271 2528 cundum
1297 2485 1472 2527 divitias
1497 2486 1649 2536 gratiae
1674 2486 1780 2538 ejus,
1809 2498 1908 2538 quae

1081 2542 1453 2596 superabundavit
1481 2542 1525 2582 in
1551 2542 1689 2583 nobis.
1730 2543 1779 2583 In
1810 2554 1908 2594 quo.

1083 2599 1235 2641 Gloria
1254 2599 1385 2640 Patri.
1412 2599 1462 2639 111
1485 2611 1583 2650 quo.

1138 2670 1264 2703 Lectio
1292 2670 1339 2703 ix.
1366 2668 1412 2702 dc
1440 2668 1606 2702 llomilia
1633 2667 1764 2701 Furiae.

1136 2730 1197 2772 Te
1217 2730 1361 2772 Deum
1379 2729 1619 2771 laudamus.
1639 2729 1698 2769 15.
