2066 2904
804 158 1014 191 Commune
1041 167 1116 191 non
1142 157 1354 200 virginum.

218 268 381 308 perem.
416 254 518 296 Non
542 253 715 296 timebit
739 253 889 295 domui
913 266 1005 294 suae
1026 265 1051 293 a

218 310 452 362 frigeribus
472 310 595 351 nivis.

276 377 324 427 Rv.
358 376 420 416 br.
462 374 703 426 Adiuvabit
740 387 837 416 eam
873 379 895 403 *
928 374 1051 415 Deus

218 431 341 472 vultu
370 443 461 472 suo.
488 430 739 483 Adjuvabit.
781 428 831 479 ys·
854 430 977 471 Deus
1005 429 1050 470 in

218 487 364 528 medio
401 487 511 539 ejus,
556 499 645 528 non
688 485 1051 527 commovebitur.

217 543 348 584 Deus.
385 543 535 584 Gloria
555 542 688 584 Patri.
722 541 972 593 Adiuvabit.

275 603 323 653 Ψ
347 608 491 659 Elegit
515 621 613 650 eam
636 609 773 658 DeuS,
803 612 847 649 et
870 606 1050 659 praeele-

217 665 280 715 git
300 678 408 706 eam.
437 664 486 715 R».
503 665 554 706 In
572 663 858 706 tabernaculo
878 675 958 704 suo
977 662 1050 704 ha-

218 721 361 763 bitare
379 721 485 763 facit
504 734 612 763 eam.

406 790 626 841 Tempore
655 789 865 830 Paschali.

248 854 297 905 Κ.
328 854 387 894 br.
416 853 656 906 Adiuvabit
676 866 773 895 eam
787 853 910 895 Deus
924 852 1049 894 vultu

218 923 310 960 suo,
332 910 565 962 *Alleluia,
584 910 767 962 alleluja.
796 909 1049 962 Adiuvabit.

221 960 270 1012 Ψ.
295 967 418 1008 Deus
444 967 488 1007 in
512 966 660 1008 medio
689 967 791 1018 eius,
819 979 908 1007 non
933 979 1048 1007 com-

216 1023 475 1065 movebitur.
508 1022 706 1074 Alleluja‚
726 1022 909 1074 alleluja.
947 1021 1048 1063 Glo-

217 1080 282 1120 ria
300 1080 432 1120 Patri.
460 1079 711 1130 Adiuvabit.

275 1138 324 1188 Ψ
339 1144 483 1195 Elegit
502 1156 599 1184 eam
613 1144 746 1192 Deus,
764 1146 808 1184 et
821 1142 1049 1195 praeelegit

219 1213 326 1249 eam,
358 1199 540 1251 alleluja.
589 1201 640 1252 Ιζι.
674 1200 726 1240 In
761 1198 1048 1240 tabernaculo

218 1269 299 1297 suo
324 1256 522 1297 habitare
545 1255 650 1297 facit
675 1268 782 1304 eam,
807 1254 990 1306 alleluja.

498 1337 566 1373 Ad
589 1337 775 1373 Nonam.

272 1401 373 1441 Ant.
401 1401 490 1442 Ista
509 1405 577 1442 est
595 1400 810 1453 speciosa.

378 1471 463 1511 Pro
493 1471 685 1524 Martyre
714 1478 895 1514 tanturn.

324 1534 583 1587 Capitulum.
733 1539 866 1579 Eccli.
885 1540 944 1581 51.

281 1599 463 1641 audabit
490 1611 630 1651 usque
658 1597 716 1639 ad
742 1602 933 1638 mortem
961 1597 1048 1638 ani-

311 1669 384 1696 ma
420 1668 519 1696 mea
545 1654 802 1703 Dominum,
840 1653 1049 1705 quoniam

217 1712 333 1753 eruis
352 1711 616 1752 sustinentes
635 1715 695 1759 te,
720 1714 764 1751 et
786 1708 949 1750 liberas
970 1722 1048 1750 eos

217 1767 273 1817 de
297 1780 429 1808 manu
453 1766 684 1817 angustiae,
711 1765 902 1806 Domine
926 1765 1048 1806 Deus

216 1828 378 1864 noster.

271 1894 355 1934 Pro
380 1908 460 1935 nec
479 1895 660 1943 Virgine
686 1910 766 1938 nec
792 1898 995 1949 Martyre.

323 1959 582 2010 Capitulum.
689 1962 815 2003 Prov.
830 1964 887 2002 31.
904 1962 943 2003 d.

216 2020 426 2127 Multae
454 2024 557 2065 ffliae
581 2025 961 2074 congregaverunt
986 2023 1047 2065 di-

339 2082 484 2122 vitias:
509 2085 558 2121 tu
580 2081 866 2132 supergressa
889 2093 937 2121 es
956 2081 1047 2121 uni-

216 2139 377 2179 versas.
414 2136 568 2178 Fallax
590 2136 747 2187 gratia,
775 2140 819 2177 et
842 2149 955 2177 vana
981 2141 1048 2177 est

216 2191 513 2246 pulchritudo:
535 2191 691 2233 mulier
715 2192 874 2234 timens
897 2192 1046 2233 Domi-

216 2263 331 2299 num,
350 2249 449 2302 ipsa
466 2247 727 2290 laudabitur.

271 2317 320 2367 R.
336 2316 397 2357 br.
414 2316 559 2367 Elegit
573 2328 671 2357 eam
685 2316 818 2366 Deus,
829 2320 852 2343 *
862 2317 918 2357 Et
936 2329 1045 2369 prae-

217 2371 348 2423 elegit
371 2385 478 2413 eam.
513 2372 667 2423 Elegit.
706 2368 756 2420 V.
776 2373 828 2412 In
847 2372 1045 2414 taberna-

218 2427 316 2468 culo
350 2441 429 2469 suo
462 2427 660 2469 habitare
692 2428 797 2469 facit
824 2441 931 2469 eam.
979 2429 1046 2470 Et.

220 2482 369 2524 Gloria
387 2484 517 2524 Patri.
553 2483 709 2534 Elegit.

271 2542 319 2591 Ψ
360 2547 531 2589 Diffusa
568 2553 635 2589 est
670 2548 811 2599 gratia
842 2548 886 2588 in
917 2548 1045 2590 labiis

217 2602 314 2644 tuis.
367 2603 415 2653 Ix’g.
460 2604 702 2656 Propterea
742 2603 967 2646 benedixit
1001 2609 1045 2646 te

216 2659 338 2700 Deus
366 2658 409 2699 in
437 2661 659 2701 aeternum.

1292 255 1513 308 Tempore
1540 255 1750 296 l'aschali.

1160 315 1209 366 Ru
1230 314 1293 355 br.
1315 314 1458 366 Elegit
1482 327 1579 356 eam
1598 314 1732 362 Deus,
1757 317 1801 355 et
1823 326 1934 366 prae-

1104 369 1234 421 elegit
1253 382 1361 420 eam,
1383 371 1406 396 *
1423 370 1622 422 Alleluia,
1642 369 1754 411 allel.
1781 369 1935 421 Elegit.

1108 424 1157 474 V.
1194 426 1245 466 In
1284 426 1571 468 tabernaculo
1614 438 1695 467 suo
1735 425 1935 467 habitare

1103 482 1206 523 facit
1233 495 1340 524 eam.
1377 482 1584 534 Alleluia,
1609 482 1794 534 alleluja.
1833 481 1934 522 Gle-

1102 538 1167 579 ria
1186 539 1316 580 Patri.
1343 538 1499 589 Elegit.

1160 586 1209 638 Ψ.
1241 594 1414 636 Diffusa
1450 599 1518 636 est
1555 595 1696 646 gratia
1727 594 1772 635 in
1806 594 1936 636 labiis

1102 651 1205 701 tuis,
1233 651 1416 703 alleluja.
1456 652 1507 703 Ιίι.
1529 650 1774 703 Propterea
1805 650 1935 692 bene-

1103 707 1213 749 dixit
1231 712 1276 749 te
1294 708 1418 749 Deus
1440 707 1484 748 in
1504 708 1728 757 aetemum‚
1752 706 1935 759 alleluja.

1309 790 1370 830 In
1391 789 1450 831 11.
1474 788 1726 839 vesperis.

1162 860 1298 942 Otmnia
1323 864 1364 894 ut
1385 870 1503 904 supra
1529 859 1567 893 in
1583 860 1610 894 Ι.
1627 859 1814 904 Vesperis
1831 857 1934 902 [116]‚

1108 919 1188 952 prae
1209 919 1250 942 er

1163 952 1211 1003 V.
1244 957 1416 999 Diffusa
1452 962 1520 1000 est
1553 957 1694 1010 gratia
1730 958 1775 998 in
1806 956 1934 999 lubiis

1101 1014 1198 1055 tuis,
1256 1015 1308 1067 R.
1343 1015 1587 1067 Propterea
1624 1013 1850 1056 benedixit
1889 1018 1934 1055 te

1101 1070 1223 1111 Deus
1250 1070 1295 1110 in
1322 1072 1546 1112 aeternum.

1163 1129 1233 1169 Ad
1253 1128 1426 1179 Magnis.
1468 1129 1567 1169 Ant.
1609 1127 1784 1167 Manum
1810 1137 1935 1166 suam

1101 1182 1125 1207 *
1159 1183 1330 1235 aperuit
1368 1182 1503 1235 inopi,
1548 1187 1592 1224 et
1627 1182 1797 1234 palmas
1833 1193 1935 1222 suas

1102 1238 1299 1280 extendit
1325 1238 1383 1280 ad
1410 1242 1666 1291 pauperem,
1704 1243 1748 1280 et
1774 1249 1934 1290 panem

1102 1295 1246 1336 otiosa
1265 1307 1354 1336 non
1374 1293 1577 1336 comedit.

1219 1357 1305 1397 Pro
1325 1368 1411 1396 una
1431 1355 1625 1407 Martyre
1643 1360 1825 1397 tantum.

1440 1412 1606 1453 Oratio.

1197 1479 1290 1517 eus,
1319 1466 1394 1518 qui
1417 1466 1532 1509 inter
1555 1467 1699 1508 cetera
1718 1465 1933 1519 potentiae

1214 1528 1304 1565 tuae
1331 1522 1560 1573 miracula,
1594 1523 1726 1564 etiam
1752 1522 1798 1564 in
1825 1535 1934 1564 sexu

1101 1579 1245 1631 fragili
1267 1579 1500 1621 victeriam
1526 1579 1726 1632 martyrii
1753 1578 1934 1621 contuli·

1102 1636 1173 1677 sti:
1202 1635 1398 1677 concede
1421 1636 1657 1688 propitius:
1683 1640 1732 1677 ut
1762 1635 1836 1687 qui
1859 1634 1932 1677 be-

1102 1694 1187 1734 atae
1208 1693 1261 1734 N.
1276 1691 1483 1743 Martyris
1501 1696 1590 1733 tuae
1610 1691 1810 1733 natalitia
1828 1690 1932 1732 celi-

1100 1761 1209 1798 muS‚
1235 1760 1315 1800 per
1342 1748 1433 1799 ejus
1463 1747 1520 1789 ad
1545 1753 1589 1790 te
1613 1747 1816 1799 exempla
1838 1759 1932 1799 gra-

1102 1804 1284 1846 diamur.
1329 1805 1415 1846 Per
1441 1804 1692 1846 Deminum.

1124 1868 1211 1910 Pro
1230 1868 1429 1920 pluribus
1448 1869 1716 1921 Martyribus
1735 1873 1917 1911 tantum.

1437 1926 1602 1968 Oratio.

1191 1994 1215 2022 a
1255 1980 1404 2030 nobis,
1448 1983 1700 2033 quaesumus
1741 1980 1930 2022 Demine

1206 2038 1328 2079 Deus
1352 2042 1519 2088 noster,
1543 2039 1795 2078 sanctarum
1819 2036 1931 2077 Mar—

1100 2099 1246 2145 tyrum
1267 2095 1444 2135 tuarum
1467 2094 1520 2135 N.
1539 2098 1583 2135 et
1606 2095 1660 2136 N.
1676 2093 1847 2146 palmas
1870 2092 1931 2133 in-

1101 2150 1307 2192 cessabili
1348 2149 1587 2192 devotione
1623 2149 1842 2191 venerari:
1882 2153 1931 2190 ut

1102 2219 1211 2258 quas
1240 2205 1373 2257 digna
1403 2211 1551 2247 mente
1578 2218 1667 2247 non
1694 2207 1930 2258 possumus

1100 2262 1341 2314 celebrare,
1381 2261 1619 2304 humilibus
1656 2262 1812 2304 saltem
1850 2261 1930 2303 ste-

1101 2320 1361 2372 quentemus
1390 2318 1627 2371 obsequiis.
1668 2318 1753 2360 Per
1779 2317 1930 2359 Domi-

1099 2389 1204 2418 num
1230 2380 1439 2417 nostrum.

1154 2433 1240 2472 Pro
1266 2444 1347 2472 nec
1366 2432 1547 2483 Virgine
1572 2444 1653 2472 nec
1677 2431 1879 2483 Martyre.

1436 2488 1601 2530 Oratio.

1099 2539 1311 2645 Exaudi
1345 2559 1427 2588 nos
1461 2547 1583 2588 Deus
1614 2546 1817 2588 salutaris
1853 2559 1928 2588 no-

1195 2610 1301 2646 ster:
1327 2608 1376 2645 ut
1402 2603 1516 2645 sicut
1541 2602 1597 2644 de
1622 2602 1766 2644 beatae
1794 2602 1846 2643 N.
1869 2603 1928 2644 fe-

1098 2661 1294 2702 stivitate
1317 2659 1574 2711 gaudemus3
1600 2659 1663 2700 ita
1684 2660 1772 2711 piae
1796 2658 1928 2701 devo-
