<?xml version="1.0" encoding="UTF-8"?>
<!DOCTYPE html PUBLIC "-//W3C//DTD XHTML 1.0 Transitional//EN"
    "http://www.w3.org/TR/xhtml1/DTD/xhtml1-transitional.dtd">
<html xmlns="http://www.w3.org/1999/xhtml" xml:lang="en" lang="en">
 <head>
  <title>
</title>
<meta http-equiv="Content-Type" content="text/html;charset=utf-8" />
  <meta name='ocr-system' content='tesseract 3.04.00' />
  <meta name='ocr-capabilities' content='ocr_page ocr_carea ocr_par ocr_line ocrx_word'/>
</head>
<body>
  <div class='ocr_page' id='page_1' title='image "./p2breviariumroma00cathuoft_0819.png"; bbox 0 0 2066 2956; ppageno 0'>
   <div class='ocr_carea' id='block_1_1' title="bbox 462 185 1540 220">
    <p class='ocr_par' dir='ltr' id='par_1_1' title="bbox 462 185 1540 220">
     <span class='ocr_line' id='line_1_1' title="bbox 462 185 1540 220; baseline 0.003 -4"><span class='ocrx_word' id='word_1_1' title='bbox 462 185 635 217; x_wconf 72' lang='lat' dir='ltr'>Officium</span> <span class='ocrx_word' id='word_1_2' title='bbox 662 185 833 217; x_wconf 69' lang='lat' dir='ltr'>votivum</span> <span class='ocrx_word' id='word_1_3' title='bbox 860 186 905 218; x_wconf 71' lang='lat' dir='ltr'>dc</span> <span class='ocrx_word' id='word_1_4' title='bbox 931 187 986 219; x_wconf 67' lang='lat' dir='ltr'>Ss.</span> <span class='ocrx_word' id='word_1_5' title='bbox 1012 186 1262 219; x_wconf 53' lang='lat' dir='ltr'>Eucharistiae</span> <span class='ocrx_word' id='word_1_6' title='bbox 1286 188 1540 220; x_wconf 57' lang='lat' dir='ltr'>&amp;aeramento</span> 
     </span>
    </p>
   </div>
   <div class='ocr_carea' id='block_1_2' title="bbox 150 273 975 494">
    <p class='ocr_par' dir='ltr' id='par_1_2' title="bbox 150 273 975 494">
     <span class='ocr_line' id='line_1_2' title="bbox 150 273 975 326; baseline 0.004 -12"><span class='ocrx_word' id='word_1_7' title='bbox 150 273 349 315; x_wconf 75' lang='lat' dir='ltr'>omnibus</span> <span class='ocrx_word' id='word_1_8' title='bbox 378 275 555 326; x_wconf 75' lang='lat' dir='ltr'>oportet</span> <span class='ocrx_word' id='word_1_9' title='bbox 587 279 632 316; x_wconf 85' lang='lat' dir='ltr'>te</span> <span class='ocrx_word' id='word_1_10' title='bbox 659 274 858 325; x_wconf 77' lang='lat' dir='ltr'>vigilare:</span> <span class='ocrx_word' id='word_1_11' title='bbox 893 289 975 318; x_wconf 91' lang='lat' dir='ltr'>nec</span> 
     </span>
     <span class='ocr_line' id='line_1_3' title="bbox 150 330 973 384; baseline 0.002 -13"><span class='ocrx_word' id='word_1_12' title='bbox 150 330 264 371; x_wconf 89' lang='lat' dir='ltr'>enirn</span> <span class='ocrx_word' id='word_1_13' title='bbox 294 340 430 382; x_wconf 85' lang='lat' dir='ltr'>parva</span> <span class='ocrx_word' id='word_1_14' title='bbox 459 343 591 382; x_wconf 89' lang='lat' dir='ltr'>poena</span> <span class='ocrx_word' id='word_1_15' title='bbox 622 332 884 384; x_wconf 83' lang='lat' dir='ltr'>prop6nitur</span> <span class='ocrx_word' id='word_1_16' title='bbox 914 333 973 373; x_wconf 92' lang='lat' dir='ltr'>in-</span> 
     </span>
     <span class='ocr_line' id='line_1_4' title="bbox 150 385 975 439; baseline 0.005 -13"><span class='ocrx_word' id='word_1_17' title='bbox 150 385 278 437; x_wconf 73' lang='lat' dir='ltr'>digne</span> <span class='ocrx_word' id='word_1_18' title='bbox 294 385 573 428; x_wconf 78' lang='lat' dir='ltr'>sumentibus.</span> <span class='ocrx_word' id='word_1_19' title='bbox 595 387 751 437; x_wconf 75' lang='lat' dir='ltr'>Cogita</span> <span class='ocrx_word' id='word_1_20' title='bbox 767 393 975 439; x_wconf 91' lang='lat' dir='ltr'>quantum</span> 
     </span>
     <span class='ocr_line' id='line_1_5' title="bbox 150 442 974 494; baseline 0.005 -11"><span class='ocrx_word' id='word_1_21' title='bbox 150 442 359 484; x_wconf 75' lang='lat' dir='ltr'>adversus</span> <span class='ocrx_word' id='word_1_22' title='bbox 377 442 651 494; x_wconf 75' lang='lat' dir='ltr'>proditorem</span> <span class='ocrx_word' id='word_1_23' title='bbox 665 443 912 494; x_wconf 79' lang='lat' dir='ltr'>indignaris,</span> <span class='ocrx_word' id='word_1_24' title='bbox 931 450 974 487; x_wconf 87' lang='lat' dir='ltr'>et</span> 
     </span>
    </p>
   </div>
   <div class='ocr_carea' id='block_1_3' title="bbox 149 499 1152 664">
    <p class='ocr_par' dir='ltr' id='par_1_3' title="bbox 149 499 1152 667">
     <span class='ocr_line' id='line_1_6' title="bbox 150 499 1107 556; baseline 0.002 -17"><span class='ocrx_word' id='word_1_25' title='bbox 150 502 301 540; x_wconf 87' lang='lat' dir='ltr'>contra</span> <span class='ocrx_word' id='word_1_26' title='bbox 321 511 398 540; x_wconf 89' lang='lat' dir='ltr'>eos</span> <span class='ocrx_word' id='word_1_27' title='bbox 419 499 493 551; x_wconf 87' lang='lat' dir='ltr'>qui</span> <span class='ocrx_word' id='word_1_28' title='bbox 515 499 636 554; x_wconf 79' lang='lat' dir='ltr'>illurn</span> <span class='ocrx_word' id='word_1_29' title='bbox 655 500 974 544; x_wconf 82' lang='lat' dir='ltr'>crucifixerunt:</span> <span class='ocrx_word' id='word_1_30' title='bbox 1030 539 1107 556; x_wconf 25' lang='grc' dir='ltr'>Γῆ</span> 
     </span>
     <span class='ocr_line' id='line_1_7' title="bbox 149 555 1126 609; baseline 0.002 -14"><span class='ocrx_word' id='word_1_31' title='bbox 149 557 296 607; x_wconf 88' lang='lat' dir='ltr'>itaque</span> <span class='ocrx_word' id='word_1_32' title='bbox 316 555 556 606; x_wconf 88' lang='lat' dir='ltr'>considera,</span> <span class='ocrx_word' id='word_1_33' title='bbox 576 569 631 598; x_wconf 90' lang='lat' dir='ltr'>ne</span> <span class='ocrx_word' id='word_1_34' title='bbox 649 561 698 598; x_wconf 91' lang='lat' dir='ltr'>tu</span> <span class='ocrx_word' id='word_1_35' title='bbox 718 569 893 609; x_wconf 92' lang='lat' dir='ltr'>quoque</span> <span class='ocrx_word' id='word_1_36' title='bbox 913 558 973 599; x_wconf 87' lang='lat' dir='ltr'>sis</span> <span class='ocrx_word' id='word_1_37' title='bbox 1031 580 1038 601; x_wconf 43' lang='lat' dir='ltr'>i,</span> <span class='ocrx_word' id='word_1_38' title='bbox 1069 562 1126 607; x_wconf 36' lang='grc' dir='ltr'>,με</span> 
     </span>
     <span class='ocr_line' id='line_1_8' title="bbox 149 612 1152 664; baseline 0.004 -13"><span class='ocrx_word' id='word_1_39' title='bbox 149 623 248 652; x_wconf 90' lang='lat' dir='ltr'>reus</span> <span class='ocrx_word' id='word_1_40' title='bbox 273 612 470 664; x_wconf 65' lang='lat' dir='ltr'>cerporis</span> <span class='ocrx_word' id='word_1_41' title='bbox 495 617 538 654; x_wconf 94' lang='lat' dir='ltr'>et</span> <span class='ocrx_word' id='word_1_42' title='bbox 563 613 783 663; x_wconf 78' lang='lat' dir='ltr'>sanguinis</span> <span class='ocrx_word' id='word_1_43' title='bbox 803 612 973 656; x_wconf 85' lang='lat' dir='ltr'><strong>Christi.</strong></span> <span class='ocrx_word' id='word_1_44' title='bbox 1036 626 1124 647; x_wconf 52' lang='grc' dir='ltr'><em>ν</em></span> <span class='ocrx_word' id='word_1_45' title='bbox 1150 624 1152 638; x_wconf 74' lang='lat'>³</span> 
     </span>
    </p>
   </div>
   <div class='ocr_carea' id='block_1_4' title="bbox 147 667 974 1116">
    <p class='ocr_par' dir='ltr' id='par_1_4' title="bbox 147 667 974 1116">
     <span class='ocr_line' id='line_1_9' title="bbox 148 667 973 722; baseline 0.005 -15"><span class='ocrx_word' id='word_1_46' title='bbox 148 667 217 707; x_wconf 92' lang='lat' dir='ltr'>Illi</span> <span class='ocrx_word' id='word_1_47' title='bbox 253 668 571 709; x_wconf 89' lang='lat' dir='ltr'>sanctissimum</span> <span class='ocrx_word' id='word_1_48' title='bbox 607 682 767 722; x_wconf 92' lang='lat' dir='ltr'>corpus</span> <span class='ocrx_word' id='word_1_49' title='bbox 805 670 973 712; x_wconf 80' lang='lat' dir='ltr'>occide-</span> 
     </span>
     <span class='ocr_line' id='line_1_10' title="bbox 148 725 972 778; baseline 0.005 -15"><span class='ocrx_word' id='word_1_50' title='bbox 148 728 257 773; x_wconf 90' lang='lat' dir='ltr'>runt,</span> <span class='ocrx_word' id='word_1_51' title='bbox 282 729 331 764; x_wconf 85' lang='lat' dir='ltr'>tu</span> <span class='ocrx_word' id='word_1_52' title='bbox 349 737 460 766; x_wconf 62' lang='lat' dir='ltr'>&gt;vero</span> <span class='ocrx_word' id='word_1_53' title='bbox 484 725 654 777; x_wconf 79' lang='lat' dir='ltr'>polluta</span> <span class='ocrx_word' id='word_1_54' title='bbox 678 726 862 778; x_wconf 81' lang='lat' dir='ltr'>suscipis</span> <span class='ocrx_word' id='word_1_55' title='bbox 887 727 972 767; x_wconf 76' lang='lat' dir='ltr'>ani-</span> 
     </span>
     <span class='ocr_line' id='line_1_11' title="bbox 147 780 974 834; baseline 0.005 -14"><span class='ocrx_word' id='word_1_56' title='bbox 147 793 229 830; x_wconf 89' lang='lat' dir='ltr'>ma,</span> <span class='ocrx_word' id='word_1_57' title='bbox 243 784 346 832; x_wconf 89' lang='lat' dir='ltr'>post</span> <span class='ocrx_word' id='word_1_58' title='bbox 359 785 427 822; x_wconf 88' lang='lat' dir='ltr'>tot</span> <span class='ocrx_word' id='word_1_59' title='bbox 440 780 663 823; x_wconf 82' lang='lat' dir='ltr'>beneficia.</span> <span class='ocrx_word' id='word_1_60' title='bbox 689 782 845 834; x_wconf 81' lang='lat' dir='ltr'><strong>Neque</strong></span> <span class='ocrx_word' id='word_1_61' title='bbox 861 783 974 824; x_wconf 89' lang='lat' dir='ltr'>enim</span> 
     </span>
     <span class='ocr_line' id='line_1_12' title="bbox 147 835 972 889; baseline 0.006 -13"><span class='ocrx_word' id='word_1_62' title='bbox 147 835 209 876; x_wconf 93' lang='lat' dir='ltr'>illi</span> <span class='ocrx_word' id='word_1_63' title='bbox 234 836 339 878; x_wconf 87' lang='lat' dir='ltr'>satis</span> <span class='ocrx_word' id='word_1_64' title='bbox 363 836 457 887; x_wconf 84' lang='lat' dir='ltr'>fuit,</span> <span class='ocrx_word' id='word_1_65' title='bbox 482 837 701 880; x_wconf 66' lang='lat' dir='ltr'>heminem</span> <span class='ocrx_word' id='word_1_66' title='bbox 724 839 833 889; x_wconf 88' lang='lat' dir='ltr'>fieri,</span> <span class='ocrx_word' id='word_1_67' title='bbox 860 839 972 881; x_wconf 72' lang='lat' dir='ltr'>cola-</span> 
     </span>
     <span class='ocr_line' id='line_1_13' title="bbox 147 892 972 946; baseline 0.006 -13"><span class='ocrx_word' id='word_1_68' title='bbox 147 892 246 944; x_wconf 92' lang='lat' dir='ltr'>phis</span> <span class='ocrx_word' id='word_1_69' title='bbox 275 892 405 943; x_wconf 87' lang='lat' dir='ltr'>caedi,</span> <span class='ocrx_word' id='word_1_70' title='bbox 433 899 477 935; x_wconf 90' lang='lat' dir='ltr'>et</span> <span class='ocrx_word' id='word_1_71' title='bbox 506 895 718 946; x_wconf 86' lang='lat' dir='ltr'>crucifigi:</span> <span class='ocrx_word' id='word_1_72' title='bbox 750 908 902 937; x_wconf 88' lang='lat' dir='ltr'>verum</span> <span class='ocrx_word' id='word_1_73' title='bbox 929 901 972 938; x_wconf 89' lang='lat' dir='ltr'>et</span> 
     </span>
     <span class='ocr_line' id='line_1_14' title="bbox 149 949 973 1003; baseline 0.006 -14"><span class='ocrx_word' id='word_1_74' title='bbox 149 951 432 1002; x_wconf 87' lang='lat' dir='ltr'>semetipsum</span> <span class='ocrx_word' id='word_1_75' title='bbox 462 949 588 992; x_wconf 93' lang='lat' dir='ltr'>nobis</span> <span class='ocrx_word' id='word_1_76' title='bbox 622 954 893 1003; x_wconf 77' lang='lat' dir='ltr'>commiscet3</span> <span class='ocrx_word' id='word_1_77' title='bbox 929 957 973 994; x_wconf 87' lang='lat' dir='ltr'>et</span> 
     </span>
     <span class='ocr_line' id='line_1_15' title="bbox 147 1004 972 1061; baseline 0.005 -15"><span class='ocrx_word' id='word_1_78' title='bbox 147 1018 235 1047; x_wconf 92' lang='lat' dir='ltr'>non</span> <span class='ocrx_word' id='word_1_79' title='bbox 254 1004 341 1047; x_wconf 93' lang='lat' dir='ltr'>fide</span> <span class='ocrx_word' id='word_1_80' title='bbox 365 1011 543 1057; x_wconf 88' lang='lat' dir='ltr'>tantum,</span> <span class='ocrx_word' id='word_1_81' title='bbox 566 1020 718 1049; x_wconf 88' lang='lat' dir='ltr'>verum</span> <span class='ocrx_word' id='word_1_82' title='bbox 741 1014 784 1050; x_wconf 91' lang='lat' dir='ltr'>et</span> <span class='ocrx_word' id='word_1_83' title='bbox 805 1009 902 1061; x_wconf 90' lang='lat' dir='ltr'>ipsa</span> <span class='ocrx_word' id='word_1_84' title='bbox 925 1022 972 1050; x_wconf 91' lang='lat' dir='ltr'>re</span> 
     </span>
     <span class='ocr_line' id='line_1_16' title="bbox 147 1062 717 1116; baseline 0.005 -14"><span class='ocrx_word' id='word_1_85' title='bbox 147 1074 227 1102; x_wconf 88' lang='lat' dir='ltr'>nos</span> <span class='ocrx_word' id='word_1_86' title='bbox 246 1074 373 1103; x_wconf 92' lang='lat' dir='ltr'>suum</span> <span class='ocrx_word' id='word_1_87' title='bbox 392 1062 526 1104; x_wconf 77' lang='lat' dir='ltr'>efficit</span> <span class='ocrx_word' id='word_1_88' title='bbox 545 1075 717 1116; x_wconf 89' lang='lat' dir='ltr'>corpus.</span> 
     </span>
    </p>
   </div>
   <div class='ocr_carea' id='block_1_5' title="bbox 203 1143 755 1199">
    <p class='ocr_par' dir='ltr' id='par_1_5' title="bbox 203 1143 755 1199">
     <span class='ocr_line' id='line_1_17' title="bbox 203 1143 755 1199; baseline 0.005 -15"><span class='ocrx_word' id='word_1_89' title='bbox 203 1148 252 1199; x_wconf 61' lang='lat' dir='ltr'>R.</span> <span class='ocrx_word' id='word_1_90' title='bbox 277 1143 463 1197; x_wconf 78' lang='lat' dir='ltr'>Accepit</span> <span class='ocrx_word' id='word_1_91' title='bbox 479 1144 615 1187; x_wconf 88' lang='lat' dir='ltr'>Jesus.</span> <span class='ocrx_word' id='word_1_92' title='bbox 644 1145 755 1198; x_wconf 85' lang='lat'>[246]</span> 
     </span>
    </p>
   </div>
   <div class='ocr_carea' id='block_1_6' title="bbox 447 1248 674 1289">
    <p class='ocr_par' dir='ltr' id='par_1_6' title="bbox 447 1248 674 1289">
     <span class='ocr_line' id='line_1_18' title="bbox 447 1248 674 1289; baseline -0.004 -1"><span class='ocrx_word' id='word_1_93' title='bbox 447 1249 597 1289; x_wconf 77' lang='lat' dir='ltr'>Lectio</span> <span class='ocrx_word' id='word_1_94' title='bbox 622 1248 674 1287; x_wconf 82' lang='lat' dir='ltr'>vi.</span> 
     </span>
    </p>
   </div>
   <div class='ocr_carea' id='block_1_7' title="bbox 147 1311 976 2669">
    <p class='ocr_par' dir='ltr' id='par_1_7' title="bbox 147 1311 976 2669">
     <span class='ocr_line' id='line_1_19' title="bbox 152 1311 973 1433; baseline 0.006 -68"><span class='ocrx_word' id='word_1_95' title='bbox 152 1311 287 1433; x_wconf 74' lang='lat' dir='ltr'>Quo</span> <span class='ocrx_word' id='word_1_96' title='bbox 310 1338 398 1367; x_wconf 92' lang='lat' dir='ltr'>non</span> <span class='ocrx_word' id='word_1_97' title='bbox 424 1327 601 1378; x_wconf 81' lang='lat' dir='ltr'>0p6rtet</span> <span class='ocrx_word' id='word_1_98' title='bbox 624 1327 755 1378; x_wconf 89' lang='lat' dir='ltr'>igitur</span> <span class='ocrx_word' id='word_1_99' title='bbox 778 1340 874 1369; x_wconf 90' lang='lat' dir='ltr'>esse</span> <span class='ocrx_word' id='word_1_100' title='bbox 897 1342 973 1381; x_wconf 88' lang='lat' dir='ltr'>pu-</span> 
     </span>
     <span class='ocr_line' id='line_1_20' title="bbox 255 1380 972 1431; baseline 0.004 -9"><span class='ocrx_word' id='word_1_101' title='bbox 255 1380 435 1431; x_wconf 75' lang='lat' dir='ltr'>riorem,</span> <span class='ocrx_word' id='word_1_102' title='bbox 466 1382 543 1423; x_wconf 88' lang='lat' dir='ltr'>tali</span> <span class='ocrx_word' id='word_1_103' title='bbox 569 1382 783 1425; x_wconf 80' lang='lat' dir='ltr'>fruentem</span> <span class='ocrx_word' id='word_1_104' title='bbox 813 1385 972 1426; x_wconf 89' lang='lat' dir='ltr'>sacrifi-</span> 
     </span>
     <span class='ocr_line' id='line_1_21' title="bbox 149 1436 973 1493; baseline 0.002 -14"><span class='ocrx_word' id='word_1_105' title='bbox 149 1436 240 1479; x_wconf 87' lang='lat' dir='ltr'>cio?</span> <span class='ocrx_word' id='word_1_106' title='bbox 265 1450 352 1490; x_wconf 93' lang='lat' dir='ltr'>quo</span> <span class='ocrx_word' id='word_1_107' title='bbox 376 1438 511 1479; x_wconf 79' lang='lat' dir='ltr'>solari</span> <span class='ocrx_word' id='word_1_108' title='bbox 533 1438 657 1481; x_wconf 79' lang='lat' dir='ltr'>radio</span> <span class='ocrx_word' id='word_1_109' title='bbox 679 1453 765 1482; x_wconf 92' lang='lat' dir='ltr'>non</span> <span class='ocrx_word' id='word_1_110' title='bbox 786 1440 973 1493; x_wconf 86' lang='lat' dir='ltr'>splendi-</span> 
     </span>
     <span class='ocr_line' id='line_1_22' title="bbox 149 1494 973 1545; baseline 0.002 -9"><span class='ocrx_word' id='word_1_111' title='bbox 149 1494 317 1536; x_wconf 76' lang='lat' dir='ltr'>diorem</span> <span class='ocrx_word' id='word_1_112' title='bbox 334 1507 523 1545; x_wconf 86' lang='lat' dir='ltr'>manum,</span> <span class='ocrx_word' id='word_1_113' title='bbox 546 1508 720 1538; x_wconf 88' lang='lat' dir='ltr'>carnem</span> <span class='ocrx_word' id='word_1_114' title='bbox 738 1496 849 1538; x_wconf 90' lang='lat' dir='ltr'>hanc</span> <span class='ocrx_word' id='word_1_115' title='bbox 868 1496 973 1539; x_wconf 86' lang='lat' dir='ltr'>divi-</span> 
     </span>
     <span class='ocr_line' id='line_1_23' title="bbox 149 1548 973 1606; baseline 0.004 -14"><span class='ocrx_word' id='word_1_116' title='bbox 149 1548 345 1592; x_wconf 77' lang='lat' dir='ltr'>dentem?</span> <span class='ocrx_word' id='word_1_117' title='bbox 373 1563 424 1592; x_wconf 89' lang='lat' dir='ltr'>os</span> <span class='ocrx_word' id='word_1_118' title='bbox 449 1551 568 1603; x_wconf 92' lang='lat' dir='ltr'>quod</span> <span class='ocrx_word' id='word_1_119' title='bbox 590 1552 678 1603; x_wconf 90' lang='lat' dir='ltr'><strong>igni</strong></span> <span class='ocrx_word' id='word_1_120' title='bbox 703 1553 887 1606; x_wconf 76' lang='lat' dir='ltr'>spiritali</span> <span class='ocrx_word' id='word_1_121' title='bbox 909 1567 973 1596; x_wconf 91' lang='lat' dir='ltr'>re-</span> 
     </span>
     <span class='ocr_line' id='line_1_24' title="bbox 147 1606 973 1661; baseline 0.006 -14"><span class='ocrx_word' id='word_1_122' title='bbox 147 1606 316 1660; x_wconf 79' lang='lat' dir='ltr'>pletur,</span> <span class='ocrx_word' id='word_1_123' title='bbox 365 1606 556 1658; x_wconf 85' lang='lat' dir='ltr'>linguam</span> <span class='ocrx_word' id='word_1_124' title='bbox 602 1621 700 1661; x_wconf 89' lang='lat' dir='ltr'>quae</span> <span class='ocrx_word' id='word_1_125' title='bbox 746 1610 973 1652; x_wconf 81' lang='lat' dir='ltr'>tremendo</span> 
     </span>
     <span class='ocr_line' id='line_1_25' title="bbox 148 1663 974 1717; baseline 0.006 -14"><span class='ocrx_word' id='word_1_126' title='bbox 148 1663 274 1704; x_wconf 90' lang='lat' dir='ltr'>nimis</span> <span class='ocrx_word' id='word_1_127' title='bbox 305 1663 512 1714; x_wconf 76' lang='lat' dir='ltr'>sanguine</span> <span class='ocrx_word' id='word_1_128' title='bbox 544 1664 763 1706; x_wconf 78' lang='lat' dir='ltr'>rubescit?</span> <span class='ocrx_word' id='word_1_129' title='bbox 819 1666 974 1717; x_wconf 77' lang='lat' dir='ltr'>Cogita</span> 
     </span>
     <span class='ocr_line' id='line_1_26' title="bbox 150 1718 975 1775; baseline 0.005 -15"><span class='ocrx_word' id='word_1_130' title='bbox 150 1718 267 1772; x_wconf 86' lang='lat' dir='ltr'>quali</span> <span class='ocrx_word' id='word_1_131' title='bbox 297 1719 356 1761; x_wconf 87' lang='lat' dir='ltr'>sis</span> <span class='ocrx_word' id='word_1_132' title='bbox 383 1719 612 1771; x_wconf 87' lang='lat' dir='ltr'>insignitus</span> <span class='ocrx_word' id='word_1_133' title='bbox 640 1721 825 1772; x_wconf 77' lang='lat' dir='ltr'>honore,</span> <span class='ocrx_word' id='word_1_134' title='bbox 858 1722 975 1775; x_wconf 86' lang='lat' dir='ltr'>quali</span> 
     </span>
     <span class='ocr_line' id='line_1_27' title="bbox 147 1775 973 1830; baseline 0.005 -14"><span class='ocrx_word' id='word_1_135' title='bbox 147 1788 298 1818; x_wconf 88' lang='lat' dir='ltr'>mensa</span> <span class='ocrx_word' id='word_1_136' title='bbox 315 1775 482 1817; x_wconf 76' lang='lat' dir='ltr'>fruaris.</span> <span class='ocrx_word' id='word_1_137' title='bbox 510 1776 640 1827; x_wconf 90' lang='lat' dir='ltr'>Quod</span> <span class='ocrx_word' id='word_1_138' title='bbox 654 1777 812 1830; x_wconf 91' lang='lat' dir='ltr'>Angeli</span> <span class='ocrx_word' id='word_1_139' title='bbox 828 1778 973 1820; x_wconf 77' lang='lat' dir='ltr'>viden-</span> 
     </span>
     <span class='ocr_line' id='line_1_28' title="bbox 147 1831 975 1885; baseline 0.004 -11"><span class='ocrx_word' id='word_1_140' title='bbox 147 1836 215 1874; x_wconf 85' lang='lat' dir='ltr'>tes</span> <span class='ocrx_word' id='word_1_141' title='bbox 228 1831 497 1882; x_wconf 79' lang='lat' dir='ltr'>horrescunt,</span> <span class='ocrx_word' id='word_1_142' title='bbox 511 1845 652 1885; x_wconf 90' lang='lat' dir='ltr'>neque</span> <span class='ocrx_word' id='word_1_143' title='bbox 665 1833 801 1876; x_wconf 89' lang='lat' dir='ltr'>libere</span> <span class='ocrx_word' id='word_1_144' title='bbox 814 1834 975 1878; x_wconf 91' lang='lat' dir='ltr'>audent</span> 
     </span>
     <span class='ocr_line' id='line_1_29' title="bbox 147 1888 974 1941; baseline 0.005 -13"><span class='ocrx_word' id='word_1_145' title='bbox 147 1888 306 1930; x_wconf 77' lang='lat' dir='ltr'>intueri</span> <span class='ocrx_word' id='word_1_146' title='bbox 346 1893 530 1941; x_wconf 88' lang='lat' dir='ltr'>propter</span> <span class='ocrx_word' id='word_1_147' title='bbox 574 1890 833 1932; x_wconf 77' lang='lat' dir='ltr'>emicantem</span> <span class='ocrx_word' id='word_1_148' title='bbox 874 1891 974 1933; x_wconf 92' lang='lat' dir='ltr'>inde</span> 
     </span>
     <span class='ocr_line' id='line_1_30' title="bbox 150 1943 974 1999; baseline 0.005 -14"><span class='ocrx_word' id='word_1_149' title='bbox 150 1943 446 1996; x_wconf 77' lang='lat' dir='ltr'>splendorem3</span> <span class='ocrx_word' id='word_1_150' title='bbox 490 1945 576 1987; x_wconf 91' lang='lat' dir='ltr'>hoc</span> <span class='ocrx_word' id='word_1_151' title='bbox 619 1957 701 1987; x_wconf 90' lang='lat' dir='ltr'>nos</span> <span class='ocrx_word' id='word_1_152' title='bbox 743 1948 974 1999; x_wconf 76' lang='lat' dir='ltr'>pascimur,</span> 
     </span>
     <span class='ocr_line' id='line_1_31' title="bbox 149 2000 973 2052; baseline 0.005 -11"><span class='ocrx_word' id='word_1_153' title='bbox 149 2000 250 2042; x_wconf 89' lang='lat' dir='ltr'>huic</span> <span class='ocrx_word' id='word_1_154' title='bbox 282 2013 364 2042; x_wconf 91' lang='lat' dir='ltr'>nos</span> <span class='ocrx_word' id='word_1_155' title='bbox 393 2002 583 2052; x_wconf 89' lang='lat' dir='ltr'>unimur,</span> <span class='ocrx_word' id='word_1_156' title='bbox 616 2006 660 2043; x_wconf 85' lang='lat' dir='ltr'>et</span> <span class='ocrx_word' id='word_1_157' title='bbox 691 2002 794 2044; x_wconf 88' lang='lat' dir='ltr'>faeti</span> <span class='ocrx_word' id='word_1_158' title='bbox 825 2016 973 2045; x_wconf 92' lang='lat' dir='ltr'>sumus</span> 
     </span>
     <span class='ocr_line' id='line_1_32' title="bbox 150 2054 974 2110; baseline 0.006 -13"><span class='ocrx_word' id='word_1_159' title='bbox 150 2070 282 2098; x_wconf 93' lang='lat' dir='ltr'>unum</span> <span class='ocrx_word' id='word_1_160' title='bbox 302 2054 462 2099; x_wconf 84' lang='lat' dir='ltr'>Christi</span> <span class='ocrx_word' id='word_1_161' title='bbox 485 2070 660 2110; x_wconf 81' lang='lat' dir='ltr'>corpuS,</span> <span class='ocrx_word' id='word_1_162' title='bbox 684 2063 728 2100; x_wconf 89' lang='lat' dir='ltr'>et</span> <span class='ocrx_word' id='word_1_163' title='bbox 750 2072 836 2100; x_wconf 87' lang='lat' dir='ltr'>una</span> <span class='ocrx_word' id='word_1_164' title='bbox 859 2072 974 2102; x_wconf 90' lang='lat' dir='ltr'>caro.</span> 
     </span>
     <span class='ocr_line' id='line_1_33' title="bbox 151 2112 974 2167; baseline 0.005 -13"><span class='ocrx_word' id='word_1_165' title='bbox 151 2113 257 2163; x_wconf 88' lang='lat' dir='ltr'>Quis</span> <span class='ocrx_word' id='word_1_166' title='bbox 294 2112 498 2164; x_wconf 79' lang='lat' dir='ltr'>loquetur</span> <span class='ocrx_word' id='word_1_167' title='bbox 534 2115 753 2166; x_wconf 78' lang='lat' dir='ltr'>potentias</span> <span class='ocrx_word' id='word_1_168' title='bbox 788 2116 974 2167; x_wconf 81' lang='lat' dir='ltr'>D6mini,</span> 
     </span>
     <span class='ocr_line' id='line_1_34' title="bbox 150 2169 974 2224; baseline 0.005 -14"><span class='ocrx_word' id='word_1_169' title='bbox 150 2169 320 2211; x_wconf 87' lang='lat' dir='ltr'>auditas</span> <span class='ocrx_word' id='word_1_170' title='bbox 349 2169 479 2211; x_wconf 79' lang='lat' dir='ltr'>faciet</span> <span class='ocrx_word' id='word_1_171' title='bbox 505 2182 656 2212; x_wconf 89' lang='lat' dir='ltr'>omnes</span> <span class='ocrx_word' id='word_1_172' title='bbox 680 2170 832 2213; x_wconf 92' lang='lat' dir='ltr'>laudes</span> <span class='ocrx_word' id='word_1_173' title='bbox 858 2171 974 2224; x_wconf 84' lang='lat' dir='ltr'>ejus?</span> 
     </span>
     <span class='ocr_line' id='line_1_35' title="bbox 152 2226 976 2280; baseline 0.005 -14"><span class='ocrx_word' id='word_1_174' title='bbox 152 2226 257 2276; x_wconf 89' lang='lat' dir='ltr'>Quis</span> <span class='ocrx_word' id='word_1_175' title='bbox 292 2231 446 2279; x_wconf 88' lang='lat' dir='ltr'>pastor</span> <span class='ocrx_word' id='word_1_176' title='bbox 482 2238 587 2267; x_wconf 89' lang='lat' dir='ltr'>oves</span> <span class='ocrx_word' id='word_1_177' title='bbox 622 2228 802 2280; x_wconf 81' lang='lat' dir='ltr'>pr6prio</span> <span class='ocrx_word' id='word_1_178' title='bbox 835 2229 976 2280; x_wconf 86' lang='lat' dir='ltr'>pascit</span> 
     </span>
     <span class='ocr_line' id='line_1_36' title="bbox 151 2281 973 2336; baseline 0.004 -13"><span class='ocrx_word' id='word_1_179' title='bbox 151 2281 327 2324; x_wconf 73' lang='lat' dir='ltr'>cruore?</span> <span class='ocrx_word' id='word_1_180' title='bbox 355 2283 413 2324; x_wconf 89' lang='lat' dir='ltr'>Et</span> <span class='ocrx_word' id='word_1_181' title='bbox 433 2281 538 2334; x_wconf 94' lang='lat' dir='ltr'>quid</span> <span class='ocrx_word' id='word_1_182' title='bbox 555 2282 666 2333; x_wconf 88' lang='lat' dir='ltr'>dico,</span> <span class='ocrx_word' id='word_1_183' title='bbox 685 2283 858 2336; x_wconf 89' lang='lat' dir='ltr'>pastor?</span> <span class='ocrx_word' id='word_1_184' title='bbox 886 2285 973 2326; x_wconf 90' lang='lat' dir='ltr'>Ma-</span> 
     </span>
     <span class='ocr_line' id='line_1_37' title="bbox 151 2338 975 2393; baseline 0.002 -13"><span class='ocrx_word' id='word_1_185' title='bbox 151 2343 239 2380; x_wconf 82' lang='lat' dir='ltr'>tres</span> <span class='ocrx_word' id='word_1_186' title='bbox 262 2338 411 2380; x_wconf 90' lang='lat' dir='ltr'>multae</span> <span class='ocrx_word' id='word_1_187' title='bbox 437 2343 552 2388; x_wconf 91' lang='lat' dir='ltr'>sunt,</span> <span class='ocrx_word' id='word_1_188' title='bbox 577 2352 675 2391; x_wconf 88' lang='lat' dir='ltr'>quae</span> <span class='ocrx_word' id='word_1_189' title='bbox 699 2346 802 2392; x_wconf 90' lang='lat' dir='ltr'>post</span> <span class='ocrx_word' id='word_1_190' title='bbox 824 2346 975 2393; x_wconf 89' lang='lat' dir='ltr'>partus</span> 
     </span>
     <span class='ocr_line' id='line_1_38' title="bbox 153 2394 975 2445; baseline 0.004 -9"><span class='ocrx_word' id='word_1_191' title='bbox 153 2394 340 2445; x_wconf 74' lang='lat' dir='ltr'>dolores,</span> <span class='ocrx_word' id='word_1_192' title='bbox 359 2394 473 2437; x_wconf 86' lang='lat' dir='ltr'>fih‘os</span> <span class='ocrx_word' id='word_1_193' title='bbox 492 2395 588 2436; x_wconf 81' lang='lat' dir='ltr'>aliis</span> <span class='ocrx_word' id='word_1_194' title='bbox 606 2396 785 2438; x_wconf 91' lang='lat' dir='ltr'>tradunt</span> <span class='ocrx_word' id='word_1_195' title='bbox 803 2397 975 2439; x_wconf 90' lang='lat' dir='ltr'>nutrici-</span> 
     </span>
     <span class='ocr_line' id='line_1_39' title="bbox 151 2451 974 2506; baseline 0.002 -14"><span class='ocrx_word' id='word_1_196' title='bbox 151 2451 244 2492; x_wconf 87' lang='lat' dir='ltr'><strong>bus.</strong></span> <span class='ocrx_word' id='word_1_197' title='bbox 280 2451 380 2493; x_wconf 90' lang='lat' dir='ltr'>Hoe</span> <span class='ocrx_word' id='word_1_198' title='bbox 400 2456 545 2493; x_wconf 83' lang='lat' dir='ltr'>autem</span> <span class='ocrx_word' id='word_1_199' title='bbox 568 2452 663 2505; x_wconf 93' lang='lat' dir='ltr'>ipse</span> <span class='ocrx_word' id='word_1_200' title='bbox 686 2465 772 2494; x_wconf 92' lang='lat' dir='ltr'>non</span> <span class='ocrx_word' id='word_1_201' title='bbox 794 2459 861 2495; x_wconf 89' lang='lat' dir='ltr'>est</span> <span class='ocrx_word' id='word_1_202' title='bbox 879 2466 974 2506; x_wconf 89' lang='lat' dir='ltr'>pas-</span> 
     </span>
     <span class='ocr_line' id='line_1_40' title="bbox 153 2506 975 2562; baseline 0.004 -14"><span class='ocrx_word' id='word_1_203' title='bbox 153 2520 241 2548; x_wconf 86' lang='lat' dir='ltr'>sus:</span> <span class='ocrx_word' id='word_1_204' title='bbox 261 2506 340 2549; x_wconf 90' lang='lat' dir='ltr'>sed</span> <span class='ocrx_word' id='word_1_205' title='bbox 356 2508 451 2560; x_wconf 89' lang='lat' dir='ltr'>ipse</span> <span class='ocrx_word' id='word_1_206' title='bbox 470 2521 550 2550; x_wconf 90' lang='lat' dir='ltr'>nos</span> <span class='ocrx_word' id='word_1_207' title='bbox 567 2509 748 2562; x_wconf 81' lang='lat' dir='ltr'>pr6prio</span> <span class='ocrx_word' id='word_1_208' title='bbox 769 2509 975 2560; x_wconf 77' lang='lat' dir='ltr'>sanguine</span> 
     </span>
     <span class='ocr_line' id='line_1_41' title="bbox 151 2563 974 2617; baseline 0.004 -13"><span class='ocrx_word' id='word_1_209' title='bbox 151 2563 309 2615; x_wconf 88' lang='lat' dir='ltr'>pascit,</span> <span class='ocrx_word' id='word_1_210' title='bbox 337 2569 380 2605; x_wconf 90' lang='lat' dir='ltr'>et</span> <span class='ocrx_word' id='word_1_211' title='bbox 407 2577 486 2617; x_wconf 91' lang='lat' dir='ltr'>per</span> <span class='ocrx_word' id='word_1_212' title='bbox 515 2565 659 2606; x_wconf 75' lang='lat' dir='ltr'>omnia</span> <span class='ocrx_word' id='word_1_213' title='bbox 686 2578 767 2607; x_wconf 87' lang='lat' dir='ltr'>nos</span> <span class='ocrx_word' id='word_1_214' title='bbox 796 2565 878 2607; x_wconf 84' lang='lat' dir='ltr'>sibi</span> <span class='ocrx_word' id='word_1_215' title='bbox 905 2579 974 2607; x_wconf 90' lang='lat' dir='ltr'>eo-</span> 
     </span>
     <span class='ocr_line' id='line_1_42' title="bbox 154 2621 382 2669; baseline 0.004 -9"><span class='ocrx_word' id='word_1_216' title='bbox 154 2621 382 2669; x_wconf 79' lang='lat' dir='ltr'>agmentat.</span> 
     </span>
    </p>
   </div>
   <div class='ocr_carea' id='block_1_8' title="bbox 200 2695 783 2751">
    <p class='ocr_par' dir='ltr' id='par_1_8' title="bbox 200 2695 783 2751">
     <span class='ocr_line' id='line_1_43' title="bbox 200 2695 783 2751; baseline 0.003 -13"><span class='ocrx_word' id='word_1_217' title='bbox 200 2695 249 2746; x_wconf 62' lang='lat' dir='ltr'>Rv-</span> <span class='ocrx_word' id='word_1_218' title='bbox 281 2697 377 2748; x_wconf 88' lang='lat' dir='ltr'>Ego</span> <span class='ocrx_word' id='word_1_219' title='bbox 397 2711 493 2739; x_wconf 86' lang='lat' dir='ltr'>sum</span> <span class='ocrx_word' id='word_1_220' title='bbox 509 2698 644 2750; x_wconf 88' lang='lat' dir='ltr'>panis.</span> <span class='ocrx_word' id='word_1_221' title='bbox 672 2699 783 2751; x_wconf 87' lang='lat'>[246]</span> 
     </span>
    </p>
   </div>
   <div class='ocr_carea' id='block_1_9' title="bbox 1009 535 1155 677">
    <p class='ocr_par' dir='ltr' id='par_1_9' title="bbox 1009 535 1155 677">
     <span class='ocr_line' id='line_1_44' title="bbox 1009 535 1155 677; baseline 0 0"><span class='ocrx_word' id='word_1_222' title='bbox 1009 535 1155 677; x_wconf 95' lang='lat' dir='ltr'>  </span> 
     </span>
    </p>
   </div>
   <div class='ocr_carea' id='block_1_10' title="bbox 1762 177 1852 221">
    <p class='ocr_par' dir='ltr' id='par_1_10' title="bbox 1762 177 1852 221">
     <span class='ocr_line' id='line_1_45' title="bbox 1762 177 1852 221; baseline -0.011 -9"><span class='ocrx_word' id='word_1_223' title='bbox 1762 177 1852 221; x_wconf 81' lang='lat'>[247]</span> 
     </span>
    </p>
   </div>
   <div class='ocr_carea' id='block_1_11' title="bbox 1207 243 1849 247">
    <p class='ocr_par' dir='ltr' id='par_1_11' title="bbox 1207 243 1849 247">
     <span class='ocr_line' id='line_1_46' title="bbox 1207 243 1849 247; baseline 0 0"><span class='ocrx_word' id='word_1_224' title='bbox 1207 243 1849 247; x_wconf 95' lang='lat' dir='ltr'> </span> 
     </span>
    </p>
   </div>
   <div class='ocr_carea' id='block_1_12' title="bbox 1151 276 1732 328">
    <p class='ocr_par' dir='ltr' id='par_1_12' title="bbox 1151 276 1732 328">
     <span class='ocr_line' id='line_1_47' title="bbox 1151 276 1732 328; baseline -0.002 -12"><span class='ocrx_word' id='word_1_225' title='bbox 1151 276 1362 316; x_wconf 85' lang='lat' dir='ltr'>Mensibus</span> <span class='ocrx_word' id='word_1_226' title='bbox 1389 277 1496 328; x_wconf 82' lang='lat' dir='ltr'>Majo</span> <span class='ocrx_word' id='word_1_227' title='bbox 1525 277 1567 316; x_wconf 76' lang='lat' dir='ltr'>et</span> <span class='ocrx_word' id='word_1_228' title='bbox 1594 276 1732 316; x_wconf 88' lang='lat' dir='ltr'>Junio.</span> 
     </span>
    </p>
   </div>
   <div class='ocr_carea' id='block_1_13' title="bbox 1023 352 1899 2581">
    <p class='ocr_par' dir='ltr' id='par_1_13' title="bbox 1071 352 1812 519">
     <span class='ocr_line' id='line_1_48' title="bbox 1071 352 1812 405; baseline -0.003 -10"><span class='ocrx_word' id='word_1_229' title='bbox 1071 356 1224 396; x_wconf 86' lang='lat' dir='ltr'>Sermo</span> <span class='ocrx_word' id='word_1_230' title='bbox 1245 354 1284 395; x_wconf 92' lang='lat' dir='ltr'>S.</span> <span class='ocrx_word' id='word_1_231' title='bbox 1302 353 1327 394; x_wconf 84' lang='lat' dir='ltr'>J</span> <span class='ocrx_word' id='word_1_232' title='bbox 1329 353 1482 395; x_wconf 78' lang='lat' dir='ltr'>oannis</span> <span class='ocrx_word' id='word_1_233' title='bbox 1503 352 1812 405; x_wconf 79' lang='lat' dir='ltr'>Chrysostomi.</span> 
     </span>
     <span class='ocr_line' id='line_1_49' title="bbox 1197 424 1682 458; baseline 0.004 -2"><span class='ocrx_word' id='word_1_234' title='bbox 1197 424 1249 456; x_wconf 77' lang='lat' dir='ltr'>Ex</span> <span class='ocrx_word' id='word_1_235' title='bbox 1276 424 1407 456; x_wconf 75' lang='lat' dir='ltr'>eadem</span> <span class='ocrx_word' id='word_1_236' title='bbox 1435 424 1599 457; x_wconf 59' lang='lat' dir='ltr'>llomilia·</span> <span class='ocrx_word' id='word_1_237' title='bbox 1624 426 1682 458; x_wconf 60' lang='grc' dir='ltr'>(ἴω.</span> 
     </span>
     <span class='ocr_line' id='line_1_50' title="bbox 1330 480 1550 519; baseline 0.005 -1"><span class='ocrx_word' id='word_1_238' title='bbox 1330 480 1477 519; x_wconf 83' lang='lat' dir='ltr'>Lectio</span> <span class='ocrx_word' id='word_1_239' title='bbox 1500 481 1550 519; x_wconf 66' lang='grc' dir='ltr'>ἰν.</span> 
     </span>
    </p>

    <p class='ocr_par' dir='ltr' id='par_1_14' title="bbox 1030 532 1853 586">
     <span class='ocr_line' id='line_1_51' title="bbox 1030 532 1853 586; baseline 0 -13"><span class='ocrx_word' id='word_1_240' title='bbox 1030 557 1032 573; x_wconf 49' lang='grc' dir='ltr'><strong><em>ι</em></strong></span> <span class='ocrx_word' id='word_1_241' title='bbox 1074 540 1139 569; x_wconf 56' lang='lat' dir='ltr'>m&#39;</span> <span class='ocrx_word' id='word_1_242' title='bbox 1157 534 1358 586; x_wconf 87' lang='lat' dir='ltr'>nicuique</span> <span class='ocrx_word' id='word_1_243' title='bbox 1413 533 1606 574; x_wconf 80' lang='lat' dir='ltr'>fidelium</span> <span class='ocrx_word' id='word_1_244' title='bbox 1658 532 1853 574; x_wconf 90' lang='lat' dir='ltr'>Christus</span> 
     </span>
    </p>

    <p class='ocr_par' dir='ltr' id='par_1_15' title="bbox 1025 556 1899 2338">
     <span class='ocr_line' id='line_1_52' title="bbox 1087 556 1854 646; baseline -0.003 -14"><span class='ocrx_word' id='word_1_245' title='bbox 1087 556 1149 646; x_wconf 52' lang='lat' dir='ltr'>*Vi</span> <span class='ocrx_word' id='word_1_246' title='bbox 1179 593 1462 643; x_wconf 88' lang='lat' dir='ltr'>semetipsum</span> <span class='ocrx_word' id='word_1_247' title='bbox 1514 603 1593 642; x_wconf 93' lang='lat' dir='ltr'>per</span> <span class='ocrx_word' id='word_1_248' title='bbox 1647 589 1854 642; x_wconf 78' lang='lat' dir='ltr'>mysteria</span> 
     </span>
     <span class='ocr_line' id='line_1_53' title="bbox 1106 640 1853 698; baseline -0.004 -9"><span class='ocrx_word' id='word_1_249' title='bbox 1106 640 1152 674; x_wconf 38' lang='grc' dir='ltr'>’ἒ</span> <span class='ocrx_word' id='word_1_250' title='bbox 1179 649 1452 696; x_wconf 86' lang='lat' dir='ltr'>commiscet,</span> <span class='ocrx_word' id='word_1_251' title='bbox 1484 652 1527 687; x_wconf 92' lang='lat' dir='ltr'>et</span> <span class='ocrx_word' id='word_1_252' title='bbox 1557 659 1667 698; x_wconf 89' lang='lat' dir='ltr'>quos</span> <span class='ocrx_word' id='word_1_253' title='bbox 1696 646 1853 697; x_wconf 79' lang='lat' dir='ltr'>genuit,</span> 
     </span>
     <span class='ocr_line' id='line_1_54' title="bbox 1027 702 1854 757; baseline -0.005 -11"><span class='ocrx_word' id='word_1_254' title='bbox 1027 718 1106 757; x_wconf 92' lang='lat' dir='ltr'>per</span> <span class='ocrx_word' id='word_1_255' title='bbox 1131 706 1414 756; x_wconf 87' lang='lat' dir='ltr'>semetipsum</span> <span class='ocrx_word' id='word_1_256' title='bbox 1435 703 1605 752; x_wconf 83' lang='lat' dir='ltr'>enutrit,</span> <span class='ocrx_word' id='word_1_257' title='bbox 1629 715 1709 744; x_wconf 89' lang='lat' dir='ltr'>nec</span> <span class='ocrx_word' id='word_1_258' title='bbox 1729 702 1854 743; x_wconf 80' lang='lat' dir='ltr'>alteri</span> 
     </span>
     <span class='ocr_line' id='line_1_55' title="bbox 1027 759 1852 813; baseline -0.004 -11"><span class='ocrx_word' id='word_1_259' title='bbox 1027 760 1174 803; x_wconf 82' lang='lat' dir='ltr'>tradit:</span> <span class='ocrx_word' id='word_1_260' title='bbox 1193 773 1272 813; x_wconf 94' lang='lat' dir='ltr'>per</span> <span class='ocrx_word' id='word_1_261' title='bbox 1285 759 1371 801; x_wconf 93' lang='lat' dir='ltr'>hoc</span> <span class='ocrx_word' id='word_1_262' title='bbox 1390 760 1469 801; x_wconf 90' lang='lat' dir='ltr'>tibi</span> <span class='ocrx_word' id='word_1_263' title='bbox 1488 773 1658 800; x_wconf 91' lang='lat' dir='ltr'>rursum</span> <span class='ocrx_word' id='word_1_264' title='bbox 1676 761 1852 811; x_wconf 82' lang='lat' dir='ltr'>persua-</span> 
     </span>
     <span class='ocr_line' id='line_1_56' title="bbox 1029 816 1851 869; baseline -0.004 -10"><span class='ocrx_word' id='word_1_265' title='bbox 1029 817 1155 867; x_wconf 82' lang='lat' dir='ltr'>dens,</span> <span class='ocrx_word' id='word_1_266' title='bbox 1189 816 1308 869; x_wconf 91' lang='lat' dir='ltr'>quod</span> <span class='ocrx_word' id='word_1_267' title='bbox 1336 829 1510 858; x_wconf 90' lang='lat' dir='ltr'>carnem</span> <span class='ocrx_word' id='word_1_268' title='bbox 1540 821 1659 858; x_wconf 85' lang='lat' dir='ltr'>tuam</span> <span class='ocrx_word' id='word_1_269' title='bbox 1689 819 1851 856; x_wconf 80' lang='lat' dir='ltr'>assum-</span> 
     </span>
     <span class='ocr_line' id='line_1_57' title="bbox 1028 873 1853 927; baseline -0.004 -12"><span class='ocrx_word' id='word_1_270' title='bbox 1028 874 1126 927; x_wconf 89' lang='lat' dir='ltr'>psit.</span> <span class='ocrx_word' id='word_1_271' title='bbox 1181 874 1249 915; x_wconf 92' lang='lat' dir='ltr'>Ne</span> <span class='ocrx_word' id='word_1_272' title='bbox 1282 875 1536 926; x_wconf 80' lang='lat' dir='ltr'>torpeamus</span> <span class='ocrx_word' id='word_1_273' title='bbox 1572 873 1701 923; x_wconf 88' lang='lat' dir='ltr'>igitur</span> <span class='ocrx_word' id='word_1_274' title='bbox 1733 877 1853 914; x_wconf 85' lang='lat' dir='ltr'>tanta</span> 
     </span>
     <span class='ocr_line' id='line_1_58' title="bbox 1029 928 1899 982; baseline -0.005 -10"><span class='ocrx_word' id='word_1_275' title='bbox 1029 931 1147 982; x_wconf 86' lang='lat' dir='ltr'>digni</span> <span class='ocrx_word' id='word_1_276' title='bbox 1188 931 1369 972; x_wconf 82' lang='lat' dir='ltr'>caritate</span> <span class='ocrx_word' id='word_1_277' title='bbox 1411 935 1454 971; x_wconf 90' lang='lat' dir='ltr'>et</span> <span class='ocrx_word' id='word_1_278' title='bbox 1493 928 1661 970; x_wconf 80' lang='lat' dir='ltr'>honore</span> <span class='ocrx_word' id='word_1_279' title='bbox 1702 928 1853 981; x_wconf 77' lang='lat' dir='ltr'>putati.</span> <span class='ocrx_word' id='word_1_280' title='bbox 1898 963 1899 967; x_wconf 74' lang='grc'>,</span> 
     </span>
     <span class='ocr_line' id='line_1_59' title="bbox 1028 985 1852 1038; baseline -0.005 -9"><span class='ocrx_word' id='word_1_281' title='bbox 1028 988 1185 1029; x_wconf 84' lang='lat' dir='ltr'><strong>Nonne</strong></span> <span class='ocrx_word' id='word_1_282' title='bbox 1217 987 1374 1028; x_wconf 85' lang='lat' dir='ltr'>videtis</span> <span class='ocrx_word' id='word_1_283' title='bbox 1403 991 1565 1038; x_wconf 88' lang='lat' dir='ltr'>quanta</span> <span class='ocrx_word' id='word_1_284' title='bbox 1591 985 1852 1038; x_wconf 82' lang='lat' dir='ltr'>promptitu-</span> 
     </span>
     <span class='ocr_line' id='line_1_60' title="bbox 1031 1042 1854 1097; baseline -0.005 -11"><span class='ocrx_word' id='word_1_285' title='bbox 1031 1043 1130 1086; x_wconf 89' lang='lat' dir='ltr'>dine</span> <span class='ocrx_word' id='word_1_286' title='bbox 1160 1043 1331 1097; x_wconf 82' lang='lat' dir='ltr'>parvuli</span> <span class='ocrx_word' id='word_1_287' title='bbox 1362 1042 1548 1096; x_wconf 84' lang='lat' dir='ltr'>papillas</span> <span class='ocrx_word' id='word_1_288' title='bbox 1580 1042 1777 1094; x_wconf 82' lang='lat' dir='ltr'>capiunt,</span> <span class='ocrx_word' id='word_1_289' title='bbox 1811 1046 1854 1083; x_wconf 94' lang='lat' dir='ltr'>et</span> 
     </span>
     <span class='ocr_line' id='line_1_61' title="bbox 1030 1097 1851 1152; baseline -0.005 -11"><span class='ocrx_word' id='word_1_290' title='bbox 1030 1106 1192 1152; x_wconf 89' lang='lat' dir='ltr'>quanto</span> <span class='ocrx_word' id='word_1_291' title='bbox 1215 1102 1381 1152; x_wconf 86' lang='lat' dir='ltr'>impetu</span> <span class='ocrx_word' id='word_1_292' title='bbox 1400 1099 1517 1140; x_wconf 78' lang='lat' dir='ltr'>labia</span> <span class='ocrx_word' id='word_1_293' title='bbox 1536 1097 1741 1140; x_wconf 81' lang='lat' dir='ltr'>uberibus</span> <span class='ocrx_word' id='word_1_294' title='bbox 1761 1097 1851 1138; x_wconf 86' lang='lat' dir='ltr'>infi-</span> 
     </span>
     <span class='ocr_line' id='line_1_62' title="bbox 1028 1155 1853 1207; baseline -0.005 -9"><span class='ocrx_word' id='word_1_295' title='bbox 1028 1155 1155 1207; x_wconf 82' lang='lat' dir='ltr'>gunt?</span> <span class='ocrx_word' id='word_1_296' title='bbox 1202 1155 1477 1197; x_wconf 78' lang='lat' dir='ltr'>Accedamus</span> <span class='ocrx_word' id='word_1_297' title='bbox 1504 1168 1602 1196; x_wconf 90' lang='lat' dir='ltr'>cum</span> <span class='ocrx_word' id='word_1_298' title='bbox 1627 1158 1748 1195; x_wconf 87' lang='lat' dir='ltr'>tanta</span> <span class='ocrx_word' id='word_1_299' title='bbox 1772 1166 1853 1195; x_wconf 91' lang='lat' dir='ltr'>nos</span> 
     </span>
     <span class='ocr_line' id='line_1_63' title="bbox 1028 1210 1849 1265; baseline -0.006 -10"><span class='ocrx_word' id='word_1_300' title='bbox 1028 1226 1203 1265; x_wconf 86' lang='lat' dir='ltr'>quoque</span> <span class='ocrx_word' id='word_1_301' title='bbox 1239 1212 1462 1254; x_wconf 77' lang='lat' dir='ltr'>alacritate</span> <span class='ocrx_word' id='word_1_302' title='bbox 1499 1210 1556 1253; x_wconf 88' lang='lat' dir='ltr'>ad</span> <span class='ocrx_word' id='word_1_303' title='bbox 1586 1210 1699 1252; x_wconf 88' lang='lat' dir='ltr'>hanc</span> <span class='ocrx_word' id='word_1_304' title='bbox 1734 1223 1849 1251; x_wconf 91' lang='lat' dir='ltr'>men-</span> 
     </span>
     <span class='ocr_line' id='line_1_64' title="bbox 1028 1267 1853 1321; baseline -0.005 -10"><span class='ocrx_word' id='word_1_305' title='bbox 1028 1283 1130 1320; x_wconf 88' lang='lat' dir='ltr'>sam,</span> <span class='ocrx_word' id='word_1_306' title='bbox 1156 1274 1200 1311; x_wconf 91' lang='lat' dir='ltr'>et</span> <span class='ocrx_word' id='word_1_307' title='bbox 1222 1269 1279 1311; x_wconf 86' lang='lat' dir='ltr'>ad</span> <span class='ocrx_word' id='word_1_308' title='bbox 1302 1268 1438 1310; x_wconf 80' lang='lat' dir='ltr'>ubera</span> <span class='ocrx_word' id='word_1_309' title='bbox 1460 1267 1608 1321; x_wconf 76' lang='lat' dir='ltr'>poculi</span> <span class='ocrx_word' id='word_1_310' title='bbox 1632 1267 1853 1320; x_wconf 80' lang='lat' dir='ltr'>spiritalis:</span> 
     </span>
     <span class='ocr_line' id='line_1_65' title="bbox 1027 1323 1852 1378; baseline -0.004 -10"><span class='ocrx_word' id='word_1_311' title='bbox 1027 1327 1220 1378; x_wconf 88' lang='lat' dir='ltr'>quinimo</span> <span class='ocrx_word' id='word_1_312' title='bbox 1252 1339 1350 1367; x_wconf 89' lang='lat' dir='ltr'>cum</span> <span class='ocrx_word' id='word_1_313' title='bbox 1376 1325 1506 1376; x_wconf 88' lang='lat' dir='ltr'>longe</span> <span class='ocrx_word' id='word_1_314' title='bbox 1534 1324 1685 1376; x_wconf 66' lang='lat' dir='ltr'>majeri</span> <span class='ocrx_word' id='word_1_315' title='bbox 1711 1323 1852 1365; x_wconf 74' lang='lat' dir='ltr'>traha-</span> 
     </span>
     <span class='ocr_line' id='line_1_66' title="bbox 1025 1380 1851 1434; baseline -0.004 -10"><span class='ocrx_word' id='word_1_316' title='bbox 1025 1396 1139 1432; x_wconf 84' lang='lat' dir='ltr'>mUS,</span> <span class='ocrx_word' id='word_1_317' title='bbox 1166 1387 1390 1434; x_wconf 85' lang='lat' dir='ltr'>tamquam</span> <span class='ocrx_word' id='word_1_318' title='bbox 1416 1382 1600 1422; x_wconf 81' lang='lat' dir='ltr'>infantes</span> <span class='ocrx_word' id='word_1_319' title='bbox 1628 1380 1851 1430; x_wconf 82' lang='lat' dir='ltr'>lactentes,</span> 
     </span>
     <span class='ocr_line' id='line_1_67' title="bbox 1027 1436 1852 1492; baseline -0.005 -12"><span class='ocrx_word' id='word_1_320' title='bbox 1027 1439 1205 1492; x_wconf 90' lang='lat' dir='ltr'>spiritus</span> <span class='ocrx_word' id='word_1_321' title='bbox 1227 1438 1427 1490; x_wconf 78' lang='lat' dir='ltr'>gratiam:</span> <span class='ocrx_word' id='word_1_322' title='bbox 1456 1443 1499 1479; x_wconf 92' lang='lat' dir='ltr'>et</span> <span class='ocrx_word' id='word_1_323' title='bbox 1517 1450 1627 1478; x_wconf 92' lang='lat' dir='ltr'>unus</span> <span class='ocrx_word' id='word_1_324' title='bbox 1653 1437 1707 1478; x_wconf 89' lang='lat' dir='ltr'>sit</span> <span class='ocrx_word' id='word_1_325' title='bbox 1726 1436 1852 1478; x_wconf 87' lang='lat' dir='ltr'>nobis</span> 
     </span>
     <span class='ocr_line' id='line_1_68' title="bbox 1027 1494 1853 1547; baseline -0.005 -10"><span class='ocrx_word' id='word_1_326' title='bbox 1027 1494 1154 1538; x_wconf 90' lang='lat' dir='ltr'>dolor</span> <span class='ocrx_word' id='word_1_327' title='bbox 1177 1495 1260 1536; x_wconf 90' lang='lat' dir='ltr'>hac</span> <span class='ocrx_word' id='word_1_328' title='bbox 1286 1507 1386 1536; x_wconf 88' lang='lat' dir='ltr'>esca</span> <span class='ocrx_word' id='word_1_329' title='bbox 1408 1494 1581 1547; x_wconf 74' lang='lat' dir='ltr'>privari.</span> <span class='ocrx_word' id='word_1_330' title='bbox 1628 1494 1729 1535; x_wconf 92' lang='lat' dir='ltr'>Non</span> <span class='ocrx_word' id='word_1_331' title='bbox 1754 1498 1853 1534; x_wconf 91' lang='lat' dir='ltr'>sunt</span> 
     </span>
     <span class='ocr_line' id='line_1_69' title="bbox 1025 1551 1852 1603; baseline -0.004 -10"><span class='ocrx_word' id='word_1_332' title='bbox 1025 1551 1227 1593; x_wconf 75' lang='lat' dir='ltr'>humanae</span> <span class='ocrx_word' id='word_1_333' title='bbox 1253 1551 1424 1593; x_wconf 79' lang='lat' dir='ltr'>virtutis</span> <span class='ocrx_word' id='word_1_334' title='bbox 1452 1553 1603 1603; x_wconf 76' lang='lat' dir='ltr'>opera,</span> <span class='ocrx_word' id='word_1_335' title='bbox 1632 1551 1727 1591; x_wconf 88' lang='lat' dir='ltr'>haec</span> <span class='ocrx_word' id='word_1_336' title='bbox 1754 1563 1852 1601; x_wconf 84' lang='lat' dir='ltr'>quae</span> 
     </span>
     <span class='ocr_line' id='line_1_70' title="bbox 1025 1606 1852 1661; baseline -0.004 -11"><span class='ocrx_word' id='word_1_337' title='bbox 1025 1612 1346 1661; x_wconf 78' lang='lat' dir='ltr'>proponuntur:</span> <span class='ocrx_word' id='word_1_338' title='bbox 1365 1608 1439 1660; x_wconf 92' lang='lat' dir='ltr'>qui</span> <span class='ocrx_word' id='word_1_339' title='bbox 1457 1612 1561 1649; x_wconf 92' lang='lat' dir='ltr'>tunc</span> <span class='ocrx_word' id='word_1_340' title='bbox 1577 1607 1673 1660; x_wconf 86' lang='lat' dir='ltr'>ipsa</span> <span class='ocrx_word' id='word_1_341' title='bbox 1692 1607 1793 1648; x_wconf 90' lang='lat' dir='ltr'>fecit</span> <span class='ocrx_word' id='word_1_342' title='bbox 1810 1606 1852 1646; x_wconf 93' lang='lat' dir='ltr'>in</span> 
     </span>
     <span class='ocr_line' id='line_1_71' title="bbox 1026 1663 1852 1715; baseline -0.002 -9"><span class='ocrx_word' id='word_1_343' title='bbox 1026 1665 1099 1706; x_wconf 90' lang='lat' dir='ltr'>illa</span> <span class='ocrx_word' id='word_1_344' title='bbox 1129 1678 1274 1714; x_wconf 86' lang='lat' dir='ltr'>coena,</span> <span class='ocrx_word' id='word_1_345' title='bbox 1305 1663 1422 1706; x_wconf 91' lang='lat' dir='ltr'>idem</span> <span class='ocrx_word' id='word_1_346' title='bbox 1452 1677 1503 1705; x_wconf 88' lang='lat' dir='ltr'>ea</span> <span class='ocrx_word' id='word_1_347' title='bbox 1534 1676 1648 1705; x_wconf 91' lang='lat' dir='ltr'>nunc</span> <span class='ocrx_word' id='word_1_348' title='bbox 1676 1675 1852 1715; x_wconf 92' lang='lat' dir='ltr'>quoque</span> 
     </span>
     <span class='ocr_line' id='line_1_72' title="bbox 1027 1721 1852 1763; baseline -0.002 -1"><span class='ocrx_word' id='word_1_349' title='bbox 1027 1721 1140 1763; x_wconf 89' lang='lat' dir='ltr'>facit.</span> <span class='ocrx_word' id='word_1_350' title='bbox 1192 1721 1287 1763; x_wconf 90' lang='lat' dir='ltr'>Nos</span> <span class='ocrx_word' id='word_1_351' title='bbox 1325 1721 1619 1762; x_wconf 68' lang='lat' dir='ltr'>ministrdrum</span> <span class='ocrx_word' id='word_1_352' title='bbox 1655 1721 1852 1761; x_wconf 80' lang='lat' dir='ltr'>tenemus</span> 
     </span>
     <span class='ocr_line' id='line_1_73' title="bbox 1026 1777 1853 1831; baseline -0.002 -12"><span class='ocrx_word' id='word_1_353' title='bbox 1026 1778 1190 1819; x_wconf 90' lang='lat' dir='ltr'>locum:</span> <span class='ocrx_word' id='word_1_354' title='bbox 1223 1778 1297 1831; x_wconf 88' lang='lat' dir='ltr'>qui</span> <span class='ocrx_word' id='word_1_355' title='bbox 1324 1777 1701 1819; x_wconf 82' lang='lat' dir='ltr'>vero&#39;sanctificat</span> <span class='ocrx_word' id='word_1_356' title='bbox 1729 1789 1781 1817; x_wconf 89' lang='lat' dir='ltr'>ea</span> <span class='ocrx_word' id='word_1_357' title='bbox 1810 1780 1853 1817; x_wconf 93' lang='lat' dir='ltr'>et</span> 
     </span>
     <span class='ocr_line' id='line_1_74' title="bbox 1026 1833 1851 1887; baseline -0.001 -12"><span class='ocrx_word' id='word_1_358' title='bbox 1026 1835 1242 1885; x_wconf 81' lang='lat' dir='ltr'>immutat,</span> <span class='ocrx_word' id='word_1_359' title='bbox 1267 1835 1363 1887; x_wconf 87' lang='lat' dir='ltr'>ipse</span> <span class='ocrx_word' id='word_1_360' title='bbox 1391 1839 1469 1875; x_wconf 89' lang='lat' dir='ltr'>est.</span> <span class='ocrx_word' id='word_1_361' title='bbox 1522 1833 1678 1875; x_wconf 88' lang='lat' dir='ltr'>Nullus</span> <span class='ocrx_word' id='word_1_362' title='bbox 1706 1835 1851 1884; x_wconf 87' lang='lat' dir='ltr'>itaque</span> 
     </span>
     <span class='ocr_line' id='line_1_75' title="bbox 1026 1890 1852 1941; baseline -0.005 -8"><span class='ocrx_word' id='word_1_363' title='bbox 1026 1890 1162 1933; x_wconf 86' lang='lat' dir='ltr'>Judas</span> <span class='ocrx_word' id='word_1_364' title='bbox 1183 1894 1368 1941; x_wconf 81' lang='lat' dir='ltr'>assistat,</span> <span class='ocrx_word' id='word_1_365' title='bbox 1391 1890 1534 1932; x_wconf 91' lang='lat' dir='ltr'>nullus</span> <span class='ocrx_word' id='word_1_366' title='bbox 1553 1892 1724 1932; x_wconf 78' lang='lat' dir='ltr'>avarus:</span> <span class='ocrx_word' id='word_1_367' title='bbox 1753 1902 1852 1929; x_wconf 90' lang='lat' dir='ltr'>nam</span> 
     </span>
     <span class='ocr_line' id='line_1_76' title="bbox 1026 1945 1851 2000; baseline -0.006 -10"><span class='ocrx_word' id='word_1_368' title='bbox 1026 1948 1135 1990; x_wconf 86' lang='lat' dir='ltr'>tales</span> <span class='ocrx_word' id='word_1_369' title='bbox 1161 1961 1310 1989; x_wconf 88' lang='lat' dir='ltr'>mensa</span> <span class='ocrx_word' id='word_1_370' title='bbox 1335 1961 1423 1989; x_wconf 92' lang='lat' dir='ltr'>non</span> <span class='ocrx_word' id='word_1_371' title='bbox 1448 1947 1640 2000; x_wconf 80' lang='lat' dir='ltr'>suscipit.</span> <span class='ocrx_word' id='word_1_372' title='bbox 1685 1945 1729 1986; x_wconf 88' lang='lat' dir='ltr'>Si</span> <span class='ocrx_word' id='word_1_373' title='bbox 1756 1945 1851 1997; x_wconf 93' lang='lat' dir='ltr'>quis</span> 
     </span>
     <span class='ocr_line' id='line_1_77' title="bbox 1028 2001 1852 2057; baseline -0.006 -11"><span class='ocrx_word' id='word_1_374' title='bbox 1028 2009 1093 2046; x_wconf 88' lang='lat' dir='ltr'>est</span> <span class='ocrx_word' id='word_1_375' title='bbox 1109 2003 1358 2057; x_wconf 87' lang='lat' dir='ltr'>discipulus,</span> <span class='ocrx_word' id='word_1_376' title='bbox 1374 2003 1503 2046; x_wconf 89' lang='lat' dir='ltr'>adsit:</span> <span class='ocrx_word' id='word_1_377' title='bbox 1522 2004 1580 2045; x_wconf 89' lang='lat' dir='ltr'>ait</span> <span class='ocrx_word' id='word_1_378' title='bbox 1595 2003 1723 2044; x_wconf 88' lang='lat' dir='ltr'>enim:</span> <span class='ocrx_word' id='word_1_379' title='bbox 1743 2001 1852 2048; x_wconf 85' lang='lat' dir='ltr'>Cum</span> 
     </span>
     <span class='ocr_line' id='line_1_78' title="bbox 1028 2058 1852 2114; baseline -0.006 -12"><span class='ocrx_word' id='word_1_380' title='bbox 1028 2059 1252 2114; x_wconf 90' lang='lat' dir='ltr'>discipulis</span> <span class='ocrx_word' id='word_1_381' title='bbox 1270 2061 1379 2102; x_wconf 89' lang='lat' dir='ltr'>meis</span> <span class='ocrx_word' id='word_1_382' title='bbox 1398 2061 1511 2102; x_wconf 79' lang='lat' dir='ltr'>facio</span> <span class='ocrx_word' id='word_1_383' title='bbox 1530 2058 1709 2100; x_wconf 88' lang='lat' dir='ltr'>Pascha.</span> <span class='ocrx_word' id='word_1_384' title='bbox 1742 2058 1852 2098; x_wconf 87' lang='lat' dir='ltr'>Haec</span> 
     </span>
     <span class='ocr_line' id='line_1_79' title="bbox 1028 2113 1850 2168; baseline -0.005 -10"><span class='ocrx_word' id='word_1_385' title='bbox 1028 2122 1094 2158; x_wconf 89' lang='lat' dir='ltr'>est</span> <span class='ocrx_word' id='word_1_386' title='bbox 1110 2117 1183 2158; x_wconf 90' lang='lat' dir='ltr'>illa</span> <span class='ocrx_word' id='word_1_387' title='bbox 1196 2130 1356 2168; x_wconf 84' lang='lat' dir='ltr'>mensa,</span> <span class='ocrx_word' id='word_1_388' title='bbox 1377 2123 1420 2159; x_wconf 90' lang='lat' dir='ltr'>et</span> <span class='ocrx_word' id='word_1_389' title='bbox 1434 2117 1576 2159; x_wconf 90' lang='lat' dir='ltr'>minus</span> <span class='ocrx_word' id='word_1_390' title='bbox 1589 2114 1694 2156; x_wconf 89' lang='lat' dir='ltr'>nihil</span> <span class='ocrx_word' id='word_1_391' title='bbox 1707 2113 1850 2155; x_wconf 90' lang='lat' dir='ltr'>habet.</span> 
     </span>
     <span class='ocr_line' id='line_1_80' title="bbox 1026 2170 1851 2225; baseline -0.004 -11"><span class='ocrx_word' id='word_1_392' title='bbox 1026 2173 1128 2214; x_wconf 91' lang='lat' dir='ltr'>Non</span> <span class='ocrx_word' id='word_1_393' title='bbox 1156 2174 1270 2215; x_wconf 88' lang='lat' dir='ltr'>enim</span> <span class='ocrx_word' id='word_1_394' title='bbox 1297 2173 1416 2214; x_wconf 88' lang='lat' dir='ltr'>illam</span> <span class='ocrx_word' id='word_1_395' title='bbox 1442 2172 1618 2225; x_wconf 92' lang='lat' dir='ltr'>quidem</span> <span class='ocrx_word' id='word_1_396' title='bbox 1645 2170 1851 2220; x_wconf 85' lang='lat' dir='ltr'>Christus,</span> 
     </span>
     <span class='ocr_line' id='line_1_81' title="bbox 1027 2228 1852 2281; baseline -0.002 -12"><span class='ocrx_word' id='word_1_397' title='bbox 1027 2229 1139 2270; x_wconf 88' lang='lat' dir='ltr'>hane</span> <span class='ocrx_word' id='word_1_398' title='bbox 1164 2235 1309 2271; x_wconf 90' lang='lat' dir='ltr'>autem</span> <span class='ocrx_word' id='word_1_399' title='bbox 1331 2229 1463 2271; x_wconf 91' lang='lat' dir='ltr'>homo</span> <span class='ocrx_word' id='word_1_400' title='bbox 1488 2228 1673 2281; x_wconf 71' lang='lat' dir='ltr'>perficit:</span> <span class='ocrx_word' id='word_1_401' title='bbox 1700 2239 1852 2268; x_wconf 91' lang='lat' dir='ltr'>verum</span> 
     </span>
     <span class='ocr_line' id='line_1_82' title="bbox 1029 2285 1521 2338; baseline -0.002 -12"><span class='ocrx_word' id='word_1_402' title='bbox 1029 2290 1071 2327; x_wconf 92' lang='lat' dir='ltr'>et</span> <span class='ocrx_word' id='word_1_403' title='bbox 1089 2285 1202 2328; x_wconf 91' lang='lat' dir='ltr'>hanc</span> <span class='ocrx_word' id='word_1_404' title='bbox 1220 2286 1315 2338; x_wconf 89' lang='lat' dir='ltr'>ipse</span> <span class='ocrx_word' id='word_1_405' title='bbox 1335 2297 1521 2337; x_wconf 89' lang='lat' dir='ltr'>quoque.</span> 
     </span>
    </p>

    <p class='ocr_par' dir='ltr' id='par_1_16' title="bbox 1077 2344 1692 2396">
     <span class='ocr_line' id='line_1_83' title="bbox 1077 2344 1692 2396; baseline -0.005 -8"><span class='ocrx_word' id='word_1_406' title='bbox 1077 2345 1126 2395; x_wconf 59' lang='lat' dir='ltr'>leu</span> <span class='ocrx_word' id='word_1_407' title='bbox 1156 2345 1439 2388; x_wconf 79' lang='lat' dir='ltr'>Coenantibus</span> <span class='ocrx_word' id='word_1_408' title='bbox 1459 2345 1554 2386; x_wconf 84' lang='lat' dir='ltr'>illis.</span> <span class='ocrx_word' id='word_1_409' title='bbox 1582 2344 1692 2396; x_wconf 87' lang='lat'>[245]</span> 
     </span>
    </p>

    <p class='ocr_par' dir='ltr' id='par_1_17' title="bbox 1336 2414 1539 2453">
     <span class='ocr_line' id='line_1_84' title="bbox 1336 2414 1539 2453; baseline 0 -1"><span class='ocrx_word' id='word_1_410' title='bbox 1336 2414 1482 2453; x_wconf 68' lang='lat' dir='ltr'>Lectio</span> <span class='ocrx_word' id='word_1_411' title='bbox 1507 2429 1539 2453; x_wconf 57' lang='grc' dir='ltr'>κ’.</span> 
     </span>
    </p>

    <p class='ocr_par' dir='ltr' id='par_1_18' title="bbox 1023 2469 1848 2573">
     <span class='ocr_line' id='line_1_85' title="bbox 1023 2469 1848 2573; baseline -0.004 -55"><span class='ocrx_word' id='word_1_412' title='bbox 1023 2469 1308 2573; x_wconf 76' lang='lat' dir='ltr'>Inhumanus</span> <span class='ocrx_word' id='word_1_413' title='bbox 1339 2474 1520 2516; x_wconf 80' lang='lat' dir='ltr'>accedat</span> <span class='ocrx_word' id='word_1_414' title='bbox 1548 2487 1692 2525; x_wconf 90' lang='lat' dir='ltr'>nemo,</span> <span class='ocrx_word' id='word_1_415' title='bbox 1720 2487 1848 2516; x_wconf 91' lang='lat' dir='ltr'>nemo</span> 
     </span>
    </p>

    <p class='ocr_par' dir='ltr' id='par_1_19' title="bbox 1101 2531 1848 2581">
     <span class='ocr_line' id='line_1_86' title="bbox 1101 2531 1848 2581; baseline -0.001 -7"><span class='ocrx_word' id='word_1_416' title='bbox 1101 2531 1288 2574; x_wconf 78' lang='lat' dir='ltr'>crudelis</span> <span class='ocrx_word' id='word_1_417' title='bbox 1313 2536 1356 2573; x_wconf 88' lang='lat' dir='ltr'>et</span> <span class='ocrx_word' id='word_1_418' title='bbox 1378 2531 1699 2581; x_wconf 65' lang='lat' dir='ltr'>immisericors,</span> <span class='ocrx_word' id='word_1_419' title='bbox 1720 2543 1848 2573; x_wconf 91' lang='lat' dir='ltr'>nemo</span> 
     </span>
    </p>
   </div>
   <div class='ocr_carea' id='block_1_14' title="bbox 1027 2586 1849 2693">
    <p class='ocr_par' dir='ltr' id='par_1_20' title="bbox 1027 2586 1849 2693">
     <span class='ocr_line' id='line_1_87' title="bbox 1027 2586 1848 2641; baseline 0 -12"><span class='ocrx_word' id='word_1_420' title='bbox 1027 2601 1208 2641; x_wconf 89' lang='lat' dir='ltr'>prorsus</span> <span class='ocrx_word' id='word_1_421' title='bbox 1230 2586 1488 2629; x_wconf 80' lang='lat' dir='ltr'>immundus.</span> <span class='ocrx_word' id='word_1_422' title='bbox 1524 2588 1634 2629; x_wconf 89' lang='lat' dir='ltr'>Haec</span> <span class='ocrx_word' id='word_1_423' title='bbox 1657 2587 1714 2629; x_wconf 90' lang='lat' dir='ltr'>ad</span> <span class='ocrx_word' id='word_1_424' title='bbox 1735 2601 1848 2629; x_wconf 91' lang='lat' dir='ltr'>com-</span> 
     </span>
     <span class='ocr_line' id='line_1_88' title="bbox 1027 2643 1849 2693; baseline -0.001 -8"><span class='ocrx_word' id='word_1_425' title='bbox 1027 2645 1296 2686; x_wconf 82' lang='lat' dir='ltr'>municantes</span> <span class='ocrx_word' id='word_1_426' title='bbox 1325 2643 1441 2693; x_wconf 90' lang='lat' dir='ltr'>dico,</span> <span class='ocrx_word' id='word_1_427' title='bbox 1469 2649 1512 2686; x_wconf 85' lang='lat' dir='ltr'>et</span> <span class='ocrx_word' id='word_1_428' title='bbox 1539 2644 1596 2686; x_wconf 88' lang='lat' dir='ltr'>ad</span> <span class='ocrx_word' id='word_1_429' title='bbox 1623 2657 1702 2686; x_wconf 86' lang='lat' dir='ltr'>vos</span> <span class='ocrx_word' id='word_1_430' title='bbox 1730 2645 1849 2685; x_wconf 90' lang='lat' dir='ltr'>mini-</span> 
     </span>
    </p>
   </div>
   <div class='ocr_carea' id='block_1_15' title="bbox 992 2699 1850 2757">
    <p class='ocr_par' dir='ltr' id='par_1_21' title="bbox 992 2699 1850 2757">
     <span class='ocr_line' id='line_1_89' title="bbox 992 2699 1850 2757; baseline -0.001 -14"><span class='ocrx_word' id='word_1_431' title='bbox 992 2718 998 2757; x_wconf 70' lang='grc' dir='ltr'>Ι</span> <span class='ocrx_word' id='word_1_432' title='bbox 1028 2703 1226 2743; x_wconf 81' lang='lat' dir='ltr'>strantes.</span> <span class='ocrx_word' id='word_1_433' title='bbox 1253 2700 1367 2742; x_wconf 83' lang='lat' dir='ltr'>Nam</span> <span class='ocrx_word' id='word_1_434' title='bbox 1381 2705 1424 2742; x_wconf 89' lang='lat' dir='ltr'>et</span> <span class='ocrx_word' id='word_1_435' title='bbox 1439 2699 1495 2743; x_wconf 90' lang='lat' dir='ltr'>ad</span> <span class='ocrx_word' id='word_1_436' title='bbox 1509 2713 1590 2743; x_wconf 88' lang='lat' dir='ltr'>vos</span> <span class='ocrx_word' id='word_1_437' title='bbox 1607 2704 1850 2743; x_wconf 77' lang='lat' dir='ltr'>sermonem</span> 
     </span>
    </p>
   </div>
  </div>
 </body>
</html>
