2066 2956
608 827 969 886 OFFICIA
1005 830 1406 889 PROPRIA

163 908 264 960 SS.
306 907 359 960 S.
402 909 471 960 R.
514 910 578 960 E.
627 909 1184 995 SQMMORUM
1230 914 1840 969 PONTIFICUM

846 995 910 1029 ET
936 997 1167 1031 AIJORFM

303 1054 523 1095 ROMANO
550 1056 717 1095 GLERO
744 1058 1025 1098 SAECULARI
1045 1062 1110 1099 ET
1130 1062 1406 1101 REGULARI
1426 1063 1705 1104 CONCESSA.

796 1140 953 1216 *PA‘Rs
976 1140 1190 1216 νῙΞῑιξΝᾸ.

222 1262 453 1324 FESTA
489 1264 906 1351 FJjgssRUsslel.

359 1375 443 1417 Die
462 1376 500 1416 9.
519 1375 757 1417 Februarii.

230 1443 292 1490 ,S.
315 1443 502 1486 Zosimi
526 1442 661 1494 Papae
688 1450 730 1484 ct
756 1444 874 1484 Conf.

477 1506 641 1548 Duplex.

197 1558 335 1594 Omnia
364 1560 410 1594 dc
434 1561 597 1596 Corhuni
624 1562 798 1597 Confess.
824 1563 976 1606 Pontis„

143 1612 285 1650 practer
310 1618 415 1651 sequ.
437 1610 496 1651 (m.
519 1614 542 1644 t.
563 1612 612 1652 v.)

196 1662 340 1699 Oratio.
365 1664 422 1700 Da
447 1667 679 1709 quaesumus.

196 1720 243 1754 Et
273 1721 313 1755 fit
348 1731 543 1755 commem.
574 1722 699 1755 Feriae
730 1726 766 1755 et
795 1722 829 1755 S.
855 1723 974 1765 Apol-

143 1767 260 1801 loniae
285 1768 390 1810 Virg.
415 1769 522 1803 Mart.
549 1774 588 1803 ut
614 1769 651 1802 in
676 1769 888 1803 Breviario.

196 1823 239 1857 In
277 1824 303 1858 I.
340 1825 540 1860 Nocturno
581 1825 785 1859 Lectiones
825 1826 970 1861 Fidelis

142 1882 279 1908 sermo.
306 1872 353 1907 dc
379 1874 517 1908 eodem
541 1874 745 1908 Communi
773 1874 799 1908 1.
824 1874 922 1908 loco.

366 1943 416 1982 In
442 1945 492 1983 II.
522 1945 746 1984 Nocturno.

315 2052 319 2053 ⁷
355 2051 368 2057 ⁷,
445 2008 596 2050 Lectio
619 2010 670 2049 iv.

334 2102 346 2123 ;
368 2059 377 2102 ³.-
392 2064 556 2105 osimus
572 2066 755 2106 Graecus
773 2065 968 2106 Abraha-

164 2117 207 2163 Ϊὲ
235 2130 236 2133 ’
288 2130 371 2175 &²2³3
409 2120 470 2161 mi
496 2121 611 2162 filius
638 2126 743 2174 post
770 2126 970 2163 sanctum

170 2173 171 2181 ¹
251 2172 371 2225 2*
407 2177 710 2219 Innocontium
754 2178 969 2218 Romanae

153 2260 180 2269 -
212 2232 322 2270 wlf.
361 2230 372 2262 J
407 2233 619 2274 Ecclosiae
664 2234 970 2286 episcopatum

138 2290 342 2341 suscopit.
416 2290 461 2330 Is
512 2290 819 2331 African6rum
868 2302 967 2331 con-

138 2346 337 2388 ciliorum
373 2344 561 2388 decrctis
600 2345 811 2387 advorsus
850 2346 966 2397 pela-

137 2402 310 2453 gianam
356 2401 562 2443 haeresim
608 2402 836 2443 sentcntiae
875 2414 967 2442 suae

137 2458 273 2500 robur
305 2456 529 2506 aduolauit,
568 2463 612 2500 et
643 2457 699 2499 ad
732 2458 967 2509 impiorum

139 2513 357 2556 excidium
402 2514 550 2565 gladio
595 2514 713 2555 Petri
763 2513 974 2555 dcxteras

138 2570 331 2612 omnium
377 2571 561 2612 armavit
606 2570 865 2620 antistitum;
914 2569 966 2610 iis

137 2638 326 2678 namque
350 2627 405 2669 ab
429 2627 528 2680 ipso
554 2626 771 2678 probatis,
798 2638 878 2678 per
901 2630 965 2667 to-

136 2686 231 2723 tum
272 2682 483 2725 mundum
523 2682 703 2723 haeresis
738 2681 966 2734 pelagiana

138 2737 346 2780 damnata
379 2745 456 2782 est.
501 2738 738 2780 Damnavit
770 2743 812 2780 et
843 2738 964 2779 Pela-

1028 1259 1147 1309 gium
1182 1259 1327 1311 ipsum
1367 1273 1452 1300 una
1493 1273 1591 1301 cum
1627 1260 1854 1310 Coelcstim

1029 1314 1141 1356 datis
1168 1315 1251 1356 hac
1280 1315 1334 1356 de
1362 1328 1409 1356 re
1433 1315 1588 1358 litteris
1612 1316 1669 1358 ad
1687 1316 1853 1357 univor-

1028 1384 1122 1411 sam
1141 1371 1393 1412 Ecclcsiam.

1085 1437 1135 1487 R.
1155 1436 1306 1478 Inve'zni
1328 1436 1474 1478 David
1502 1449 1676 1477 servum
1698 1449 1853 1487 meum,

1027 1491 1126 1533 oleo
1151 1497 1303 1534 sancto
1327 1505 1427 1534 meo
1451 1492 1556 1533 unxi
1581 1505 1692 1534 eum:
1725 1493 1747 1516 *
1764 1493 1852 1534 Ma-

1025 1561 1106 1588 nus
1122 1548 1236 1589 enim
1250 1561 1348 1589 mea
1363 1548 1641 1590 auxiliabitur
1660 1549 1709 1589 ei.
1724 1544 1773 1596 Y
1787 1549 1854 1590 Ni-

1025 1603 1085 1644 hil
1110 1604 1314 1656 proficiet
1339 1605 1537 1645 inimicus
1564 1605 1607 1645 in
1633 1617 1703 1654 eo,
1737 1609 1781 1646 et
1806 1605 1852 1645 fi-

1024 1659 1107 1700 lius
1126 1660 1366 1712 iniquitatis
1384 1673 1473 1702 non
1492 1659 1668 1702 noecbit
1688 1661 1737 1702 ei.
1763 1660 1851 1701 Ma-

1024 1730 1104 1758 nus
1124 1717 1249 1758 enim.

1340 1781 1491 1822 Lectio
1512 1796 1549 1821 v.

1029 1835 1395 1940 Ecclesiasticae
1415 1842 1657 1895 disciplinae
1668 1845 1850 1885 tenacis-

1123 1900 1257 1940 simus
1272 1899 1361 1950 fuit,
1371 1898 1669 1951 compluribus
1684 1898 1740 1940 ad
1754 1911 1850 1939 eam

1023 1955 1186 2008 ubique
1206 1955 1297 1997 sive
1317 1954 1592 2004 servandam,
1618 1954 1709 1995 sive
1728 1954 1848 1995 resti-

1023 2011 1248 2061 tuendam,
1275 2011 1503 2053 destinatis
1531 2010 1735 2061 gravibus
1761 2012 1848 2062 epi-

1024 2068 1159 2109 stolis.
1215 2067 1413 2116 Definiit,
1459 2068 1577 2118 juxta
1613 2065 1849 2119 probatum

1022 2124 1235 2165 Ecclcsiae
1254 2136 1436 2172 morem,
1463 2128 1511 2164 ut
1534 2123 1570 2163 si
1595 2122 1691 2173 quis
1715 2121 1770 2163 ab
1788 2122 1848 2162 in-

1022 2180 1158 2221 fantia
1177 2179 1484 2221 ecclesiasticis
1508 2177 1754 2219 ministoriis
1772 2190 1847 2218 no-

1021 2248 1121 2277 men
1141 2235 1351 2285 dedisset,
1371 2235 1483 2276 inter
1500 2234 1688 2275 lectores
1707 2246 1847 2284 usque

1022 2291 1079 2333 ad
1097 2292 1353 2342 vigcsimum
1376 2289 1518 2331 aetatis
1543 2302 1717 2338 annum,
1746 2301 1845 2330 con-

1020 2348 1188 2389 tinuata
1221 2346 1528 2388 observatione
1561 2344 1749 2387 duraret.
1802 2344 1847 2385 Si

1020 2416 1124 2444 vero
1144 2403 1280 2454 major
1299 2403 1383 2453 jam
1402 2407 1445 2443 et
1463 2399 1724 2452 grandaevus
1741 2404 1846 2452 post

1020 2459 1299 2512 baptismum,
1324 2458 1416 2499 sive
1434 2457 1547 2498 inter
1564 2457 1770 2507 lectores,
1793 2456 1845 2497 si-

1019 2528 1072 2556 ve
1105 2515 1217 2556 inter
1253 2516 1509 2562 exorcistas,
1550 2513 1844 2564 quinquennio

1018 2572 1255 2620 tenerctur,
1289 2574 1333 2611 et
1364 2568 1465 2611 inde
1500 2568 1743 2620 acolythus,
1774 2568 1844 2610 vel

1020 2626 1328 2675 subdiaconus,
1348 2628 1537 2677 quatuor
1555 2624 1693 2674 annis,
1720 2629 1764 2666 et
1781 2624 1844 2665 sic

1019 2682 1076 2723 ad
1091 2681 1370 2723 diaconatum
1384 2683 1396 2732 (
1400 2682 1437 2722 si
1450 2682 1703 2732 mereretur)
1722 2682 1841 2722 acco-

1019 2737 1154 2788 deret,
1172 2738 1216 2778 in
1236 2750 1323 2789 quo
1345 2736 1496 2779 ordine
1513 2737 1702 2789 quinque
1721 2736 1842 2778 annis
