2028 2892
526 163 596 197 Die
621 163 673 196 24.
696 164 757 197 vel
782 165 833 198 25.
857 165 965 199 Febr.

135 260 369 302 adversum
404 273 502 311 VOS,
541 260 818 311 mentientes,
859 274 959 314 pro-

134 322 236 370 pter
266 330 353 359 me:
378 316 400 341 *
423 316 624 358 Gaudete
657 322 701 359 et
733 318 960 368 exsultate,

136 373 340 426 quoniam
384 386 553 415 merces
589 378 737 415 vestra
779 374 961 427 copiosa

135 434 202 471 est
224 430 269 471 in
293 429 427 471 coelis.
472 423 520 475 V.
547 430 657 471 Cum
682 442 762 471 vos
788 430 961 472 oderint

134 486 343 536 homines,
365 491 409 528 et
428 499 529 528 cum
548 487 851 539 separaverint
869 499 960 537 vos,

135 547 179 584 et
198 542 574 595 exprobraverint,
600 548 643 585 et
662 543 867 595 ejecerint
884 556 959 585 no-

133 611 233 640 men
281 604 476 640 vestrum
525 604 749 651 tamquam
797 599 961 641 malum
1017 623 1019 642 ,l

133 660 316 708 propter
333 655 490 697 Filium
513 655 713 697 hominis.
749 656 960 698 Gaudete.

436 719 586 761 Lectio
608 719 658 759 vi.

216 785 235 822 t
258 780 358 822 ideo
383 781 484 833 quia
502 780 695 834 undique
713 783 885 823 venitur
904 782 961 824 ad

234 837 530 889 judicandum,
564 837 798 880 duodecim
830 838 959 880 sedes

131 897 245 934 sunt:
278 893 391 935 sicut
423 894 526 946 quia
552 894 747 946 undique
775 895 960 936 intratur

130 949 175 990 in
196 948 316 990 illam
340 949 577 1000 civitatem,
606 950 840 992 duodecim
858 963 958 1004 por-

130 1010 189 1047 tae
213 1010 323 1047 sunt.
356 1005 459 1048 Non
481 1006 625 1048 solum
648 1019 753 1059 ergo
773 1006 835 1047 illi
854 1006 958 1049 duo-

133 1060 293 1112 decim,
325 1067 369 1105 et
394 1062 641 1116 Apostolus
666 1063 846 1113 Paulus,
879 1064 959 1105 sed

132 1123 352 1171 quotquot
376 1118 608 1171 judicaturi
633 1125 749 1169 sunt,
775 1125 959 1173 propter

131 1174 496 1226 significationem
550 1176 847 1218 universitatis
902 1176 958 1218 ad

129 1230 259 1273 sedes
285 1231 520 1274 duodecim
544 1233 781 1285 pertinent:
810 1246 957 1285 quem-

130 1285 368 1330 admodum
392 1294 612 1342 quotquot
634 1289 875 1340 intrabunt,
901 1290 957 1332 ad

131 1342 366 1386 duodecim
392 1350 546 1398 portas
576 1346 809 1399 portinent.
854 1347 956 1387 Par-

128 1404 196 1442 tes
241 1401 357 1442 enim
400 1400 553 1444 mundi
607 1404 797 1454 quatuor
841 1408 956 1453 sunt,

131 1455 300 1505 Oriens
326 1457 556 1507 Occidens,
583 1458 746 1510 Aquilo
768 1463 812 1500 et
829 1459 956 1500 Meri-

131 1511 237 1554 dies.
269 1513 374 1556 Istae
399 1516 588 1566 quatuor
611 1519 761 1567 partes
780 1514 956 1557 assidue

129 1569 409 1612 nominantur
426 1570 470 1611 in
488 1570 736 1623 Scripturis.
769 1570 840 1612 Ab
859 1571 956 1613 istis

130 1627 317 1677 quatuor
345 1627 504 1676 ventis,
532 1627 645 1668 sicut
674 1627 780 1669 dicit
805 1628 954 1669 Domi-

128 1694 210 1723 nus
228 1681 272 1723 in
290 1683 540 1735 Evangelio,
559 1696 585 1724 a
605 1686 794 1736 quatuor
812 1685 955 1726 ventis

128 1750 176 1780 se
212 1738 499 1781 collecturum
537 1740 701 1782 electos
738 1753 856 1782 suos:
899 1741 954 1783 ab

128 1794 328 1837 omnibus
354 1808 458 1847 ergo
483 1796 579 1838 istis
604 1799 793 1849 quatuor
811 1798 955 1839 ventis

126 1852 310 1892 vocatur
329 1851 538 1893 Ecclesia.
573 1852 806 1903 Quomodo
828 1856 954 1895 voca-

126 1905 218 1947 tur?
241 1906 443 1960 Undique
462 1907 506 1948 in
526 1908 742 1950 Trinitate
761 1912 954 1951 vocatur.

125 1961 228 2003 Non
254 1965 437 2005 vocatur
465 1964 548 2005 nisi
578 1977 659 2017 per
685 1964 954 2018 baptismum

126 2017 171 2058 in
189 2018 363 2061 nomine
380 2020 539 2070 Patris,
563 2025 607 2062 et
625 2021 739 2070 Filii,
760 2026 804 2063 et
821 2022 953 2075 Spiri-

126 2078 197 2115 tus
216 2076 366 2117 sancti.
394 2077 592 2127 Quatuor
611 2090 716 2129 ergo
734 2082 801 2120 ter
822 2078 954 2121 ducta

127 2129 361 2172 duodecim
379 2132 667 2175 inveniuntur.

178 2192 228 2243 R.
256 2192 335 2234 Isti
358 2198 470 2235 sunt.
497 2194 552 2247 [9]

349 2271 398 2309 In
416 2270 487 2309 ΙΙΙ.
507 2270 729 2312 Nocturno.

125 2333 278 2376 Lectio
303 2335 445 2376 sancti
463 2335 690 2387 Evangelii
712 2337 953 2379 secundum

407 2392 674 2434 Matthaeum.

202 2449 354 2491 Lectio
375 2452 442 2492 vii.
647 2452 749 2505 Cap.
766 2455 815 2494 11.
832 2454 870 2495 d.

223 2512 298 2554 illo
322 2515 538 2566 tempore:
565 2515 859 2568 Respondens
884 2515 951 2557 Je-

125 2505 268 2612 Insus
300 2569 423 2611 dixit:
451 2570 676 2613 Confiteor
702 2571 782 2613 tibi
809 2571 951 2621 Pater,

124 2622 314 2667 Domine
341 2625 442 2667 coeli
470 2631 514 2668 et
541 2631 692 2676 terrae,
726 2627 828 2679 quia
855 2627 950 2668 abs-

126 2678 315 2722 condisti
332 2681 429 2724 haec
447 2695 472 2723 a
493 2683 774 2735 sapientibus,
795 2688 837 2724 et
852 2696 951 2736 pru-

1013 166 1048 200 S.
1073 166 1230 200 Mathiae
1254 167 1446 210 Apostoli.

1013 263 1234 313 dentibus,
1259 267 1303 305 et
1328 264 1534 306 revelasti
1558 276 1609 306 ea
1633 264 1841 316 parvulis.

1012 319 1069 361 Et
1087 319 1266 371 reliqua.

1127 410 1313 466 Homilia
1341 411 1479 452 sancti
1507 411 1739 461 Augustini

1317 467 1541 521 Episcopi.

1118 532 1233 568 Scrm.
1263 536 1317 569 10.
1344 536 1390 570 (lc
1417 536 1553 571 Verbis·
1582 538 1742 572 Domini.

1017 593 1283 657 »Qffjsiemet
1316 588 1373 630 ad
1400 602 1469 630 me
1499 602 1651 631 omnes
1681 590 1755 642 qui
1783 590 1841 631 la-

1017 644 1055 713 ᾗ
1075 639 1157 703 Ψῦ
1184 645 1363 686 boratis.
1392 647 1536 696 Quare
1557 646 1671 688 enim
1689 659 1846 688 omnes·

1022 694 1081 721 ‘'²³‘'
1111 684 1162 726 '73³‘-
1183 701 1446 752 laboramus,
1469 703 1553 744 nisi
1573 703 1674 754 quia
1694 716 1843 744 sumus

1012 757 1213 800 homines
1228 758 1448 808 mortales,
1464 758 1651 811 fragiles,
1671 759 1842 809 infirmi,

1012 813 1129 855 lutea
1154 827 1260 855 vasa
1282 817 1526 867 portantes,
1555 829 1654 868 quae
1679 815 1843 858 faciunt

1012 871 1199 912 invicem
1232 871 1478 922 angustias?
1521 871 1608 914 Sed
1641 872 1678 913 si
1711 885 1841 923 angu-

1012 927 1198 969 stiantur
1243 940 1349 969 vasa
1395 928 1552 978 carnis,
1606 928 1842 970 dilatentur
1890 950 1892 954 >

1012 984 1155 1036 spatia
1188 984 1394 1026 caritatis.
1437 984 1553 1035 Quid
1584 997 1689 1035 ergo
1723 985 1839 1035 dicit,

1011 1041 1172 1083 Venite
1192 1040 1249 1083 ad
1267 1054 1337 1083 me
1357 1054 1508 1083 omnes
1528 1042 1602 1093 qui
1616 1041 1841 1092 laboratis,
1890 1059 1891 1062 ¹

1010 1097 1094 1138 nisi
1113 1102 1161 1139 ut
1176 1110 1264 1139 non
1278 1096 1513 1139 laboretis?
1533 1098 1734 1150 Denique
1749 1111 1843 1151 pro·
1889 1115 1890 1132 1

1010 1154 1161 1195 missio
1191 1155 1282 1206 ejus
1309 1154 1353 1195 in
1383 1159 1592 1207 promptu
1621 1159 1702 1205 est,
1737 1157 1841 1207 quo-

1010 1211 1127 1251 niam
1146 1211 1398 1252 laborantes
1418 1211 1604 1253 vocavit.
1632 1212 1842 1262 Quaerent

1010 1267 1134 1317 forte,
1156 1280 1243 1319 qua
1261 1267 1466 1309 mercede
1481 1268 1627 1310 vocati
1647 1273 1757 1310 sunt.
1785 1269 1842 1310 Et

1011 1336 1093 1374 ego
1119 1336 1216 1373 VOS,
1249 1324 1406 1376 inquit,
1438 1325 1642 1366 reficiam.
1677 1325 1840 1367 Tollite

1009 1381 1157 1432 jugum
1175 1393 1321 1421 meum
1341 1393 1474 1433 super
1492 1394 1591 1430 vos,
1620 1386 1664 1423 et
1683 1381 1839 1423 discite

1010 1449 1035 1477 a
1055 1449 1136 1485 me,
1157 1449 1246 1477 non
1265 1435 1475 1477 mundum
1494 1437 1726 1486 fabricare,
1751 1450 1839 1478 non

1010 1497 1168 1533 cuncta
1195 1491 1383 1533 visibilia
1417 1497 1461 1534 et
1487 1493 1720 1534 invisibilia
1749 1506 1838 1534 cre-

1010 1551 1102 1598 are,
1129 1561 1218 1589 non
1243 1549 1288 1589 in
1313 1549 1411 1601 ipso
1435 1549 1602 1591 mundo
1622 1549 1838 1591 mirabilia

1008 1605 1170 1655 facere,
1198 1609 1241 1646 et
1262 1608 1462 1647 mortuos
1489 1607 1716 1648 suscitare:
1742 1606 1838 1656 sed,

1009 1663 1225 1713 Quoniam
1261 1663 1380 1704 mitis
1415 1676 1528 1714 sum,
1575 1669 1618 1706 et
1658 1664 1837 1706 humilis

1009 1718 1153 1761 corde.

1060 1779 1111 1830 R.
1137 1779 1218 1821 Isti
1241 1784 1342 1821 sunt
1368 1780 1443 1832 qui
1461 1780 1660 1823 viventes
1684 1781 1728 1821 in
1747 1793 1836 1822 car-

1006 1849 1079 1886 ne,
1115 1836 1425 1889 plantaverunt
1460 1836 1705 1878 Ecclesiam
1742 1839 1836 1878 san-

1007 1893 1137 1943 guine
1154 1904 1251 1933 suo:
1272 1895 1294 1917 *
1315 1892 1508 1934 Calicem
1522 1893 1701 1934 Domini
1719 1893 1836 1935 bibe-

1006 1954 1123 1999 runt,
1143 1953 1187 1990 et
1205 1949 1333 1990 amici
1354 1949 1437 1990 Dei
1456 1949 1559 1990 facti
1578 1954 1689 1991 sunt.
1715 1945 1764 1995 V.
1786 1950 1836 1989 In

1007 2017 1184 2046 omnem
1199 2009 1362 2046 terram
1377 2005 1512 2047 exivit
1527 2018 1661 2047 sonus
1673 2007 1835 2055 eorum,

1007 2065 1051 2102 et
1062 2061 1106 2101 in
1120 2061 1230 2103 fines
1246 2061 1366 2103 orbis
1380 2066 1511 2104 terrae
1521 2062 1657 2104 verba
1672 2063 1834 2103 eorum.

1008 2117 1210 2159 Calicem.

1292 2176 1442 2217 Lectio
1464 2178 1547 2216 viii.

1008 2228 1247 2334 Magnus
1273 2251 1371 2280 esse
1394 2238 1483 2279 vis?
1518 2251 1543 2279 a
1567 2238 1747 2279 minimo
1773 2240 1833 2279 in-

1141 2294 1250 2347 cipe.
1288 2294 1467 2346 Cogitas
1484 2307 1687 2345 magnam
1703 2294 1832 2336 fabri-

1007 2362 1104 2390 cam
1146 2353 1401 2392 construere
1438 2349 1731 2392 celsitudinis?
1777 2350 1832 2393 de

1006 2405 1290 2448 fundamento
1310 2406 1432 2458 prius
1455 2406 1600 2456 cogita
1618 2406 1832 2448 humilita-

1006 2461 1074 2502 tis.
1114 2462 1171 2503 Et
1200 2467 1408 2514 quantam
1437 2461 1623 2514 quisque
1651 2462 1760 2513 vult,
1789 2468 1833 2505 et

1006 2515 1200 2570 disponit
1217 2517 1576 2570 superimponere
1597 2518 1758 2560 molem
1777 2532 1831 2561 ae-

994 2572 1149 2623 -dificii,
1166 2578 1327 2625 quanto
1345 2573 1427 2614 erit
1437 2574 1574 2626 majus
1585 2574 1831 2625 aedificium,

1004 2633 1126 2671 tanto
1169 2629 1298 2670 altius
1341 2628 1452 2671 fodit
1491 2629 1831 2673 fundamentum.

1004 2685 1061 2726 Et
1087 2685 1254 2727 fabrica
1283 2684 1459 2737 quidem
1487 2699 1587 2728 cum
1618 2688 1830 2730 construi-
