2028 2892
808 212 1007 244 Domiuica
1037 210 1262 242 l'almarum.

233 314 300 354 Ad
325 312 481 354 Beued.
514 313 610 351 Ant.
644 307 789 349 Turba
810 306 964 355 multa,
984 306 1006 330 *

180 380 277 419 quae
310 368 575 407 convenerat
608 364 665 406 ad
693 364 809 405 diem
837 363 1006 409 festum,

179 422 396 464 clamabat
416 422 621 462 D6min0:
645 419 912 462 Benedictus
934 418 1006 470 qui

178 479 295 519 venit
315 479 357 519 in
381 478 556 519 n6mine
576 476 770 525 Demini,
796 476 1007 516 Hosanna

177 534 219 575 in
240 534 435 575 excelsis.

516 601 678 640 Oratio.

181 662 514 768 Omnipotens
560 662 825 714 sempiterne
871 660 1006 707 Deus.

272 719 346 770 qui
366 719 558 760 humano
578 717 741 768 generi,
765 715 822 756 ad
840 715 1007 756 imitan-

178 774 281 816 dum
301 774 558 815 humilitatis
579 772 843 824 exemplum,
862 770 1007 812 Salva-

177 833 319 872 turem
339 835 538 872 nostrum
558 842 732 871 carnem
752 831 940 876 sumere,
966 831 1009 868 et

178 900 352 928 erucem
369 886 514 927 subire
529 885 683 927 fecisti:
701 883 896 925 concede
910 895 1007 935 pro-

177 943 327 995 pitius;
351 947 398 984 ut
419 948 462 983 et
480 941 701 994 patientiae
720 941 858 993 ipsius
877 938 1007 980 habe-

177 1011 223 1039 re
262 998 542 1047 documenta,
588 1002 631 1039 et
673 995 1007 1037 resurrectionis

177 1054 400 1095 eons6rtia
420 1056 675 1095 mereamur.
703 1053 787 1094 Per
804 1051 1008 1093 eumdem

177 1110 415 1152 D6minum
434 1115 645 1151 nostrum.

447 1196 515 1232 Ad
538 1196 739 1231 Primam.

231 1265 265 1302 Α
274 1268 328 1303 nt.
356 1260 480 1302 Pueri
499 1259 793 1301 Hebraeorum
812 1259 835 1283 *
854 1258 1007 1299 tollen-

178 1322 245 1357 tes
274 1329 418 1357 ramos
447 1316 677 1364 olivarum,
720 1314 1008 1355 obviaverunt

178 1373 369 1413 Demino
417 1372 656 1414 clamantes
703 1376 746 1412 et
792 1370 1008 1413 dicentes:

179 1429 392 1469 Hosanna
409 1429 453 1473 in
473 1428 671 1470 excelsis.

446 1514 514 1550 Ad
538 1513 739 1550 Tertiam.

231 1582 327 1621 Ant.
365 1579 487 1620 l’ueri
511 1578 807 1619 Hebraeerum
830 1578 854 1602 *
880 1578 1007 1619 vesti-

178 1637 323 1676 menta
342 1633 681 1687 prosternebant
699 1634 743 1674 in
763 1634 843 1683 via,
863 1639 907 1675 et
925 1634 1008 1675 ela-

179 1690 358 1732 mabant
397 1690 608 1732 dicentes:
651 1690 863 1731 Hosanna
896 1691 1008 1732 Filio

179 1746 338 1788 David:
362 1746 622 1788 benedictus
643 1746 717 1797 qui
736 1746 854 1787 venit
873 1747 915 1787 in
935 1749 1008 1787 ῃό-

179 1803 294 1844 mine
313 1803 501 1844 D6mini.

232 1882 488 1933 Capitulum.
756 1883 904 1935 Philip.
920 1886 955 1923 2.

259 1954 413 1991 ratres:
437 1949 536 1990 Hoc
561 1948 676 1989 enim
696 1951 855 1991 sentite
874 1949 917 1990 in
936 1963 1009 1991 vo-

271 2005 354 2055 bis,
393 2004 513 2057 quod
542 2010 586 2046 et
613 2005 657 2045 in
686 2004 861 2047 Christo
889 2006 1010 2047 Jesu:

182 2062 255 2114 qui
281 2074 380 2102 cum
405 2062 450 2102 in
475 2061 615 2102 forma
639 2061 723 2102 Dei
752 2067 886 2111 esset,
923 2075 1010 2103 non

181 2121 378 2170 rapinam
402 2117 640 2159 arbitratus
666 2122 733 2158 est
758 2130 855 2159 esse
883 2131 930 2159 se
956 2132 1010 2159 ae-

182 2174 356 2226 qualem
380 2174 494 2215 Deo:
528 2173 607 2214 sed
631 2176 916 2226 semetipsum
941 2187 1010 2216 ex—

181 2231 376 2279 inanivit,
414 2230 599 2271 formam
632 2230 747 2270 servi
780 2231 1011 2283 accipiens,

182 2286 224 2327 in
253 2286 581 2327 similitudinem
608 2284 833 2326 h6minum
862 2286 1011 2336 faetus,

183 2348 226 2384 et
244 2342 396 2384 habitu
415 2343 619 2383 inventus
638 2346 687 2382 ut
706 2341 850 2382 homo.

233 2419 279 2470 152
302 2419 360 2458 br.
386 2420 502 2461 Erue
521 2432 546 2459 a
565 2418 730 2459 framea
747 2423 767 2445 *
784 2419 905 2460 Deus
926 2420 1011 2460 ani-

182 2488 297 2516 mam
316 2488 469 2516 meam.
497 2476 624 2516 Erue.
658 2470 705 2520 X
732 2474 788 2515 Et
807 2474 862 2515 de
881 2488 1011 2516 manu

184 2531 303 2572 canis
329 2532 499 2572 unicam
524 2543 677 2572 meam.
714 2530 848 2571 Deus.
887 2533 1012 2572 Erue.

234 2599 282 2650 Υ.
312 2603 379 2643 De
405 2615 482 2643 ore
506 2603 645 2644 le6nis
668 2602 807 2643 libera
830 2616 900 2644 me
925 2604 1012 2643 Dn-

184 2658 309 2698 mine.
335 2662 382 2711 R„
406 2658 461 2699 Et
477 2671 501 2698 a
517 2658 722 2700 edrnibus
739 2658 1011 2700 unicornium

184 2713 471 2754 humilitatem
491 2726 644 2755 meam.

1340 302 1407 338 Ad
1430 301 1618 338 Sextam.

1114 357 1213 396 Ant.
1238 354 1339 396 Tibi
1355 353 1547 395 revelavi
1566 354 1590 379 *
1610 364 1788 393 causam
1805 363 1892 392 me-

1060 423 1147 459 am,
1179 410 1384 452 defensor
1412 410 1515 451 vitae
1542 421 1671 457 meae,
1701 407 1892 448 DOmine

1060 467 1182 507 Deus
1201 479 1336 508 meus.

1117 527 1375 579 Capitulum.
1634 527 1787 579 Philip.
1807 528 1842 567 2.

1060 586 1368 692 Humiliavit
1417 589 1703 640 semetipsum
1752 586 1893 628 faetus

1185 646 1398 688 obediens
1430 657 1572 696 usque
1603 642 1660 684 ad
1693 646 1894 691 mortem,

1059 708 1248 745 mortem
1295 707 1442 753 autem
1493 699 1645 741 crucis.
1703 699 1894 750 Propter

1062 758 1183 811 quod
1211 763 1256 800 et
1283 755 1405 799 Deus
1434 755 1645 798 exaltavit
1671 753 1809 803 illum,
1849 757 1894 795 et

1061 814 1242 856 donavit
1261 813 1324 854 illi
1342 825 1512 861 nomen,
1533 810 1655 863 quod
1675 814 1742 852 est
1761 821 1894 862 super

1061 883 1190 912 omne
1211 883 1383 911 nomen.

1118 936 1166 987 R».
1183 935 1244 975 br.
1258 932 1326 972 De
1347 943 1424 972 ore
1443 929 1582 971 leonis
1607 932 1630 956 *
1646 927 1808 969 Libera
1822 938 1893 968 me

1060 988 1260 1029 Domine.
1288 988 1356 1028 De
1376 999 1464 1028 ore.
1497 983 1546 1035 V.
1565 985 1622 1026 Et
1640 997 1666 1025 a
1685 981 1893 1025 cernibus

1060 1044 1337 1085 unicornium
1351 1041 1644 1083 humilitatem
1657 1052 1812 1081 meam.
1832 1038 1895 1079 Li-

1059 1100 1177 1142 bera.
1205 1104 1274 1144 De
1294 1111 1381 1141 ore.

1115 1155 1165 1207 Xs.
1188 1157 1257 1198 Ne
1285 1154 1448 1208 perdas
1475 1166 1575 1195 cum
1600 1152 1746 1205 impiis
1770 1151 1892 1193 Deus

1061 1212 1249 1254 animam
1280 1224 1435 1252 meam.
1484 1214 1534 1265 R.
1566 1210 1624 1251 Et
1656 1221 1756 1250 eum
1787 1207 1894 1249 viris

1060 1269 1322 1321 sanguinum
1340 1266 1476 1309 vitam
1494 1278 1648 1307 meam.

1338 1340 1406 1376 Ad
1429 1340 1614 1376 Nonam.

1116 1401 1215 1441 Ant.
1264 1396 1486 1439 Invocabo
1519 1396 1543 1421 *
1577 1407 1739 1436 nomen
1770 1398 1895 1435 tuum

1061 1453 1264 1494 Demine:
1300 1465 1356 1494 ne
1384 1454 1559 1494 avertas
1587 1451 1745 1492 faciem
1773 1453 1894 1491 tuam

1060 1523 1086 1551 a
1106 1509 1299 1551 clamere
1318 1521 1431 1551 meo.

1117 1577 1377 1628 Capitulum.
1584 1573 1738 1625 Philip.
1753 1575 1790 1614 2.
1805 1572 1845 1614 b.

1108 1652 1135 1678 n
1155 1637 1330 1679 nemine
1345 1638 1370 1679 J
1372 1650 1452 1679 esu
1471 1649 1600 1678 omne
1617 1649 1733 1688 genu
1747 1636 1895 1678 flecta-

1112 1699 1184 1736 tur
1199 1694 1456 1743 eoelestium‚
1474 1693 1761 1742 terrestrium,
1777 1696 1821 1734 et
1834 1692 1894 1733 in-

1061 1751 1299 1792 ferndrum:
1331 1755 1375 1792 et
1408 1749 1550 1791 omnis
1582 1749 1729 1800 lingua
1762 1748 1894 1790 confi-

1008 1854 1012 1858 ,
1060 1809 1222 1857 teatur,
1252 1807 1355 1860 quia
1379 1806 1596 1848 Dominus
1619 1805 1644 1846 J
1646 1818 1748 1847 esus
1774 1805 1894 1847 Chri-

1062 1868 1154 1904 stus
1174 1863 1218 1904 in
1236 1863 1379 1915 gloria
1398 1867 1465 1904 est
1483 1862 1568 1904 Dei
1587 1861 1740 1902 Patris.

1116 1926 1165 1976 Rg.
1192 1925 1254 1964 br.
1287 1923 1356 1964 Ne
1383 1921 1547 1975 perdas
1572 1934 1672 1962 cum
1698 1921 1845 1974 impiis
1873 1919 1895 1944 *

1061 1980 1182 2021 Deus
1211 1980 1401 2020 animam
1427 1991 1582 2020 meam.
1623 1977 1692 2018 Ne
1721 1976 1894 2029 perdas.

1065 2034 1113 2084 V.
1136 2037 1192 2078 Et
1218 2049 1319 2078 cum
1343 2035 1447 2077 viris
1472 2033 1735 2085 sanguinum
1757 2033 1895 2074 vitam

1062 2105 1215 2133 meam.
1243 2091 1376 2133 Deus.
1408 2092 1474 2132 Ne
1493 2089 1666 2143 perdas.

1119 2145 1165 2195 X'.
1189 2148 1323 2200 Eripe
1342 2159 1412 2188 me
1433 2146 1622 2187 Demine
1642 2145 1697 2187 ab
1717 2145 1895 2186 h6mine

1062 2204 1189 2245 malo.
1222 2206 1270 2257 R'·
1287 2203 1326 2243 A
1346 2203 1441 2243 viro
1461 2202 1612 2254 iniquo
1634 2202 1755 2254 eripe
1773 2213 1855 2242 me.

1294 2278 1374 2318 Ad
1396 2279 1663 2329 Vesper-as.

1117 2344 1203 2378 Ant.
1223 2349 1258 2377 et
1278 2342 1335 2375 Ps.
1356 2342 1402 2374 de
1421 2340 1634 2373 Dominica.
1657 2339 1736 2374 107.
1771 2338 1895 2381 Capit.

1068 2391 1232 2424 Fratres:
1258 2388 1344 2423 Hoc
1361 2388 1473 2422 enim.
1495 2387 1577 2423 205.
1611 2387 1797 2429 Hymnus.
1825 2386 1895 2420 Ve-

1063 2437 1156 2471 xiua
1179 2436 1293 2480 regis.
1317 2436 1408 2471 200.

1118 2487 1167 2536 V.
1191 2488 1324 2540 Eripe
1343 2499 1414 2528 me
1433 2486 1623 2528 Domine
1641 2485 1696 2526 ab
1716 2483 1894 2524 humine

1062 2545 1191 2585 malo.
1224 2547 1270 2596 R:-
1298 2543 1338 2583 A
1358 2543 1454 2584 viro
1475 2543 1625 2593 iniquo
1645 2540 1766 2592 eripe
1786 2552 1868 2580 me.

1118 2605 1186 2646 Ad
1219 2605 1388 2653 Magnif.
1436 2605 1534 2644 Ant.
1579 2601 1800 2652 Scriptum
1829 2605 1896 2640 est

1064 2660 1194 2700 enim:
1228 2660 1252 2685 *
1288 2658 1537 2699 Percutiam
1573 2657 1813 2710 past6rem,
1852 2661 1895 2696 et

1065 2715 1369 2767 dispergentur
1416 2726 1522 2755 oves
1565 2712 1724 2764 gregis:
1775 2715 1894 2763 post-
