2028 2892
183 195 253 230 218

185 303 320 332 mare:
339 291 362 315 *
383 295 427 331 et
447 302 473 330 a
492 289 670 329 flumine
694 300 834 340 usque
855 286 911 328 ad
932 288 1015 328 ter-

184 347 328 387 minos
350 345 470 387 orbis
488 346 716 386 terrarum.

238 402 397 442 Coram
415 401 491 442 illo
514 399 749 453 procident
767 398 1016 450 AEthiopes:

184 459 207 483 *
228 463 271 499 et
290 458 453 498 inimici
473 458 564 509 ejus
584 462 748 498 terram
767 455 941 506 lingent.

235 514 381 564 Reges
396 513 590 562 Tharsis‚
608 518 651 554 et
666 511 819 553 insulae
833 513 1016 551 munera

184 569 385 611 efferent:
408 571 432 596 *
458 582 585 620 reges
610 567 808 609 Arabum
833 572 876 608 et
900 566 1015 607 Saba

184 625 301 667 dona
321 625 556 668 adducent:

235 682 291 723 Et
315 682 565 723 adorabunt
590 693 689 722 eum
714 691 866 720 omnes
886 691 1013 730 reges

182 742 328 779 terrae:
342 738 366 764 *
388 750 541 779 omnes
562 737 727 778 Gentes
748 735 939 776 servient
961 734 1013 775 ei:

235 794 346 844 Quia
378 793 583 847 liberabit
615 796 857 845 pauperem
884 804 910 832 a
935 803 1012 843 po-

180 851 315 891 tente:
335 851 358 876 *
379 855 422 891 et
441 853 697 902 pauperem,
722 847 793 888 cui
811 859 900 888 non
920 851 1014 888 erat

180 906 363 958 adjutor.

233 963 391 1004 Parcet
410 962 595 1015 pauperi
615 966 659 1002 et
673 960 810 1013 inopi:
825 960 849 985 *
865 963 909 1000 et
924 958 1011 998 ani-

180 1031 274 1060 mas
294 1022 540 1071 pauperum
559 1017 703 1058 salvas
722 1016 864 1057 faciet.

233 1076 300 1115 Ex
326 1075 470 1116 usuris
500 1079 544 1115 et
570 1073 800 1125 iniquitate
824 1072 1012 1114 redimet

181 1132 347 1171 animas
363 1133 531 1172 earum:
550 1131 573 1155 *
594 1134 637 1171 et
656 1128 917 1170 honorabile
936 1142 1011 1170 no-

180 1199 280 1228 men
301 1189 453 1228 eorum
472 1199 622 1227 coram
640 1185 727 1226 illo.

232 1244 289 1284 Et
315 1244 449 1293 vivet,
478 1247 521 1284 et
550 1241 725 1283 dabitur
754 1241 794 1282 ei
822 1241 878 1283 de
903 1253 1010 1282 auro

179 1299 368 1349 Arabiae,
390 1304 433 1340 et
453 1298 700 1339 adorabunt
717 1297 772 1339 de
787 1298 885 1350 ipso
901 1309 1010 1338 sem-

180 1369 274 1408 per:
293 1356 316 1381 *
336 1360 430 1397 tota
451 1354 522 1396 die
541 1353 804 1395 benedicent
824 1354 874 1395 ei.

231 1412 288 1452 Et
312 1412 394 1453 erit
417 1411 741 1451 firmamentum
763 1410 807 1450 in
830 1414 949 1451 terra
966 1409 1011 1449 in

179 1468 361 1509 summis
385 1467 615 1516 mentium,
641 1465 1011 1518 superextolletur

179 1537 311 1576 super
338 1523 555 1564 Libanum
586 1522 753 1563 fructus
782 1523 888 1574 ejus:
915 1521 939 1547 *
967 1526 1012 1562 et

180 1579 400 1621 florebunt
424 1578 479 1621 de
504 1579 682 1620 civitate
705 1578 818 1619 sicut
844 1577 1011 1618 foenum

179 1640 321 1677 terrae.

231 1691 295 1732 Sit
331 1703 492 1732 nomen
528 1691 619 1741 ejus
654 1690 937 1732 benedictum
966 1689 1011 1730 in

181 1747 357 1788 saecula:
393 1747 416 1773 *
458 1751 559 1787 ante
601 1746 741 1787 solem
781 1748 1011 1798 permanet

180 1815 341 1844 nomen
362 1803 465 1854 ejus.

234 1864 290 1905 Et
316 1862 632 1905 benedicentur
659 1862 703 1902 in
730 1862 829 1914 ipso
858 1874 1011 1903 omnes

180 1919 321 1960 tribus
345 1924 490 1960 terrae:
508 1918 533 1943 *
552 1930 705 1959 omnes
731 1918 898 1959 Gentes
922 1931 1011 1959 ma-

180 1975 451 2026 gnificabunt
470 1987 580 2015 eum.

233 2035 501 2078 Benedictus
539 2034 756 2075 Deminus
792 2034 914 2076 Deus
950 2034 1010 2075 Is-

180 2092 286 2141 rael,
305 2093 329 2118 ¹⁸¹
349 2092 423 2143 qui
443 2091 546 2132 facit
563 2090 779 2131 mirabilia
798 2090 934 2131 solus:

232 2153 288 2194 Et
302 2152 584 2194 benedictum
598 2163 758 2192 nomen
772 2151 1011 2201 majestatis

182 2209 272 2260 ejus
304 2209 348 2250 in
381 2211 608 2251 aeternum:
639 2207 662 2232 *
696 2212 739 2248 et
771 2206 1011 2258 replebitur

180 2267 410 2317 maiestate
448 2265 539 2316 ejus
577 2262 718 2304 omnis
750 2267 887 2303 terra:
919 2263 1011 2313 fiat,

180 2321 267 2362 fiat.

234 2395 332 2436 Ant.
362 2396 587 2439 Liberavit
609 2395 825 2436 Dominus
848 2398 1010 2447 palipe-

180 2467 272 2495 rem
291 2467 316 2495 a
334 2455 532 2506 potente,
552 2456 596 2494 et
614 2454 808 2503 inopem,
834 2451 904 2491 eui
923 2464 1010 2492 non

181 2515 275 2550 erat
294 2509 474 2561 adjutor.

235 2587 331 2625 Ant.
369 2587 683 2637 Cogitaverunt
710 2583 850 2636 impii,
880 2589 923 2624 et
950 2583 1009 2625 lo-

180 2643 269 2683 cuti
288 2648 388 2683 sunt
403 2643 656 2694 nequitiam:
675 2640 950 2692 iniquitatem
966 2640 1009 2680 in

179 2698 353 2740 excelso
373 2698 510 2740 locuti
529 2703 639 2739 sunt.

762 200 870 233 Furia
900 211 930 233 v.
958 200 994 233 in
1020 201 1140 234 (hena
1168 200 1333 234 Domini.

1350 292 1548 333 Psalmus
1568 293 1631 332 72.
1900 333 1904 335 Δ

1157 354 1259 382 uam
1289 341 1432 383 bonus
1458 341 1596 382 Israel
1619 341 1742 382 Deus
1766 342 1791 368 *
1815 341 1901 391 his,

1174 398 1248 450 qui
1266 402 1390 439 recto
1411 402 1511 439 sunt
1530 397 1679 439 corde!

1119 453 1207 495 Mei
1238 458 1387 495 autem
1417 466 1531 506 pene
1562 454 1672 495 moti
1698 458 1800 495 sunt
1826 466 1900 507 pe-

1068 509 1161 550 des:
1176 511 1201 537 *
1214 522 1328 562 pene
1349 509 1475 552 effusi
1495 515 1596 552 sunt
1609 523 1789 561 gressus
1803 510 1900 552 mei.

1120 566 1232 616 Quia
1254 566 1395 607 zelavi
1419 579 1553 619 super
1571 566 1762 618 iniquos,
1782 566 1807 592 *
1826 579 1900 619 pa-

1067 634 1163 663 cem
1181 624 1468 674 peccaterum
1486 621 1652 664 videns.

1119 678 1232 727 Quia
1270 691 1359 720 non
1401 683 1468 720 est
1502 680 1732 730 respectus
1767 678 1901 720 morti

1066 735 1234 775 earum:
1252 734 1276 761 *
1297 740 1340 776 et
1359 734 1683 776 firmamentum
1706 734 1752 775 in
1768 734 1901 787 plaga

1066 792 1230 831 eorum.

1117 846 1170 886 In
1194 846 1348 888 labere
1372 846 1599 888 h6minum
1623 859 1713 888 non
1736 851 1856 896 sunt,
1875 848 1900 874 *

1066 906 1110 943 et
1129 915 1229 943 cum
1247 903 1498 944 hominibus
1515 915 1603 944 non
1618 902 1899 954 flagellabun-

1064 963 1151 999 tur:

1116 1013 1225 1056 Ideo
1244 1015 1385 1057 tenuit
1401 1028 1479 1057 eos
1495 1014 1711 1068 superbia,
1721 1015 1746 1042 *
1756 1015 1901 1068 operti

1065 1076 1166 1112 sunt
1184 1071 1415 1124 iniquitate
1435 1076 1479 1113 et
1496 1071 1722 1124 impietate
1742 1084 1832 1113 sua.

1115 1127 1286 1169 Prodiit
1311 1127 1436 1179 quasi
1459 1141 1514 1170 ex
1537 1127 1668 1180 adipe
1691 1128 1899 1180 iniquitas

1064 1184 1232 1280 eerphm:
1261 1185 1285 1211 *
1312 1184 1578 1226 transierunt
1613 1184 1658 1225 in
1694 1183 1900 1226 affectum

1064 1251 1141 1280 cor
1190 1252 1223 1280 s.

1118 1295 1450 1346 Cogitaverunt‚
1476 1301 1520 1338 et
1543 1296 1681 1339 locuti
1703 1300 1805 1338 sunt
1826 1308 1898 1338 ne-

1064 1351 1260 1402 quitiam:
1287 1352 1311 1378 *
1338 1352 1614 1404 iniquitatem
1644 1353 1689 1393 in
1720 1351 1897 1394 excelso

1062 1406 1199 1449 locuti
1217 1413 1329 1450 sunt.

1114 1463 1363 1506 Posuerunt
1386 1465 1431 1505 in
1457 1464 1618 1507 coelum
1641 1477 1692 1506 os
1711 1477 1853 1506 suum:
1872 1465 1897 1491 *

1064 1523 1109 1559 et
1132 1518 1279 1571 lingua
1302 1523 1456 1562 eorum
1478 1521 1680 1563 transivit
1702 1521 1746 1562 in
1768 1526 1898 1563 terra.

1116 1575 1226 1617 Ideo
1252 1579 1534 1619 convertetur
1557 1577 1749 1630 pepulus
1772 1589 1897 1619 meus

1063 1631 1149 1696 hic:
1173 1632 1197 1658 *
1222 1637 1267 1674 et
1291 1632 1387 1675 dies
1411 1633 1531 1686 pleni
1554 1634 1830 1675 invenientur
1851 1633 1898 1674 in

1064 1700 1139 1728 eis.

1115 1743 1173 1785 Et
1187 1743 1406 1787 dixerunt:
1420 1745 1656 1795 Quemodo
1671 1746 1755 1788 scit
1763 1746 1897 1796 Deus,

1063 1801 1087 1827 *
1107 1805 1151 1841 et
1170 1800 1207 1840 si
1227 1804 1295 1842 est
1312 1801 1495 1842 scientia
1514 1801 1560 1842 in
1578 1800 1779 1844 excelso?

1116 1856 1233 1898 Ecce
1264 1856 1350 1909 ipsi
1380 1859 1658 1910 peccatereS‚
1693 1862 1738 1900 et
1763 1857 1896 1900 abun-

1065 1911 1221 1954 dantes
1239 1913 1284 1954 in
1303 1913 1479 1964 saeculo,
1493 1913 1517 1940 *
1532 1913 1816 1956 obtinuerunt
1835 1914 1895 1956 di-

1063 1969 1204 2010 vitias.

1115 2025 1172 2066 Et
1197 2024 1302 2066 dixi:
1329 2025 1449 2076 Ergo
1473 2025 1568 2067 sine
1591 2038 1723 2067 causa
1747 2026 1896 2078 justifi—

1065 2081 1162 2121 cavi
1187 2093 1264 2122 cor
1287 2094 1449 2131 meum,
1467 2081 1491 2107 *
1511 2086 1555 2123 et
1582 2081 1669 2123 lavi
1695 2082 1808 2124 inter
1835 2083 1895 2123 in-

1064 2138 1275 2178 nocentes
1293 2150 1448 2178 manus
1466 2150 1601 2179 meas:

1115 2193 1173 2233 Et
1199 2193 1260 2234 fui
1287 2193 1534 2244 flagellatus
1562 2199 1657 2235 tota
1684 2194 1773 2244 die,
1800 2194 1825 2221 *
1853 2198 1897 2236 et

1064 2249 1293 2299 castigatio
1313 2261 1411 2290 mea
1430 2249 1473 2289 in
1492 2250 1727 2292 matutinis.

1116 2305 1163 2346 Si
1182 2303 1399 2346 dicebam:
1422 2305 1626 2348 Narrabo
1650 2306 1728 2348 sic:
1747 2307 1772 2333 *
1791 2319 1896 2348 eece

1063 2361 1287 2458 gatienem
1318 2361 1512 2403 filiorum
1542 2364 1719 2404 tuorum
1745 2375 1895 2415 repro-

1095 2430 1176 2458 av1.

1115 2472 1433 2515 Existimabam
1481 2479 1529 2515 ut
1579 2476 1896 2524 cognescerem

1065 2528 1159 2577 hoc,
1177 2529 1201 2554 *
1219 2527 1346 2570 labor
1366 2534 1433 2571 est
1451 2534 1552 2570 ante
1571 2542 1656 2570 me:

1114 2584 1269 2625 Donec
1309 2585 1467 2626 intrem
1507 2585 1550 2625 in
1590 2586 1895 2629 Sanctuarium

1062 2640 1164 2681 Dei:
1187 2641 1211 2666 *
1237 2644 1281 2682 et
1309 2640 1549 2692 intelligam
1577 2641 1621 2682 in
1646 2643 1894 2684 novissimis

1062 2708 1226 2738 eorum.
