2066 2904
631 131 841 166 Commune
868 131 1116 165 Confessoris
1140 140 1217 163 non
1242 129 1451 163 Pontificis.

241 233 368 274 Pater
386 237 549 273 noster.

239 292 485 333 Absolutio.
504 292 649 344 Ipsius
664 291 817 342 pietas.
838 286 887 338 V
904 288 1016 330 Jube

187 348 360 390 domne.
413 347 574 388 Bened.
610 349 730 388 Deus
752 345 896 387 Pater.

187 426 339 467 Sermo
355 424 496 466 sancti
508 424 533 464 J
535 424 688 465 oannis
701 422 1016 475 Chrysostomi.

232 493 277 528 In
301 492 401 528 Orat.
427 492 474 527 de
497 493 532 527 S.
554 493 800 536 Philogonio,
826 499 914 527 tom.
935 494 964 527 3.

486 554 639 595 Lectio
660 554 713 594 iv,
762 565 766 568 ·

196 634 200 666 ³.
288 613 384 654 eati
416 614 468 655 N.
500 612 613 662 dies,
651 613 772 663 cujus
804 611 1014 653 festivita-

197 677 201 682 *
224 671 289 707 *ff*
313 674 403 710 tem
445 668 733 717 celebramus,
779 667 836 708 ad
876 667 1014 719 ipsius

191 712 290 749 ’ἓᾝ
314 730 435 766 recte
454 725 672 765 factorum
692 723 1015 765 enarrationem

183 781 375 832 linguam
402 785 600 822 nostram
629 780 847 829 evocavit,
883 779 1014 831 siqui-

185 836 286 878 dem
305 836 438 878 hodie
459 836 616 878 beatus
636 837 720 878 iste
735 836 791 877 ad
805 835 1014 886 tranquil-

183 888 286 938 lam,
316 890 545 940 omnisque
570 887 917 940 perturbationis
944 899 1014 928 ex-

182 945 354 996 pertem
386 943 520 985 vitam
552 944 744 985 transiit:
778 945 920 995 eoque
942 955 1014 983 na-

182 1000 347 1051 vigium
370 1000 557 1052 appulit,
586 999 661 1040 ubi
690 999 898 1051 deinceps
925 1011 1013 1039 non

182 1055 349 1108 poterit
379 1059 577 1097 metuere
604 1055 896 1106 naufragium,
933 1067 1014 1096 nec

181 1111 316 1152 ullam
343 1112 476 1152 animi
504 1111 901 1164 perturbationem,
938 1116 1014 1152 aut

182 1167 392 1209 dolorem.
420 1168 477 1209 Et
497 1167 604 1220 quid
622 1168 781 1208 mirum
801 1171 879 1217 est,
897 1167 934 1207 si
951 1166 1012 1207 lo-

181 1237 258 1266 cus
287 1224 362 1265 ille
388 1237 526 1276 purus
555 1228 623 1265 est
650 1223 704 1264 ab
734 1223 853 1264 omni
880 1223 1012 1263 mole-

181 1280 265 1321 stia
284 1280 433 1329 animi,
459 1293 560 1321 cum
579 1279 740 1321 Paulus
762 1278 1012 1320 hominibus

180 1335 325 1377 adhuc
358 1336 402 1377 in
431 1336 515 1377 hac
542 1336 632 1377 vita
661 1335 922 1386 degentibus
951 1334 1011 1376 lo-

182 1404 320 1444 quens
349 1391 482 1433 dicat:
513 1392 697 1444 Semper
724 1391 929 1442 gaudete,
958 1391 1012 1431 si-

179 1460 234 1489 ne
254 1448 579 1489 intermissione
600 1446 744 1489 orate?

230 1508 283 1561 R.
309 1509 556 1549 Honestum
585 1508 689 1549 fecit
713 1507 836 1548 illum
862 1507 1010 1548 Domi—

178 1564 272 1614 nus,
301 1568 344 1605 et
363 1564 603 1606 custodivit
621 1576 722 1606 eum
739 1563 794 1605 ab
814 1563 1010 1611 inimicis,

180 1624 224 1662 et
250 1632 276 1660 a
301 1619 611 1662 seductoribus
637 1620 799 1661 tutavit
824 1619 960 1660 illum:
985 1620 1008 1644 *

177 1675 235 1718 Et
267 1675 391 1717 dedit
420 1675 483 1716 illi
514 1676 760 1718 claritatem
788 1677 1010 1716 aeternam.

178 1723 230 1777 V.
261 1732 437 1773 Justum
467 1731 651 1774 deduxit
681 1732 898 1773 Dominus
931 1744 1011 1784 per

177 1787 271 1828 vias
292 1792 446 1838 rectas,
469 1793 513 1829 et
533 1787 728 1829 ostendit
745 1787 809 1828 illi
826 1801 1010 1839 regnum

178 1843 272 1885 Dei.
314 1843 372 1885 Et
391 1843 524 1885 dedit.

228 1898 393 1940 Bened.
422 1899 624 1941 Christus
642 1901 884 1952 perpetuae.

484 1958 643 2001 ,Lectio
663 1974 701 2000 v.

179 1998 358 2123 Quod
377 2020 414 2060 si
433 2019 516 2070 hic,
535 2019 611 2061 ubi
630 2020 784 2070 morbi,
802 2021 879 2063 ubi
897 2021 1008 2063 inse-

276 2076 503 2126 ctationes,
517 2075 594 2117 ubi
608 2080 889 2128 praematurae
903 2090 1010 2118 mor-

178 2135 257 2180 tes,
275 2130 352 2172 ubi
372 2131 613 2181 calumniae,
632 2132 708 2173 ubi
727 2132 915 2183 invidiae,
935 2133 1010 2175 ubi

177 2187 552 2239 perturbationes,
578 2187 655 2229 ubi
675 2188 770 2238 irae,
794 2188 871 2230 ubi
891 2190 1008 2242 cupi—

179 2242 352 2293 ditates,
373 2243 448 2284 ubi
465 2243 805 2285 innumerabiles
824 2244 1007 2294 insidiae,

178 2298 255 2339 ubi
279 2299 550 2350 quotidianae
572 2299 907 2349 sollicitudines,
933 2300 1009 2341 ubi

178 2357 394 2406 perpetua
408 2355 580 2406 sibique
596 2355 879 2397 succedentia
894 2356 1010 2397 mala

179 2414 291 2459 sunt,
311 2410 566 2452 innumeros
587 2424 641 2452 ex
656 2412 775 2452 omni
790 2417 916 2464 parte
933 2412 1009 2453 do-

178 2465 295 2506 lores
321 2466 564 2516 afferentia,
587 2467 751 2508 Paulus
775 2467 887 2509 dixit
911 2468 1008 2510 fieri

178 2533 327 2573 posse,
359 2526 408 2563 ut
440 2535 615 2574 semper
647 2523 934 2574 gaudeamus,
971 2524 1008 2564 si

180 2577 277 2627 quis
294 2577 521 2629 paululum
538 2591 593 2619 ex
609 2591 756 2619 rerum
770 2578 1007 2620 mundana-

180 2644 277 2672 rum
303 2633 511 2675 fluctibus
542 2634 732 2676 erexerit
766 2638 915 2686 caput,
947 2634 1007 2676 vi-

1827 129 1902 174 [89]

1069 229 1249 279 tamque
1278 240 1403 268 suam
1435 232 1557 268 recte
1587 225 1902 278 composuerit:

1068 284 1208 325 multo
1225 285 1377 336 magis,
1396 289 1635 336 postquam
1648 282 1751 322 hinc
1768 281 1901 323 demi-

1069 340 1355 391 graverimus,
1395 339 1522 380 facile
1555 340 1788 390 compotes
1822 338 1901 378 eri-

1068 409 1165 437 mus
1199 397 1289 448 ejus
1319 396 1440 445 boni,
1482 408 1582 436 cum
1619 394 1716 435 haec
1756 394 1902 434 omnia

1070 451 1243 493 sublata
1266 452 1443 501 fuerint,
1469 450 1656 492 adversa
1680 449 1902 500 valetudo,

1069 507 1230 558 morbi,
1254 507 1472 561 peccandi
1489 507 1689 555 materia,
1718 505 1795 547 ubi
1813 519 1902 547 non

1070 569 1137 605 est
1155 577 1301 605 meum
1324 577 1376 605 ac
1399 569 1539 613 tuum,
1566 562 1774 613 frigidum
1793 561 1902 603 illud

1068 620 1268 670 verbum,
1298 625 1342 662 et
1363 618 1580 672 quidquid
1601 623 1667 659 est
1684 618 1902 659 malorum

1068 677 1113 716 in
1138 677 1274 718 vitam
1299 682 1498 717 nostram
1524 675 1751 724 invehens,
1779 674 1901 717 innu-

1068 745 1278 784 meraque
1297 733 1481 783 gignens
1501 731 1627 772 bella.

1120 792 1170 843 R.
1192 789 1372 829 Amavit
1392 801 1493 829 eum
1512 787 1746 836 Dominus,
1772 791 1815 828 et
1834 799 1901 827 or-

1067 845 1189 886 navit
1221 857 1339 886 eum:
1382 844 1542 885 stolam
1574 843 1728 894 gloriae
1761 842 1902 884 induit

1069 913 1178 950 eum,
1193 904 1216 928 *
1239 901 1296 941 Et
1315 900 1371 941 ad
1391 904 1543 952 portas
1563 899 1759 951 paradisi
1778 911 1901 940 coro-

1067 957 1188 997 navit
1218 969 1328 998 eum.
1366 953 1416 1006 V.
1446 955 1597 997 Induit
1625 968 1724 996 eum
1752 956 1901 996 Domi-

1066 1026 1148 1053 nus
1167 1012 1350 1054 loricam
1370 1012 1491 1061 fidei,
1521 1016 1564 1053 et
1591 1012 1764 1053 ornavit
1790 1024 1900 1053 eum.

1066 1069 1124 1110 Et
1145 1068 1201 1110 ad
1219 1074 1385 1120 portas.

1119 1127 1280 1170 Bened.
1308 1128 1464 1176 Ignem
1484 1124 1551 1165 sui
1570 1124 1744 1164 amoris.

1370 1184 1523 1224 Lectio
1547 1184 1599 1223 vi.

1153 1236 1412 1278 uamobrem
1434 1237 1736 1289 maximopere
1756 1238 1899 1287 gratu-

1161 1293 1229 1333 lor
1248 1293 1374 1345 hujus
1391 1294 1532 1334 sancti
1547 1293 1757 1343 felicitati,
1779 1292 1900 1344 quod

1067 1362 1334 1401 quamquam
1364 1349 1604 1390 translatus
1636 1354 1720 1398 est,
1763 1354 1898 1399 atque

1065 1405 1189 1454 hanc,
1211 1418 1310 1456 quae
1331 1405 1450 1456 apud
1469 1418 1551 1446 nos
1573 1410 1650 1455 est,
1674 1405 1900 1446 civitatem

1066 1461 1258 1512 reliquit,
1287 1466 1435 1502 tamen
1459 1462 1503 1501 in
1527 1461 1711 1502 alteram
1737 1460 1898 1501 adscri-

1064 1521 1167 1568 ptus
1188 1522 1255 1558 est
1275 1517 1517 1566 civitatem,
1546 1530 1705 1569 nempe
1724 1517 1824 1558 Dei:
1854 1521 1897 1557 et

1065 1572 1289 1624 digressus
1306 1572 1361 1614 ab
1376 1572 1459 1614 hac
1474 1573 1684 1623 Ecclesia,
1705 1573 1762 1614 ad
1776 1572 1897 1612 illam

1063 1629 1276 1680 pervenit,
1296 1641 1395 1680 quae
1416 1634 1484 1670 est
1502 1629 1898 1681 primogenitorum

1065 1683 1391 1736 descriptorum
1415 1685 1459 1725 in
1485 1684 1627 1725 coelis:
1653 1697 1704 1725 ac
1729 1684 1896 1726 relictis

1063 1739 1184 1781 hisce
1210 1740 1350 1789 festis,
1381 1741 1557 1782 transiit
1585 1741 1643 1782 ad
1666 1740 1894 1782 celebrita-

1061 1800 1153 1837 tem
1179 1796 1463 1847 Angelorum.
1497 1797 1673 1838 Etenim
1703 1796 1826 1848 quod
1852 1801 1896 1837 et

1063 1852 1218 1893 civitas
1240 1866 1414 1893 sursum
1437 1853 1511 1902 sit,
1539 1858 1583 1894 et
1605 1853 1821 1902 Ecclesia,
1851 1856 1895 1893 et

1062 1907 1313 1958 celebritas,
1332 1909 1436 1950 audi
1454 1909 1640 1950 Paulum
1659 1909 1895 1950 dicentem:

1061 1963 1326 2006 Accessistis
1342 1965 1399 2006 ad
1414 1966 1641 2006 civitatem
1653 1965 1737 2006 Dei
1750 1965 1894 2004 viven-

1061 2019 1134 2069 tis,
1155 2020 1401 2062 Jerusalem
1421 2021 1665 2070 coelestem,
1686 2026 1729 2062 et
1746 2020 1894 2061 Eccle-

1063 2075 1174 2116 siam
1193 2077 1531 2128 primitivorum‚
1560 2078 1634 2128 qui
1654 2076 1895 2128 conscripti

1063 2137 1166 2173 sunt
1185 2133 1229 2172 in
1248 2133 1384 2183 eoelis,
1407 2138 1451 2174 et
1470 2133 1527 2174 ad
1544 2133 1783 2174 multorum
1802 2132 1894 2172 mil-

1060 2186 1168 2228 lium
1186 2187 1460 2240 Angelorum
1479 2189 1781 2240 frequentiam.

1114 2248 1166 2299 Rz.
1186 2244 1277 2286 Iste
1292 2244 1424 2286 homo
1439 2245 1626 2297 perfecit
1637 2245 1783 2285 omnia
1795 2256 1894 2296 quae

1061 2301 1236 2342 locutus
1269 2306 1336 2342 est
1370 2302 1410 2342 ei
1441 2301 1581 2350 Deus,
1616 2305 1660 2341 et
1695 2299 1806 2341 dixit
1838 2300 1895 2342 ad

1062 2369 1177 2398 eum:
1195 2357 1434 2407 Ingredere
1454 2357 1498 2396 in
1518 2356 1715 2408 requiem
1734 2368 1894 2397 meam:

1060 2413 1083 2438 *
1114 2413 1226 2462 Quia
1254 2417 1299 2453 te
1328 2412 1418 2453 vidi
1446 2413 1608 2463 justum
1644 2425 1794 2453 coram
1823 2426 1894 2454 me

1061 2481 1115 2509 ex
1142 2468 1345 2509 omnibus
1375 2467 1592 2519 gentibus.
1632 2465 1683 2517 V.
1712 2469 1802 2510 Iste
1826 2474 1894 2510 est

1062 2524 1136 2575 qui
1170 2524 1436 2575 contempsit
1470 2524 1606 2565 vitam
1639 2524 1810 2575 mundi,
1850 2530 1893 2567 et

1059 2580 1263 2631 pervenit
1286 2579 1343 2620 ad
1363 2579 1563 2621 coelestia
1585 2593 1730 2631 regna.
1769 2582 1893 2631 Quia.

1062 2635 1215 2676 Gloria
1233 2635 1365 2677 Patri.
1394 2635 1517 2686 Quia.
