2028 2892
798 154 1000 190 Dominica
1026 158 1074 191 ud
1098 158 1259 193 Laudes.

469 245 712 287 Absolutio.

179 295 269 401 A
288 297 471 339 vinculis
507 300 791 350 peccatorum
830 304 998 343 nostro-

301 366 398 395 rum
413 353 613 396 absolvat
626 368 707 396 nos
723 359 998 409 omnipotens

176 413 220 451 et
241 410 490 452 misericors
512 411 740 453 Dominus.
774 417 822 467 Ιῷ.
845 413 998 456 Amen.

229 463 278 514 V.
303 467 327 507 J
331 466 415 509 ube
435 467 594 509 domne
613 468 883 511 benedicere.

229 524 391 565 Bened.
415 524 680 575 Evangeliea
698 525 828 567 lectio
848 527 904 568 sit
923 539 996 567 no-

172 578 240 620 bis
258 579 374 621 salus
394 585 438 622 et
455 581 684 633 protectio.
721 587 769 638 Ην.
788 583 940 625 Amen.

377 642 458 682 l'ro
481 644 562 683 viii.
584 645 801 687 Lectione.

228 701 388 743 Bened.
428 701 633 743 Divinum
669 704 875 746 auxilium
910 708 996 747 mei-

171 761 272 798 neat
296 770 471 810 semper
495 758 733 801 nobiscum.
773 765 820 816 Rg.
843 762 995 804 Amen.

392 820 475 861 Pro
497 823 549 862 ix.
570 823 787 865 Lectione.

229 879 387 922 Bened.
440 878 507 920 Ad
543 881 799 923 societatem
838 883 996 940 civium

171 937 460 986 supernorum
475 936 690 988 perducat
704 951 784 979 nos
800 939 896 980 Rex
909 940 995 980 An-

169 990 377 1041 gelorum.
408 996 457 1047 R'-
475 993 626 1034 Amen.

227 1063 339 1108 Sequ.
356 1064 532 1108 Hymnus
559 1077 579 1099 u
598 1067 775 1109 septuag.
803 1077 922 1110 usque
949 1068 997 1101 ud

172 1112 323 1147 Pascha
348 1124 424 1147 non
451 1113 522 1148 dic.
549 1114 623 1147 nisi
650 1114 686 1147 in
713 1114 855 1148 Festis:
883 1126 903 1148 u
928 1116 996 1149 Pu-

173 1161 304 1195 schate
331 1172 423 1196 vero
456 1172 577 1205 usque
608 1163 658 1196 ud
683 1162 831 1197 I’entec.
858 1163 998 1197 dieitur

173 1209 289 1244 etiam
317 1210 357 1243 in
386 1210 450 1244 fer.
476 1210 599 1254 onie„
630 1216 789 1254 exceptu
815 1211 925 1245 Feriu
951 1212 995 1246 Π.

171 1257 307 1301 Rogat.
333 1258 496 1299 Quando
524 1269 615 1293 vero
642 1270 716 1293 non
743 1259 892 1302 dieitur,
915 1261 995 1301 ejus

172 1306 258 1341 loeo
284 1307 440 1350 ponitur
466 1307 517 1341 iii.
543 1307 730 1351 Respons.

172 1363 372 1414 Hymnus
387 1364 449 1404 Ss.
462 1363 682 1404 Ambrosii
699 1369 741 1404 et
753 1364 995 1414 Augustini.

167 1421 269 1527 Te
295 1427 439 1468 Deum
462 1427 705 1470 laudamus:
729 1430 752 1455 *
775 1434 819 1471 te
843 1430 990 1470 Domi-

272 1496 376 1524 num
395 1483 666 1526 eonfitemur.

218 1538 284 1580 Te
321 1541 533 1582 aeternum
570 1541 747 1583 Patrem
784 1542 807 1567 *
849 1543 990 1583 omnis

165 1598 283 1636 terra
301 1598 544 1638 veneratur.

217 1651 317 1694 Tibi
348 1665 500 1695 omnes
524 1653 697 1705 Angeli‚
722 1655 745 1679 *
770 1655 849 1696 tibi
879 1656 990 1705 coeli,

166 1712 210 1749 et
228 1709 443 1751 univorsae
462 1713 720 1763 potestates:

215 1764 315 1807 Tibi
331 1765 566 1808 Cherubim
581 1771 625 1808 et
639 1767 876 1820 Seraphim,
891 1769 914 1794 *
930 1769 988 1809 in-

165 1821 367 1863 cessabili
386 1835 496 1864 voce
514 1823 802 1876 proelomant:

216 1878 417 1929 Sanctus,
442 1879 466 1905 *
490 1880 690 1930 SanctuS,
715 1880 738 1906 *
762 1881 946 1923 Sanctus
965 1883 989 1907 *

163 1933 379 1976 Dominus
396 1935 519 1978 Deus
537 1936 740 1978 Sabaoth.

215 1991 339 2033 Pleni
361 1997 462 2034 sunt
484 1992 584 2034 coeli
609 1998 652 2034 et
675 1998 791 2035 terra
815 1994 838 2019 *
862 1995 988 2046 maje-

165 2048 289 2089 statis
307 2048 458 2099 gloriae
478 2054 577 2090 tuae.

217 2104 282 2145 Te
331 2104 549 2155 gloriosus
598 2106 621 2132 *
671 2106 988 2159 Apostolorum

165 2160 336 2211 chorus,

217 2217 282 2258 Te
295 2217 617 2270 Prophetarum
631 2219 654 2244 *
669 2218 896 2260 laudabilis
913 2221 987 2259 nu-

165 2285 322 2323 merus,

217 2329 281 2371 Te
305 2330 547 2382 Martyrum
572 2330 830 2372 candidatus
853 2331 876 2356 *
900 2330 986 2371 lau-

166 2384 241 2427 dat
260 2386 487 2428 exercitus.

216 2442 281 2484 Te
300 2455 380 2495 per
399 2442 551 2484 orbem
570 2445 784 2484 terrarum
799 2443 822 2469 *
837 2446 987 2483 sancta

166 2498 399 2540 confitetur
416 2499 628 2549 Ecclesia,

216 2555 391 2597 Patrem
410 2556 433 2581 *
448 2556 670 2597 immensae
690 2554 935 2606 majestatis,

217 2611 529 2653 Venerandum
560 2616 683 2653 tuum
716 2623 866 2652 verum
893 2611 916 2636 *
945 2617 998 2652 et·

165 2668 340 2709 unicum
360 2668 527 2717 Filium,

1102 249 1308 292 Sanctum
1345 265 1517 306 quoque
1553 255 1575 281 *
1607 256 1869 299 Paraclitum

1050 305 1268 357 Spiritum.
1665 354 1668 357 ,

1102 361 1171 402 Tu
1190 363 1286 404 Rex
1303 364 1455 415 gloriae
1475 367 1498 392 *
1519 367 1698 411 Christe.

1101 418 1170 459 Tu
1180 418 1322 461 Patris
1334 422 1357 447 *
1368 423 1654 475 sempiternus
1666 439 1711 467 es
1723 427 1867 469 Filius.

1101 475 1170 516 Tu
1201 475 1257 517 ad
1289 477 1559 521 liberandum
1587 487 1868 535 suscepturus

1050 530 1282 574 hominem:
1301 534 1324 559 *
1343 547 1429 575 non
1454 535 1658 579 horruisti
1676 540 1867 589 Virginis

1049 590 1231 630 [iterum.

1101 645 1170 686 Tu
1188 645 1361 688 devicto
1380 649 1534 690 mortis
1550 651 1716 692 aculeo:
1730 654 1753 678 *
1769 666 1865 705 ape-

1048 702 1170 743 ruisti
1194 703 1470 745 credentibus
1494 718 1626 756 regna
1645 709 1866 750 coelorum.

1099 759 1167 800 Tu
1190 759 1246 800 ad
1271 759 1495 802 dexteram
1514 763 1597 804 Dei
1620 764 1762 814 sedes,
1781 767 1803 791 '⁸‘
1823 767 1865 806 in

1047 814 1185 865 gloria
1203 816 1356 858 Patris.

1096 872 1120 912 J
1123 872 1238 914 udex
1258 873 1447 915 crederis
1466 875 1489 900 *
1509 889 1604 918 esse
1622 881 1839 919 venturus.

1097 929 1162 970 Te
1182 942 1286 980 ergo
1308 932 1571 982 quaesumus,
1591 933 1676 974 tuis
1695 934 1864 976 famulis

1044 985 1243 1027 subveni:
1262 986 1285 1012 *
1306 999 1416 1039 quos
1439 989 1632 1040 pretioso
1657 991 1863 1041 sanguine

1045 1041 1277 1084 redemisti.

1096 1099 1279 1140 AEterna
1305 1099 1373 1141 fac
1402 1113 1500 1142 cum
1528 1102 1687 1143 sanetis
1714 1104 1813 1144 tuis:
1840 1104 1863 1130 *

1045 1155 1088 1195 in
1107 1155 1246 1205 gloria
1264 1158 1489 1198 numerari.

1095 1211 1271 1253 Salvum
1301 1213 1369 1254 fac
1397 1214 1608 1266 populum
1632 1220 1753 1256 tuum
1776 1216 1862 1257 Do-

1044 1268 1174 1317 mine,
1194 1269 1217 1294 *
1237 1274 1279 1310 et
1298 1269 1481 1311 benedic
1503 1271 1745 1313 haerediteiti
1764 1278 1862 1313 tuae.

1095 1325 1152 1366 Et
1169 1338 1271 1376 rege
1291 1339 1378 1375 eos,
1397 1327 1419 1352 *
1439 1332 1482 1368 et
1502 1328 1660 1369 extolle
1680 1328 1776 1369 illos
1795 1342 1860 1369 us-

1045 1394 1129 1433 que
1147 1382 1191 1422 in
1211 1383 1432 1424 aeternum.

1094 1437 1178 1479 Per
1219 1439 1411 1489 singulos
1453 1439 1546 1481 dies
1587 1441 1610 1465 *
1647 1440 1859 1482 benedici-

1042 1507 1139 1535 mus
1167 1499 1221 1535 te.

1093 1551 1150 1592 Et
1167 1550 1395 1592 laudamus
1415 1565 1572 1594 nomen
1588 1557 1709 1594 tuum
1724 1553 1767 1593 in
1783 1555 1858 1594 sae-

1043 1607 1199 1656 culum,
1218 1607 1241 1632 *
1262 1611 1305 1648 et
1323 1607 1366 1647 in
1386 1608 1593 1650 saeculum
1613 1609 1770 1650 saeculi.

1092 1663 1284 1714 Dignore
1307 1663 1494 1707 Domine
1523 1664 1591 1706 die
1614 1665 1698 1707 isto
1721 1666 1744 1691 *
1767 1666 1858 1706 sine

1041 1722 1225 1772 peceato
1244 1732 1325 1761 nos
1345 1720 1576 1762 custodire.

1093 1776 1301 1818 Miserere
1319 1777 1456 1818 nostri
1475 1778 1675 1819 Domine:
1693 1778 1716 1803 *
1735 1778 1857 1818 mise-

1041 1834 1137 1875 rere
1156 1833 1305 1874 nostri.

1092 1890 1189 1931 Fiat
1223 1889 1522 1931 misericordia
1562 1894 1636 1931 tua
1671 1889 1857 1930 Domine

1041 1959 1173 1998 super
1200 1958 1296 1995 nOS,
1319 1946 1343 1971 *
1369 1945 1735 1997 quemadmodum
1763 1957 1855 1997 spe-

1040 2003 1229 2043 ravimus
1248 2002 1292 2042 in
1310 2006 1364 2043 te.

1092 2059 1142 2099 In
1178 2063 1221 2100 te
1257 2058 1446 2099 Domine
1488 2058 1677 2111 speravi:
1711 2058 1734 2083 *
1769 2069 1854 2097 non

1040 2113 1281 2157 confundar
1300 2114 1344 2154 in
1364 2115 1584 2156 aeternum.

1295 2264 1373 2305 Ad
1395 2262 1598 2305 Laudes.

1131 2343 1208 2372 eus
1244 2331 1287 2371 in
1324 2328 1581 2381 adjutorium
1616 2340 1760 2369 meum
1795 2328 1854 2368 in-

1141 2386 1282 2428 tonde.
1308 2387 1353 2436 Ra
1378 2384 1565 2426 Domine
1583 2383 1640 2425 ad
1654 2383 1852 2435 adiuvan-

1040 2443 1143 2484 dum
1158 2455 1227 2484 me
1243 2443 1407 2484 festina.
1425 2439 1575 2480 Gloria
1585 2440 1714 2489 Patri,
1725 2445 1804 2481 etc.
1816 2440 1852 2479 2.

1037 2499 1153 2540 Laus
1193 2498 1271 2540 tibi
1305 2496 1505 2545 Domine,
1546 2496 1641 2537 Rex
1681 2497 1853 2536 aeternae

1038 2555 1200 2605 gloriae,
1228 2552 1291 2592 vel
1315 2551 1509 2602 Alleluia,
1544 2566 1621 2603 pro
1648 2552 1853 2601 temporis

1042 2610 1301 2650 diversitate.

1093 2666 1241 2714 Temp.
1276 2662 1481 2702 Pusehuli.
1523 2663 1619 2702 Ant.
1663 2662 1852 2712 Allehija.
