2028 2892
718 199 825 232 Furia
851 204 984 240 quartu
1011 196 1058 229 ad
1085 194 1320 228 Matutinum.

178 302 278 343 disti
289 301 527 342 orationem
538 311 696 339 meam:
710 299 732 323 *
745 295 903 337 dedisti
913 294 998 334 hae-

179 357 404 399 reditatem
422 354 672 396 timentibus
692 365 849 394 nomen
866 357 999 392 tuum.

230 414 332 455 Dies
367 424 498 464 super
532 410 625 452 dies
662 410 776 460 regis
810 407 999 459 adjicies:

179 473 201 497 *
229 482 364 511 annos
392 469 482 519 ejus
502 480 640 519 usque
668 467 710 507 in
739 465 854 506 diem
874 476 999 515 gene-

180 526 355 567 rationis
382 530 425 566 et
452 523 754 574 generationis.

230 583 459 623 Permanet
497 581 539 621 in
576 581 785 620 aeternum
822 577 863 617 in
902 589 1000 617 con-

179 641 332 691 spectu
372 637 470 678 Dei:
512 638 535 663 *
576 633 917 676 misericordiam
959 636 1002 672 et

179 695 406 736 veritatem
434 694 523 744 ejus
553 692 648 744 quis
677 688 888 742 requiret?

232 751 302 792 Sic
330 749 542 803 psalmum
571 747 712 789 dicam
737 746 899 787 nomini
926 750 1001 785 tuo

181 808 223 848 in
256 806 463 847 saeculum
499 804 662 846 saeculi:
689 806 712 830 *
740 808 786 843 ut
823 800 1002 843 reddam

183 869 285 905 vota
311 875 407 904 mea
436 861 490 903 de
519 860 588 902 die
616 860 658 901 in
687 859 813 901 diem.

236 924 332 962 Ant.
364 922 427 961 Da
446 917 571 959 nobis
592 917 779 958 Domine
798 914 1004 956 auxilium

184 975 238 1017 de
266 975 553 1016 tribulatione.

236 1036 333 1075 Ant.
366 1033 518 1074 Nonne
545 1030 653 1071 Deo.

456 1092 648 1132 Psalmus
678 1093 735 1131 61.

275 1158 387 1186 onne
414 1144 510 1185 Deo
538 1142 731 1194 subjecta
760 1141 840 1182 erit
862 1139 1004 1180 anima

304 1198 423 1242 mea?
461 1202 483 1226 *
520 1199 574 1241 ab
611 1199 707 1251 ipso
745 1197 859 1239 enim
896 1195 1005 1237 salu·

184 1260 278 1299 tare
305 1270 460 1298 meum.

235 1314 347 1355 Nam
376 1318 418 1354 et
445 1313 539 1365 ipse
561 1312 681 1353 Deus
704 1323 842 1359 meuS‚
871 1314 914 1350 et
942 1322 1006 1350 sa-

185 1370 335 1411 lutaris
375 1382 513 1410 meus:
549 1371 572 1396 *
610 1369 838 1419 susceptor
873 1379 1006 1414 meus,

186 1440 270 1468 non
298 1425 508 1467 movebor
536 1424 733 1477 amplius.

237 1483 474 1534 Quousque
501 1481 662 1522 irruitis
692 1481 735 1521 in
763 1477 1006 1520 hominem?

185 1538 458 1579 *interficitis
469 1537 656 1578 universi
672 1549 767 1578 vos:
785 1541 1007 1587 tamquam

185 1595 340 1648 parieti
375 1594 579 1635 inclinato
617 1598 659 1635 et
693 1592 894 1634 maceriae
936 1591 1007 1633 de-

186 1649 349 1703 pulsae?

238 1707 549 1748 Verumtamen
569 1705 755 1758 pretium
775 1717 919 1745 meum
939 1717 1008 1745 co·

187 1763 432 1813 gitaverunt
443 1761 663 1814 repellere,
678 1761 848 1803 cucurri
863 1761 907 1801 in
924 1761 1009 1801 siti:

188 1822 211 1846 ¹⁸¹
240 1832 315 1860 ore
344 1831 423 1860 suo
450 1817 777 1867 benedicebant,
806 1822 849 1859 et
876 1816 1009 1858 corde

189 1887 269 1916 suo
296 1873 622 1916 maledicebant.

240 1931 551 1972 Verumtamen
576 1930 672 1972 Deo
700 1930 891 1981 subjecta
916 1935 1010 1972 esto

191 1987 332 2028 anima
351 1999 462 2028 mea:
485 1989 508 2013 ¹⁸¹
529 1987 731 2038 quoniam
749 1986 803 2028 ab
822 1987 919 2039 ipso
939 2000 1010 2039 pa-

189 2044 338 2085 tientia
366 2056 473 2084 mea.

243 2100 354 2150 Quia
380 2100 474 2152 ipse
502 2099 622 2140 Deus
650 2111 783 2148 meus,
811 2103 853 2140 et
876 2099 1011 2140 salva-

191 2161 261 2197 tor
303 2167 440 2197 meus:
477 2157 500 2182 *
537 2154 708 2205 adjutor
751 2168 889 2203 meus,
925 2168 1012 2196 non

193 2211 427 2261 emigrabo.

245 2269 294 2308 In
314 2268 409 2309 Deo
428 2267 617 2309 salutare
635 2280 790 2315 meum,
816 2273 858 2308 et
877 2267 1012 2317 gloria

194 2336 304 2365 mea:
331 2327 354 2350 *
383 2324 502 2365 Deus
530 2323 675 2365 auxilii
702 2324 803 2373 mei,
838 2329 881 2365 et
913 2337 1014 2376 spes

195 2393 291 2421 mea
318 2380 359 2420 in
388 2380 483 2422 Deo
512 2386 588 2422 est.

246 2436 426 2488 Sperate
442 2437 483 2476 in
504 2449 556 2478 eo
575 2436 714 2478 omnis
734 2436 1014 2486 congregatio

196 2492 358 2544 populi,
386 2492 591 2533 effundite
617 2505 765 2534 coram
787 2492 861 2533 illo
882 2492 1015 2533 corda

197 2554 354 2589 vestra:
387 2550 409 2573 ¹*
438 2548 556 2590 Deus
588 2549 759 2601 adjutor
792 2554 941 2589 noster
973 2548 1015 2588 in

197 2606 416 2645 aeternum.

249 2660 557 2701 Veramtamen
573 2661 670 2702 vani
690 2661 766 2702 filii
784 2660 1016 2710 hominum,

198 2715 430 2757 mendaces
447 2716 520 2756 filii
535 2716 756 2758 hominum
772 2717 815 2758 in
831 2717 1017 2758 stateris:

1051 293 1074 317 *
1099 296 1145 332 ut
1173 290 1394 343 decipiant
1421 288 1505 342 ipsi
1533 286 1588 328 de
1616 285 1809 327 vanitate
1836 285 1880 325 in

1052 347 1252 400 idipsum.

1103 403 1252 445 Nolite
1281 403 1458 455 sperare
1489 401 1532 440 in
1562 398 1808 452 iniquitate,
1837 402 1881 439 et

1054 463 1227 513 rapinas
1255 458 1390 500 nolite
1418 458 1744 509 concupiscere:
1768 455 1792 480 *
1820 453 1881 496 di-

1054 517 1170 558 vitiae
1199 516 1234 557 si
1264 515 1459 562 affluant,
1487 512 1622 554 nolite
1650 523 1728 553 cor
1747 512 1881 564 appo-

1054 586 1167 615 nere.

1105 628 1248 671 Semel
1263 628 1435 669 locutus
1452 631 1520 667 est
1534 625 1667 674 Deus,
1683 623 1771 666 duo
1786 623 1883 665 haec

1054 686 1215 735 audivi,
1254 685 1354 737 quia
1381 684 1580 736 potestas
1606 681 1692 722 Dei
1719 685 1803 730 est,
1840 684 1884 721 et

1055 743 1131 784 tibi
1164 742 1352 783 Domine
1383 737 1703 780 misericordia:
1729 738 1754 763 *
1783 737 1886 790 quia

1055 805 1101 841 tu
1134 798 1294 840 reddes
1331 797 1564 848 unicuique
1596 795 1717 846 juxta
1749 795 1885 846 opera

1056 869 1143 897 sua.

1330 910 1528 950 Psalmus
1550 909 1614 949 63.

1059 963 1270 1069 Exaudi
1308 970 1429 1010 Deus
1466 968 1710 1010 orationem
1742 978 1887 1008 meam

1152 1039 1250 1067 cum
1280 1025 1508 1078 deprecor:
1535 1025 1559 1051 *
1587 1037 1613 1065 a
1640 1024 1798 1066 timore
1825 1022 1886 1063 in-

1057 1083 1171 1124 imici
1192 1083 1311 1135 eripe
1332 1082 1521 1123 animam
1538 1093 1695 1123 meam.

1108 1139 1345 1181 Protexisti
1371 1152 1442 1180 me
1472 1151 1497 1179 a
1525 1139 1744 1180 conventu
1767 1135 1886 1177 mali-

1058 1197 1296 1247 gnantium:
1315 1196 1338 1221 *
1358 1208 1383 1236 a
1406 1194 1685 1236 multitudine
1704 1194 1887 1246 operan-

1058 1253 1165 1294 tium
1183 1253 1467 1305 iniquitatem.

1112 1310 1222 1360 Quia
1242 1310 1509 1350 exacuerunt
1531 1313 1580 1349 ut
1598 1306 1793 1358 gladium
1811 1305 1888 1347 lin-

1059 1379 1166 1417 guas
1207 1379 1321 1407 suas:
1358 1366 1381 1391 *
1417 1363 1697 1406 intenderunt
1739 1375 1889 1404 arcum

1059 1435 1150 1463 rem
1179 1425 1392 1471 amaram,
1426 1427 1474 1463 ut
1507 1423 1715 1473 sagittent
1744 1419 1790 1460 in
1818 1431 1888 1461 oc-

1060 1479 1187 1520 cultis
1214 1478 1552 1520 immaculatum.

1112 1535 1265 1577 Sabito
1291 1534 1560 1587 sagittabunt
1584 1547 1700 1584 eum,
1733 1538 1779 1575 et
1801 1545 1890 1574 non

1060 1591 1293 1634 timebunt:
1320 1592 1343 1618 *
1372 1591 1657 1633 firmaverunt
1687 1589 1772 1632 sibi
1802 1602 1889 1632 ser-

1060 1650 1235 1690 monem
1254 1661 1453 1701 nequam.

1112 1705 1410 1746 Narraverunt
1429 1709 1478 1746 ut
1493 1702 1818 1745 absconderent
1831 1701 1890 1743 la·

1063 1774 1214 1813 queos:
1224 1763 1247 1787 *
1259 1761 1474 1803 dixerunt:
1490 1761 1596 1811 Quis
1611 1758 1779 1801 videbit
1789 1756 1890 1800 eos?

1113 1818 1301 1859 Scrutati
1323 1823 1423 1859 sunt
1445 1817 1713 1870 iniquitates:
1731 1816 1756 1842 *
1776 1814 1891 1858 defe-

1062 1876 1214 1916 cerunt
1232 1877 1478 1916 scrutantes
1498 1873 1719 1915 scrutinio.

1114 1930 1310 1972 Accedet
1336 1930 1469 1972 homo
1498 1929 1556 1972 ad
1584 1942 1661 1972 cor
1688 1929 1840 1970 altum:
1867 1928 1892 1954 *

1064 1991 1107 2028 et
1126 1987 1388 2029 exaltabitur
1406 1988 1539 2029 Deus.

1114 2044 1292 2095 Sagittae
1320 2043 1603 2096 parvulorum
1635 2043 1763 2084 factae
1792 2045 1893 2091 sunt

1063 2099 1203 2152 plagae
1233 2102 1398 2142 eorum:
1416 2101 1440 2126 *
1465 2105 1508 2142 et
1531 2100 1764 2141 infirmatae
1792 2101 1894 2140 sunt

1064 2162 1216 2198 contra
1236 2170 1312 2198 eos
1331 2157 1490 2207 linguae
1510 2158 1673 2198 eorum.

1117 2212 1374 2255 Conturbati
1393 2219 1493 2254 sunt
1513 2225 1665 2254 omnes
1687 2212 1760 2265 qui
1776 2210 1892 2253 vide-

1065 2268 1169 2310 bant
1194 2282 1285 2311 eos:
1304 2270 1327 2294 *
1348 2274 1392 2310 et
1415 2269 1559 2310 timuit
1582 2269 1724 2311 omnis
1748 2267 1894 2310 homo.

1117 2326 1173 2366 Et
1197 2325 1559 2367 annuntiaverunt
1589 2327 1725 2378 opera
1747 2324 1847 2374 Dei,
1870 2324 1893 2349 *

1066 2387 1109 2422 et
1130 2382 1243 2423 facta
1263 2382 1353 2433 ejus
1371 2381 1688 2423 intellexerunt.

1117 2437 1358 2478 Laetabitur
1382 2438 1519 2488 iustus
1545 2438 1588 2478 in
1612 2438 1822 2487 Domino}
1851 2441 1894 2478 et

1068 2493 1261 2545 sperabit
1280 2493 1323 2533 in
1343 2506 1412 2542 eo,
1431 2495 1454 2519 *
1475 2498 1519 2534 et
1538 2493 1832 2536 laudabuntur
1851 2505 1895 2534 o-

1067 2563 1190 2591 mnes
1210 2550 1316 2592 recti
1336 2549 1480 2591 corde.

1123 2607 1221 2647 Ant.
1259 2606 1413 2647 Nonne
1450 2606 1547 2648 Deo
1582 2606 1777 2659 subjecta
1813 2605 1895 2648 erit

1069 2663 1209 2703 anima
1229 2660 1349 2703 mea?

1123 2720 1220 2760 Ant.
1252 2718 1515 2761 Benedicite.
