2066 2956
675 187 829 230 Septem
852 186 998 220 Psalmi
1021 184 1322 219 Poenitentialcs.

156 279 377 323 dedissem
391 281 556 333 utique:
571 280 595 306 *
609 279 877 322 holocaustis
891 292 981 321 non

156 336 455 380 delectaberis.

206 394 474 436 Sacrificium
493 393 590 434 Deo
619 393 797 446 spiritus
825 393 981 434 contri-

155 450 344 492 bulatus:
363 451 387 478 *
407 462 482 491 cor
502 451 752 499 contritum,
778 455 821 491 et
843 449 978 490 humi-

155 505 307 549 liatum
325 507 446 548 Deus
465 518 553 547 non
573 505 801 559 despicies,

207 564 402 615 Benigne
448 563 516 605 fac
556 563 743 604 Domine
782 564 826 604 in
864 563 981 605 bona

155 621 380 663 voluntate
405 625 481 662 tua
504 620 622 662 Sion:
645 622 668 647 *
691 625 740 662 ut
765 619 979 662 aedificen-

154 682 226 719 tur
243 677 355 718 muri
374 676 626 718 Jerusalem.

208 734 331 775 Tunc
360 732 612 786 acceptabis
640 734 900 776 sacrificium
923 735 980 786 ju-

157 791 301 840 stitiae,
322 789 581 840 oblationeS,
606 795 650 832 et
667 790 938 832 holocausta:
957 792 980 817 *

155 852 260 889 tunc
283 847 510 899 imponent
538 859 669 900 super
693 847 830 889 altare
857 852 980 889 tuum

156 903 329 945 vitulos.

209 959 360 1001 Gloria
378 959 508 1002 Patri.

417 1020 614 1061 Psalmus
634 1021 719 1061 101.

154 1072 384 1180 Domine
421 1071 579 1115 exaudi
614 1073 857 1114 orationem
894 1086 980 1114 me-

262 1142 346 1170 am:
374 1130 398 1157 *
425 1134 469 1171 et
502 1130 667 1171 clamor
698 1142 821 1170 meus
854 1129 911 1171 ad
937 1135 982 1171 te

156 1186 312 1228 veniat.

206 1243 309 1285 Non
333 1245 505 1285 avertas
528 1242 684 1284 faciem
705 1248 827 1285 tuam
850 1256 875 1284 a
897 1257 981 1285 me:

156 1300 179 1327 *
205 1299 249 1340 in
283 1303 558 1351 quacumque
587 1298 657 1341 die
684 1299 887 1350 tribulor,
921 1300 980 1340 in-

157 1355 271 1397 clina
289 1355 346 1398 ad
364 1369 434 1398 me
453 1369 602 1397 aurem
620 1361 751 1397 tuam.

208 1412 259 1452 In
296 1415 571 1464 quacumque
610 1411 681 1454 die
717 1412 981 1454 invocavero

155 1472 211 1517 te,
230 1470 254 1496 *
272 1469 483 1510 velociter
503 1468 661 1510 exaudi
678 1481 759 1510 me.

208 1524 320 1575 Quia
334 1524 587 1567 defecerunt
601 1525 713 1566 sicut
730 1525 874 1566 fumus
890 1524 982 1566 dies

156 1581 258 1622 mei:
276 1582 300 1609 *
324 1586 368 1623 et
391 1594 492 1623 ossa
516 1594 615 1623 mea
639 1582 750 1623 sicut
775 1581 983 1623 cremium

157 1639 373 1679 aruerunt.
447 1637 449 1639 ’

207 1694 447 1736 Percussus
488 1707 584 1736 sum
625 1699 672 1736 ut
712 1694 893 1744 foenum,
939 1700 983 1737 et

157 1751 271 1792 aruit
306 1763 383 1793 cor
418 1764 580 1793 meum:
615 1752 640 1778 ¹⁸¹
678 1751 779 1804 quia
820 1751 982 1793 oblitus

157 1820 253 1848 sum
272 1807 504 1849 comedere
523 1820 682 1860 panem
699 1820 854 1850 meum.

208 1864 250 1905 A
276 1877 386 1906 voce
419 1864 606 1915 gemitus
632 1865 719 1905 mei
745 1865 770 1890 *
798 1864 983 1906 adhaesit

158 1933 208 1962 os
226 1933 373 1962 meum
393 1933 510 1962 carm
528 1933 649 1962 meae.

208 1976 366 2018 Similis
388 1976 528 2018 faetus
553 1989 648 2017 sum
672 1977 888 2029 pellicano
913 1991 980 2019 so-

156 2032 366 2074 litudinis:
399 2033 423 2059 *
457 2033 598 2075 faetus
632 2046 727 2074 sum
763 2034 876 2075 sicut
909 2048 981 2086 ny-

158 2090 353 2130 cticorax
369 2089 413 2129 in
432 2087 666 2130 domicilio.

207 2144 414 2196 Vigilavi,
441 2144 465 2170 *
494 2149 537 2186 et
568 2145 707 2187 factus
740 2159 836 2187 sum
869 2147 980 2189 sicut

156 2214 309 2254 passer
329 2201 548 2243 solitarius
567 2201 611 2242 in
629 2206 758 2244 tecto.

207 2258 322 2299 Tota
349 2257 419 2299 die
443 2257 770 2310 exprobrabant
791 2259 896 2300 mihi
919 2259 978 2300 in-

156 2314 273 2356 imici
298 2314 397 2356 mei:
421 2315 443 2340 *
473 2319 516 2355 et
540 2315 614 2366 qui
638 2314 876 2357 laudabant
898 2329 979 2366 me,

157 2370 388 2413 adversum
407 2384 476 2413 me
496 2371 705 2423 jurabant.

208 2428 319 2478 Quia
351 2430 541 2469 cinerem
571 2433 795 2481 tamquam
824 2442 981 2482 panem

156 2484 489 2534 manducabam,
515 2485 538 2510 *
573 2490 616 2526 et
649 2490 804 2538 potum
836 2498 981 2527 meum

158 2552 256 2581 cum
275 2541 380 2582 fletu
397 2541 647 2582 miscebam.

210 2596 251 2637 A
269 2597 378 2638 facie
395 2597 472 2639 irae
492 2602 536 2639 et
553 2597 860 2649 indignationis
878 2603 981 2639 tuae:

157 2652 181 2678 *
201 2652 302 2704 quia
320 2653 495 2695 elevans
514 2653 682 2695 allisisti
700 2666 781 2695 me.

207 2708 313 2750 Dies
345 2710 431 2751 mei
464 2710 576 2752 sicut
607 2710 762 2752 umbra
795 2709 997 2752 declina··

1032 280 1201 320 verunt:
1246 278 1269 304 *
1318 281 1361 318 et
1406 289 1488 327 ego
1539 276 1650 317 sicut
1694 275 1860 317 foenum

1033 335 1137 376 arui.

1084 391 1153 432 Tu
1186 396 1331 432 autem
1358 390 1546 432 Domine
1574 389 1618 429 in
1646 391 1859 431 aeternum

1032 449 1276 501 permanes:
1296 449 1319 474 *
1340 452 1383 489 et
1400 445 1656 488 memoriale
1674 451 1798 487 tuum
1816 446 1859 486 in

1033 503 1357 555 generationem
1377 508 1420 545 et
1437 503 1773 553 generationem.

1086 561 1155 602 Tu
1179 563 1418 611 exsurgens
1441 558 1718 600 misereberis
1740 559 1860 600 Sion:

1034 618 1057 643 *
1078 617 1179 669 quia
1196 622 1370 669 tempus
1388 615 1622 658 miserendi
1640 616 1740 667 ejus,
1761 616 1862 667 quia

1033 674 1151 715 venit
1169 679 1354 726 tempus.

1086 730 1302 780 Quoniam
1329 729 1586 783 placuerunt
1614 728 1751 769 servis
1774 728 1860 769 tuis

1033 786 1205 839 lapides
1230 787 1333 838 ejus:
1353 788 1376 814 *
1397 791 1440 828 et
1463 790 1594 827 terrae
1620 786 1710 837 ejus
1734 785 1859 826 mise-

1033 843 1255 886 rebantur.

1086 900 1143 941 Et
1173 899 1387 941 timebunt
1415 900 1580 941 Gentes
1608 911 1769 940 nomen
1797 903 1861 940 tu-

1033 971 1107 998 um
1125 957 1324 1007 Domine,
1343 958 1366 983 *
1385 962 1428 998 et
1453 968 1604 998 omnes
1628 968 1754 1006 reges
1778 960 1861 996 ter—

1034 1027 1094 1055 rae
1113 1014 1297 1065 gloriam
1318 1019 1449 1055 tuam.

1086 1071 1196 1121 Quia
1231 1069 1466 1111 aedificavit
1493 1069 1708 1111 Dominus
1740 1069 1860 1111 Sion:

1033 1127 1057 1154 *
1077 1132 1120 1169 et
1138 1126 1359 1169 videbitur
1375 1127 1420 1167 in
1438 1126 1577 1178 gloria
1597 1138 1686 1166 sua.

1084 1184 1298 1236 Respexit
1311 1183 1355 1224 in
1367 1183 1611 1224 orationem
1621 1182 1862 1223 humilium:

1033 1242 1057 1268 *
1077 1245 1122 1282 et
1137 1253 1225 1282 non
1248 1240 1413 1293 sprevit
1431 1252 1609 1292 precem
1629 1241 1791 1280 eorum.

1084 1297 1339 1339 Scribantur
1372 1296 1468 1337 haec
1502 1296 1546 1336 in
1580 1296 1862 1347 generatione

1035 1354 1185 1395 altera:
1204 1354 1227 1401 ζ*
1248 1358 1291 1395 et
1309 1352 1517 1406 populus,
1538 1353 1612 1404 qui
1632 1352 1862 1402 creabitur,

1034 1409 1229 1451 laudabit
1247 1410 1501 1450 Dominum:

1086 1467 1198 1517 Quia
1211 1466 1440 1519 prospexit
1455 1465 1509 1507 de
1522 1465 1696 1507 excelso
1709 1470 1861 1507 sancto

1034 1536 1132 1564 suo:
1150 1524 1173 1549 *
1192 1523 1407 1564 Dominus
1428 1521 1483 1564 de
1503 1522 1616 1564 coelo
1636 1522 1680 1562 in
1699 1526 1861 1563 terram

1035 1580 1220 1632 aspexit:

1085 1637 1145 1679 Ut
1177 1635 1347 1678 audiret
1378 1637 1563 1687 gemitus
1592 1635 1861 1688 compedito-

1035 1707 1145 1735 rum:
1172 1694 1196 1719 *
1224 1698 1271 1734 ut
1300 1693 1491 1735 solveret
1518 1692 1633 1734 filios
1660 1692 1860 1734 interem-

1033 1753 1224 1803 ptorum:

1085 1808 1145 1849 Ut
1187 1806 1442 1848 annuntient
1481 1807 1524 1846 in
1561 1806 1664 1847 Sion
1700 1818 1859 1847 nomen

1033 1864 1223 1906 Domini:
1243 1865 1266 1891 *
1291 1868 1333 1905 et
1357 1862 1532 1905 laudem
1557 1864 1647 1915 ejus
1672 1863 1715 1904 in
1739 1862 1763 1902 J
1766 1866 1858 1904 eru-

1034 1921 1181 1963 salem.

1084 1978 1136 2018 In
1151 1976 1451 2019 conveniendo
1461 1977 1652 2030 populos
1662 1977 1706 2017 in
1716 1989 1859 2025 unum,

1034 2034 1058 2060 *
1078 2038 1122 2075 et
1140 2046 1266 2085 reges
1285 2038 1333 2075 ut
1352 2034 1542 2075 serviant
1561 2033 1765 2074 Domino.

1085 2090 1333 2144 Respondit
1352 2091 1392 2132 ei
1409 2091 1453 2131 in
1473 2091 1543 2132 via
1562 2090 1735 2131 virtutis
1756 2101 1857 2130 suae:

1034 2148 1058 2174 *
1071 2148 1342 2190 Paucitatem
1357 2147 1524 2189 dierum
1543 2148 1740 2187 meorum
1754 2148 1858 2186 nun-

1033 2203 1094 2245 tia
1111 2203 1226 2245 mihi.

1084 2261 1152 2302 Ne
1184 2263 1367 2302 revoces
1394 2273 1464 2301 me
1490 2260 1534 2300 in
1563 2257 1743 2301 dimidio
1773 2258 1858 2300 die-

1033 2330 1129 2358 rum
1146 2319 1359 2359 meorum:
1374 2318 1398 2344 *
1412 2317 1455 2357 in
1472 2315 1796 2367 generationem
1816 2321 1860 2357 et

1033 2374 1360 2425 generationem
1379 2373 1479 2414 anni
1496 2373 1570 2414 tui.

1083 2431 1213 2471 Initio
1240 2435 1288 2471 tu
1306 2429 1493 2470 Domine
1519 2434 1682 2470 terram
1708 2427 1858 2470 funda-

1034 2486 1102 2527 sti:
1133 2488 1156 2514 *
1191 2491 1234 2527 et
1273 2488 1407 2538 opera
1442 2487 1649 2526 manuum
1684 2487 1858 2527 tuarum

1034 2548 1133 2584 sunt
1154 2542 1265 2584 coeli.

1084 2599 1176 2651 Ipsi
1202 2597 1421 2651 peribunt,
1445 2602 1493 2639 tu
1517 2602 1663 2638 autem
1690 2599 1857 2650 perma-

1032 2667 1127 2696 nes:
1145 2656 1169 2681 *
1190 2660 1232 2696 et
1252 2666 1402 2695 omnes
1422 2653 1534 2695 sicut
1552 2654 1858 2696 vestimentum

1032 2713 1316 2753 veterascent.
