2066 2956
523 214 699 247 Officium
725 214 901 248 votivum
926 215 972 248 de
999 217 1032 248 S.
1059 215 1209 258 Joscph
1235 216 1389 259 Sponso
1416 217 1454 249 Β.
1480 216 1527 250 M.
1554 217 1596 250 V.

250 305 309 346 Ut
327 304 505 347 tandem
523 305 655 348 liceat
676 319 759 348 nos
777 307 858 348 tibi
876 309 1031 360 perpe-

510 362 588 403 tim

355 420 541 461 Gratum
560 422 766 472 promere
786 420 1014 462 canticum.

509 476 664 518 Amen.

249 533 300 584 Y.
324 537 562 579 Constituit
585 549 685 578 eum
710 537 935 579 deminum
955 537 1030 579 do-

195 607 292 636 mus
318 607 421 636 suae.
456 595 507 646 Ιζν.
535 594 592 636 Et
617 594 864 647 principem
889 594 1031 636 omnis

195 651 490 703 possessionis
510 663 614 692 suae.

248 711 318 752 Ad
364 712 538 763 Magnif.
594 714 693 754 Ant.
755 715 869 755 Cum
914 716 1031 753 esset

196 767 467 821 desponsata
505 770 529 794 *
564 769 706 810 Mater
746 768 771 809 J
775 781 853 810 esu
891 768 1031 809 Maria

194 825 219 865 J
223 825 380 877 oseph,
438 827 675 877 antequam
730 826 1030 874 convenirent,

193 881 370 924 inventa
411 887 478 923 est
518 882 562 922 in
604 885 731 922 fitero
769 881 937 922 habens
974 880 1029 922 de

193 937 360 990 Spiritu
379 943 543 980 sancto.

530 995 695 1036 Oratio.

285 1068 378 1104 eus,
410 1055 484 1108 qui
512 1054 722 1096 ineffabili
749 1053 1029 1107 providentia

309 1112 489 1154 beatum
529 1110 696 1164 Joseph
739 1111 1028 1152 sanctissimae

194 1169 431 1211 Genitricis
476 1173 565 1210 tuae
607 1180 822 1220 sponsum
867 1167 1028 1218 eligere

195 1225 400 1276 dignatus
417 1237 479 1266 es:
499 1230 675 1278 praesta‚
692 1226 961 1276 quaesumus3
979 1228 1028 1264 ut

194 1295 326 1334 quem
359 1284 662 1334 protectorem
689 1282 950 1322 veneramur
983 1280 1028 1320 in

193 1339 341 1388 terris,
374 1339 714 1380 intercessorem
746 1337 912 1379 habere
940 1350 1027 1378 me-

192 1397 367 1437 reamur
385 1395 430 1436 in
449 1395 591 1436 coelis:
620 1394 705 1445 Qui
723 1394 848 1436 vivis.

357 1481 446 1522 Ad
470 1481 861 1522 Matutinum.

249 1549 370 1589 invit.
390 1547 644 1588 Laudemus
664 1547 809 1588 Deum
826 1550 1028 1588 nostrum

188 1606 210 1629 *
230 1605 281 1644 In
294 1604 579 1646 veneratione
593 1602 714 1645 beati
729 1603 754 1644 J
757 1602 908 1656 oseph‚
926 1615 1026 1656 pro-

191 1661 373 1702 tectoris
391 1660 543 1702 nostri.

247 1723 313 1762 Ps.
339 1723 504 1771 Venite,
524 1721 805 1763 exsultemus,
822 1722 860 1761 2.
932 1737 937 1742 ·

248 1785 455 1835 Hymnus.
499 1784 565 1825 Te
591 1783 616 1824 J
618 1782 759 1835 oseph
791 1782 1026 1824 celebrent.

189 1847 236 1882 ut
257 1854 401 1892 supra.
431 1839 542 1892 [229]

430 1925 479 1963 In
506 1925 536 1963 Ι.
564 1924 790 1964 Nocturno.

252 1995 348 2034 Ant.
374 1994 588 2036 Ascendit
605 1995 631 2036 J
633 1994 785 2047 oseph.

483 2062 683 2103 Psalmus
706 2064 738 2102 1.-

225 2116 429 2170 Qffleatus
444 2115 520 2165 vir,
541 2116 616 2167 qui
633 2127 723 2156 non
740 2114 847 2156 abiit
866 2114 910 2155 in
925 2127 1025 2156 con-

201 2178 206 2218 ³;
225 2169 295 2228 ᾗῇ·ῑὲ
319 2171 417 2212 silio
438 2171 684 2225 impiorum,
710 2176 754 2213 et
773 2171 817 2212 in
836 2171 906 2212 via
925 2183 1024 2224 pec-

199 2226 209 2251 ἕ
230 2222 296 2251 Ἃ
320 2230 521 2269 caterum
552 2241 640 2270 non
675 2228 812 2277 stetit,
844 2228 868 2252 *
900 2232 944 2269 et
980 2228 1025 2268 in

191 2282 399 2325 cathedra
418 2284 684 2337 pestilentiae
703 2297 792 2326 non
812 2283 940 2325 sedit:

242 2340 330 2382 Sed
345 2341 389 2381 in
403 2340 501 2392 lege
511 2340 906 2382 Deminivoh'mtas
922 2342 1024 2392 ejus,

190 2395 215 2421 *¹
244 2401 287 2437 et
318 2396 363 2437 in
391 2397 488 2448 lege
519 2398 610 2449 ejus
638 2396 924 2440 meditabitur
953 2396 1024 2438 die

191 2463 243 2492 ac
261 2458 402 2494 nocte.

243 2507 300 2548 Et
327 2509 408 2550 erit
436 2515 661 2562 tamquam
689 2509 873 2560 lignum,
904 2509 1025 2561 quod

192 2562 438 2615 plantatum
450 2570 517 2607 est
527 2579 655 2607 secus
667 2566 881 2607 decursus
892 2567 1023 2617 aqua—

193 2621 334 2669 rum‚*
346 2621 465 2672 quod
485 2622 674 2664 fructum
693 2635 819 2664 suum
840 2621 962 2663 dabit
980 2622 1023 2662 in

192 2676 394 2727 tempore
414 2689 509 2718 suo:

245 2731 301 2772 Et
328 2732 478 2772 folium
505 2734 595 2783 ejus
620 2747 709 2776 non
735 2734 916 2776 defluet:
936 2736 959 2761 *
980 2740 1024 2775 et

1086 308 1232 349 omnia
1253 311 1543 360 quaecumque
1562 307 1710 357 faciet,
1733 319 1917 360 prospe-

1084 364 1308 406 rabuntur.

1135 420 1238 462 Non
1257 421 1319 462 sic
1338 420 1471 473 impii,
1489 433 1579 462 non
1594 420 1706 461 sicz*
1717 418 1798 461 sed
1810 423 1917 460 tam-

1086 490 1217 529 quam
1235 477 1396 530 pulvis,
1417 489 1548 530 quem
1565 476 1740 529 prejicit
1759 480 1917 517 ventus

1084 546 1111 574 a
1129 533 1239 576 facie
1258 539 1400 576 terrae.

1136 590 1245 632 Ideo
1271 603 1360 633 non
1387 593 1619 640 resurgent
1644 589 1767 642 impii
1790 589 1835 630 in
1859 589 1918 640 iu-

1085 646 1216 688 dicio:
1241 648 1266 675 *
1290 659 1435 699 neque
1460 646 1721 699 peccateres
1746 645 1790 686 in
1817 657 1917 687 con-

1084 703 1185 744 cilio
1205 704 1431 755 justorum.

1136 760 1355 810 Quoniam
1389 759 1514 801 novit
1549 758 1768 800 Dominus
1801 758 1919 800 viam

1082 816 1314 914 jlssstorum:
1338 818 1362 843 *
1388 821 1432 858 et
1456 816 1539 857 iter
1562 814 1799 867 impiorum
1821 827 1918 868 per-

1083 874 1098 912 i
1130 872 1173 914 it.

1135 929 1236 971 Ant.
1263 928 1478 970 Ascendit
1496 929 1521 969 J
1523 927 1665 981 oseph
1687 940 1713 969 a
1733 927 1918 969 Galilaea

1083 984 1139 1026 de
1171 984 1351 1026 civitate
1378 984 1603 1026 Nazareth
1636 985 1681 1025 in
1707 983 1918 1033 Judatzam,

1082 1040 1127 1081 in
1156 1041 1380 1083 civitatem
1406 1041 1570 1091 David,
1604 1053 1704 1093 quae
1732 1042 1918 1083 vocatur

1082 1097 1362 1147 Bethlehem,
1407 1102 1457 1140 ut
1498 1097 1783 1150 profiteretur
1819 1110 1918 1139 cum

1081 1154 1231 1195 Maria.

1135 1211 1235 1252 Ant.
1271 1212 1491 1253 Venerunt
1509 1213 1724 1264 pastores.

1370 1268 1573 1308 Psalmus
1590 1268 1629 1308 2.

1086 1301 1273 1426 Quare
1312 1324 1582 1366 fremuerunt
1612 1323 1798 1374 Gentes,
1825 1324 1849 1351 *
1873 1328 1917 1366 et

1185 1380 1342 1433 pepuli
1361 1380 1562 1422 meditati
1579 1385 1680 1422 sunt
1698 1379 1864 1421 inania?

1131 1438 1380 1479 Astiterunt
1402 1449 1530 1488 reges
1553 1441 1701 1487 terrae,
1729 1441 1774 1478 et
1801 1438 1917 1489 prin-

1081 1494 1203 1547 cipes
1236 1495 1536 1536 convenerunt
1565 1493 1611 1534 in
1633 1505 1770 1535 unum
1793 1494 1818 1520 *
1843 1491 1915 1534 ad-

1079 1553 1233 1592 versus
1243 1551 1493 1600 Dominum,
1513 1555 1558 1592 et
1572 1549 1785 1592 adversus
1796 1548 1916 1591 Chri-

1079 1612 1196 1650 stum
1216 1609 1318 1660 ejus.

1130 1664 1446 1716 Dirumpamus
1460 1663 1635 1705 vincula
1650 1665 1819 1705 eorum:
1832 1663 1857 1690 *
1871 1667 1917 1704 et

1078 1720 1362 1773 projiciamus
1373 1719 1535 1761 anobis
1546 1721 1695 1772 jugum
1704 1719 1915 1772 ipsorum.

1132 1776 1218 1826 Qui
1252 1775 1425 1818 habitat
1459 1776 1504 1816 in
1545 1775 1671 1817 coelis
1712 1774 1916 1817 irridebit

1080 1845 1172 1875 eos:
1186 1834 1210 1860 *
1226 1837 1271 1875 et
1286 1832 1504 1874 Dominus
1520 1831 1810 1874 subsannabit
1825 1844 1914 1874 eos.

1131 1889 1258 1931 Tunc
1275 1889 1484 1941 loquetur
1504 1888 1563 1931 ad
1583 1901 1661 1931 eos
1679 1889 1726 1929 in
1742 1888 1810 1930 ira
1823 1901 1914 1938 sua,

1078 1945 1103 1971 *
1123 1950 1167 1987 et
1186 1946 1231 1987 in
1249 1945 1399 1987 furore
1419 1958 1500 1987 suo
1521 1944 1806 1987 conturbabit
1827 1957 1914 1986 eos.

1130 2002 1227 2054 Ego
1253 2006 1402 2044 autem
1424 2002 1693 2044 constitutus
1717 2014 1816 2043 sum
1834 2014 1913 2043 rex

1078 2057 1134 2100 ab
1155 2071 1207 2100 eo
1227 2071 1361 2111 super
1375 2058 1482 2100 Sion
1500 2063 1696 2100 montem
1711 2063 1913 2100 sanctum

1079 2116 1182 2167 ejus,
1201 2115 1225 2141 *
1245 2114 1494 2168 praedicans
1513 2116 1789 2168 praeceptum
1809 2115 1912 2166 ejus.

1130 2171 1347 2212 Dominus
1381 2171 1493 2212 dixit
1521 2170 1579 2212 ad
1605 2184 1695 2212 me:
1722 2171 1747 2197 *
1773 2170 1912 2212 Fssius

1078 2240 1202 2269 meus
1222 2241 1269 2269 es
1286 2232 1349 2278 tu,
1374 2240 1457 2280 ego
1475 2227 1609 2269 hodie
1628 2227 1759 2279 genui
1777 2232 1834 2269 te.

1128 2284 1313 2326 Postula
1333 2297 1359 2325 a
1376 2297 1464 2334 me,
1490 2289 1535 2326 et
1555 2283 1672 2326 dabo
1695 2283 1777 2326 tibi
1797 2283 1911 2326 Gen-

1077 2346 1145 2382 tes
1178 2340 1487 2382 haereditatem
1521 2345 1660 2390 tuam,
1687 2341 1712 2366 *
1739 2344 1784 2382 et
1810 2352 1910 2393 pos-

1078 2396 1322 2438 sessionem
1341 2401 1463 2438 tuam
1482 2396 1695 2438 terminos
1714 2401 1858 2438 terrae.

1131 2454 1278 2505 Reges
1307 2465 1384 2494 eos
1413 2453 1458 2493 in
1484 2453 1610 2504 virga
1634 2452 1792 2502 ferrea,
1815 2453 1840 2478 *
1865 2457 1910 2494 et

1077 2514 1304 2561 tamquam
1318 2522 1397 2550 vas
1413 2509 1535 2560 figuli
1552 2508 1802 2560 confringes
1821 2521 1910 2550 eos.

1129 2566 1186 2607 Et
1210 2578 1326 2607 nunc
1350 2578 1478 2617 reges
1503 2565 1752 2617 intelligite:
1771 2566 1795 2590 *
1815 2577 1909 2607 eru·

1078 2621 1231 2663 dimini
1251 2622 1326 2674 qui
1344 2621 1548 2674 judicatis
1567 2626 1740 2662 terram.

1129 2678 1300 2720 Servite
1324 2677 1518 2719 Demino
1544 2677 1589 2718 in
1614 2677 1790 2719 timere:
1816 2678 1840 2703 *
1865 2682 1909 2719 et

1078 2735 1297 2776 exsultate
1317 2734 1358 2775 ei
1374 2746 1475 2775 cum
1492 2735 1695 2775 tremore.
