2028 2892
486 168 555 201 Die
578 167 607 200 7.
634 167 770 200 Martii.
818 168 852 200 S.
878 167 1040 200 'rhomae
1066 167 1112 200 dc
1139 167 1294 210 Aquino
1321 166 1429 200 Cous.
1455 171 1490 199 et
1516 166 1623 199 Doct.

244 266 285 298 In
311 265 335 298 I.
352 265 552 299 Nocturno
578 265 678 299 Lect.
702 265 951 310 Sapientiam.
978 265 1023 298 dc

197 314 341 347 Comm.
367 313 474 347 Doct.
504 314 574 358 [79]

428 373 477 411 In
496 373 547 411 II.
567 373 789 412 Nocturno.

498 434 648 475 Lectio
670 434 721 473 iv.

239 488 542 539 ssf‘raeelarum
568 487 792 529 christiani
816 487 935 529 orbis
955 487 1026 529 de-

256 539 306 613 1ζῇ
329 558 406 586 cus
430 550 474 587 et
496 544 709 586 Ecclesiae
733 544 895 594 lumen,
927 544 1026 586 bea-

251 604 306 627 ³2³
329 601 523 643 tissimus
560 601 625 642 vir
661 600 873 650 Thomas,
918 600 1027 642 Lan·

198 658 303 712 dulp
306 658 364 700 ho
390 658 549 700 comite
573 658 794 710 Aquinate
818 663 861 700 et
884 657 1027 699 Theo-

198 714 307 757 dora
320 714 623 768 Neapolitana,
640 714 860 756 nobilibus
876 717 1028 768 paren—

196 772 314 814 tibus
346 777 493 822 natus,
526 771 684 813 futurae
715 771 759 811 in
790 771 1029 824 Deiparam

199 827 446 871 devotionis
479 828 684 869 affectum
717 827 861 869 adhuc
894 828 1027 869 infan-

197 885 314 927 tulus
334 883 537 927 ostendit.
571 884 685 926 Nam
710 884 954 926 chartulam
973 884 1028 926 ab

198 954 251 983 eo
275 942 513 990 inventam,
537 941 580 981 in
605 954 691 993 qua
715 941 920 982 salutatio
940 941 1027 981 An-

198 998 338 1049 gelica
370 998 533 1051 scripta
566 1002 676 1048 erat,
716 998 877 1039 frustra
909 996 1028 1039 adni-

197 1057 317 1097 tente
336 1057 513 1105 nutrice,
534 1056 789 1108 compressa
806 1067 938 1095 manu
956 1056 1028 1096 va-

198 1111 286 1153 lide
314 1112 510 1161 retinuit,
544 1116 587 1153 et
615 1124 640 1152 a
666 1115 807 1152 matre
834 1124 913 1163 per
941 1111 1030 1152 vim

198 1168 444 1221 abreptam,
476 1168 653 1221 ploratu
682 1173 727 1209 et
753 1174 881 1219 gestu
906 1169 1028 1221 repe-

199 1225 281 1273 tiit,
318 1238 370 1266 ac
400 1237 506 1266 mox
538 1222 757 1266 redditam
790 1224 1029 1275 deglutivit.

199 1282 407 1332 Quintum
434 1294 594 1322 annum
620 1293 770 1332 agens,
803 1280 1030 1322 monachis

200 1337 339 1379 sancti
366 1337 598 1379 Benedicti
626 1337 924 1378 Cassinatibus
959 1350 1028 1378 cu-

200 1393 458 1436 stodiendus
485 1394 683 1436 traditur.
719 1393 827 1436 Inde
854 1394 1030 1447 Neapo-

199 1451 275 1492 lim
303 1450 550 1493 studiorum
577 1463 710 1492 causa
736 1451 911 1501 missus,
947 1451 1032 1503 jam

200 1507 459 1549 adolescens
481 1508 664 1550 fratrum
684 1507 1032 1549 Praedicatorum

201 1564 401 1606 ordinem
434 1564 638 1618 suscepit.
688 1564 777 1606 Sed
807 1569 947 1606 matre
981 1577 1032 1605 ac

200 1621 407 1663 fratribus
426 1620 471 1662 id
487 1620 663 1672 indigne
678 1620 929 1671 ferentibus,
948 1620 1030 1662 Lu-

201 1678 352 1720 tetiam
370 1678 639 1719 Parisiorum
657 1677 854 1719 mittitur.
891 1653 1032 1727 Quem

202 1734 358 1776 fratres
385 1735 428 1775 in
453 1735 606 1776 itinere
630 1747 710 1787 per
735 1733 823 1776 vim
847 1738 1031 1798 raptum,

201 1791 244 1831 in
263 1804 410 1833 arcem
429 1791 561 1833 castri
581 1791 721 1833 sancti
735 1791 760 1831 J
763 1803 916 1832 oannis
935 1803 1030 1843 per-

201 1847 380 1889 ducunt:
418 1847 493 1889 ubi
525 1847 645 1889 varie
683 1847 945 1898 exagitatus,
984 1852 1032 1888 ut

201 1909 401 1946 sanctum
419 1904 699 1957 propositum
717 1905 922 1953 mutaret,
940 1916 1031 1944 mu-

202 1960 352 2002 lierem
377 1961 526 2010 etiam,
561 1974 660 2013 quae
686 1960 743 2003 ad
768 1959 1031 2001 labefactan-

201 2016 303 2058 dam
336 2017 426 2069 ejus
459 2017 750 2058 constantiam
781 2015 1033 2057 introducta

202 2074 354 2123 fuerat,
373 2073 527 2115 titione
547 2073 724 2124 fugavit.
751 2073 857 2114 Mox
875 2071 1032 2114 beatus

201 2130 378 2182 juvenis,
398 2130 523 2171 flexis
542 2129 724 2181 genibus
744 2134 846 2171 ante
862 2129 1033 2180 signum

202 2186 346 2228 crucis
366 2199 514 2236 orans,
539 2185 687 2238 ibique
712 2197 867 2227 somno
891 2187 1031 2227 corre-

202 2247 315 2295 ptus,
334 2255 414 2296 per
434 2242 624 2295 quietem
644 2244 806 2284 sentire
825 2241 944 2283 visus
965 2247 1032 2283 est

203 2298 286 2340 sibi
306 2298 360 2341 ab
380 2298 562 2350 Angelis
586 2299 825 2350 constringi
844 2298 1032 2340 lumbos:

205 2368 291 2407 quo
318 2369 374 2397 ex
396 2357 596 2409 tempore
623 2355 740 2398 omni
764 2357 922 2408 postea
940 2354 1031 2396 libi-

204 2410 316 2452 dinis
334 2425 463 2454 sensu
479 2412 629 2454 caruit.
656 2411 901 2461 Sororibus,
922 2425 1032 2463 quae,

204 2472 251 2508 ut
275 2480 375 2509 eum
396 2482 421 2510 a
444 2469 519 2521 pio
540 2469 722 2511 consilio
745 2469 1032 2518 removerent,

203 2523 247 2564 in
268 2529 457 2565 castrum
477 2527 697 2575 venerant,
719 2524 950 2577 persuasit,
974 2530 1032 2574 ut,

205 2581 469 2632 contemptis
496 2583 612 2622 curis
640 2579 941 2630 saecularibus,
976 2580 1032 2622 ad

205 2636 563 2679 exercitationem
608 2638 801 2680 coelestis
839 2637 941 2678 vitae
984 2650 1031 2678 se

205 2691 462 2733 conferrent.

1136 263 1182 313 Rv-
1215 263 1462 305 Honestum
1489 263 1592 304 fecit
1615 262 1736 304 illum
1760 262 1908 304 Domi-

1079 331 1177 369 nus,
1202 325 1245 361 et
1263 319 1501 361 custodivit
1518 332 1619 361 eum
1638 318 1693 360 ab
1711 318 1910 368 inimicis,

1080 380 1124 417 et
1151 388 1178 417 a
1205 375 1510 418 seductoribus
1538 375 1698 417 tutavit
1722 374 1860 416 illum:
1886 374 1908 397 ²*

1080 433 1136 492 Et
1168 431 1290 475 dedit
1321 432 1382 473 illi
1415 432 1660 474 claritatem
1688 433 1909 473 aeternam.

1084 486 1131 532 V.
1161 489 1335 530 Justum
1369 487 1552 531 deduxit
1582 489 1798 530 Dominus
1829 501 1910 542 per

1079 546 1173 587 vias
1192 551 1353 595 rectas,
1373 551 1417 587 et
1435 545 1629 588 ostendit
1647 545 1709 586 illi
1728 558 1911 598 regnum

1079 602 1173 644 Dei.
1201 604 1258 645 Et
1277 602 1410 644 dedit.

1394 657 1427 696 I
1430 656 1544 696 ectio
1568 670 1604 695 v.

1167 718 1327 758 missus
1351 729 1375 757 e
1399 721 1544 758 castro
1563 728 1644 768 per
1664 715 1912 766 fenestram,

1170 773 1405 829 Neapolim
1424 772 1662 814 reducitur:
1687 771 1803 814 unde
1822 772 1910 814 Ro-

1079 843 1207 879 mam,
1229 832 1386 882 postea
1404 829 1619 870 Parisium
1643 842 1668 870 a
1687 829 1820 870 fratre
1839 829 1864 869 J
1866 841 1910 870 ο-

1081 889 1192 928 anne
1223 885 1517 935 Theutonico‚
1553 885 1718 927 ordinis
1749 885 1911 926 Praedi—

1081 946 1280 985 catorum
1294 942 1489 994 generali
1503 942 1724 993 Magistro,
1742 942 1911 991 ductus,

1083 1000 1266 1042 Alberto
1294 999 1454 1050 Magno
1484 998 1685 1048 doctore,
1718 998 1910 1051 philoso-

1081 1056 1197 1109 phiae
1226 1069 1278 1097 ac
1304 1055 1542 1107 theologiae
1572 1057 1753 1108 operam
1778 1053 1911 1097 dedit.

1081 1113 1251 1163 Viginti
1275 1112 1466 1165 quinque
1489 1124 1627 1153 annos
1651 1116 1797 1161 natus,
1823 1123 1911 1152 ma-

1081 1171 1218 1220 gister
1250 1174 1317 1211 est
1348 1168 1614 1222 appellatus,
1646 1168 1912 1221 publiceque

1081 1225 1374 1279 philosophos
1402 1237 1454 1266 ac
1480 1224 1714 1276 theologos
1742 1237 1912 1266 summa

1083 1295 1183 1324 cum
1200 1281 1330 1323 laude
1351 1286 1418 1323 est
1431 1282 1753 1335 interpretatus.
1778 1281 1911 1322 Num-

1084 1352 1216 1391 quam
1235 1351 1282 1380 se
1300 1337 1480 1380 lectioni
1499 1343 1574 1380 aut
1593 1337 1823 1391 scriptioni
1840 1336 1911 1379 de·

1084 1396 1166 1446 dit,
1197 1395 1281 1436 nisi
1304 1399 1407 1448 post
1430 1395 1685 1436 orationem.
1725 1395 1778 1435 In
1803 1393 1911 1436 diffi-

1083 1451 1320 1494 cultatibus
1343 1451 1543 1493 locorum
1566 1463 1704 1492 sacrae
1722 1450 1913 1504 Scriptu-

1083 1522 1156 1559 rae,
1177 1508 1234 1550 ad
1252 1507 1497 1550 orationem
1514 1507 1719 1560 jejunium
1737 1506 1913 1549 adhibe-

1082 1565 1170 1607 bat.
1209 1565 1324 1615 Quin
1353 1564 1483 1606 etiam
1510 1563 1654 1606 sodali
1681 1576 1761 1605 suo
1788 1563 1914 1606 fratri

1084 1621 1331 1673 Reginaldo
1367 1620 1515 1663 dicere
1552 1619 1742 1670 solebat,
1792 1618 1913 1673 quid-

1086 1677 1191 1730 quid
1217 1678 1349 1719 sciret
1370 1689 1459 1718 non
1482 1681 1574 1718 tam
1593 1676 1741 1718 studio
1760 1681 1837 1718 aut
1854 1676 1913 1718 la-

1084 1734 1193 1776 bore
1221 1746 1300 1775 suo
1326 1735 1571 1787 peperisse,
1605 1745 1737 1785 quam
1762 1732 1912 1775 divini-

1084 1796 1155 1833 tus
1191 1789 1405 1832 traditum
1439 1791 1676 1843 accepisse.
1726 1788 1915 1842 Neapoli

1085 1860 1185 1889 cum
1212 1846 1268 1888 ad
1293 1846 1528 1897 imaginem
1555 1845 1762 1888 Crucifixi
1786 1844 1913 1887 vehe-

1084 1904 1273 1945 mentius
1293 1904 1456 1952 oraret,
1484 1902 1597 1943 hanc
1615 1914 1771 1944 vocem
1794 1901 1913 1944 audi-

1084 1961 1160 2002 vit:
1185 1960 1305 2001 Bene
1329 1958 1545 2012 scripsisti
1563 1958 1618 2000 de
1637 1971 1708 2000 me
1727 1958 1914 2000 Thoma:

1086 2029 1218 2069 quam
1263 2028 1368 2067 ergo
1409 2014 1659 2057 mercedem
1699 2012 1913 2068 accipies?

1085 2073 1165 2114 Cui
1189 2073 1275 2115 ille:
1306 2073 1409 2114 Non
1437 2071 1569 2113 aliam
1593 2071 1798 2122 Domine,
1830 2070 1913 2112 nisi

1084 2132 1286 2183 teipsum.
1320 2128 1587 2171 Collationes
1605 2129 1785 2169 Patrum
1809 2129 1912 2170 assi-

1085 2185 1171 2228 due
1202 2185 1528 2239 pervolutabat;
1560 2189 1604 2226 et
1634 2184 1801 2226 nullum
1831 2184 1913 2226 fuit

1085 2243 1350 2295 scriptorum
1369 2254 1506 2293 genus
1525 2241 1569 2282 in
1589 2253 1676 2294 quo
1693 2254 1781 2283 non
1797 2245 1914 2283 esset

1085 2298 1413 2350 diligentissime
1467 2299 1678 2340 versatus.
1740 2297 1913 2350 Scripta

1086 2356 1176 2408 ejus
1196 2360 1239 2397 et
1256 2354 1546 2404 multitudine,
1565 2360 1610 2396 et
1627 2354 1849 2403 varietate,
1869 2358 1913 2395 et

1084 2412 1292 2453 facilitate
1328 2410 1576 2464 explicandi
1609 2423 1679 2452 res
1711 2409 1913 2451 difficiles

1085 2468 1196 2510 adeo
1216 2467 1448 2517 excellunt,
1474 2472 1522 2508 ut
1543 2466 1761 2508 uberrima
1779 2471 1912 2519 atque

1084 2526 1337 2577 incorrupta
1354 2523 1469 2564 illius
1490 2522 1706 2573 doctrina,
1732 2535 1831 2564 cum
1847 2535 1910 2564 re-

1085 2581 1239 2623 velatis
1267 2579 1524 2622 veritatibus
1551 2579 1661 2620 mire
1694 2579 1910 2620 consenti-

1085 2650 1174 2687 ens,
1196 2636 1422 2690 aptissima
1441 2636 1498 2677 sit
1517 2634 1574 2677 ad
1594 2636 1788 2676 omnium
1805 2636 1910 2677 tem·

1083 2706 1241 2746 porum
1260 2694 1431 2735 errores
1449 2691 1783 2745 pervincendos.
