2028 2892
732 191 934 226 Dominica
958 191 1003 225 ΙΙ.
1028 190 1353 233 Quadragesimae.

272 287 530 340 Capitulum.
690 289 716 327 l.
732 287 885 327 Thess.
903 287 939 326 4.

193 347 424 453 Fratres:
451 351 676 402 Rogamus
700 360 795 397 vos,
824 352 867 389 et
891 346 1014 388 obse—

296 409 467 448 cramus
502 407 546 448 in
581 405 773 447 Domino
808 404 931 445 Jesu:
969 406 1017 443 ut

194 463 564 515 quemadmodum
586 461 819 515 accepistis
840 473 866 501 a
889 458 1016 500 nobis

194 520 416 572 quomodo
443 532 523 562 vos
552 522 754 572 oporteat
781 516 1016 564 ambulare,

193 581 236 618 et
263 576 438 629 placere
466 577 582 618 Deo:
613 576 677 617 sic
704 579 748 616 et
775 572 1014 621 ambuletis,

194 637 240 674 ut
259 632 488 675 abundetis
506 633 654 683 magis.

502 700 709 751 Hymnus.

345 762 410 804 sol
430 762 593 812 salutis,
612 761 774 803 intimis

352 819 376 860 J
379 832 457 861 esu
476 818 640 870 refulge
660 817 887 867 mentibus,

296 876 412 917 Dum
430 880 560 917 nocte
578 874 704 928 pulsa
722 874 887 926 gratior

297 932 404 974 Orbi
424 932 516 974 dies
535 931 788 974 renascitur.

247 998 366 1040 Dans
386 1003 558 1051 tempus
578 994 858 1049 acceptabile,

296 1055 374 1105 Da,
394 1054 669 1096 lacrimarum
687 1051 837 1093 rivulis

295 1111 464 1152 Lavare
483 1109 630 1152 cordis
649 1109 880 1158 victimam,

300 1168 439 1218 Quam
457 1166 559 1209 laeta
578 1166 734 1207 adurat
753 1164 922 1206 caritas.

249 1234 345 1283 Quo
365 1233 484 1275 fonte
503 1231 694 1273 manavit
711 1230 844 1280 nefas,

296 1289 453 1331 Fluent
472 1290 685 1342 perennes
705 1287 907 1337 lacrimae,

296 1346 342 1388 Si
359 1346 480 1397 virga
497 1344 770 1398 poenitentiae

298 1402 453 1444 Cordis
471 1402 656 1453 rigerem
678 1403 886 1442 conterat.

247 1467 352 1509 Dies
370 1467 499 1517 venit,
519 1466 612 1509 dies
631 1471 716 1516 tua,

297 1524 347 1565 In
368 1537 453 1576 qua
469 1523 677 1565 reflorent
696 1523 855 1565 omnia:

297 1580 517 1622 Laetemur
536 1584 579 1622 et
597 1592 678 1621 nos
696 1579 740 1620 in
758 1579 875 1620 viam

299 1636 396 1677 Tua
414 1636 584 1678 reducti
603 1635 793 1678 dextera.

250 1699 314 1742 Te
332 1713 472 1753 prona
490 1700 640 1742 mundi
657 1700 856 1741 machina

300 1756 499 1798 Clemens
518 1756 673 1798 adoret
691 1757 893 1807 Trinitas,

301 1813 357 1855 Et
375 1826 456 1854 nos
474 1813 577 1855 novi
595 1826 674 1866 per
692 1814 878 1864 gratiam

302 1870 476 1911 Novum
495 1871 700 1966 {namus
719 1870 947 1912 canticum.

550 1938 659 1967 men.

252 1981 303 2031 V.
331 1986 509 2039 Angelis
534 1987 623 2028 suis
648 1987 769 2029 Deus
796 1987 1020 2030 mandavit

200 2043 255 2085 de
273 2049 329 2085 te.
359 2042 410 2094 Rv-
423 2043 481 2085 Ut
500 2043 749 2085 custodiant
767 2049 811 2085 te
828 2044 869 2085 in
888 2045 1020 2085 omni-

200 2099 282 2141 bus
300 2099 381 2141 viis
399 2099 498 2141 tuis.

252 2155 323 2198 Ad
352 2157 513 2199 Bened.
546 2158 645 2200 Ant.
678 2160 928 2214 Assumpsit
954 2162 1021 2203 Je-

201 2229 275 2257 sus
298 2216 322 2242 *
348 2215 587 2269 discipulos
612 2228 731 2266 suos,
759 2222 803 2259 et
826 2217 1022 2260 ascendit

201 2272 244 2313 in
271 2278 485 2322 montem,
517 2277 561 2314 et
591 2273 925 2325 transfiguratus
957 2281 1023 2316 est

201 2332 301 2370 ante
324 2341 412 2370 eos.

532 2375 694 2416 Oratio.

206 2424 386 2530 DeuS‚
425 2433 498 2485 qui
534 2433 754 2486 conspicis
790 2434 907 2474 omni
943 2447 1023 2476 nos

307 2489 464 2531 virtute
487 2489 680 2539 destitui,
706 2489 886 2531 interius
910 2496 1023 2532 exte-

206 2545 382 2596 riusque
418 2546 606 2588 custodi:
647 2551 695 2587 ut
730 2546 786 2587 ab
825 2546 1025 2588 omnibus

205 2599 539 2643 adversitatibus
574 2601 819 2644 muniamur
855 2603 899 2643 in
933 2605 1025 2644 cor-

205 2669 332 2709 pore,
368 2662 411 2698 et
447 2670 472 2698 a
508 2659 654 2710 pravis
691 2658 1026 2710 cogitationibus

205 2713 462 2755 mundemur
480 2714 523 2755 in
541 2720 697 2757 mente.
724 2716 809 2757 Per
827 2715 954 2756 Dfun.

1338 280 1406 317 Ad
1429 280 1631 317 Primam.

1122 337 1222 377 Ant.
1250 333 1455 383 Domine,
1481 333 1506 358 *
1532 331 1700 374 bonum
1723 333 1792 372 est
1814 341 1897 372 nos

1068 391 1140 433 hic
1167 403 1280 433 esse:
1309 391 1346 432 si
1371 390 1454 440 vis,
1482 388 1693 430 faciamus
1716 386 1789 428 hic
1812 386 1897 429 tria

1068 447 1374 497 tabernacula;
1426 445 1506 488 tibi
1549 457 1707 494 unum,
1755 443 1897 495 Moysi

1068 518 1212 555 unum,
1240 509 1284 547 et
1311 503 1419 545 Eh'ae
1446 515 1592 544 unum.

1338 577 1406 614 Ad
1430 576 1632 613 Tertiam.

1125 632 1222 672 Ant.
1255 630 1461 679 Domine,
1491 629 1515 654 *
1545 627 1711 670 bonum
1739 631 1816 668 est.
1849 629 1896 665 ut

1071 701 1203 740 supra
1224 687 1279 727 ad
1300 686 1500 726 Primam.

1123 744 1381 796 Capitulum.
1411 742 1624 784 Fratresz
1659 739 1896 791 Rogamus.

1072 807 1117 842 ut
1145 814 1288 853 supra.

1122 859 1173 911 R'·
1194 858 1254 899 br.
1276 857 1380 910 Ipse
1398 855 1601 898 liberavit
1618 866 1690 896 me
1710 854 1734 880 *
1750 852 1820 894 De
1837 851 1897 893 la-

1072 925 1184 966 queo
1221 913 1483 955 venantium.
1531 912 1645 965 Ipse.
1691 903 1742 957 V.
1778 908 1837 950 Et
1873 921 1899 949 a

1070 969 1206 1012 verbo
1231 973 1401 1023 aspero.
1440 970 1509 1011 De
1533 969 1703 1021 laqueo.
1747 965 1899 1007 Gloria

1070 1027 1200 1068 Patri.
1228 1028 1341 1080 Ipse.

1124 1080 1173 1131 V.
1191 1084 1391 1137 Scapulis
1406 1083 1496 1125 suis
1511 1079 1795 1125 obumbrabit
1807 1078 1899 1122 tibi.

1074 1143 1123 1194 R*-
1143 1141 1199 1182 Et
1219 1141 1300 1183 sub
1320 1141 1475 1194 pennis
1495 1141 1586 1193 eius
1605 1137 1818 1193 sperabis.

1344 1214 1412 1251 Ad
1437 1213 1625 1251 Sextam.

1124 1268 1223 1309 Ant.
1251 1266 1481 1309 Faciamus
1504 1265 1576 1308 hic
1602 1267 1627 1294 *
1649 1264 1735 1307 tria
1756 1263 1899 1307 taber-

1071 1324 1242 1374 nacula,
1266 1323 1347 1366 tibi
1365 1337 1511 1374 unum,
1528 1322 1672 1375 Moysi
1689 1334 1835 1372 unum,
1855 1324 1900 1362 et

1072 1382 1180 1424 Eliae
1199 1394 1342 1422 unum.

1152 1450 1412 1504 Capitulum.
1569 1450 1599 1491 1.
1614 1448 1768 1491 Thess
1783 1448 1823 1489 4.

1166 1526 1231 1554 aec
1250 1518 1318 1555 est
1338 1513 1452 1555 enim
1470 1511 1673 1554 voluntas
1690 1508 1786 1559 Dei,
1805 1521 1899 1550 san-

1184 1569 1393 1611 ctificatio
1420 1573 1584 1611 vestra:
1611 1572 1660 1609 ut
1683 1565 1900 1608 abstinea-

1071 1627 1127 1669 tis
1142 1639 1223 1668 vos
1238 1639 1264 1667 a
1278 1625 1576 1674 fornicatione,
1592 1627 1642 1665 ut
1655 1622 1767 1664 sciat
1780 1634 1902 1664 unus·

1073 1685 1258 1735 quisque
1284 1686 1482 1724 vestrum
1505 1693 1584 1722 vas
1609 1692 1737 1722 suum
1761 1677 1901 1732 possi-

1072 1740 1176 1782 dere
1194 1739 1239 1780 in
1258 1737 1606 1781 sanctificatione
1625 1741 1670 1778 et
1686 1735 1866 1778 honore.

1125 1794 1176 1847 Ιίι.
1197 1793 1258 1835 br.
1281 1795 1482 1849 Scapulis
1500 1795 1591 1836 suis
1613 1794 1638 1819 *
1656 1791 1901 1836 Obumbra-

1071 1853 1136 1895 bit
1150 1852 1242 1895 tibi.
1269 1852 1482 1906 Scapulis.
1509 1843 1562 1897 V.
1574 1851 1633 1894 Et
1649 1849 1731 1893 sub
1745 1848 1901 1903 pennis

1073 1911 1164 1963 ejus
1184 1908 1394 1963 sperabis.
1418 1907 1722 1951 Obumbrabit.
1750 1905 1901 1948 Gloria

1072 1967 1202 2008 Patri.
1230 1966 1440 2020 Scapulis.

1127 2017 1176 2069 V·
1214 2023 1348 2066 Scuto
1388 2021 1677 2065 circumdabit
1713 2025 1757 2062 te
1792 2019 1900 2062 veri-

1074 2085 1142 2122 tas
1166 2081 1267 2133 ejus.
1304 2079 1356 2131 R.
1371 2079 1474 2122 Non
1496 2078 1673 2121 timebis
1696 2090 1723 2118 a
1743 2076 1900 2119 timore

1074 2140 1301 2179 nocturno.

1351 2197 1419 2233 Ad
1442 2197 1626 2233 Nonam.

1128 2250 1229 2291 Ant.
1254 2248 1481 2292 Visionem
1507 2261 1639 2302 quam
1663 2247 1854 2297 vidistis,
1877 2246 1901 2272 ¹⁸¹

1075 2307 1235 2348 nemini
1261 2306 1473 2357 dixeritis,
1502 2306 1644 2348 donec
1666 2317 1692 2346 a
1716 2303 1902 2346 mortuis

1075 2366 1274 2414 resurgat
1292 2363 1428 2404 Filius
1447 2362 1647 2404 hominis.

1132 2431 1391 2484 Capitulum.
1547 2431 1576 2470 1.
1591 2429 1745 2471 Thess.
1761 2428 1799 2468 4.
1813 2427 1854 2470 b.

1079 2485 1229 2592 Non
1257 2494 1372 2535 enim
1398 2494 1574 2536 vocavit
1600 2505 1683 2535 nos
1709 2493 1831 2534 Deus
1858 2490 1902 2532 in

1189 2545 1473 2596 imunditiam‚
1495 2545 1575 2588 sed
1597 2546 1643 2587 in
1661 2543 1902 2587 sanctifica-

1078 2604 1253 2652 tionem,
1267 2603 1310 2643 in
1323 2603 1496 2645 Christo
1510 2603 1534 2643 J
1537 2616 1614 2645 esu
1622 2603 1724 2644 Dr‘io
1738 2604 1902 2642 nostro.

1134 2660 1185 2712 Rl.
1216 2660 1279 2701 br.
1311 2659 1446 2701 Scuto
1482 2657 1773 2701 circumdabit
1802 2662 1847 2699 te
1882 2656 1905 2681 *

1078 2717 1254 2759 Veritas
1276 2717 1378 2768 ejus.
1410 2717 1556 2758 Scuto.
1565 2710 1616 2761 V.
1658 2715 1762 2758 Non
1781 2714 1903 2756 time-
