2028 2892
692 171 760 204 1>oe
786 172 814 205 4.
843 171 977 205 Martii.
1026 172 1060 204 S.
1087 170 1267 204 Casimiri
1292 170 1399 203 (tons.

185 272 271 317 tur,
296 267 340 307 in
364 267 556 319 superna
580 266 820 318 consurgit3
850 267 926 319 qui
944 280 1015 308 au-

186 328 275 365 tem
307 322 419 364 fodit
450 321 798 372 fundamentum,
843 323 900 365 ad
929 323 1016 364 ima

186 379 456 432 deprimitur.
497 379 616 431 Ergo
649 384 693 420 et
719 379 886 421 fabrica
913 385 1016 421 ante

187 435 493 478 celsitudinem
520 435 794 482 humiliatur,
828 441 871 477 et
898 436 1015 477 fasti-

185 493 305 543 gium
328 496 432 546 post
455 491 803 534 humiliatiOnem
827 493 1017 544 erigitur.

244 564 291 614 leg.
307 561 388 603 Isti
408 566 509 603 sunt
527 562 609 603 viri
629 562 780 612 sancti,
802 575 913 614 quos
934 562 1016 603 ele-

186 619 249 670 git
272 618 488 659 D6minus
514 618 557 659 in
583 619 764 670 caritate
790 631 879 660 non
902 618 1018 668 ficta,

188 681 231 717 et
251 674 373 716 dedit
392 674 476 716 illis
492 674 677 726 gleriam
693 675 1018 728 sempiternam:

190 735 211 755 *
227 733 424 782 Quorum
439 731 639 773 doctrina
655 731 793 782 fulget
807 731 1018 781 Ecclesia,

187 794 236 831 ut
262 788 355 830 sole
380 788 493 830 luna.
537 785 581 835 δ”.
607 789 755 830 Sancti
780 801 860 842 per
885 787 1018 830 fidem

187 846 386 887 vicerunt
404 858 554 897 regna,
582 846 754 898 operati
778 850 879 887 sunt
902 846 1017 897 justi-

187 903 304 944 tiam.
361 903 558 953 Quorum
595 901 806 944 doctrina.
870 901 1019 944 Gloria

138 1002 139 1005 ,
187 960 317 1002 Patri.
356 960 554 1009 Quorum
573 959 784 1002 doctrina.

247 1037 373 1070 Lectio
405 1036 453 1068 ix.
487 1036 533 1069 dc
559 1036 730 1070 Humilia
756 1036 879 1071 Feri&-
909 1043 945 1072 ct
974 1038 1019 1072 dc

191 1098 234 1119 cu
259 1087 298 1119 fit
316 1085 630 1118 commemoratio
650 1085 686 1118 in
705 1086 905 1120 Laudibus
924 1092 959 1130 ct
983 1087 1021 1121 in

190 1134 234 1168 ΙΙ.
264 1133 455 1176 Vesperi&

430 1208 779 1236 ———·>-0-÷··——ss

336 1277 569 1340 FESTA
602 1279 879 1341 MARTH.

448 1420 533 1462 Die
552 1421 591 1461 4.
610 1419 767 1461 Martii.

307 1493 351 1534 S.
372 1493 604 1535 casimiri
623 1490 907 1531 Confessoris.

478 1559 740 1603 semiduplcx.

248 1620 385 1654 Omnia
416 1620 463 1655 dc
494 1621 638 1656 Comm.
671 1622 780 1657 Cons.
812 1632 889 1657 non
914 1622 1022 1657 Pont.

194 1671 266 1715 [84]
287 1675 428 1711 practer
451 1679 558 1713 sequ.

531 1724 693 1766 Oratio.

194 1773 376 1880 Deus,
402 1786 477 1839 qui
499 1786 613 1828 inter
636 1784 809 1836 regales
834 1784 1023 1835 delicias,

302 1848 346 1886 et
372 1841 525 1884 mundi
551 1841 796 1892 illecebraS,
824 1846 1024 1883 sanctum

195 1901 454 1943 Casimirum
479 1899 641 1941 virtute
667 1898 928 1940 constantiae
955 1910 1023 1939 ro-

195 1957 378 2000 borasti:
405 1958 671 2008 quaesumus;
703 1960 753 1997 ut
780 1955 870 2007 ejus
895 1955 1023 1996 inter-

195 2015 394 2057 cessi6ne
416 2012 570 2055 fideles
595 2013 659 2054 tui
682 2013 857 2054 terrena
881 2011 1023 2064 despi-

195 2073 326 2122 ciant,
351 2075 395 2113 et
419 2069 476 2112 ad
500 2069 699 2112 coelestia
718 2081 894 2122 semper
912 2070 1023 2121 aspi-

194 2133 302 2171 rent.
328 2128 414 2170 Per
432 2127 681 2169 Dominum.

250 2191 294 2223 Et
321 2191 359 2223 lit
385 2198 580 2222 commem.
607 2188 738 2221 Ferioe.

252 2243 393 2279 Postea
419 2245 453 2277 S.
480 2241 587 2276 Lucii
614 2241 637 2275 Ι.
664 2240 781 2284 Ιίῳιυ
808 2246 843 2274 ct
870 2239 974 2273 Mart.

253 2299 347 2339 Ant-
383 2301 470 2344 Iste
500 2304 678 2342 sanctus
707 2312 789 2352 pro
820 2299 917 2350 lege
942 2299 1025 2341 Dei

197 2359 264 2400 sui
290 2359 475 2405 certavit
500 2370 640 2410 usque
667 2355 724 2398 ad
747 2361 953 2405 mortem,
982 2361 1025 2397 et

198 2428 223 2456 a
243 2414 388 2457 verbis
406 2416 642 2469 impiorum
656 2426 744 2455 non
758 2413 915 2455 timuit:
934 2412 1024 2454 fun-

199 2471 329 2514 datus
353 2473 469 2514 enim
493 2476 587 2514 erat
611 2483 744 2524 supra
762 2470 933 2511 firmam
952 2483 1025 2522 pe-

199 2533 322 2570 tram.

252 2583 302 2632 Y·
338 2588 490 2631 Gloria
527 2595 571 2632 et
601 2589 770 2631 honere
804 2588 1027 2629 coronasti

200 2658 299 2687 eum
331 2645 530 2688 Demine.
585 2644 635 2694 Rg.
674 2646 731 2687 Et
763 2644 1026 2686 constituisti

200 2715 299 2744 eum
319 2714 451 2755 super
471 2704 606 2755 opera
621 2705 829 2744 manuum
842 2703 1027 2743 tuarum.

1412 265 1574 307 Oratio.

1067 322 1234 430 Deus
1255 327 1330 380 qui
1351 339 1434 368 nos
1453 325 1574 368 beati
1592 325 1717 366 Lucii
1736 325 1896 379 Marty-

1173 384 1233 425 ris
1258 384 1322 425 tui
1348 389 1480 436 atque
1503 382 1731 424 Pontificis
1755 383 1898 423 annua

1069 440 1347 483 solemnitate
1360 439 1574 482 laetificas:
1589 438 1783 481 concede
1796 451 1897 491 pro·

1068 498 1215 550 pitius3
1247 502 1296 539 ut
1325 498 1446 549 cujus
1474 495 1669 539 natalitia
1696 495 1898 545 celimus,

1070 553 1127 596 de
1146 554 1342 607 ejusdem
1358 554 1492 595 etiam
1505 553 1782 606 protectione
1796 564 1898 603 gau-

1071 610 1263 653 deamus.
1290 611 1375 653 Per
1393 610 1641 652 Dominum.

1129 681 1171 714 In
1205 680 1229 714 I.
1263 680 1372 714 Noct.
1409 680 1510 714 Lect.
1544 681 1675 715 Justus
1705 677 1741 712 si
1765 682 1899 713 morte.

1079 730 1125 763 de
1150 729 1285 763 codem
1311 728 1514 763 Communi
1540 731 1567 764 1.
1591 725 1779 770 1000.[86]

1302 796 1351 834 In
1378 795 1428 834 II.
1458 795 1680 836 Nocturno.

1380 858 1564 899 Lectio'
1553 872 1606 898 u.

1075 914 1390 980 ’έὸ
1393 917 1546 966 ‚patre
1566 912 1792 963 Casimiro,
1814 925 1903 954 ma-

1097 983 1183 1006 1
1205 976 1273 1013 tre
1287 969 1543 1012 Elisabetha
1557 970 1800 1019 Austriaca,
1818 969 1901 1011 Po-

1075 1020 1129 1052 μ
1116 1012 1183 1046 “²¹
1206 1027 1337 1069 leniae
1356 1027 1533 1079 regibus
1553 1031 1692 1077 ortuS,
1718 1040 1743 1069 a
1760 1028 1902 1080 pueri-

1072 1085 1135 1127 tia
1159 1085 1240 1126 sub
1268 1084 1448 1137 eptimis
1474 1083 1711 1135 magistris,
1737 1083 1903 1153 pietate

1074 1147 1118 1184 et
1136 1142 1265 1184 bonis
1286 1141 1454 1183 artibus
1473 1140 1724 1192 instructus,
1746 1141 1906 1193 juveni-

1072 1199 1138 1241 les
1171 1204 1290 1240 artus
1323 1200 1482 1251 aspero
1512 1196 1724 1240 domabat
1752 1197 1906 1248 cilicio,

1075 1261 1119 1298 et
1170 1254 1357 1296 assiduis
1410 1253 1678 1296 extenuabat
1729 1254 1907 1307 jejuniis.

1075 1312 1203 1364 Regii
1235 1315 1385 1364 spreta
1417 1310 1520 1353 lecti
1551 1310 1755 1361 mollitie,
1797 1310 1908 1352 dura

1075 1369 1266 1411 cubabat
1283 1368 1429 1418 humo,
1450 1372 1494 1409 et
1512 1366 1626 1409 clam
1644 1367 1909 1421 intempesta

1074 1431 1217 1476 nocte,
1235 1438 1330 1478 prae
1346 1423 1515 1466 foribus
1528 1423 1796 1477 templorum
1807 1436 1907 1478 pro·

1074 1497 1158 1525 nus
1176 1483 1221 1523 in
1239 1487 1357 1525 terra
1378 1481 1572 1523 divinam
1593 1480 1806 1523 exorabat
1824 1480 1907 1523 cle-

1075 1540 1294 1581 mentiam.
1321 1539 1373 1580 In
1389 1538 1550 1580 Christi
1569 1537 1909 1591 contemplanda

1075 1597 1282 1650 passione
1301 1594 1518 1645 assiduus,
1541 1594 1778 1636 Missarum
1796 1594 1907 1636 sole-

1077 1653 1205 1694 mniis
1231 1651 1344 1694 adeo
1364 1653 1511 1694 erecta
1532 1651 1577 1692 in
1594 1651 1740 1692 Deum
1761 1655 1908 1693 mente

1077 1709 1250 1751 solebat
1282 1708 1455 1758 adesse,
1492 1712 1541 1749 ut
1574 1712 1698 1749 extra
1730 1720 1778 1750 se
1811 1707 1908 1761 rapi

1075 1765 1307 1808 videretur.

1132 1834 1182 1885 R.
1212 1832 1462 1873 Honestum
1486 1830 1589 1873 fecit
1611 1829 1735 1872 illum
1758 1829 1907 1871 Domi-

1077 1902 1174 1939 nus,
1199 1893 1243 1931 et
1262 1886 1500 1930 custodivit
1520 1900 1619 1929 eum
1637 1886 1693 1929 ab
1712 1885 1908 1936 inimicis,

1078 1951 1122 1988 et
1150 1959 1175 1987 a
1203 1943 1511 1987 seduct6ribus
1537 1943 1697 1986 tutavit
1723 1942 1858 1984 illum:
1885 1945 1909 1969 *

1077 2003 1134 2045 Et
1166 2001 1288 2044 dedit
1319 2001 1382 2042 illi
1413 2000 1658 2043 claritatem
1688 2001 1908 2042 aeternam.

1081 2053 1131 2106 Y.
1159 2059 1184 2100 J
1186 2064 1333 2101 ustum
1366 2057 1550 2100 deduxit
1581 2057 1798 2099 Deminus
1828 2069 1908 2109 per

1078 2117 1171 2158 vias
1190 2120 1351 2165 rectas,
1371 2119 1415 2156 et
1435 2114 1631 2157 ostendit
1648 2113 1711 2155 illi
1726 2125 1909 2165 regnum

1078 2173 1172 2215 Dei.
1199 2173 1257 2214 Et
1276 2171 1410 2214 dedit.

1392 2238 1543 2279 Lectio
1566 2252 1602 2278 v.

1083 2296 1392 2405 Catholicam
1451 2302 1716 2356 promovere
1775 2300 1908 2342 fidem

1171 2361 1450 2412 summepere
1474 2358 1655 2409 studuit,
1684 2362 1728 2400 et
1746 2356 1908 2399 Ruthe-

1079 2420 1235 2459 norum
1271 2416 1460 2458 schisma
1491 2414 1683 2457 abolere:
1722 2415 1907 2467 quapro-

1079 2480 1178 2527 pter
1196 2473 1455 2514 Casimirum
1472 2477 1644 2525 patrem
1661 2469 1842 2519 induxit,
1861 2475 1910 2511 ut

1079 2531 1222 2581 legem
1247 2529 1396 2579 ferret,
1426 2541 1481 2569 ne
1507 2526 1772 2569 schismatici
1794 2539 1910 2568 nova

1079 2593 1200 2640 temp
1203 2585 1244 2627 la
1283 2587 1604 2634 construerent,
1643 2595 1725 2624 nec
1760 2585 1910 2625 vetera

1081 2642 1344 2685 collabentia
1358 2643 1664 2683 restaurarent
1681 2639 1798 2691 Erga
1812 2642 1911 2693 pau-

1080 2713 1209 2753 peres
1242 2705 1286 2741 et
1317 2696 1636 2740 calamitatibus
1669 2697 1910 2750 oppressos
