2066 2956
213 187 307 233 [378]

270 286 350 328 Hic
369 284 526 326 damna
545 296 690 325 rerum
709 282 923 333 flentibus,

318 342 520 383 Famaeve
540 339 919 392 conquerentibus,

316 396 521 440 Abducta
541 409 611 437 res
630 396 875 446 revertitur,

318 454 479 496 Ablata
496 453 611 493 fama
630 451 839 494 redditur.

268 524 349 565 Hic
370 535 531 575 corpus
551 521 841 573 aegritudines,

316 580 510 632 Tempus
529 578 863 629 vicissitudines,

316 635 561 677 Periculum
582 635 804 684 securitas,

315 693 503 734 Mortem
524 692 631 742 fugit
650 692 908 734 mortalitas.

268 763 351 804 Hic
371 762 468 803 viva
486 761 632 812 lingua
651 761 867 814 Martyris,

315 818 401 860 Sed
420 824 539 860 muta
558 830 666 859 voce
687 818 908 869 sanguinis

318 875 529 924 Clamans,
549 879 596 916 ut
615 874 739 923 Abel,
757 875 988 927 improbat,

314 933 513 983 Regique
533 931 695 972 crimen
716 931 963 983 exprobrat.

268 1002 400 1042 Unius
421 1014 447 1042 o
468 1000 524 1043 da
542 1000 744 1050 Trinitas,

314 1058 553 1110 Triumque
573 1057 758 1110 simplex
778 1057 940 1107 Unitas‚

316 1115 375 1156 Ut
396 1114 468 1167 qui
487 1115 511 1155 J
515 1114 642 1155 oanni
662 1114 923 1167 supplicant,

315 1170 368 1213 Id
386 1174 630 1223 impetrent,
652 1170 772 1223 quod
790 1171 997 1222 flagitant.

522 1227 672 1268 Amen.

268 1296 315 1341 V.
337 1293 470 1334 Pesui
490 1293 556 1334 ori
574 1305 673 1334 meo
694 1292 956 1342 custediam,
978 1292 1035 1334 al-

212 1349 351 1402 leluja.
388 1351 436 1401 R.
465 1349 573 1390 Cum
598 1352 856 1391 consisteret
882 1351 1033 1402 pecca·

213 1411 282 1448 tor
301 1404 534 1447 adversum
550 1419 631 1455 me,
651 1406 833 1458 alleluja.

268 1471 335 1512 Ad
355 1471 513 1512 Bened.
535 1472 633 1512 Ant.
659 1471 930 1524 Quicumque
945 1471 1035 1523 glo-

213 1527 446 1570 rificaverit
460 1540 540 1577 me,
555 1527 811 1578 glorificabo
828 1541 942 1569 eum:
963 1528 1036 1580 qui

213 1590 357 1626 autem
376 1586 658 1626 contemnunt
676 1597 756 1634 me,
777 1590 902 1627 erunt
915 1585 1033 1636 igne-

213 1640 333 1690 biles,
352 1640 533 1693 alleluja.

550 1709 710 1750 Oratio.

215 1766 393 1872 Deus,
423 1771 497 1823 qui
521 1771 577 1812 ob
601 1771 809 1813 invictum
827 1771 945 1814 beati
964 1763 1035 1814 Jo-

310 1828 430 1868 annis
468 1828 782 1869 sacramentale
819 1828 1035 1870 silentium

213 1897 327 1926 nova
346 1884 587 1925 Ecclesiam
610 1890 729 1926 tuam
752 1886 947 1938 martyrii
966 1899 1035 1927 co-

213 1943 319 1982 rena
345 1940 578 1982 decorasti:
608 1940 679 1991 da,
707 1947 755 1983 ut
778 1942 868 1994 ejus
894 1944 1034 1984 exem·

212 1996 287 2049 plo
307 2002 350 2038 et
368 1996 688 2046 intercessione,
709 1998 774 2039 ori
793 2003 945 2040 nostro
965 2012 1035 2040 cu-

214 2052 402 2094 stOdiam
420 2054 651 2105 ponentes,
678 2053 837 2104 beatis,
864 2055 937 2106 qui
960 2055 1035 2096 lin-

213 2122 297 2160 gua
316 2122 402 2150 non
422 2114 523 2150 sunt
541 2109 668 2162 lapsi,
692 2113 1036 2153 annumeremur.

214 2165 296 2206 Per
315 2165 561 2207 Deminum.

483 2248 550 2284 Ad
573 2247 774 2285 Tertiam.

273 2311 367 2349 Ant.
394 2309 486 2350 Rex
506 2308 625 2351 dixit.

267 2370 401 2420 Capit.
432 2370 578 2411 Lebia.
598 2376 642 2410 ut
663 2383 805 2422 supra.
829 2372 935 2425 [377]

270 2430 316 2481 Ιςι.
346 2430 405 2470 br.
441 2430 769 2474 Sacramentum
798 2433 913 2483 regis
942 2434 1036 2475 abs-

216 2484 404 2526 cendere
427 2485 589 2528 bonum
614 2493 691 2530 est.
711 2492 730 2513 *
754 2488 954 2541 Alleluia,
979 2490 1035 2531 al-

215 2539 355 2591 leluia.
406 2542 741 2586 Sacramentum.
801 2542 850 2592 ,Υ
889 2546 1035 2599 Opera

216 2601 360 2637 autem
393 2597 473 2639 Dei
506 2600 700 2643 revelare
736 2601 1035 2644 honorificum.

215 2651 411 2704 Alleluia,
431 2653 611 2706 alleluia.
640 2657 790 2699 Gloria
806 2659 935 2701 Patri.
962 2659 1032 2701 Sa-

215 2710 493 2750 cramentum.

577 191 693 225 Aliud
719 191 892 225 Officium
917 193 951 225 S.
972 191 1134 224 ,Ioannis
1160 191 1423 234 Ncpomuccni
1449 191 1556 225 Mart.

1122 328 1125 332 ,
1148 282 1196 334 ,ΥΠ
1219 283 1340 325 Pone
1365 284 1553 326 Demine
1578 282 1824 325 custediam
1848 283 1915 326 ori

1088 352 1199 389 meo,
1221 339 1401 393 alleluia.
1429 344 1479 395 R1.
1490 340 1547 382 Et
1561 340 1721 382 estium
1735 339 1913 382 circum-

1090 396 1264 438 stantiae
1282 395 1410 438 labiis
1429 396 1550 446 meis,
1570 396 1752 449 alleluia.

1363 462 1430 498 Ad
1456 461 1641 498 Sextam.

1144 518 1245 557 Ant.
1274 515 1533 557 Affirmabat
1551 527 1639 556 rex.

1144 577 1400 630 Capitulum.
1573 578 1706 619 Eccli.
1719 579 1784 619 28.
1800 578 1838 620 d.

1090 627 1231 736 Sepi
1259 645 1387 674 aures
1414 637 1512 674 tuas
1540 632 1693 685 spinis,
1724 633 1915 684 linguam

1176 703 1366 742 nequam
1383 689 1474 731 noli
1492 687 1660 739 audire,
1686 694 1731 731 et
1753 693 1819 731 ori
1835 695 1913 732 tuo

1089 746 1222 788 facito
1245 746 1368 796 ostia,
1387 750 1431 787 et
1449 757 1581 787 seras.

1147 808 1195 858 Rg.
1219 807 1280 848 br.
1308 807 1429 848 Pone
1452 806 1643 848 Domine
1667 807 1915 849 custodiam

1091 863 1155 905 ori
1173 875 1288 912 meo,
1311 867 1333 890 *
1351 863 1554 915 Alleluia,
1573 862 1756 915 alleluia.
1783 863 1915 906 Pone.

1092 916 1142 967 ΥΠ
1162 920 1219 961 Et
1243 920 1405 962 ostium
1431 920 1769 962 circumstantiae
1787 919 1914 962 labiis

1088 976 1208 1018 meis.
1237 976 1434 1028 Alleluia,
1456 976 1638 1028 alleluia.
1669 975 1819 1018 Gleria
1836 977 1915 1018 Pa·

1088 1033 1155 1074 tri.
1183 1034 1314 1075 Pone.

1144 1086 1193 1138 ,Υ.
1222 1091 1338 1132 Dixi:
1373 1089 1630 1132 Custediam
1657 1090 1750 1132 vias
1777 1103 1914 1141 meaS,

1087 1147 1270 1200 alleluia.
1318 1150 1367 1200 Rz.
1390 1147 1450 1189 Ut
1475 1159 1564 1188 non
1593 1146 1844 1199 delinquam
1870 1147 1914 1188 in

1087 1204 1233 1255 lingua
1251 1216 1360 1254 mea,
1383 1203 1564 1256 alleluia.

1363 1269 1431 1305 Ad
1454 1270 1638 1306 Nonam.

1143 1325 1240 1365 Ant.
1272 1323 1440 1364 Beatus.

1145 1385 1402 1437 Capitulum.
1598 1385 1728 1427 Eceli.
1743 1386 1808 1426 28.
1825 1385 1863 1426 d.

1091 1442 1291 1548 Anum
1318 1447 1442 1484 tuum
1470 1448 1513 1485 et
1540 1445 1768 1494 argentum
1790 1447 1915 1484 tuum

1193 1499 1353 1550 confla,
1397 1505 1440 1542 et
1477 1499 1623 1542 verbis
1659 1500 1745 1542 tuis
1780 1499 1914 1556 facito

1088 1558 1311 1607 stateram,
1338 1562 1382 1599 et
1405 1556 1552 1598 frenos
1572 1556 1639 1598 ori
1656 1562 1733 1599 tuo
1754 1561 1914 1598 rectos:

1089 1618 1132 1655 et
1181 1612 1356 1655 attende
1403 1626 1459 1655 ne
1505 1613 1618 1655 forte
1665 1613 1828 1656 labaris
1870 1613 1915 1654 in

1087 1670 1245 1721 lingua.
1901 1703 1907 1708 ,

1148 1729 1197 1780 R.
1208 1727 1269 1768 br.
1282 1726 1398 1767 Dixi:
1413 1725 1670 1769 Custodiam
1678 1727 1771 1768 vias
1781 1739 1912 1768 meas.

1091 1786 1113 1809 *
1145 1783 1349 1836 Alleluia,
1382 1782 1564 1835 alleluja.
1608 1783 1721 1824 Dixi.
1774 1780 1824 1832 ΥΤ.
1855 1783 1915 1826 Ut

1089 1853 1176 1882 non
1196 1840 1446 1893 delinquam
1469 1839 1513 1880 in
1530 1839 1676 1891 lingua
1693 1853 1802 1882 mea.
1840 1840 1913 1882 Al-

1088 1897 1233 1950 leluia,
1258 1897 1439 1950 alleluia.
1475 1897 1623 1940 Gleria
1641 1897 1771 1939 Patri.
1801 1897 1914 1939 Dixi.

1143 1950 1190 2001 V.
1213 1955 1348 1996 Posui
1367 1955 1433 1996 ori
1451 1966 1551 1996 meo
1571 1953 1831 2005 custediam,
1855 1953 1912 1997 al-

1088 2011 1227 2064 leluja.
1267 2011 1317 2051 R.
1341 2011 1451 2053 Cum
1476 2012 1735 2052 consisteret
1758 2013 1913 2064 pecca—

1088 2073 1159 2110 tor
1178 2067 1411 2110 adversum
1429 2080 1510 2118 me,
1530 2066 1713 2120 alleluia.

1299 2146 1360 2186 In
1377 2145 1438 2187 11.
1456 2144 1707 2196 vesperis.

1143 2205 1228 2238 Ant.
1254 2209 1289 2239 et
1314 2205 1406 2248 Cap.
1433 2205 1480 2239 de
1506 2205 1623 2241 Laud.
1649 2206 1754 2250 [377];
1786 2207 1846 2242 Ps.
1873 2213 1913 2242 ut

1091 2253 1126 2286 'm
1142 2253 1166 2286 Ι.
1184 2253 1297 2296 Vesp.
1316 2258 1351 2287 et
1369 2254 1454 2288 loco
1475 2254 1551 2296 ult.y
1574 2254 1634 2289 Ps.
1648 2254 1818 2290 Credidi.
1844 2254 1913 2298 [34]

1395 2314 1603 2364 Hymnus.

1090 2370 1228 2475 Jam
1247 2377 1365 2420 faces
1383 2377 1513 2419 lictor
1535 2377 1661 2428 ferat,
1688 2382 1731 2420 et
1749 2378 1913 2419 minan-

1398 2438 1488 2476 tem

1140 2491 1237 2532 Jam
1269 2491 1393 2533 ferox
1426 2503 1592 2542 ensem,
1624 2489 1913 2543 rabidumque

1397 2547 1526 2589 tortis

1142 2604 1339 2646 Vinculis
1358 2604 1535 2654 ferrum,
1563 2617 1687 2646 sacra
1709 2605 1752 2646 ni
1774 2607 1912 2647 sacer-

1397 2659 1479 2703 dos

1242 2717 1407 2760 Abdita
1426 2716 1603 2771 pandat.
