2028 2892
755 170 853 203 Infra
880 172 1062 206 Octavam
1088 173 1258 207 Paschae.

152 258 402 309 Deminum,
417 258 599 311 alleluja,
614 259 796 313 alleluja.
833 262 878 312 Υ,
896 262 979 304 Re-

153 313 411 356 cedentibus
449 314 696 367 discipulis,
737 329 826 358 non
862 330 979 359 rece-

154 370 330 420 debam,
365 374 409 412 et
437 372 599 412 ameris
633 373 724 424 eius
755 373 854 423 igne
886 386 978 415 suc-

153 429 294 478 censa,
309 426 519 468 ardebam
540 428 770 470 desiderio.
794 430 851 471 Et
865 429 980 471 dum.

157 482 307 528 Gloria
323 483 455 524 Patri.
482 484 540 525 Et
560 484 675 526 dum.

207 544 368 585 Bened.
399 539 468 584 Ad
487 541 756 582 societatem.

457 602 607 643 Lectio
630 604 682 642 iii.

257 654 348 693 aria
365 665 470 704 ergo
491 665 590 694 cum
604 653 740 703 fleret,
759 653 981 694 inclinavit

280 721 338 758 se,
358 713 402 750 et
420 710 650 762 prospexit
667 710 712 750 in
730 712 981 751 monumen-

151 768 256 805 tum.
296 765 424 806 Certe
448 765 533 816 jam
556 768 886 808 monumentum
909 768 980 807 va-

153 833 283 861 cuum
298 820 479 871 viderat,
499 822 584 873 jam
598 822 820 864 sublatum
832 822 980 863 Demi-

152 890 257 918 num
274 877 565 920 nuntiaverat:
585 878 691 931 quid
710 883 778 920 est
795 878 915 930 quod
934 891 981 920 se

151 934 310 974 iterum
324 933 513 984 inclinat,
533 937 691 976 iterum
705 934 855 976 videre
871 934 981 976 desi-
1070 950 1141 975 s

153 988 298 1030 derat?
324 989 412 1031 Sed
426 991 590 1032 amanti
605 991 740 1032 semel
754 993 981 1043 aspexisse

151 1057 240 1086 non
260 1045 436 1088 sufficit:
459 1047 561 1098 quia
579 1047 646 1087 vis
665 1047 827 1088 amoris
845 1047 980 1088 inten-
1039 1038 1049 1070 ³³·
1070 1035 1092 1070 Ψ

151 1101 318 1142 tionem
366 1102 628 1155 multiplicat
676 1103 981 1155 inquisitionis.

153 1157 366 1207 Quaesivit
385 1171 490 1209 ergo
509 1159 643 1211 prius,
665 1164 709 1201 et
727 1159 903 1200 minime
921 1159 981 1199 in-

151 1213 290 1255 venit:
326 1216 626 1266 perseveravit
662 1220 711 1257 ut
748 1218 981 1268 quaereret3

150 1269 268 1311 unde
313 1275 357 1312 et
402 1271 608 1322 centigit,
654 1276 702 1313 ut
746 1272 981 1313 inveniret:

150 1329 386 1378 actumque
415 1332 499 1377 est,
526 1332 575 1369 ut
604 1327 822 1370 desideria
848 1327 982 1369 dilata

151 1382 415 1433 crescerent,
442 1387 486 1424 et
509 1385 750 1425 crescentia
773 1386 982 1436 caperent

151 1438 272 1489 quod
290 1438 569 1480 invenissent.

205 1497 268 1537 Te
286 1494 431 1536 Deum
449 1495 690 1537 laudamus.
712 1496 771 1536 15.

204 1553 275 1595 Ad
300 1554 461 1596 Bened.
487 1556 586 1597 Ant.
619 1554 759 1596 Maria
785 1551 930 1594 stabat
957 1552 980 1578 *

151 1606 209 1648 ad
228 1609 560 1648 monumentum
583 1607 778 1660 plorans,
803 1613 847 1650 et
871 1608 981 1650 vidit

152 1662 265 1704 duos
282 1662 478 1714 Angelos
497 1664 541 1704 in
560 1664 682 1714 albis,
703 1664 916 1714 sedentes,
937 1669 981 1705 et

151 1718 378 1760 suderium
398 1719 519 1771 quod
536 1719 678 1762 fuerat
697 1733 829 1773 super
849 1725 981 1773 caput

150 1774 175 1815 J
177 1787 266 1825 esu,
285 1774 467 1827 alleluia.

489 1836 653 1877 Oratio.

241 1899 335 1936 eus,
359 1887 433 1939 qui
453 1886 754 1930 diversitatem
774 1889 981 1931 Gentium

254 1943 300 1983 in
323 1943 597 1985 confessiene
616 1945 680 1986 tui
701 1945 888 1986 nominis
907 1944 979 1986 ad-

152 1998 311 2040 unasti:
339 1998 410 2049 da,
437 2004 487 2041 ut
510 2001 673 2042 renatis
697 2001 818 2042 fonte
840 2001 979 2053 bapti-

152 2055 304 2096 smatis
335 2068 423 2096 una
461 2056 517 2097 sit
548 2056 660 2098 fides
693 2057 905 2098 mentium
937 2061 980 2098 et

151 2114 295 2163 pietas
313 2111 545 2153 actienum.
572 2113 656 2154 Per
675 2112 922 2154 Deminum.

204 2169 276 2211 Ad
290 2170 465 2221 Magnis.
484 2172 583 2213 Ant.
605 2169 819 2211 Tulerunt
832 2169 979 2209 Domi-

152 2235 257 2264 num
278 2235 439 2273 meum,
464 2224 489 2251 *
513 2229 557 2266 et
580 2225 727 2266 nescio
753 2224 827 2266 ubi
849 2236 978 2276 posu-

152 2280 280 2320 erunt
313 2292 431 2320 eum:
467 2280 504 2320 si
535 2285 583 2322 tu
619 2281 834 2322 sustulisti
870 2293 978 2329 eum,

152 2334 287 2377 dicito
316 2335 440 2385 mihi,
475 2336 664 2388 alleluja:
698 2342 742 2378 et
770 2349 851 2387 ego
880 2349 979 2377 eum

151 2391 314 2442 tollam,
342 2391 524 2444 alleluja.

359 2504 393 2540 F
411 2515 435 2540 e
452 2504 499 2540 ri
517 2514 541 2540 a
577 2503 606 2540 S
623 2515 646 2540 e
663 2516 688 2540 x
703 2507 720 2539 t
737 2515 773 2540 a.

202 2558 254 2609 V.
280 2560 475 2602 Surrexit
497 2561 712 2601 Dominus
736 2572 854 2608 vere,
877 2558 977 2599 alle·

150 2614 247 2667 luja.
279 2618 330 2669 R.
360 2617 417 2658 Et
443 2617 648 2669 apparuit
666 2616 839 2664 Simoni,
867 2613 977 2655 allel.

203 2672 332 2713 Pater
351 2677 511 2714 noster.

1792 173 1858 210 265

1088 270 1238 309 Absol.
1268 267 1407 316 Ipsius
1425 267 1577 317 pietas,

1094 325 1249 365 Bencd.
1283 321 1535 371 lwangeliea
1554 323 1695 365 lectio.

1039 380 1188 424 Lectio
1208 381 1346 421 sancti
1367 381 1591 432 Evangelii
1616 385 1856 427 secundum

1313 437 1578 478 Matthaeum.

1144 498 1291 538 Lectio
1319 501 1339 537 i,
1514 504 1752 542 (121w.2½.tl.

1033 542 1110 648 In
1136 547 1211 588 illo
1238 549 1458 600 tempore:
1492 550 1561 591 Un
1595 552 1704 592 ecim
1732 552 1856 595 disci-

1108 603 1201 655 puli
1237 603 1437 647 abierunt
1471 607 1514 647 in
1552 607 1778 649 Galilaeam
1813 610 1855 650 in

1033 664 1243 709 montem,
1271 659 1346 701 ubi
1371 663 1659 704 constituerat
1683 664 1767 705 illis
1790 665 1856 707 Je-

1034 728 1119 756 sus.
1146 715 1203 757 Et
1221 715 1399 768 reliqua.

1124 776 1315 819 llomilia
1345 779 1484 820 sancti
1510 779 1766 832 Hieronymi

1316 834 1578 886 Presbyteri.

1036 893 1115 925 Lib.
1133 894 1162 925 4.
1181 893 1389 928 Commu-nt.
1411 896 1444 927 in
1467 896 1696 930 Manlianum.
1720 896 1754 928 in
1776 896 1855 928 tine.

1148 940 1218 977 ost
1254 938 1618 980 resurrectic'mem
1651 939 1676 980 J
1678 952 1777 981 esus
1813 941 1857 981 in

1163 997 1312 1034 monte
1348 993 1543 1035 Galilaeae
1580 996 1857 1047 conspicitur,

1140 1081 1143 1086 .
1164 1047 1311 1099 ibique
1327 1049 1549 1091 adoratur:
1563 1051 1666 1092 licet
1682 1052 1858 1103 quidam

1035 1103 1257 1154 dubitent,
1291 1109 1334 1146 et
1362 1105 1577 1148 dubitatio
1607 1109 1758 1148 eorum
1784 1121 1857 1149 no-

1034 1164 1170 1200 stram
1188 1163 1347 1211 augeat
1367 1161 1509 1203 fidem.
1542 1163 1666 1204 Tunc
1683 1164 1858 1204 manife-

1035 1216 1144 1256 stius
1172 1216 1417 1259 ostenditur
1444 1218 1644 1275 Thomae,
1675 1224 1719 1261 et
1745 1220 1859 1261 latus

1033 1271 1186 1313 lancea
1203 1273 1491 1325 vulneratum,
1517 1279 1560 1316 et
1578 1288 1730 1317 manus
1749 1276 1860 1317 fixas

1034 1327 1310 1371 demonstrat
1325 1330 1469 1371 clavis.
1488 1331 1718 1373 Accedens
1732 1332 1756 1372 J
1759 1345 1858 1373 esus

1033 1384 1207 1426 locutus
1241 1390 1307 1426 est
1335 1386 1415 1436 eis,
1449 1386 1616 1428 dicens:
1651 1388 1765 1429 Data
1793 1393 1859 1430 est

1032 1440 1138 1480 mihi
1164 1441 1304 1482 omnis
1328 1443 1525 1493 potestas
1549 1443 1593 1482 in
1617 1444 1730 1484 coelo
1753 1448 1796 1484 et
1814 1444 1857 1484 in

1033 1501 1161 1537 terra.
1214 1496 1283 1537 Illi
1311 1499 1510 1549 potestas
1539 1498 1641 1540 data
1671 1504 1754 1549 est,
1784 1500 1858 1551 qui

1032 1552 1165 1604 paulo
1186 1557 1285 1594 ante
1306 1554 1548 1604 crucifixus,
1569 1555 1642 1606 qui
1660 1555 1856 1607 sepultus

1032 1609 1077 1648 in
1107 1609 1296 1658 tumulo,
1329 1610 1403 1660 qui
1430 1612 1627 1652 mertuus
1653 1611 1856 1662 jacuerat,

1034 1664 1108 1716 qui
1126 1667 1283 1716 postea
1301 1666 1548 1707 resurrexit.
1581 1667 1632 1707 In
1651 1667 1764 1708 coelo
1785 1680 1856 1708 au-

1032 1725 1123 1762 tem
1147 1725 1191 1762 et
1214 1721 1258 1761 in
1285 1725 1401 1762 terra
1425 1724 1624 1774 potestas
1650 1722 1751 1764 data
1776 1728 1856 1765 est:

1032 1781 1081 1817 ut
1105 1776 1179 1828 qui
1202 1781 1301 1818 ante
1324 1777 1536 1828 regnabat
1557 1779 1601 1818 in
1625 1778 1754 1828 coelo,
1777 1791 1856 1831 per

1031 1832 1165 1873 fidem
1212 1832 1482 1874 credentium
1528 1839 1680 1885 regnet
1725 1838 1768 1875 et
1811 1834 1855 1874 in

1032 1889 1169 1930 terris.

1086 1951 1136 2002 R..
1166 1945 1356 1996 Surgens
1383 1945 1409 1985 J
1411 1957 1511 1986 esus
1538 1945 1752 1986 Deminus
1780 1957 1852 1986 no-

1032 2005 1137 2050 ster,
1163 1999 1282 2042 stans
1305 2001 1348 2041 in
1370 2000 1516 2042 medio
1541 2000 1853 2053 discipulorum

1031 2058 1226 2106 suerum,
1248 2055 1371 2097 dixit:
1396 2059 1418 2084 *
1436 2057 1528 2097 Pax
1546 2056 1686 2105 vobis,
1706 2055 1851 2096 allelu-

1031 2113 1089 2164 ia:
1121 2112 1260 2163 gavisi
1285 2117 1386 2154 sunt
1413 2111 1615 2164 discipuli
1643 2111 1736 2152 viso
1763 2111 1851 2151 Do-

1030 2168 1160 2217 mino,
1180 2167 1361 2219 alleluja.
1392 2165 1441 2217 V.
1465 2168 1560 2209 Una
1578 2179 1680 2216 ergo
1698 2165 1850 2207 sabba-

1030 2226 1196 2273 terum,
1228 2236 1326 2264 cum
1356 2224 1472 2264 fores
1504 2227 1648 2264 essent
1679 2221 1850 2271 clausae,

1030 2279 1106 2320 ubi
1128 2283 1251 2320 erant
1270 2279 1470 2331 discipuli
1490 2277 1756 2328 congregati,
1780 2289 1850 2318 ve-

1030 2336 1094 2376 nit
1107 2336 1132 2376 J
1135 2348 1245 2385 esus,
1265 2340 1309 2376 et
1328 2335 1447 2376 stetit
1464 2334 1508 2374 in
1526 2332 1671 2374 medio
1688 2334 1850 2382 eorum,

1031 2395 1075 2432 et
1094 2390 1205 2432 dixit
1224 2390 1296 2431 eis.
1323 2391 1414 2430 Pax
1431 2389 1567 2430 vobis.

1084 2450 1244 2491 Bened,
1272 2445 1475 2490 Divinum
1492 2443 1710 2485 auxilium.

1337 2504 1486 2544 Lectio
1508 2504 1546 2542 ii.

1113 2560 1240 2599 untes
1251 2561 1396 2598 autem
1411 2554 1567 2597 docete
1582 2568 1733 2598 omnes
1744 2557 1850 2598 Gen-

1126 2619 1205 2662 tes,
1224 2612 1497 2664 baptizantes
1517 2624 1593 2653 eos
1613 2612 1657 2652 in
1675 2612 1849 2654 nemine

1029 2669 1186 2718 Patris,
1214 2673 1258 2709 et
1282 2667 1393 2717 Filii,
1422 2671 1466 2708 et
1488 2668 1674 2719 Spiritus
1701 2667 1849 2709 sancti.
