2066 2956
79 2706 82 2709 '
149 2702 304 2744 Sancte
323 2703 553 2756 Stephane,

787 176 950 210 Litaniae
974 176 1210 210 Sanctorum.

141 278 272 376 Palter
293 277 348 319 de
367 277 491 340 coelis
509 276 645 326 Deus,
667 275 874 316 miserere
891 288 966 316 no-

224 347 273 375 1s.

141 390 225 432 Fili
250 389 523 442 Redemptor
547 387 698 430 mundi
726 389 864 438 Deus,
892 388 967 428 mi-

193 448 338 489 serere
357 445 495 487 nobis.

142 503 328 601 Spffstus
348 506 498 544 sancte
516 502 647 551 Deus,
667 501 875 542 miserere
893 513 966 542 no-

224 571 272 600 18.

142 617 302 658 Sancta
326 615 519 657 Trinitas
543 628 654 656 unus
678 615 817 664 Deus,
844 614 967 655 mise-

194 674 290 714 rere
308 671 448 713 nobis.

143 730 303 771 Sancta
321 728 469 778 Maria,
490 741 567 770 ora
585 741 668 782 pro
687 727 826 770 nobis.

144 787 304 827 Sancta
321 785 405 826 Dei
426 784 637 835 Genitrix,
880 797 968 825 013.

143 842 303 883 Sancta
319 840 459 892 Virgo
478 842 704 892 virginum,
882 853 969 882 ora.

144 899 303 940 Sancte
321 896 519 949 Michael,
881 910 969 938 ora.

145 954 302 995 Sancte
322 953 513 1004 Gabriel,
882 966 970 995 ora.

145 1010 302 1052 Sancte
321 1009 533 1062 Raphael,
882 1023 970 1051 ora.

147 1066 310 1108 Omnes
343 1067 482 1107 sancti
514 1066 671 1118 Angeli
706 1071 749 1108 et
777 1066 970 1108 Archan-

196 1126 292 1178 geli,
312 1128 437 1168 orate
455 1136 538 1177 pro
558 1123 696 1165 nobis.

147 1183 309 1225 Omnes
334 1181 472 1224 sancti
490 1181 722 1223 beaterum
741 1179 972 1232 spirituum

198 1239 384 1290 erdines,
837 1239 971 1278 orate.

146 1296 304 1338 Sancte
322 1296 346 1337 J
349 1298 513 1337 oannes
532 1295 745 1347 Baptista,
883 1306 971 1334 ora.

146 1353 304 1394 Sancte
323 1352 347 1393 J
350 1351 500 1405 oseph,
884 1362 971 1391 ora.

147 1408 310 1450 Omnes
338 1408 478 1449 sancti
503 1406 770 1449 Patriarchae
800 1411 843 1448 et
866 1407 970 1447 Pro-

196 1465 354 1518 phetae,
838 1465 972 1504 orate.

146 1522 305 1563 Sancte
321 1521 462 1569 Petre,
884 1531 971 1560 ora.

146 1578 304 1620 Sancte
323 1577 469 1627 Paule,
884 1589 971 1618 ora.

146 1634 304 1676 Sancte
323 1633 512 1682 Andrea‚
884 1646 971 1674 ora.

146 1690 304 1732 Sancte
323 1690 348 1731 J
350 1689 499 1740 acebe,
885 1702 971 1731 ora.

147 1747 304 1789 Sancte
323 1747 347 1787 J
349 1749 524 1795 oannes,
883 1759 971 1788 ora.

146 1803 303 1845 Sancte
321 1802 503 1852 Thoma‚
883 1816 971 1844 ora.

145 1859 304 1901 Sancte
322 1859 347 1900 J
349 1859 498 1907 acebe,
883 1872 971 1901 ora.

145 1915 302 1957 Sancte
320 1915 533 1968 Philippe,
883 1929 971 1957 ora.

146 1971 303 2013 Sancte
321 1971 655 2022 Bartholomaee,
883 1985 971 2014 ora.

146 2028 306 2069 Sancte
324 2027 542 2078 Matthaee,
883 2042 971 2070 ora.

147 2084 305 2125 Sancte
321 2084 482 2134 Simon,
883 2098 971 2126 ora.

146 2140 303 2182 Sancte
322 2139 559 2190 Thaddaee,
883 2154 971 2183 ora.

146 2196 304 2238 Sancte
323 2196 498 2246 Mathia,
883 2210 971 2239 ora.

146 2253 304 2295 Sancte
324 2252 538 2302 Bernaba,
883 2267 971 2295 ora.

147 2309 303 2351 Sancte
324 2310 453 2357 Luca,
884 2323 970 2351 013.

147 2365 304 2407 Sancte
324 2366 481 2414 Marce,
884 2379 971 2408 ora.

149 2421 310 2464 Omnes
331 2422 469 2463 sancti
488 2422 694 2474 Apostoli
715 2428 758 2464 et
777 2423 970 2474 Evange-

198 2478 321 2528 listae,
341 2481 466 2520 orate
484 2491 566 2531 pro
586 2478 722 2520 nobis.

149 2533 310 2576 Omnes
351 2535 489 2577 sancti
528 2535 743 2588 Discipuli
783 2535 971 2586 Demini,

200 2593 322 2632 orate
341 2604 423 2643 pro
442 2591 581 2633 nobis.

150 2645 311 2687 Omnes
330 2649 468 2689 sancti
487 2649 760 2697 InnocenteS,
837 2650 971 2689 orate.

883 2717 972 2745 01⁸3.
990 2724 994 2729 ·

1746 178 1844 222 [203]

1018 275 1177 317 Sancte
1194 275 1412 326 Laurenti,
1433 288 1511 317 ora
1528 288 1610 328 pro
1629 275 1768 317 nobis.

1019 332 1176 374 Sancte
1195 332 1409 382 Vincenti,
1757 345 1844 374 ora.

1018 389 1167 431 Sancti
1181 388 1376 430 Fabiane
1397 394 1440 430 et
1456 388 1726 440 Sebastiane,
1752 391 1845 430 ora-

1070 451 1114 487 te
1133 458 1215 499 pro
1235 445 1374 487 nobis.

1020 503 1167 544 Sancti
1185 502 1209 543 J
1211 504 1375 543 oannes
1395 507 1438 544 et
1456 503 1601 552 Paule,
1713 504 1846 544 orate.

1020 559 1167 601 Sancti
1187 559 1346 601 Cosma
1366 563 1408 600 et
1427 559 1651 608 Damiane,
1711 561 1847 600 orate.

1020 616 1165 658 Sancti
1186 615 1372 657 Gervasi
1392 620 1435 657 et
1454 616 1636 665 Protesi,
1713 617 1847 657 orate.

1021 673 1183 714 Omnes
1203 673 1341 714 sancti
1359 672 1585 724 Martyres
1714 674 1847 714 orate.

1020 730 1178 772 Sancte
1198 729 1416 778 Silvester,
1760 741 1848 769 ora.

1020 787 1178 828 Sancte
1199 787 1397 837 Gregeri‚
1762 797 1848 826 ora.

1021 843 1179 885 Sancte
1198 843 1417 892 Ambr6si,
1760 854 1848 882 ora.

1021 900 1179 942 Sancte
1198 901 1453 951 Augustine,
1760 911 1848 939 ora.

1021 956 1179 998 Sancte
1198 957 1478 1009 HierOnyme,
1763 968 1850 996 013.

1022 1013 1178 1055 Sancte
1197 1013 1394 1063 Martine,
1762 1024 1849 1053 ora.

1022 1070 1180 1111 Sancte
1198 1069 1393 1119 Nicolae,
1762 1081 1850 1109 ora.

1025 1126 1187 1168 Omnes
1224 1126 1362 1168 sancti
1392 1125 1629 1167 Pontifices
1666 1130 1709 1166 et
1741 1125 1850 1166 Con-

1075 1183 1276 1232 fesseres,
1717 1184 1851 1223 orate.

1024 1239 1186 1281 Omnes
1206 1239 1346 1281 sancti
1364 1240 1596 1289 Doctores,
1717 1240 1851 1280 orate.

1023 1296 1180 1338 Sancte
1199 1296 1375 1345 Antoni,
1763 1308 1851 1336 013.

1024 1353 1181 1394 Sancte
1201 1352 1451 1401 Benedicte,
1762 1364 1850 1393 ora.

1024 1409 1182 1450 Sancte
1202 1408 1437 1458 Bernarde,
1763 1421 1851 1449 ora.

1024 1465 1181 1506 Sancte
1199 1465 1440 1514 Dominice,
1763 1477 1851 1506 ora.

1024 1521 1181 1563 Sancte
1201 1522 1443 1571 Francisce,
1763 1534 1850 1562 ora.

1025 1577 1187 1619 Omnes
1212 1578 1351 1620 sancti
1373 1577 1635 1619 Sacerdetes
1660 1583 1702 1619 et
1726 1577 1849 1619 Levi-

1075 1640 1144 1684 tae,
1167 1636 1290 1676 orate
1309 1647 1391 1687 pro
1411 1634 1551 1676 nobis.

1025 1691 1187 1732 Omnes
1204 1691 1343 1733 sancti
1356 1691 1560 1732 Monachi
1576 1696 1619 1733 et
1634 1692 1850 1739 Eremitae,

1716 1750 1850 1790 orate.

1022 1802 1183 1845 Sancta
1201 1803 1338 1846 Maria
1357 1804 1625 1856 Magdalena,
1761 1818 1848 1846 ora.

1023 1859 1180 1901 Sancta
1198 1861 1382 1911 Agatha,
1762 1874 1848 1902 ora.

1023 1915 1181 1957 Sancta
1200 1917 1345 1967 Lucia,
1760 1930 1847 1959 ora.

1022 1971 1181 2014 Sancta
1199 1973 1359 2025 Agnes,
1760 1987 1847 2015 ora.

1023 2028 1182 2071 Sancta
1202 2030 1387 2080 Caecilia,
1759 2042 1847 2071 013.

1022 2084 1181 2127 Sancta
1200 2086 1443 2137 Catharina,
1761 2099 1847 2127 013.

1024 2141 1182 2184 Sancta
1200 2143 1444 2192 Anastasia,
1761 2156 1847 2184 ora.

1025 2197 1186 2240 Omnes
1211 2205 1373 2241 sanctae
1392 2199 1596 2250 Virgines
1616 2203 1659 2240 et
1677 2198 1847 2249 Viduae,

1713 2258 1847 2297 orate.

1024 2311 1186 2353 Omnes
1201 2313 1347 2354 Sancti
1363 2317 1406 2353 et
1422 2312 1592 2353 Sanctae
1606 2311 1700 2361 Dei,
1718 2311 1846 2353 inter—

1075 2366 1216 2410 cedite
1235 2381 1318 2421 pro
1338 2367 1476 2409 nobis.

1021 2424 1244 2477 Propitius
1277 2431 1390 2475 esto,
1429 2437 1561 2477 parce
1598 2423 1724 2466 nobis
1756 2425 1844 2466 De-

1074 2494 1199 2531 mine,

1022 2536 1244 2589 Propitius
1259 2542 1365 2586 esto,
1381 2536 1539 2578 exaudi
1553 2549 1634 2578 nos
1648 2537 1846 2580 Demine.

1022 2593 1093 2634 Ab
1114 2594 1231 2634 omni
1250 2593 1377 2643 malo,
1396 2593 1534 2634 libera
1552 2606 1634 2635 nos
1648 2595 1846 2637 Demine.

1022 2649 1093 2691 Ab
1114 2650 1231 2691 omni
1248 2651 1443 2702 peccato,
1698 2651 1846 2693 libera.

1022 2705 1092 2747 Ab
1112 2706 1175 2747 ira
1193 2711 1278 2755 tua,
1697 2707 1846 2749 libera.
