2066 2956
650 175 823 210 Officium
850 186 1012 218 parvum
1036 176 1077 210 B.
1103 177 1234 211 Mariae
1259 179 1363 220 Vir-g.

155 275 277 328 plum
304 274 498 324 Domini,
529 274 766 315 sacrarium
794 274 981 326 Spiritus

156 332 308 373 sancti:
333 330 426 373 sola
446 331 538 372 sine
559 330 759 383 exemplo
779 330 982 382 placuisti

156 388 347 430 Domino
374 392 527 441 nostro
555 386 579 427 J
582 399 659 428 esu
686 386 877 428 Christo:
905 399 982 428 ora

154 457 237 497 pro
273 443 458 497 pepulo‚
494 443 706 484 interveni
736 455 818 495 pro
851 443 980 493 clero,

155 500 377 547 intercede
390 512 471 553 pro
485 499 647 541 deveto
660 499 847 540 femineo
863 512 981 540 sexu.

206 556 342 610 Kyrie
375 556 548 598 eleison.
601 555 776 598 Christe
806 556 981 597 eleison.

157 613 288 666 Kyrie
309 613 484 655 eleison.

208 664 258 716 V.
294 670 508 712 Dominus
544 669 782 711 vobiscum.
833 668 883 720 Rz.
924 669 981 710 Et

157 739 256 768 cum
274 727 429 779 spiritu
446 731 534 768 tuo.

487 781 651 824 Oratio.

155 834 338 940 DeuS,
367 839 441 891 qui
466 838 521 881 de
545 839 688 881 beatae
711 839 862 881 Mariae
885 840 981 881 Vir-

259 896 371 947 ginis
390 899 515 938 utero
530 895 728 937 Verbum
746 901 880 946 tuum,
894 898 980 937 An-

157 952 255 1004 gelo
283 953 525 1003 nuntiante,
557 965 732 994 carnem
759 955 982 1006 suscipere

156 1008 352 1050 voluisti:
386 1014 550 1062 praesta
581 1009 852 1062 supplicibus
871 1010 981 1059 'tuis3

157 1071 204 1107 ut
233 1066 308 1118 qui
342 1078 445 1107 vere
482 1078 578 1107 eam
606 1065 873 1107 Genitricem
899 1066 983 1107 Dei

157 1121 392 1172 credimus,
431 1123 521 1174 ejus
555 1120 673 1175 apud
704 1127 748 1163 te
778 1123 982 1164 interces-

157 1178 351 1220 sionibus
376 1178 639 1231 adjuvemur.
672 1178 757 1220 Per
781 1178 983 1220 eumdem

157 1234 377 1277 Christum
394 1236 631 1277 Deminum
649 1239 858 1277 nostrum.

207 1292 258 1344 R.
285 1292 438 1334 Amen.

204 1344 290 1388 Pro
312 1346 490 1387 Sanctis.
525 1349 623 1390 Ant.
645 1349 794 1391 Sancti
813 1349 908 1390 Dei.
934 1354 982 1390 ut

155 1414 297 1455 supra.
326 1405 431 1458 [167]

428 1471 497 1507 Ad
518 1472 719 1511 Primam.

214 1521 306 1564 Ave
323 1522 472 1564 Maria.

208 1574 257 1623 V.
284 1579 406 1620 Deus
424 1580 468 1621 in
487 1580 761 1633 adjutorium.

464 1642 675 1694 Hymnus.

292 1706 478 1755 ement0‚
496 1719 642 1748 rerum
663 1707 886 1758 Cenditor‚

309 1761 463 1803 Nostri
483 1762 603 1814 quod
622 1763 726 1805 olim
744 1765 942 1817 corporis

233 1818 414 1859 Sacrata
434 1818 488 1860 ab
508 1819 607 1862 alvo
626 1820 822 1872 Virginis

234 1873 468 1916 Nascendo
488 1875 673 1918 formam
692 1878 943 1930 sumpseris.

185 1938 322 1980 Maria
340 1939 479 1981 Mater
497 1941 661 1992 gratiae,

235 1993 388 2036 Dulcis
405 1996 570 2038 Parens
590 1997 842 2048 clementiae,

236 2051 305 2092 Tu
323 2064 404 2092 nos
424 2051 478 2094 ab
497 2051 625 2095 hoste
644 2056 838 2106 protege,

235 2107 292 2149 Et
309 2108 461 2149 mortis
480 2107 590 2150 hora
609 2110 795 2163 suscipe.

184 2172 208 2212 J
211 2186 299 2222 esu,
317 2172 398 2214 tibi
417 2173 472 2215 sit
491 2174 639 2225 gloria,

238 2229 322 2278 Qui
340 2234 468 2271 natus
489 2243 534 2271 es
555 2230 609 2272 de
627 2231 820 2283 Virgine,

238 2286 347 2326 Cum
366 2286 506 2336 Patre,
526 2292 570 2328 et
588 2287 702 2328 almo
722 2288 896 2340 Spiritu,

235 2342 286 2383 In
306 2342 571 2394 sempiterna
591 2343 762 2385 saecula.
943 2365 946 2367 ·

470 2400 624 2441 Amen.

211 2461 310 2502 Ant.
339 2461 582 2513 Assumpta
601 2465 678 2502 est.

424 2526 622 2567 Psalmus
649 2527 715 2566 53.

168 2624 170 2626 .
193 2590 280 2631 ‹-
291 2601 367 2630 eus
387 2589 432 2630 in
448 2590 623 2631 nemine
640 2595 717 2631 tuo
733 2589 900 2630 salvum
914 2601 984 2629 me

169 2676 176 2686 ».
282 2666 284 2679 ·
307 2644 394 2686 fac:
425 2647 450 2672 *
482 2650 526 2687 et
555 2646 600 2686 in
629 2646 791 2687 virtute
822 2650 896 2686 tua
925 2645 984 2696 ju-

172 2692 284 2722 ’ΛΛ
309 2700 406 2742 dica
433 2714 514 2742 me.
982 2719 985 2723 ¹

1086 274 1206 316 Deus
1239 275 1399 317 exaudi
1431 276 1675 317 oraticnem
1705 288 1863 317 meam:

1034 330 1058 355 *
1077 331 1255 372 auribus
1274 332 1454 385 percipe
1474 332 1608 374 verba
1629 332 1718 374 oris
1737 332 1833 373 mei.

1087 387 1304 437 Quoniam
1354 388 1483 430 alieni
1533 389 1863 430 insurrexerunt

1035 443 1268 485 adversum
1282 458 1362 494 me,
1383 450 1426 487 et
1443 445 1580 487 fortes
1597 445 1864 498 quaesierunt

1035 500 1224 541 animam
1255 514 1415 542 meam:
1448 502 1471 527 *
1506 507 1549 543 et
1581 515 1669 543 non
1701 514 1863 554 propo-

1035 558 1215 599 suerunt
1252 557 1396 599 Deum
1436 563 1538 600 ante
1579 559 1864 610 conspectum

1035 627 1172 655 suum.

1085 671 1201 713 Ecce
1231 672 1346 713 6111111
1369 672 1491 713 Deus
1519 671 1696 723 adjuvat
1724 684 1811 713 me:
1839 672 1863 697 *

1035 732 1079 768 et
1106 728 1321 769 Dominus
1353 730 1585 780 susceptor
1613 733 1681 769 est
1707 728 1863 769 animae

1034 797 1156 825 meae.

1087 841 1252 883 Averte
1275 841 1390 883 mala
1414 842 1600 883 inimicis
1623 842 1747 883 meis:
1772 841 1796 867 *
1821 846 1864 882 et

1035 898 1079 938 in
1097 899 1282 940 veritate
1301 903 1376 940 tua
1396 898 1602 951 disperde
1622 898 1730 939 illos.

1087 955 1346 996 Voluntarie
1372 955 1630 997 sacrificabo
1653 955 1749 1005 tibi,
1773 955 1796 981 *
1822 960 1865 996 et

1037 1011 1280 1053 confitebor
1325 1012 1489 1053 nomini
1534 1017 1612 1054 tuo
1657 1012 1865 1053 Demine:

1037 1068 1243 1119 queniam
1270 1067 1435 1109 bonum
1463 1073 1545 1110 est:

1088 1125 1305 1174 Quoniam
1339 1138 1392 1166 ex
1430 1125 1549 1166 omni
1582 1124 1864 1166 tribulati6ne

1036 1181 1235 1234 eripuisti
1260 1194 1349 1223 me:
1381 1182 1405 1207 *
1434 1186 1477 1223 et
1506 1194 1639 1234 super
1665 1182 1865 1222 inimicos

1034 1250 1158 1279 meos
1179 1237 1381 1291 despexit
1401 1238 1553 1279 oculus
1572 1251 1707 1280 meus.

1089 1298 1241 1340 Gloria
1259 1299 1390 1340 Patri.

1308 1369 1507 1409 Psalmus
1527 1371 1591 1409 84.

1036 1422 1350 1528 Benedixisti
1380 1439 1569 1481 Domine
1602 1444 1765 1480 terram
1801 1444 1864 1480 tu-

1141 1509 1226 1536 am:
1261 1495 1285 1520 *
1322 1496 1519 1537 avertisti
1564 1496 1865 1548 captivitatem

1036 1552 1184 1594 Jacob.
1461 1600 1463 1611 Ι

1091 1609 1216 1650 Remi
1222 1609 1316 1650 sisti
1326 1609 1599 1661 iniquitatem
1610 1608 1752 1662 plebis
1762 1613 1865 1650 tuae:

1037 1667 1061 1692 *
1085 1666 1299 1718 operuisti
1324 1666 1470 1707 omnia
1495 1667 1678 1718 peccata
1703 1667 1865 1707 eurum.

1088 1727 1298 1778 Mitigasti
1330 1739 1505 1768 ornnem
1536 1726 1646 1767 iram
1677 1731 1813 1767 tuam:
1841 1727 1865 1752 *

1037 1783 1233 1825 avertisti
1260 1783 1315 1824 ab
1343 1783 1409 1824 ira
1433 1782 1742 1834 indignationis
1765 1788 1864 1824 tuae.

1091 1844 1309 1885 Converte
1327 1857 1408 1886 nos
1427 1844 1548 1886 Deus
1568 1844 1771 1885 salutaris
1790 1857 1864 1885 no-

1037 1901 1175 1941 ster:*
1187 1906 1231 1942 et
1250 1902 1399 1942 averte
1418 1901 1527 1941 iram
1545 1905 1668 1942 tuam
1687 1913 1712 1941 a
1726 1900 1864 1942 nobis.

1087 1961 1314 2014 Numquid
1346 1962 1389 2003 in
1421 1964 1633 2004 aeternum
1664 1962 1864 2003 irasceris

1036 2017 1186 2060 nobis?
1212 2019 1236 2044 *
1265 2024 1339 2060 aut
1367 2018 1579 2060 extendes
1607 2018 1717 2059 iram
1744 2022 1864 2058 tuam

1037 2087 1063 2115 a
1081 2075 1362 2126 generatione
1382 2076 1426 2118 in
1445 2072 1793 2127 generationem?

1087 2135 1208 2177 Deus
1250 2141 1299 2177 tu
1336 2137 1574 2178 conversus
1618 2133 1863 2175 vivificabis

1036 2203 1133 2232 nos:
1151 2193 1174 2217 *
1195 2197 1238 2233 et
1261 2192 1388 2245 plebs
1410 2197 1485 2234 tua
1503 2190 1726 2233 laetabitur
1745 2191 1789 2231 in
1807 2195 1863 2232 te.

1090 2252 1284 2294 Ostende
1320 2252 1448 2294 nobis
1480 2251 1669 2293 Demine
1699 2251 1862 2292 miseri-

1037 2307 1234 2350 cordiam
1256 2314 1391 2351 tuam:
1409 2310 1433 2336 *
1458 2313 1501 2350 et
1526 2308 1716 2349 salutare
1738 2312 1863 2349 tuum

1038 2363 1094 2405 da
1111 2365 1250 2407 nobis.

1089 2420 1281 2463 Audiam
1323 2420 1427 2473 quid
1467 2420 1672 2472 loquatur
1713 2420 1758 2461 in
1791 2433 1862 2462 me

1035 2476 1250 2518 Dominus
1273 2477 1408 2518 Deus:
1432 2477 1456 2503 *
1482 2476 1688 2528 quoniam
1713 2475 1861 2529 loque-

1036 2537 1107 2574 tur
1125 2546 1281 2586 pacem
1299 2533 1343 2573 in
1360 2532 1536 2585 plebem
1555 2545 1689 2573 suam.

1088 2590 1145 2631 Et
1176 2602 1308 2642 super
1340 2594 1516 2630 sanctos
1548 2588 1668 2629 suos:
1693 2590 1717 2615 *

1037 2658 1124 2695 eos,
1145 2646 1219 2698 qui
1238 2647 1551 2686 convertuntur
1570 2644 1627 2686 ad
1645 2657 1732 2686 cor.

1087 2702 1403 2743 Verumtamen
1458 2713 1600 2753 prope
1656 2701 1861 2743 timentes

1743 2594 1787 2631 et
1817 2589 1862 2630 in
