2028 2892
680 179 783 213 Infra
808 180 1101 215 Hebdomadum
1128 183 1337 217 Passionis.

184 266 301 308 Felle
320 272 453 319 potus
473 280 577 309 ecce
594 268 785 320 languet:

231 322 376 375 Spina,
395 322 519 373 clavi,
538 323 691 365 lancea

231 378 337 420 Mite
359 392 523 432 corpus
542 381 837 433 perforarunt:
896 405 901 412 ·

230 433 358 476 Unda
378 441 536 485 manat,
556 441 600 477 et
619 450 763 478 cruor:

230 490 379 540 Terra,
399 498 573 544 pontus,
594 498 724 542 astra,
743 494 942 543 mundus,

231 547 328 597 Quo
347 548 548 590 lavantur
568 550 760 591 flumine!

175 613 297 653 Crux
316 613 470 662 fidelis,
491 613 605 655 inter
624 627 776 656 omnes

231 668 379 709 Arbor
397 682 483 710 una
501 669 675 711 nobilis:

231 723 350 765 Silva
368 725 502 766 talem
522 725 640 767 nulla
659 727 828 778 profert

230 779 416 829 Fronde,
437 781 557 830 flore,
576 783 785 832 germine:

230 836 372 877 Dulce
391 836 564 887 ferrum,
585 837 712 879 dulce
732 839 907 888 lignum,

227 891 368 933 Dulce
387 892 561 944 pondus
581 894 807 935 sustinent.

180 955 329 997 Flecte
349 969 496 997 ramos
516 957 648 999 arbor
668 958 767 1006 alta,

230 1011 376 1053 Tensa
394 1012 493 1054 laxa
512 1015 691 1063 viscera,

231 1066 288 1108 Et
307 1068 426 1118 rigor
444 1069 658 1111 lentescat
677 1070 761 1120 ille,

231 1123 371 1172 Quem
391 1123 515 1166 dedit
533 1126 755 1176 nativitas3

230 1179 287 1220 Et
305 1181 482 1233 superni
499 1182 695 1223 membra
715 1183 830 1233 regis

228 1235 382 1277 Tende
402 1237 496 1278 miti
515 1238 674 1290 stipite.

179 1298 282 1340 Sola
302 1299 432 1351 digna
451 1306 500 1342 tu
517 1301 638 1343 fuisti

229 1355 364 1397 Ferre
382 1357 534 1399 mundi
551 1358 787 1409 victimam3

230 1411 377 1463 Atque
397 1418 575 1464 portum
593 1417 847 1466 praeparare

229 1467 347 1508 Arca
366 1468 531 1510 mundo
551 1469 774 1519 naufrago,

230 1523 371 1572 Quam
391 1537 515 1565 sacer
534 1537 664 1566 cruor
683 1525 897 1577 perunxit,

229 1579 372 1620 Fusus
390 1580 507 1630 Agni
526 1583 724 1633 corpore.

174 1642 452 1695 Sempiterna
471 1645 527 1686 sit
545 1644 689 1686 beatae

230 1699 435 1741 Trinitati
453 1700 603 1751 gloria,

229 1755 377 1808 AEqua
395 1756 526 1806 Patri,
546 1757 760 1809 Filioque;

227 1811 314 1852 Par
333 1811 469 1853 decus
487 1812 723 1855 Paraclito:

228 1867 367 1908 Unius
386 1868 596 1920 Trim'que
614 1882 774 1910 nomen

228 1922 401 1966 Laudet
418 1924 690 1973 universitas.
717 1925 870 1966 Amen.

201 1986 251 2036 V,
294 1989 429 2041 Eripe
465 2002 535 2030 me
568 1989 623 2031 de
655 1988 839 2031 inimicis
871 1990 980 2031 meis

151 2042 273 2084 Deus
301 2057 437 2086 meus.
475 2046 525 2097 Rz.
556 2046 613 2086 Et
641 2045 696 2087 ab
721 2046 979 2096 insurgenti-

151 2098 233 2140 bus
252 2099 296 2140 in
314 2113 386 2141 me
403 2100 543 2143 libera
561 2114 642 2142 me.

203 2161 275 2202 Ad
296 2161 458 2202 Bened.
487 2162 586 2202 Ant.
616 2163 667 2202 ln
689 2161 758 2203 die
776 2175 936 2213 magno
956 2163 979 2188 *

152 2214 403 2257 festivitatis
427 2217 573 2259 stabat
591 2218 615 2257 J
618 2230 732 2267 esus,
758 2223 801 2259 et
824 2218 979 2259 clama-

152 2269 228 2311 bat
248 2269 416 2313 dicens:
441 2273 486 2314 Si
508 2274 606 2325 quis
626 2274 731 2323 sitit,
757 2274 903 2314 veniat
922 2273 979 2314 ad

151 2338 232 2376 me,
253 2332 299 2368 et
315 2327 450 2369 bibat.

201 2393 350 2427 Deinde
374 2394 447 2427 dic.
470 2394 619 2427 Preces.
647 2393 699 2427 54.

485 2446 649 2486 Oratio.

151 2494 440 2601 Sanctifica,
487 2501 736 2551 quaesumus
780 2499 978 2547 Domine,

237 2561 389 2597 nostra
431 2555 600 2607 jejunia:
646 2559 689 2596 et
726 2556 980 2596 cunctarum

152 2610 278 2652 nobis
310 2611 625 2661 indulgentiam
655 2610 870 2662 propitius
882 2609 977 2650 ‘lar-
990 2620 994 2625 ·

152 2668 245 2715 gire
265 2666 501 2719 culparum.
529 2667 613 2707 Per
631 2665 878 2706 Dominum.

1083 276 1209 310 Hodie
1236 278 1307 311 dic.
1334 278 1508 312 Officium
1530 280 1703 314 Defunct.

1084 329 1146 361 Ad
1178 329 1303 363 Horas
1328 331 1414 364 Ant.
1444 332 1535 374 Cap.
1567 332 1643 375 [κζ-Κ.
1670 334 1738 369 br..
1771 334 1855 367 l'rc-

1033 386 1096 409 ces
1122 382 1161 410 ut
1187 377 1224 410 in
1249 377 1364 411 l'salt.

1265 457 1343 498 Ad
1361 458 1624 508 vesperas.

1084 527 1172 561 Ant.
1198 533 1233 561 et
1258 528 1318 561 I's.
1344 534 1383 562 ut
1407 530 1445 563 in
1471 530 1585 564 l'sult.
1614 531 1682 566 111.

1088 581 1346 631 Capitulum.
1528 586 1681 625 Jerem.
1700 588 1747 625 11.
1765 587 1802 626 d.

1033 638 1140 741 Tu
1161 652 1320 697 autem,
1345 648 1531 691 Domine
1551 652 1757 702 sabaoth,
1784 654 1856 705 qui

1128 701 1293 752 judicas
1321 705 1444 754 juste,
1474 711 1517 747 et
1543 708 1705 759 probas
1732 722 1856 750 renes

1036 760 1080 796 et
1109 758 1259 807 corda,
1294 760 1465 801 videam
1499 762 1707 804 ultionem
1738 770 1855 804 tuam

1036 824 1089 852 ex
1119 814 1194 853 eis:
1222 815 1300 855 tibi
1330 817 1443 856 enim
1469 818 1659 858 revelavi
1683 832 1855 860 causam

1035 880 1187 917 meam,
1207 870 1391 913 Domine
1411 873 1532 913 Deus
1551 887 1684 915 meus.

1343 937 1550 987 Hymnus.

1151 1005 1279 1045 exilla
1299 1006 1412 1056 regis
1431 1008 1665 1059 prodeunt:

1163 1059 1319 1110 Fulget
1338 1062 1489 1103 Crucis
1507 1066 1770 1116 mysterium,

1113 1115 1208 1164 Qua
1227 1117 1314 1158 vita
1332 1124 1518 1159 mortem
1536 1121 1724 1171 pertulit,

1111 1170 1168 1212 Et
1186 1178 1328 1214 morte
1348 1174 1482 1214 vitam
1501 1177 1694 1227 protulit.

1060 1245 1168 1293 Quae
1188 1245 1412 1288 vulnerata
1432 1248 1596 1289 lanceae

1112 1301 1322 1343 Mucrone
1342 1303 1449 1352 diro,
1470 1306 1695 1346 criminum

1112 1356 1171 1397 Ut
1189 1370 1270 1398 nos
1290 1358 1455 1400 lavaret
1474 1360 1689 1409 sordibus,

1112 1412 1304 1454 Manavit
1323 1414 1450 1464 unda,
1472 1421 1516 1457 et
1535 1417 1754 1467 sanguine.

1060 1485 1246 1536 Impleta
1266 1491 1366 1527 sunt
1387 1500 1484 1538 quae
1505 1489 1693 1528 concinit

1110 1540 1254 1581 David
1272 1541 1391 1582 fideli
1411 1543 1613 1592 carmine,

1109 1596 1310 1638 Dicendo
1332 1598 1594 1639 nationibus:

1111 1653 1328 1703 Regnavit
1349 1666 1373 1693 a
1390 1653 1509 1704 ligno
1528 1654 1659 1695 Deus.

1060 1725 1208 1766 Arbor
1228 1724 1388 1767 decora
1407 1731 1450 1767 et
1466 1726 1640 1777 fulgida,

1111 1781 1277 1822 Ornata
1295 1782 1409 1832 regis
1428 1785 1632 1834 purpura,

1111 1837 1263 1878 Electa
1282 1837 1415 1888 digno
1435 1838 1582 1890 stipite

1110 1892 1221 1933 Tam
1241 1898 1391 1934 sancta
1409 1893 1603 1935 membra
1621 1896 1810 1943 tangere.

1059 1966 1208 2015 Beata,
1228 1967 1348 2017 cujus
1366 1965 1556 2007 brachiis

1109 2021 1305 2062 Pretium
1323 2020 1534 2073 pependit
1555 2021 1713 2069 saeculi,

1109 2077 1280 2118 Statera
1298 2077 1413 2118 facta
1433 2078 1641 2129 corporis,

1109 2132 1317 2184 Tulitque
1335 2132 1531 2184 praedam
1549 2131 1711 2173 tartari.

1059 2204 1096 2243 O
1116 2205 1232 2246 Crux
1252 2217 1332 2246 ave
1351 2217 1452 2257 spes
1471 2205 1609 2254 unica,

1108 2261 1208 2301 Hoc
1226 2260 1442 2312 passionis
1460 2262 1658 2311 tempore

1110 2316 1196 2356 Piis
1215 2314 1384 2366 adauge
1403 2315 1594 2364 gratiam,

1107 2371 1300 2423 Reisque
1319 2370 1416 2412 dele
1435 2369 1624 2411 crimina.

1057 2441 1248 2491 Te,‘fons
1268 2442 1418 2483 salutis
1437 2441 1636 2490 Trinitas,

1110 2497 1338 2540 Collaudet
1357 2496 1495 2537 omnis
1515 2497 1708 2548 spiritus:

1108 2553 1276 2603 Quibus
1296 2552 1445 2592 Crucis
1465 2552 1691 2592 victoriam

1106 2608 1307 2658 Largiris,
1328 2606 1440 2647 adde
1458 2608 1697 2658 praemium.

1336 2661 1487 2703 Amen,
