2066 2904
0 2043 16 2061 ι
6 1904 18 2008 0⁶—-
0 1375 19 1880 «κὴ-Μ’·
4 1312 5 1319 ⁴

597 137 817 190 Commune*
832 154 1042 197 Martyrum
1069 159 1239 195 tempore
1266 150 1456 184 Prisc-hali.
1815 148 1886 193 [51]

173 248 366 292 Homilia
381 247 520 290 sancti
528 245 763 298 Augustini
777 245 1000 299 Episcopi.

268 313 394 349 Tract.
417 313 472 348 81.
497 310 535 346 in
560 311 684 353 ι10311,
708 310 779 344 sub
804 309 901 343 med.

181 365 272 413 ,gs—⁴¹1*
289 371 330 409 je
367 360 600 414 quisquam
635 361 814 414 putaret
845 358 1002 400 saltem

177 427 183 460 1'
204 455 274 478 (
292 411 298 467 1}
322 430 508 472 parvum
567 416 758 470 aliquem
812 415 1002 457 fructum

274 469 298 485 ‘¹
322 486 457 528 posse
476 486 503 516 a
521 475 759 527 semetipso
775 472 1002 526 palmitem

171 531 303 573 ferre:
335 543 436 573 cum
463 530 660 581 dixisset,
693 530 779 571 Hic
805 529 890 571 fert
917 528 1001 569 fru-

173 591 292 629 ctum
318 587 520 638 multum3
546 599 636 628 non
663 587 739 636 ait,
768 586 881 636 Quia
908 585 1001 626 sine

171 657 242 686 me
281 657 439 698 parum
478 643 667 697 potestis
705 643 866 693 facere3
906 641 1000 691 sed,

171 700 294 742 Nihil
327 701 516 754 potestis
548 700 705 742 facere.
758 699 860 741 Sive
895 711 1001 749 ergo

172 770 344 811 parum,
395 758 490 800 sive
533 757 734 806 multum,
787 756 880 797 sine
925 755 1000 796 illo

171 814 268 856 fieri
303 827 392 856 non
429 818 599 867 potest,
639 814 734 856 sine
771 825 859 865 quo
895 811 1003 853 nihil

172 871 269 913 fleri
295 875 461 924 potest:
498 871 600 923 quia
633 870 716 912 etsi
751 882 909 923 parum
941 873 1002 910 31-

172 928 322 970 tulerit
348 927 536 981 palmes,
574 940 674 969 eum
705 930 865 980 purgat
893 927 1002 977 agri-

174 984 282 1034 cola,
308 988 357 1026 ut
384 984 484 1037 plus
513 983 677 1025 afferat.
723 983 891 1025 Tamen
918 982 1003 1023 nisi

172 1041 218 1082 in
236 1041 325 1083 vite
349 1040 576 1090 manserit,
606 1044 650 1082 et
673 1039 832 1081 vixerit
858 1038 914 1080 de
937 1051 1002 1079 ra-

174 1096 287 1148 dice,
321 1096 642 1150 quantumlibet
668 1096 858 1138 fructum
886 1108 912 1136 a
939 1108 1002 1136 se-

172 1156 361 1207 metipso
389 1166 478 1195 non
506 1157 653 1206 potest
679 1153 803 1195 ferre.
845 1153 1002 1203 Quam-

173 1211 239 1252 vis
258 1215 404 1252 autem
423 1209 620 1252 Christus
644 1210 744 1252 Vitis
768 1222 857 1251 non
876 1214 1003 1259 esset,

172 1267 257 1309 nisi
274 1266 407 1309 homo
428 1271 560 1309 esset:
586 1271 733 1308 tamen
755 1267 885 1308 istam
908 1269 1004 1318 gra-

173 1324 279 1365 tiam
297 1323 551 1377 palmitibus
568 1336 658 1365 non
671 1323 903 1376 praeberet,
921 1324 1004 1365 nisi

175 1381 305 1422 etiam
321 1381 444 1423 Deus
465 1385 593 1423 esset.

228 1444 279 1495 R,
309 1438 405 1489 Ego
440 1451 536 1479 sum
567 1437 667 1478 vitis
695 1450 816 1487 vera,
853 1442 897 1479 et
922 1450 1004 1479 vos

174 1494 395 1547 palmites:
421 1499 444 1523 *
472 1494 557 1545 Qui
583 1498 732 1535 manet
761 1494 806 1534 in
832 1507 923 1544 me,
960 1498 1004 1536 et

175 1563 258 1602 ego
277 1551 321 1592 in
334 1563 399 1601 eo,
416 1550 487 1592 hic
506 1550 591 1593 fert
605 1551 795 1592 fructum
809 1550 1003 1600 multum,

175 1607 357 1660 alleluja,
394 1607 575 1660 alleluja.
618 1605 669 1658 V.
700 1608 821 1650 Sicut
854 1607 1005 1649 dilexit

174 1677 245 1707 me
268 1665 416 1715 Pater,
445 1669 488 1707 et
512 1677 593 1716 ego
620 1664 753 1708 dilexi
776 1677 868 1706 vos.
910 1665 1004 1715 Qui.

462 1729 614 1770 Lectio
637 1727 720 1767 viii.

176 1782 387 1890 Verum
416 1782 519 1836 quia
546 1782 608 1824 ita
636 1782 729 1824 sine
755 1782 841 1824 ista
863 1784 1006 1834 gratia

275 1852 365 1882 non
382 1843 533 1893 potest
551 1839 656 1889 vivi,
683 1843 732 1880 ut
756 1843 800 1881 et
822 1853 943 1882 mors
961 1841 1005 1881 in

174 1899 396 1950 potestate
416 1896 472 1939 sit
489 1895 616 1938 liberi
635 1895 817 1937 arbitrii:
844 1896 889 1938 Si
909 1897 1006 1949 quis

175 1954 220 1994 in
235 1966 318 2004 me,
335 1953 487 2006 inquit,
505 1965 595 1994 non
613 1953 839 2004 manserit3
862 1953 1005 1995 mitte-

175 2015 246 2052 tur
269 2010 387 2052 foras
412 2010 525 2052 sicut
548 2009 732 2062 palmes,
762 2014 806 2051 et
825 2011 1006 2060 arescet,

177 2071 222 2109 et
240 2066 448 2119 colligent
466 2079 581 2116 eum,
610 2070 654 2108 et
675 2066 719 2107 in
742 2066 888 2117 ignem
910 2067 1005 2108 mit-

175 2128 288 2173 tent,
316 2128 361 2165 et
388 2122 524 2165 ardet.
563 2122 703 2174 Ligna
731 2124 880 2175 itaque
904 2123 1006 2164 vitis

176 2185 301 2223 tanto
334 2184 436 2222 sunt
467 2178 867 2232 contemptibiliora
897 2180 934 2220 si
962 2180 1006 2220 in

176 2238 264 2279 vite
283 2250 371 2278 non
389 2236 644 2286 manserint,
665 2240 828 2288 quanto
848 2236 1005 2287 glorio-

177 2294 294 2335 siora
317 2294 354 2335 si
375 2293 626 2335 manserint.
667 2293 869 2346 Denique
894 2293 1007 2334 sicut

177 2350 233 2393 de
255 2350 324 2392 his
349 2350 480 2392 etiam
502 2362 583 2403 per
606 2349 884 2392 Ezechielem
901 2350 1005 2391 Pro-

176 2407 357 2461 phetam
395 2407 611 2448 Dominus
654 2406 775 2457 dicit,
819 2409 1007 2460 praecisa

178 2464 306 2506 nullis
325 2463 614 2515 agricolarum
637 2463 790 2506 usibus
809 2468 1007 2516 prosunt,

177 2521 306 2563 nullis
324 2519 552 2562 fabrilibus
571 2519 780 2573 operibus
796 2519 1007 2572 deputan-

179 2582 260 2619 tur.
287 2579 432 2620 Unum
451 2577 506 2619 de
526 2576 699 2619 duobus
717 2577 888 2630 palmiti
907 2578 1007 2617 con-

1053 247 1185 296 gruit,
1205 250 1280 287 aut
1299 246 1415 296 vitis,
1434 251 1509 288 aut
1526 247 1653 297 ignis:
1677 246 1715 288 si
1732 246 1776 287 in
1795 247 1884 288 vite

1053 315 1143 344 non
1159 307 1236 353 est,
1254 302 1300 343 in
1313 302 1412 354 igne
1430 303 1527 345 erit:
1544 307 1594 345 ut
1609 316 1714 354 ergo
1729 303 1773 344 in
1787 303 1887 354 igne

1054 372 1142 401 non
1162 360 1229 409 sit,
1248 359 1292 399 in
1311 359 1400 401 vite
1420 359 1487 401 sit.

1110 417 1159 469 R.
1195 415 1382 457 Candidi
1413 415 1519 458 facti
1552 421 1654 457 sunt
1684 416 1888 457 Nazaraei

1056 473 1157 524 erS,
1181 471 1367 524 allehija:
1395 471 1678 525 splendorem
1697 473 1794 514 Deo
1816 472 1887 515 de-

1056 528 1230 579 derunt,
1259 527 1445 581 alleluja:
1472 531 1492 554 *
1516 529 1574 571 Ε1
1593 529 1706 571 sicut
1727 529 1795 589 136
1817 542 1887 571 60-

1056 585 1221 636 agulati
1240 589 1352 636 sunt,
1371 584 1554 637 alleluja,
1574 585 1686 627 allel.
1716 585 1761 631 δ’.
1781 586 1887 627 Can-

1057 641 1250 684 didiores
1264 642 1375 691 nive,
1390 641 1620 684 nitidiores
1634 642 1758 693 lacte,
1774 643 1887 685 rubi-

1056 698 1290 740 cundiores
1310 698 1444 741 ebore
1463 701 1656 752 antiquo,
1677 699 1887 752 sapphiro

1056 755 1341 808 pulchriores.
1374 755 1442 797 Et.
1480 755 1633 798 Gloria
1654 756 1787 797 Patri.
1821 757 1889 798 Et.

1360 818 1512 860 Lectio
1536 819 1587 858 ix.

1058 873 1140 981 Si
1170 874 1419 915 manseritis
1452 875 1496 915 in
1527 888 1615 924 me,
1651 875 1808 927 inquit,
1847 880 1890 917 et

1134 929 1270 972 verba
1292 943 1391 972 mea
1414 931 1458 971 in
1482 930 1610 972 vobis
1633 932 1890 973 manserint:

1058 986 1369 1039 quodetimque
1389 987 1616 1029 volueritis
1639 988 1816 1041 petetis,
1846 994 1890 1030 et

1055 1043 1133 1085 fiet
1147 1043 1285 1085 vobis.
1304 1044 1523 1086 Manendo
1541 1045 1703 1098 quippe
1718 1045 1762 1086 in
1780 1045 1892 1087 Chri-

1057 1105 1144 1150 sto,
1175 1100 1280 1152 quid
1299 1100 1411 1143 velle
1430 1106 1633 1154 possunt,
1661 1102 1744 1143 nisi
1771 1102 1891 1155 quod

1058 1157 1263 1199 convenit
1283 1157 1483 1199 Christo?
1513 1157 1629 1208 Quid
1652 1158 1764 1200 velle
1790 1172 1890 1212 pos-

1058 1219 1159 1256 sunt
1195 1214 1413 1256 manendo
1450 1215 1494 1255 in
1526 1214 1771 1265 Salvatore,
1808 1216 1892 1260 nisi
1937 1252 1940 1255 .

1060 1271 1180 1323 quod
1216 1285 1304 1313 non
1341 1276 1409 1313 est
1445 1271 1634 1313 alienum
1667 1285 1692 1313 a
1724 1272 1889 1315 salute?
1936 1308 1939 1312 ,

1058 1327 1192 1370 Ahud
1213 1329 1376 1381 quippe
1395 1329 1599 1370 volumus
1621 1329 1721 1382 quia
1741 1343 1891 1371 sumus

1058 1384 1101 1425 in
1120 1384 1310 1427 Christo:
1339 1390 1383 1427 et
1412 1385 1530 1427 aliud
1558 1386 1761 1427 volumus
1791 1387 1892 1439 quia

1058 1455 1208 1483 sumus
1241 1441 1385 1484 adhuc
1414 1443 1459 1483 in
1489 1442 1575 1484 hoc
1603 1443 1777 1485 saeculo.
1822 1444 1891 1486 De

1057 1499 1284 1541 mansione
1303 1512 1492 1552 namque
1511 1499 1637 1551 hujus
1654 1500 1804 1541 saeculi
1818 1514 1891 1542 no-

1058 1555 1126 1597 bis
1145 1555 1383 1609 aliquando
1404 1555 1617 1610 subrepit,
1645 1561 1694 1598 ut
1713 1556 1799 1599 hoc
1817 1571 1891 1611 pe-

1057 1614 1219 1663 tamus,
1259 1613 1380 1665 quod
1407 1613 1534 1655 nobis
1564 1626 1653 1655 non
1682 1612 1891 1667 expedire

1058 1672 1288 1711 nescimus.
1325 1669 1413 1712 Sed
1433 1669 1554 1712 absit
1578 1675 1626 1712 ut
1649 1671 1727 1713 fiat
1752 1671 1892 1722 nobis,

1057 1726 1094 1767 si
1113 1728 1339 1768 manemus
1358 1727 1402 1768 in
1423 1727 1609 1778 Christo,
1635 1728 1709 1781 qui
1727 1741 1815 1770 non
1834 1729 1892 1770 fa-

1058 1783 1117 1825 cit
1138 1783 1314 1836 quando
1333 1784 1541 1837 petimus,
1569 1785 1652 1826 nisi
1677 1785 1797 1838 quod
1821 1787 1891 1828 ex-

1057 1841 1182 1894 pedit
1199 1841 1338 1883 nobis.
1395 1841 1458 1883 Te
1477 1841 1633 1883 Deum.
1656 1843 1716 1883 15.

1369 1915 1577 1923 'enmmwmw

1294 1955 1354 1992 IN
1381 1955 1659 1993 COMMUNI

1062 2006 1349 2048 Confessorum,
1374 2005 1589 2047 Virginum.
1616 2010 1651 2038 61
1673 2015 1748 2038 non
1767 2005 1892 2046 Virgi-

1061 2065 1166 2093 num,
1193 2058 1229 2088 61
1253 2053 1523 2088 Dedieationis
1549 2053 1751 2089 Ecclesiae,
1778 2056 1892 2096 atquc
1941 2092 1943 2094 v

1062 2103 1100 2136 in
1133 2102 1260 2137 chtis
1290 2102 1331 2136 B.
1363 2102 1496 2136 Maria:
1525 2101 1569 2135 V.
1599 2101 1791 2143 Tempore
1824 2101 1893 2134 l‘a-

1062 2151 1195 2194 schali‚
1221 2150 1399 2185 Officium
1423 2151 1464 2184 fit
1488 2155 1528 2184 ut
1556 2149 1716 2184 inferius
1742 2149 1779 2183 in
1805 2150 1892 2183 aliis
1941 2181 1943 2184 ,

1061 2199 1317 2242 temporibus:
1351 2198 1419 2233 sed
1454 2198 1609 2232 additur
1639 2208 1756 2231 unum
1786 2200 1889 2236 Alle-

1058 2247 1137 2290 luia
1164 2247 1203 2281 in
1227 2247 1301 2280 fine
1326 2247 1375 2280 ad
1396 2246 1681 2287 Invitutorium‚
1708 2245 1810 2280 Ant..
1836 2240 1892 2286 Y..

1063 2301 1099 2329 ct
1115 2296 1158 2339 Ην.
1184 2295 1367 2329 Similiter
1390 2299 1425 2328 61
1447 2294 1485 2327 111
1502 2293 1779 2336 Responsoriis
1803 2299 1893 2336 post
1940 2331 1942 2334 ,

1064 2343 1266 2378 Lectiones
1296 2343 1582 2378 Nocturnorum
1613 2346 1699 2375 31116
1728 2341 1891 2376 Versum

1062 2392 1155 2435 (R-R.
1190 2391 1325 2426 brevia
1361 2401 1452 2425 vero
1483 2390 1676 2424 Horarum
1714 2389 1894 2424 dicuntur

1064 2450 1123 2482 63,
1148 2450 1237 2484 qua:
1262 2440 1299 2473 in
1320 2438 1520 2483 praedictis
1539 2438 1818 2473 Communibus
1837 2450 1892 2473 sc-

1064 2488 1189 2522 cundo
1207 2487 1294 2522 1060
1312 2491 1520 2530 ponuntur,
1547 2491 1586 2520 ut
1608 2486 1735 2524 infun:
1762 2491 1798 2520 ct
1815 2491 1892 2521 tres

1063 2536 1208 2570 Psalmi
1233 2536 1412 2569 dicuntur
1434 2535 1470 2568 in
1494 2535 1668 2578 quolibet
1684 2535 1794 2570 Noct.
1820 2536 1891 2570 sub

1062 2585 1186 2627 prima
1211 2584 1298 2619 Ant.
1323 2584 1428 2617 illius
1453 2583 1651 2618 Nocturni.

781 2677 1298 2723 ,ψ
