2028 2892
747 195 917 229 Sabbato
942 192 989 226 ad
1015 190 1251 225 Matutinum.

234 299 341 339 Cum
356 295 581 348 judicatur,
601 295 728 334 exeat
744 290 1003 333 condemna-

181 359 266 396 tus:
284 355 308 381 *
327 357 371 393 et
399 350 543 392 oratio
573 350 663 401 ejus
690 348 768 389 fiat
790 347 834 387 in
852 347 1004 399 pecca-

181 416 285 452 tum.

233 469 361 510 Fiant
379 467 473 509 dies
489 467 580 518 ejus
594 465 737 518 pauci:
747 466 771 491 *
782 468 825 505 et
840 462 1004 514 episco-

182 527 335 578 patum
353 524 445 575 ejus
464 522 650 574 accipiat
666 521 787 561 alter.

232 585 360 625 Fiant
376 583 455 624 filii
476 583 565 634 ejus
585 580 783 634 Orphani:
798 580 822 605 *
838 583 881 620 et
895 589 1006 619 uxor

182 642 273 692 ejus
291 639 435 681 vidua.

235 700 453 741 Nutantes
472 698 789 740 transferantur
808 694 886 736 filii
906 694 1006 745 ejus,

184 761 228 798 et
263 754 527 796 mendicent:
555 755 578 780 *
612 758 656 794 et
693 752 917 804 ejiciantur
952 750 1006 791 de

182 810 526 853 habitationibus
546 809 646 850 suis.

234 871 460 912 Scrutetur
470 870 710 911 foenerator
721 879 894 909 omnem
909 865 1006 907 sub-

184 927 391 969 stantiam
411 926 515 978 ejus:
533 927 557 952 *
577 930 620 966 et
646 924 855 977 diripiant
878 922 1008 964 alieni

185 983 360 1025 labores
382 982 483 1034 ejus.

235 1043 337 1084 Non
355 1042 412 1083 sit
430 1042 492 1082 illi
507 1040 697 1093 adjutor:
714 1042 738 1068 *
757 1052 838 1081 nec
857 1039 914 1080 sit
934 1039 1009 1091 qui

184 1099 445 1140 misereatur
463 1097 642 1150 pupillis
661 1097 762 1148 ejus.

236 1159 364 1199 Fiant
381 1157 473 1199 nati
493 1158 583 1208 ejus
602 1157 645 1197 in
665 1155 903 1198 interitum:
923 1155 946 1181 *
965 1154 1009 1194 in

184 1214 469 1266 generatione
500 1226 585 1254 una
617 1213 814 1255 deleatur
850 1223 1009 1251 nomen

184 1283 285 1323 eJuS.

237 1331 288 1371 In
324 1329 580 1371 memoriam
615 1327 768 1369 redeat
802 1327 1010 1379 iniquitas

184 1391 359 1439 patrum
380 1386 470 1437 ejus
493 1386 538 1426 in
558 1385 801 1436 conspectu
818 1383 1010 1424 Domini:

185 1444 209 1469 *
230 1446 273 1483 et
291 1443 523 1494 peccatum
547 1440 701 1481 matris
722 1440 812 1491 ejus
828 1451 917 1480 non
938 1438 1009 1480 de-

116 1520 118 1522 >
184 1497 337 1539 leatur.

236 1558 363 1599 Fiant
387 1561 540 1598 contra
562 1555 801 1597 Dominum
825 1567 1011 1607 semper,

188 1618 231 1654 et
249 1613 472 1665 dispereat
495 1611 551 1653 de
572 1617 691 1653 terra
708 1611 919 1652 memoria
941 1612 1010 1652 eo-

187 1682 297 1709 rum:
315 1670 339 1695 *
357 1680 440 1720 pro
461 1680 513 1709 eo
535 1667 654 1720 quod
674 1679 763 1708 non
783 1672 849 1708 est
869 1679 1011 1708 recor-

189 1724 320 1766 datus
339 1723 483 1765 facere
502 1722 858 1765 misericerdiam.

240 1784 296 1825 Et
325 1787 584 1836 persecutus
613 1788 680 1824 est
707 1782 928 1823 hominem
952 1785 1011 1822 in-

190 1852 336 1892 opem,
355 1844 399 1881 et
417 1839 681 1888 mendicum,
699 1840 723 1866 *
742 1842 787 1880 et
805 1841 1012 1890 compun-

190 1900 309 1937 ctum
330 1895 464 1937 corde
480 1895 756 1937 mortificare.

240 1955 298 1996 Et
318 1955 471 1997 dilexit
488 1954 860 2005 maledictionem,
880 1960 924 1996 et
943 1956 1011 1996 ve-

190 2011 281 2052 niet
301 2011 355 2052 ei:
374 2012 398 2038 *
417 2016 462 2052 et
483 2011 623 2052 noluit
647 2010 1012 2061 benedictionem,

190 2071 235 2108 et
253 2066 531 2118 elongabitur
550 2066 605 2108 ab
625 2079 688 2108 eo.

241 2126 299 2168 Et
331 2125 474 2168 induit
507 2125 861 2168 maledictionem
899 2128 1013 2169 sicut

191 2182 518 2231 vestimentum,
551 2184 575 2209 *
605 2187 649 2223 et
683 2182 864 2224 intravit
900 2184 1013 2225 sicut

192 2250 305 2289 aqua
339 2238 383 2278 in
418 2237 625 2279 interiora
664 2238 774 2289 ejus,
818 2244 862 2280 et
901 2239 1013 2281 sicut

193 2292 336 2334 oleum
353 2293 395 2334 in
413 2294 586 2335 ossibus
605 2294 707 2344 ejus.

244 2352 342 2393 Fiat
369 2354 409 2394 ei
436 2354 549 2395 sicut
576 2353 897 2403 vestimentum,
927 2367 1013 2406 quo

193 2410 404 2459 operitur:
420 2411 444 2436 *
465 2414 509 2450 et
527 2410 641 2451 sicut
657 2421 780 2459 zona,
801 2423 886 2461 qua
905 2423 1013 2452 sem-

193 2475 273 2514 per
290 2465 581 2515 praecingitur.

241 2522 343 2586 .H.⁰0
363 2535 474 2575 opus
493 2527 664 2574 eorum,
684 2525 759 2577 qui
780 2524 1014 2567 detrahunt

194 2577 300 2618 m1h1
325 2578 442 2630 apud
464 2580 714 2622 Dominum:
738 2582 762 2609 *
787 2586 830 2622 et
855 2581 929 2633 qui
955 2581 1013 2621 lo-

197 2635 388 2684 quuntur
422 2635 535 2676 mala
579 2636 790 2679 adversus
826 2637 1014 2678 animam

196 2701 349 2729 meam.

1107 286 1164 327 Et
1187 290 1237 326 tu
1261 283 1463 331 D6mine,
1489 279 1679 321 Domine
1706 277 1775 319 fac
1795 289 1884 334 me-

1058 355 1157 384 cum
1184 344 1368 394 propter
1395 349 1556 378 nomen
1582 340 1722 376 tuum:
1739 334 1763 360 *
1782 332 1886 385 quia

1058 397 1204 439 suavis
1226 401 1293 438 est
1310 391 1616 436 misericordia
1633 395 1720 432 tua.

1109 453 1269 495 Libera
1287 464 1358 492 me
1378 450 1481 502 quia
1502 449 1683 500 egenus,
1714 450 1759 487 et
1781 457 1886 498 pau-

1058 523 1137 563 per
1165 522 1249 561 ego
1277 521 1389 550 sum:
1406 507 1431 532 *
1451 510 1495 547 et
1520 517 1598 546 cor
1618 515 1766 544 meum
1787 513 1886 542 con-

1058 566 1282 608 turbatum
1302 568 1369 605 est
1386 563 1502 603 intra
1519 573 1603 602 me.

1110 622 1231 663 Sicut
1252 620 1408 661 umbra
1426 631 1526 660 cum
1546 615 1749 665 declinat,
1770 613 1887 655 abla-

1058 683 1130 720 tus
1159 691 1271 718 sum:
1292 678 1316 704 *
1335 680 1379 717 et
1408 677 1621 716 excussus
1649 683 1747 712 sum
1773 670 1888 712 sicut

1059 734 1256 776 locustae.

1112 790 1267 832 Genua
1293 801 1392 829 mea
1418 786 1638 828 infirmata
1665 787 1768 825 sunt
1788 795 1814 824 a
1833 782 1888 843 ie·

1060 847 1193 898 junio:
1211 847 1235 873 *
1254 849 1298 886 et
1324 856 1428 886 caro
1454 855 1554 884 mea
1571 841 1804 882 immutata
1821 842 1888 880 est

1059 907 1244 955 propter
1266 901 1422 942 oleum.

1111 959 1168 999 Et
1197 970 1279 1009 ego
1306 957 1448 998 factus
1475 967 1573 996 sum
1600 950 1890 1006 opprobrium
1914 985 1919 989 .

1061 1015 1165 1055 illis:
1192 1015 1216 1041 *
1242 1013 1447 1055 viderunt
1473 1023 1556 1061 me,
1585 1014 1630 1052 et
1655 1009 1891 1050 moverunt

1062 1071 1207 1123 capita
1226 1083 1316 1111 sua.

1113 1126 1287 1179 Adjuva
1311 1138 1382 1167 me
1400 1124 1590 1166 Domine
1608 1122 1731 1163 Deus
1749 1132 1891 1161 meus:

1062 1184 1085 1209 *
1101 1183 1270 1224 salvum
1287 1195 1357 1223 me
1376 1181 1445 1222 fac
1464 1178 1707 1222 secundum
1723 1175 1891 1218 miseri-

1063 1239 1260 1280 cordiam
1278 1243 1410 1279 tuam.

1114 1295 1171 1336 Et
1197 1295 1338 1336 sciant
1366 1294 1469 1345 quia
1493 1304 1647 1333 manus
1674 1294 1751 1332 tua
1778 1288 1892 1331 haec:

1063 1352 1086 1377 *
1107 1356 1150 1392 et
1169 1356 1218 1392 tu
1235 1350 1424 1392 D6mine
1442 1348 1586 1391 fecisti
1606 1359 1713 1389 eam,

1114 1407 1380 1448 Maledicent
1400 1405 1481 1455 illi,
1510 1408 1554 1446 et
1571 1409 1622 1445 tu
1638 1400 1892 1445 benedices:

1063 1465 1087 1490 *
1106 1463 1181 1515 qui
1199 1463 1430 1514 insurgunt
1449 1462 1494 1502 in
1511 1473 1601 1510 me,
1625 1456 1892 1501 confundan-

1062 1524 1148 1560 tur:
1176 1532 1330 1560 servus
1354 1522 1503 1560 autem
1527 1521 1630 1558 tuus
1657 1512 1893 1556 laetabitur.

1114 1575 1358 1617 Induantur
1392 1574 1468 1626 qui
1499 1571 1738 1614 detrahunt
1766 1567 1894 1618 mihi,

1062 1631 1253 1684 pudore:
1280 1632 1304 1657 *
1333 1635 1378 1672 et
1405 1629 1662 1683 operiantur
1689 1626 1804 1668 sicut
1830 1623 1892 1666 di-

1063 1687 1214 1740 ploide
1233 1687 1492 1728 confusione
1511 1697 1600 1726 sua.

1116 1743 1372 1785 Confitebor
1389 1741 1583 1783 Domino
1602 1738 1733 1780 nimis
1751 1737 1797 1779 in
1816 1749 1895 1778 ore

1063 1812 1179 1841 meo:
1197 1800 1220 1826 *
1243 1803 1287 1841 et
1304 1799 1351 1840 in
1372 1798 1520 1840 medio
1546 1796 1786 1838 multotum
1804 1793 1893 1835 lau-

1065 1855 1180 1897 dabo
1201 1869 1311 1897 eum.

1116 1912 1230 1962 Quia
1254 1912 1395 1953 astitit
1424 1923 1450 1952 a
1478 1909 1646 1952 dextris
1672 1905 1894 1962 pauperis,

1064 1968 1087 1993 *
1106 1973 1154 2009 ut
1175 1968 1343 2009 salvam
1362 1968 1527 2009 faceret
1546 1979 1572 2008 a
1593 1962 1893 2019 persequenti-

1063 2023 1147 2065 bus
1171 2024 1359 2065 animam
1378 2037 1531 2065 meam.
1596 2023 1598 2025 ’

1068 2149 1076 2157 .
1117 2092 1216 2132 Ant.
1254 2092 1512 2135 Confitebor
1541 2091 1734 2133 Domino
1765 2088 1895 2130 nimis

1065 2162 1108 2189 1n
1129 2161 1207 2191 ore
1225 2162 1338 2191 meo.

1115 2221 1163 2261 In
1186 2220 1453 2270 Quadrages·
1476 2213 1529 2265 V·
1556 2222 1691 2263 Scuto
1713 2221 1894 2262 circum-

1066 2278 1187 2320 dabit
1206 2284 1249 2320 te
1270 2278 1430 2320 veritas
1450 2279 1551 2330 ejus.
1579 2276 1631 2328 R·
1652 2277 1755 2319 Non
1773 2276 1894 2319 time-

1064 2334 1133 2376 bis
1151 2348 1177 2375 a
1195 2335 1354 2375 timore
1374 2338 1602 2376 nocturno.

1115 2401 1268 2452 Temp.
1287 2400 1518 2441 Passionis.
1556 2393 1606 2445 V.
1637 2403 1707 2444 Ne
1733 2402 1896 2455 perdas

1066 2472 1166 2499 cum
1196 2459 1341 2510 impiis
1369 2459 1491 2500 Deus
1523 2460 1711 2500 animam
1738 2471 1893 2500 meam.

1064 2513 1114 2563 Ιζι.
1143 2515 1200 2555 Et
1223 2527 1323 2555 cum
1346 2515 1450 2556 viris
1476 2515 1736 2566 sanguinum
1759 2515 1894 2556 vitam

1065 2583 1218 2611 meam.

1117 2636 1270 2687 Temp.
1307 2635 1517 2676 Paschali.
1556 2637 1656 2678 Ant.
1695 2638 1894 2693 Alleluja‚

1067 2694 1249 2747 alleluja,
1278 2694 1461 2747 alleluja.
