2028 2892
554 784 682 825 Feria
708 784 841 825 Sexta
867 788 970 836 post
997 783 1273 825 Dominicam
1298 784 1532 825 Passionis.

683 864 884 914 Septem
912 863 1155 905 Dolorum
1180 864 1232 904 B.
1260 863 1323 904 M.
1350 863 1407 904 V.

886 927 1038 969 Duplex
1064 927 1196 966 maius.

239 998 276 1029 Si
309 998 346 1030 in
376 998 446 1031 hac
479 999 588 1033 Furia
619 1001 825 1035 occurrerit
859 1001 1011 1035 Festum

187 1044 335 1077 altioris
367 1046 461 1078 ritus
492 1058 558 1079 scu
585 1048 800 1088 dignitatis,
833 1054 920 1081 tunc
946 1048 1012 1081 Fc-

187 1097 284 1124 stum
311 1094 463 1134 Septem
491 1094 673 1127 Dolorum
707 1095 1012 1128 transfert—ndum

187 1140 253 1171 crit
283 1140 329 1172 ud
356 1141 566 1173 Sabbatum
593 1143 810 1175 immediate
838 1153 1012 1184 sequens,

188 1197 428 1228 quocumque
464 1188 560 1220 sesto
598 1190 712 1222 etium
743 1190 905 1231 aequalis·
937 1200 1012 1222 nou

187 1239 309 1266 tumen
344 1235 493 1266 altioris
524 1235 619 1268 ritus
650 1248 716 1269 scu
743 1237 942 1277 dignitatis
977 1237 1010 1269 in

187 1292 230 1312 co
271 1281 476 1316 incidente:
519 1283 622 1324 quod
660 1284 691 1316 si
728 1285 927 1317 transferri
964 1284 1012 1317 ud

186 1328 396 1361 Sabbatum
432 1339 510 1362 non
544 1331 688 1372 possit,
733 1332 803 1365 erit
839 1333 1012 1365 omitten-

186 1374 284 1408 dum.

237 1422 277 1454 Si
315 1423 364 1455 ob
398 1424 566 1466 aliquam
601 1436 757 1459 causan]
791 1426 1013 1461 omittendae

189 1475 275 1501 sunt
316 1469 340 1502 Ι.
380 1471 494 1514 N'csp.
539 1473 676 1515 llyxnn.
716 1474 849 1508 Stabat
883 1473 1014 1507 Mater.

187 1516 354 1556 iungitur
383 1528 467 1551 eum
498 1519 636 1555 Sancta
659 1521 791 1555 Mater.
823 1521 872 1554 ad
896 1521 1015 1555 Matu-

185 1564 314 1597 tinum.

405 1627 466 1667 In
486 1627 522 1667 Ι.
542 1627 794 1677 vesperis.

239 1691 324 1723 Ant.
350 1696 386 1724 et
411 1692 502 1734 Cap.
530 1692 575 1726 de
601 1693 719 1727 Laud.
751 1691 827 1726 433.
867 1693 1011 1726 Psalmi

188 1741 226 1769 ut
253 1738 288 1769 in
314 1739 433 1771 Coena
460 1740 613 1772 Domini
640 1740 689 1773 ad
714 1740 829 1782 Vesp.
849 1739 926 1773 229.

497 1796 708 1845 Hymnus.

240 1864 299 1908 ὃ
310 1855 432 1896 tabat
448 1855 589 1896 Mater
608 1854 818 1895 doloresa

243 1910 305 1958 D)
324 1911 456 1951 Juxta
475 1923 650 1951 crucem
669 1910 912 1959 lacrimasa,

289 1967 406 2006 Dum
423 1965 646 2018 pendebat
663 1965 808 2006 Fffius.

244 2031 371 2081 Cujus
391 2031 579 2071 animam
597 2031 855 2080 gementem,

290 2086 614 2135 Contristatam,
634 2090 678 2126 et
697 2085 931 2134 dolentem,

289 2141 576 2182 Pertransivit
594 2141 776 2192 gladius.

240 2209 277 2247 O
299 2217 431 2256 quam
448 2205 585 2246 tristis
605 2209 648 2245 et
667 2205 828 2245 afflicta

288 2260 389 2301 Fuit
407 2259 481 2300 illa
499 2259 733 2301 benedicta

288 2315 430 2356 Mater
448 2314 684 2365 Unigeniti!

240 2384 345 2430 Quae
363 2378 592 2427 moerebat,
613 2382 656 2419 et
676 2377 865 2427 dolebat,

289 2434 367 2474 Pia
387 2434 527 2475 Mater
547 2433 652 2474 dum
670 2433 848 2474 videbat

290 2489 393 2529 Nati
410 2502 566 2540 poenas
584 2489 746 2541 inclyti.

241 2552 343 2600 Quis
363 2557 430 2593 est
448 2552 582 2594 homo
604 2553 678 2604 qui
697 2564 785 2592 non
804 2552 940 2602 fleret,

290 2606 474 2647 Matrem
493 2607 652 2648 Christi
672 2608 708 2648 si
727 2606 896 2648 videret

291 2662 341 2701 In
360 2667 482 2703 tanto
502 2661 742 2715 supplicio?

1122 997 1228 1048 Quis
1246 1009 1334 1038 non
1351 1002 1505 1049 posset
1525 996 1786 1046 contristari,

1173 1052 1335 1093 Christi
1353 1053 1538 1094 Matrem
1559 1051 1847 1104 contemplari

1171 1108 1406 1149 Dolentem
1425 1121 1524 1150 cum
1542 1107 1677 1149 Filio?

1124 1174 1207 1213 l'ro
1227 1172 1420 1224 peccatis
1438 1184 1530 1213 suae
1549 1172 1691 1223 gentis

1171 1227 1295 1269 Vidit
1314 1228 1338 1268 J
1342 1240 1463 1269 esum
1481 1228 1526 1268 in
1545 1227 1786 1276 tormentis,

1170 1283 1227 1324 Et
1247 1283 1429 1334 flagellis
1449 1283 1684 1325 subditum.

1128 1345 1246 1388 Vidit
1265 1360 1392 1388 suum
1412 1348 1585 1389 dulcem
1605 1352 1766 1396 natum,

1171 1402 1400 1444 Moriendo
1422 1403 1681 1452 desolatum,

1169 1458 1287 1499 Dum
1306 1458 1448 1500 emisit
1466 1459 1678 1511 spiritum.

1122 1522 1209 1573 Eia,
1228 1523 1379 1572 Mater,
1399 1523 1497 1564 fons
1517 1523 1691 1573 amoris,

1171 1578 1243 1619 Me
1262 1581 1423 1619 sentire
1442 1579 1531 1619 vim
1550 1578 1718 1620 doleris

1172 1634 1272 1683 Fac,
1290 1639 1339 1675 ut
1357 1638 1504 1675 tecum
1522 1634 1707 1684 lugeam.

1126 1699 1209 1738 Fac
1228 1702 1276 1738 ut
1295 1697 1446 1739 ardeat
1465 1710 1543 1738 cor
1561 1710 1708 1738 meum

1171 1754 1222 1793 In
1241 1753 1430 1794 amando
1451 1753 1672 1794 Christum
1688 1753 1843 1801 Deum,

1171 1809 1230 1850 Ut
1249 1808 1331 1849 sibi
1351 1808 1662 1861 complaceam.
1690 1809 1844 1849 Amen.

1122 1862 1170 1912 Y.
1198 1868 1287 1909 Ora
1310 1863 1392 1920 pro
1411 1868 1540 1909 nobis
1558 1868 1699 1918 Virgo
1720 1866 1894 1908 doloro-

1068 1924 1252 1964 sissima.
1272 1926 1322 1977 R.
1339 1923 1398 1964 Ut
1415 1923 1535 1973 digni
1550 1923 1790 1964 efficiamur
1802 1935 1896 1974 pro-

1067 1979 1347 2020 missiOnibus
1368 1979 1538 2020 Christi.

1123 2038 1190 2078 Ad
1224 2040 1398 2089 Magnis.
1438 2040 1538 2079 Ant.
1586 2039 1725 2080 Tuam
1755 2038 1893 2090 ipsius

1068 2095 1256 2136 animam
1297 2095 1373 2144 (ait
1403 2094 1461 2135 ad
1490 2094 1674 2135 Mariam
1705 2095 1894 2145 Simeon)

1066 2150 1348 2202 pertransibit
1365 2149 1549 2201 gladius.

1399 2217 1561 2257 Oratio.

1153 2286 1248 2322 eus,
1275 2274 1319 2314 in
1345 2274 1465 2325 cujus
1490 2274 1715 2327 passiene,
1743 2277 1893 2315 seeun-

1157 2329 1261 2371 dum
1271 2330 1485 2370 Sime6nis
1498 2330 1787 2382 prophetiam,
1802 2330 1893 2371 dul-

1067 2385 1288 2426 cissimam
1312 2386 1499 2426 animam
1522 2385 1727 2436 gloriosae
1751 2385 1892 2435 Virgi—

1066 2441 1133 2481 nis
1150 2445 1195 2481 et
1208 2440 1360 2481 Matris
1375 2440 1527 2481 Mariae
1543 2440 1708 2481 doletis
1722 2439 1893 2490 gladius

1066 2496 1362 2548 pertransivit:
1381 2494 1576 2537 concede
1595 2496 1826 2547 propitius3
1845 2500 1894 2537 ut

1069 2551 1142 2603 qui
1174 2551 1505 2592 transfixienem
1539 2552 1628 2602 ejus
1659 2555 1702 2592 et
1727 2551 1893 2602 passie-

1067 2619 1167 2647 nem
1186 2606 1437 2647 venerando
1461 2605 1709 2655 recelimus,
1735 2606 1893 2656 glorie-

1069 2662 1127 2702 sis
1171 2661 1338 2702 meritis
1378 2666 1421 2702 et
1460 2661 1665 2713 precibus
1699 2661 1892 2702 emnium
