2028 2892
798 201 838 234 In
866 202 1104 236 Ascensione
1130 202 1294 236 Domini.

464 296 659 337 Psalmus
688 299 752 337 46.

280 371 403 400 mnes
417 360 582 401 Gentes
597 359 793 413 plaudite
808 359 1023 401 manibus:

290 415 314 439 *
333 414 510 467 jubilate
528 417 626 458 Deo
645 416 689 457 in
708 429 818 458 voce
839 416 1022 458 exsulta-

196 470 338 512 tionis.

249 528 464 577 Quoniam
480 528 694 570 Dominus
714 529 922 579 excelsus,
939 534 1021 571 ter-

196 583 347 625 ribilis:
360 586 383 611 ¹⁸¹
394 584 490 626 Rex
505 598 688 636 magnus
702 598 833 638 super
848 598 1021 627 omnem

196 644 368 681 terram.

247 696 438 749 Subiecit
453 697 644 750 populos
658 697 801 739 nobis:
816 699 839 724 *
856 704 899 740 et
911 699 1022 741 Gen-

196 758 263 795 tes
284 753 363 795 sub
383 754 570 807 pedibus
590 755 760 796 nostris.

248 810 391 861 Elegit
409 811 536 853 nobis
558 811 861 854 haereditatem
885 826 1022 854 suam:

196 867 219 893 *
239 868 432 920 speciem
451 867 600 918 Jacob,
621 881 751 920 quam
771 868 932 911 dilexit.

249 924 460 966 Ascendit
474 925 595 966 Deus
614 925 657 966 in
672 925 822 977 jubilo:
838 927 860 951 *
877 932 919 968 et
935 927 1021 968 Do-

195 980 337 1021 minus
355 981 400 1022 in
419 994 528 1024 voce
547 981 677 1024 tubae.

248 1037 427 1080 Psallite
455 1038 552 1080 Deo
581 1045 750 1088 nostro,
778 1039 970 1092 psallite:
998 1041 1020 1065 *

195 1093 369 1147 psallite
388 1095 500 1145 Regi
518 1101 681 1146 nostro,
702 1096 887 1148 psallite.

247 1150 462 1201 Quoniam
477 1152 573 1193 Rex
593 1153 732 1194 omnis
746 1158 875 1194 terrae
885 1153 1020 1195 Deus:

195 1207 217 1231 *
246 1207 420 1259 psallite
449 1209 694 1261 sapienter(

247 1263 465 1314 Regnabit
488 1265 609 1306 Deus
634 1278 765 1318 super
791 1265 972 1307 Gentes:
997 1266 1020 1292 *

194 1318 315 1360 Deus
344 1319 469 1363 sedet
497 1334 628 1374 super
656 1321 806 1364 sedem
825 1327 1020 1364 sanctam

195 1389 328 1417 suam.

247 1433 471 1487 Principes
486 1436 751 1488 populorum
766 1436 1020 1488 congregati

195 1497 294 1533 sunt
328 1504 426 1532 cum
460 1492 557 1534 Deo
592 1492 831 1535 Abraham:
859 1494 882 1519 *
915 1496 1020 1545 quo-

194 1548 309 1589 niam
335 1547 394 1590 dii
418 1548 552 1591 fortes
575 1555 715 1600 terrae,
740 1549 1020 1592 vehementer

195 1604 353 1647 elevati
381 1611 491 1647 sunt.

246 1671 344 1710 Ant.
394 1666 601 1708 Ascendit
637 1667 757 1708 Deus
793 1667 836 1708 in
872 1667 1019 1720 jubila-

194 1722 328 1772 tione,
362 1727 405 1764 et
433 1723 645 1764 Dominus
677 1723 721 1764 in
752 1736 861 1765 voce
889 1724 1019 1774 tubae,

196 1777 378 1830 alleluja.

245 1831 292 1883 V.
318 1834 577 1877 Ascendens
593 1835 790 1879 Christus
810 1837 853 1878 in
873 1837 1017 1888 altum,

194 1890 375 1943 alleluja.
406 1892 454 1943 R».
482 1892 710 1945 Captivam
735 1892 859 1935 duxit
884 1894 1017 1947 capti-

193 1947 383 1998 vitatem,
403 1947 585 2001 alleluja.

269 2032 422 2073 Sermo
446 2032 586 2073 sancti
609 2031 770 2074 Leonis
793 2033 940 2086 Papae.

221 2098 402 2132 Sermone
429 2099 453 2132 1.
480 2099 527 2132 de
554 2099 791 2133 Ascensione
819 2099 982 2134 Domini.

492 2158 643 2199 Lectio
665 2159 715 2198 iv.

202 2243 205 2247 ,
242 2254 271 2259 ,,
299 2223 378 2260 ost
406 2217 579 2260 beatam
611 2225 654 2260 et
686 2219 922 2270 gloriosam
955 2234 1017 2262 re-

229 2269 301 2342 5453}
324 2275 637 2317 surrectionem
670 2276 847 2317 Domini
880 2278 1017 2319 nostri

228 2327 301 2355 ²³³³]
324 2332 348 2372 J
351 2344 428 2373 esu
453 2331 627 2382 Christi,
655 2345 740 2384 qua
765 2345 915 2374 verum
935 2334 1017 2375 Dei

193 2388 404 2440 templum
431 2387 613 2430 Judaica
645 2388 869 2441 impietate
901 2403 1017 2432 reso-

193 2443 348 2493 lutum,
386 2444 532 2486 divina
567 2445 610 2486 in
640 2444 786 2487 triduo
819 2447 1017 2498 potentia

194 2500 438 2550 suscitavit,
473 2501 842 2553 quadragenarius
875 2502 1016 2553 hodie,

194 2554 471 2608 dilectissimi,
489 2561 740 2600 sanctorum
760 2557 927 2600 dierum
947 2572 1016 2600 ex-

193 2611 337 2664 pletus
370 2618 436 2655 est
470 2618 692 2664 numerus,
725 2616 1018 2657 sacratissima

195 2666 467 2711 ordinatione
487 2670 736 2724 dispositus,
764 2677 806 2713 et
832 2671 888 2713 ad
908 2672 1017 2712 utili-

193 2726 329 2766 tatem
364 2732 524 2768 nostrae
562 2727 817 2770 eruditionis
854 2728 1016 2781 impen-

1076 308 1166 337 sus:
1184 301 1243 347 ut,
1264 296 1369 339 dum
1388 310 1413 339 a
1428 297 1619 340 Domino
1639 298 1682 339 in
1700 297 1786 340 hoc
1803 301 1900 352 spa-

1075 353 1136 394 tio
1156 366 1280 395 mora
1299 355 1547 407 praesentiae
1567 355 1810 408 corporalis
1830 368 1898 397 ex-

1075 408 1277 461 tenditur,
1293 410 1404 453 fides
1421 412 1753 453 resurrectionis
1769 411 1899 454 docu-

1074 468 1232 508 mentis
1246 468 1503 509 necessariis
1513 469 1762 510 muniretur.
1781 469 1900 511 Mors

1076 523 1189 564 enim
1207 523 1366 567 Christi
1384 524 1568 567 multum
1587 524 1901 578 discipulerum

1076 579 1211 622 corda
1236 581 1506 623 turbaverat:
1534 587 1577 623 et
1603 580 1658 623 de
1683 581 1900 635 supplicio

1075 637 1230 687 crucis,
1264 636 1320 679 de
1353 638 1584 679 emissione
1616 638 1811 691 spiritus,
1845 637 1900 680 de

1077 694 1309 735 exanimati
1335 694 1533 747 corporis
1559 694 1784 747 sepultura
1807 707 1899 746 gra-

1075 750 1187 791 vatis
1214 750 1513 793 moestitudine
1542 750 1777 802 mentibus,
1811 752 1900 803 qui-

1076 805 1176 848 dam
1191 805 1445 850 diffidentiae
1460 813 1615 861 torpor
1633 807 1901 861 obrepserat.

1128 869 1177 920 R.
1203 864 1399 917 Tempus
1429 869 1511 915 est,
1543 870 1590 906 ut
1618 866 1812 907 revertar
1845 863 1900 907 ad

1075 932 1184 970 eum,
1205 921 1279 973 qui
1298 934 1368 962 me
1393 921 1519 972 misit,
1545 919 1650 963 dicit
1669 921 1900 963 Dominus:

1074 976 1208 1019 nolite
1229 978 1490 1029 contristari,
1505 991 1586 1020 nec
1605 978 1805 1020 turbetur
1825 991 1900 1020 cor

1073 1038 1283 1075 vestrum:
1300 1040 1321 1062 *
1337 1034 1464 1085 Rogo
1480 1047 1562 1087 pro
1578 1034 1704 1076 vobis
1714 1034 1899 1085 Patrem,

1074 1094 1122 1130 ut
1140 1090 1236 1142 ipse
1252 1103 1333 1132 vos
1353 1090 1584 1141 custodiat,
1602 1090 1784 1143 alleluja,
1799 1090 1899 1133 alle-

1073 1145 1170 1198 luja.
1193 1141 1242 1193 V.
1267 1147 1363 1189 Nisi
1379 1160 1461 1199 ego
1482 1147 1642 1198 abiero,
1656 1146 1900 1189 Paraclitus

1072 1216 1161 1244 non
1180 1204 1341 1246 veniet:
1367 1218 1465 1246 cum
1490 1208 1742 1258 assumptus
1765 1204 1900 1254 fuero,

1072 1260 1243 1301 mittam
1261 1260 1386 1303 vobis
1407 1274 1517 1303 eum.
1554 1262 1695 1312 Rogo.

1384 1321 1536 1363 Lectio
1558 1335 1593 1360 v.

1160 1373 1246 1416 nde
1256 1373 1499 1415 beatissimi
1509 1374 1727 1428 Apostoli,
1739 1378 1901 1417 omnes-

1183 1443 1267 1482 que
1287 1429 1506 1483 diseipuli,
1533 1431 1608 1483 qui
1633 1436 1677 1473 et
1701 1431 1756 1473 de
1781 1432 1900 1474 exitu

1073 1487 1214 1529 crucis
1242 1487 1412 1528 fuerant
1439 1486 1616 1540 trepidi,
1650 1493 1694 1530 et
1726 1487 1781 1530 de
1812 1487 1901 1531 fide

1072 1544 1403 1585 resurrectionis
1447 1544 1657 1595 ambigui,
1697 1544 1759 1587 ita
1801 1549 1902 1587 sunt

1072 1600 1256 1642 veritate
1302 1602 1537 1653 perspicua
1581 1600 1797 1652 roborati,
1842 1606 1900 1653 ut,

1071 1656 1263 1698 Domino
1294 1657 1339 1697 in
1368 1656 1580 1699 coelorum
1608 1660 1738 1699 eunte
1770 1656 1900 1700 subli-

1072 1712 1174 1763 mia,
1199 1725 1288 1754 non
1315 1712 1457 1754 solum
1480 1712 1599 1754 nulla
1621 1713 1898 1765 afficerentur

1071 1769 1257 1819 tristitia,
1286 1768 1365 1811 sed
1394 1768 1526 1810 etiam
1550 1782 1710 1821 magno
1736 1769 1898 1821 gaudio

1071 1825 1354 1878 replerentur.
1379 1825 1436 1867 Et
1450 1827 1602 1867 revera
1616 1839 1774 1877 magna
1789 1831 1834 1869 et
1848 1827 1902 1868 in·

1075 1880 1258 1923 effabilis
1279 1886 1371 1923 erat
1391 1894 1522 1923 causa
1541 1882 1774 1933 gaudendi,
1800 1896 1900 1925 cum

1073 1938 1117 1979 in
1144 1940 1385 1991 conspectu
1416 1943 1581 1980 sanctae
1608 1938 1898 1981 multitudinis

1073 2007 1205 2047 super
1229 1995 1422 2036 omnium
1447 1997 1744 2036 creaturarum
1771 1995 1898 2037 coele-

1073 2050 1202 2092 stium
1231 2050 1489 2102 dignitatem
1518 2050 1696 2092 humani
1727 2052 1898 2102 generis

1071 2110 1226 2149 natura
1271 2106 1603 2157 conscenderet,
1649 2121 1898 2161 supergres-

1071 2167 1173 2205 sura
1204 2164 1441 2214 Angelicos
1475 2162 1668 2214 ordines,
1707 2170 1750 2206 et
1785 2164 1898 2206 ultra

1071 2219 1446 2271 Archangelorum
1504 2219 1756 2262 altitudines
1814 2220 1896 2262 ele-

1070 2275 1231 2318 vanda:
1281 2289 1363 2318 nec
1411 2276 1510 2318 ullis
1556 2276 1896 2319 sublimitatibus

1070 2332 1248 2375 modum
1295 2346 1386 2375 suae
1431 2333 1730 2386 provectionis
1775 2332 1895 2375 habi-

1070 2392 1178 2439 tura,
1187 2390 1271 2430 nisi
1286 2390 1439 2431 aeterni
1449 2390 1592 2431 Patris
1605 2391 1784 2442 recepta
1794 2402 1895 2431 con-

1071 2448 1211 2495 sessu,
1243 2445 1358 2487 illius
1391 2446 1543 2497 gloriae
1579 2445 1820 2487 sociaretur
1851 2446 1894 2487 in

1070 2502 1242 2552 throno,
1267 2504 1386 2555 cujus
1411 2506 1579 2544 naturae
1606 2502 1895 2555 copulabatur

1071 2559 1113 2599 in
1142 2559 1263 2600 Fssio.

1125 2620 1171 2670 R:-
1208 2616 1309 2657 Non
1341 2614 1540 2656 turbetur
1573 2627 1650 2656 cor
1682 2620 1893 2659 vestrum:

1072 2685 1152 2723 ego
1182 2671 1295 2713 vado
1325 2671 1380 2713 ad
1409 2671 1599 2722 Patrem;
1633 2676 1676 2713 et
1703 2684 1802 2713 cum
1830 2686 1893 2714 as-

1072 2732 1272 2781 sumptus
1292 2728 1415 2769 fuero
1436 2741 1460 2769 a
1479 2727 1614 2777 vobis,
1633 2728 1802 2770 mittam
1820 2741 1893 2771 vo-
