2028 2892
678 172 778 205 Infra
804 173 1097 208 Heliclcmmdam
1125 176 1333 209 Passionis.

150 266 385 318 credimus,
413 267 470 310 de
497 281 584 321 qua
608 269 784 311 Marcus
811 276 979 324 septem

150 323 371 366 daemonia
389 324 526 376 ejecta
545 325 680 367 fuisse
699 329 896 368 testatur.
924 328 981 369 Et

151 378 258 431 quid
295 392 376 433 per
411 385 583 433 septem
624 381 856 433 daemonia,
897 384 981 425 nisi

150 436 354 477 universa
382 438 488 478 vitia
518 437 823 488 designantur?
868 440 980 490 Quia

150 492 266 533 enim
291 498 462 545 septem
482 493 637 536 diebus
658 507 787 536 omne
806 495 980 549 tempus

150 549 554 601 comprehenditur,
583 555 703 592 recte
728 554 979 604 septenario

148 607 332 646 numero
359 607 621 648 universitas
648 607 870 658 figuratur.
908 610 979 650 Se-

148 665 271 712 ptem
290 674 395 712 ergo
416 662 636 704 daemonia
655 664 794 705 Maria
817 665 979 715 habuit,

149 729 248 768 quae
267 718 484 760 universis
503 720 621 760 vitiis
640 720 771 772 plena
789 721 878 762 fuit.

198 788 249 841 R,
291 782 572 835 Multiplicati
606 789 708 825 sunt
743 785 817 836 qui
847 786 980 827 tribu—

147 837 240 879 lant
266 851 353 888 me,
383 843 427 880 et
451 839 616 881 dicunt:
643 841 745 881 Non
772 846 839 882 est
863 842 980 883 salus

147 893 211 934 illi
229 894 274 934 in
288 894 386 936 Deo
406 896 512 946 eius:
527 903 547 926 *
566 896 765 948 Exsurge
780 897 979 948 Demine,

148 949 319 991 salvum
336 963 407 992 me
427 951 504 1002 fac,
525 952 646 993 Deus
664 966 799 994 meus.
823 954 872 1005 Y,
894 955 936 995 N
939 968 979 996 e-

149 1006 327 1057 quando
348 1005 466 1048 dicat
484 1008 682 1050 inimicus
701 1022 841 1059 meus,
864 1010 979 1052 Prae-

149 1062 267 1104 valui
286 1062 498 1105 adversus
518 1076 628 1105 eum.
656 1065 867 1116 Exsurge.

447 1143 599 1185 Lectio
620 1144 675 1185 iii.

146 1198 275 1307 Sed
306 1214 410 1244 ecce
443 1203 544 1255 quia
575 1203 859 1256 turpitudinis
888 1218 979 1246 suae

234 1258 429 1300 maculas
467 1259 654 1312 aspexit,
699 1260 887 1302 lavanda
924 1261 981 1303 ad

148 1314 316 1355 fontem
332 1315 649 1357 misericordiae
662 1317 865 1366 cucurrit,
881 1330 980 1358 con-

149 1370 349 1412 vivantes
382 1384 471 1412 non
505 1371 689 1413 erubuit.
731 1373 846 1413 Nam
881 1374 982 1425 quia

150 1429 433 1479 semetipsam
468 1427 660 1478 graviter
694 1428 982 1471 erubescebat

149 1482 282 1531 intus,
301 1482 408 1523 nihil
430 1495 528 1524 esse
548 1483 750 1532 credidit,
771 1484 891 1536 quod
910 1498 980 1527 ve-

149 1537 465 1580 recundaretur
483 1539 601 1580 foris.
636 1539 753 1590 Quid
776 1553 881 1592 ergo
904 1542 980 1582 mi-

149 1595 298 1635 ramur
316 1593 497 1636 fratres?
520 1595 705 1636 Mariam
723 1597 981 1647 venientem,

149 1662 206 1691 an
236 1650 477 1692 Dominum
514 1651 853 1704 suscipientem?
883 1653 981 1694 Sus-

150 1706 386 1759 cipientem
422 1706 582 1757 dicam,
621 1721 676 1749 an
711 1708 980 1751 trahentem?

151 1762 240 1804 Sed
270 1762 426 1804 melius
457 1763 705 1806 trahentem
739 1764 901 1814 dicam,
940 1771 983 1807 et

151 1819 478 1871 suscipientem:
520 1820 622 1872 quia
652 1821 855 1862 nimirum
887 1821 981 1874 ipse

151 1887 248 1916 eam
274 1888 356 1927 per
382 1876 733 1918 misericerdiam
763 1878 896 1919 traxit
923 1878 981 1918 in-

150 1935 233 1981 tus,
253 1932 327 1984 qui
345 1944 425 1984 per
443 1932 823 1975 mansuetudinem
839 1936 982 1975 susce-

151 1988 217 2039 pit
234 1988 350 2028 foris.

199 2050 250 2101 R.
285 2049 528 2101 Usquequo
556 2050 821 2092 exaltabitur
844 2051 981 2091 inimi-

152 2117 229 2145 cus
247 2117 371 2146 meus
392 2118 524 2158 super
546 2105 643 2147 me?
660 2109 681 2133 *
707 2107 912 2158 Respice,
938 2112 982 2148 et

152 2160 312 2202 exaudi
344 2174 432 2211 me,
474 2162 664 2204 Domine
695 2163 816 2204 Deus
847 2175 982 2203 meus.

147 2214 198 2264 V.
231 2217 316 2266 Qui
344 2217 556 2259 tribulant
583 2231 669 2268 me,
702 2218 983 2259 exsultabunt

152 2273 188 2313 si
214 2277 364 2314 motus
391 2273 531 2315 fuero:
560 2287 642 2325 ego
669 2280 817 2316 autem
840 2275 883 2314 in
906 2275 981 2314 mi—

152 2329 390 2370 sericordia
424 2334 499 2370 tua
534 2330 736 2382 sperabo.
780 2331 980 2382 Respice.

151 2384 405 2437 Usquequo.

200 2445 253 2493 V.
296 2446 430 2498 Eripe
462 2459 532 2487 me
565 2446 620 2488 de
652 2447 838 2487 inimicis
871 2446 981 2486 meis

153 2501 274 2542 Deus
302 2515 438 2543 meus.
477 2504 527 2554 lxff.
558 2503 616 2544 Et
643 2503 698 2544 ab
726 2502 981 2552 insurgenti-

152 2556 235 2598 bus
253 2558 297 2598 in
315 2571 386 2599 me
406 2558 542 2600 libera
560 2571 641 2600 me.

205 2623 277 2663 Ad
298 2623 459 2663 Bened.
493 2623 593 2662 Ant.
629 2623 839 2673 Magister
863 2620 998 2662 dicits

99 2694 102 2698 <
154 2677 178 2702 ’⁸‘
197 2677 393 2730 Tempus
416 2691 562 2719 meum
586 2691 727 2730 prope
751 2683 834 2727 est,
862 2676 982 2729 apud

1795 179 1860 214 197

1031 275 1076 312 te
1120 272 1235 315 facio
1274 274 1444 317 Pascha
1488 289 1587 318 cum
1631 278 1858 331 discipulis

1031 329 1150 369 meis.

1371 373 1532 412 Oratio.

1032 424 1264 530 Praesta,
1298 437 1547 486 quaesumus
1580 440 1857 491 omnipotens

1127 488 1262 530 Deus:
1295 495 1343 532 ut
1375 491 1562 543 dignitas
1593 494 1856 536 conditienis

1031 543 1234 586 humanae
1258 559 1339 598 per
1363 547 1739 590 immoderantiam
1762 563 1856 591 sau-

1033 600 1162 649 ciata,
1181 601 1454 644 medicinalis
1472 605 1750 656 parsimeniae
1770 610 1856 647 stu-

1033 655 1106 697 dio
1126 657 1397 700 reformetur.
1424 660 1509 700 Per
1526 660 1771 702 Deminum.

1087 713 1133 764 Υ.
1159 718 1293 770 Eripe
1312 732 1382 760 me
1399 720 1588 762 Demine
1608 721 1662 762 ab
1682 721 1857 763 hemine

1031 773 1160 814 malo.
1192 776 1237 826 lx'g.
1258 776 1298 814 A
1318 775 1412 816 viro
1432 777 1580 827 iniquo
1602 777 1720 829 eripe
1739 790 1819 819 me.

1088 840 1155 881 Ad
1182 842 1355 889 Magnif.
1396 843 1491 881 Ant.
1530 838 1759 879 Desiderio
1787 839 1856 879 de-

1034 890 1224 932 sideravi
1244 893 1268 919 *
1291 892 1376 933 hoc
1400 893 1570 934 Pascha
1594 893 1857 935 manducare

1033 947 1271 997 vobiscum,
1291 950 1524 1000 antequam
1544 949 1698 1001 patiar.

1368 1012 1532 1052 Oratio.

1122 1069 1204 1113 sto,
1223 1067 1472 1117 quaesumus
1491 1065 1693 1115 Demine‚
1712 1068 1856 1118 propi-

1118 1121 1205 1163 tius
1226 1121 1345 1174 plebi
1363 1126 1465 1162 tuae:
1484 1125 1542 1170 ut,
1563 1134 1661 1173 quae
1675 1122 1756 1163 tibi
1769 1135 1857 1163 non

1031 1177 1218 1229 placent,
1237 1179 1503 1229 respuentes,
1519 1179 1695 1218 tuarum
1712 1178 1858 1230 petius

1033 1233 1284 1285 repleantur
1304 1232 1666 1275 delectationibus
1685 1233 1858 1275 manda-

1033 1291 1188 1330 torum.
1216 1290 1300 1330 Per
1318 1290 1565 1330 Dominum.

1257 1405 1426 1441 Feria
1454 1407 1644 1443 Sexta.

1032 1461 1186 1501 Lectio
1211 1461 1349 1502 sancti
1371 1461 1596 1511 Evangelii
1619 1461 1859 1503 secandum

1336 1517 1361 1557 J
1363 1520 1559 1558 oannem.

1135 1577 1287 1618 Lectio
1308 1577 1332 1616 i.
1543 1577 1645 1628 Cap.
1661 1579 1711 1617 11.
1727 1578 1751 1617 f.

1081 1651 1109 1677 n
1128 1638 1204 1679 illo
1223 1641 1439 1691 tempore:
1457 1638 1736 1688 Collegerunt
1753 1651 1859 1691 pon-

1094 1695 1235 1736 tifices
1255 1700 1298 1736 et
1316 1695 1521 1747 pharisaei
1542 1694 1773 1735 concilium
1787 1694 1860 1735 ad-

1034 1751 1186 1791 versus
1214 1751 1381 1801 Jesum‚
1415 1755 1458 1792 et
1488 1750 1707 1792 dicebant:
1746 1750 1859 1800 Quid

1034 1805 1236 1856 facimus,
1269 1807 1370 1858 quia
1395 1807 1466 1848 hic
1491 1806 1624 1847 homo
1647 1806 1784 1847 multa
1808 1806 1859 1846 si-

1034 1874 1119 1911 gna
1138 1861 1263 1904 facit?
1290 1863 1347 1904 Et
1366 1862 1545 1914 reliqua.

1032 1938 1224 1980 Homilia
1240 1940 1379 1981 sancti
1389 1939 1623 1990 Augustini
1638 1937 1858 1989 Episcopi.

1097 2004 1221 2037 Tract.
1238 2003 1291 2037 40.
1312 2003 1350 2036 in
1367 2003 1566 2044 Joanncm,
1584 2002 1655 2035 sub
1673 2003 1792 2035 finem.

1059 2070 1098 2111 D
1119 2061 1318 2102 ontifices
1345 2064 1389 2101 et
1417 2059 1622 2111 pharisaei
1648 2057 1729 2098 sibi
1758 2069 1856 2098 con-

1058 2114 1106 2159 [Ψῖ
1137 2117 1352 2158 sulebant:
1375 2128 1458 2156 nec
1480 2120 1624 2156 tamen
1644 2112 1857 2160 dicebant,

1035 2175 1288 2216 Credamus.
1327 2171 1431 2212 Plus
1460 2170 1574 2212 enim
1600 2167 1759 2220 perditi
1781 2167 1855 2208 ho—

1033 2231 1172 2272 mines
1200 2227 1451 2279 cogitabant
1480 2223 1701 2277 quemodo
1729 2225 1855 2264 noce-

1032 2292 1141 2335 rent,
1159 2290 1207 2327 ut
1220 2282 1465 2337 perderent,
1485 2293 1614 2331 quam
1633 2277 1856 2331 quomodo

1034 2342 1117 2384 sibi
1136 2340 1423 2386 consulerent,
1441 2350 1496 2378 ne
1509 2337 1717 2387 perirent:
1737 2339 1781 2375 et
1794 2339 1855 2375 ta-

1032 2411 1134 2439 men
1165 2396 1394 2443 timebant,
1427 2397 1470 2434 et
1503 2391 1627 2443 quasi
1660 2390 1855 2431 consule-

1032 2454 1149 2495 bant.
1201 2450 1416 2492 Dicebant
1448 2447 1575 2488 enim:
1609 2444 1725 2495 Quid
1756 2446 1854 2486 faci-

1032 2522 1148 2557 mus,
1185 2508 1286 2559 quia
1316 2505 1386 2546 hic
1417 2503 1549 2544 homo
1573 2501 1710 2542 multa
1734 2502 1855 2551 signa

1033 2563 1159 2606 facit?
1212 2563 1257 2604 Si
1288 2559 1542 2602 dimittimus
1573 2571 1672 2599 eum
1700 2557 1778 2605 sic,
1811 2568 1854 2597 o-

1032 2633 1156 2661 mnes
1190 2616 1369 2660 credent
1395 2615 1438 2655 in
1467 2627 1579 2656 eum:
1612 2618 1655 2654 et
1682 2612 1855 2654 venient

1033 2674 1222 2717 Romani
1245 2677 1289 2714 et
1310 2670 1466 2713 tollent
1488 2674 1686 2710 nostrum
1709 2668 1853 2709 locum
