2066 2956
245 192 341 238 [258]

296 291 440 341 Reges
467 303 544 332 eos
570 292 614 331 in
641 291 765 342 virga
793 289 947 340 ferrea,
974 290 998 316 *
1025 295 1069 331 et

243 352 465 399 tamquam
484 360 561 388 vas
580 347 701 398 figuli
715 347 961 398 confringes
981 359 1068 388 eos.

293 403 350 445 Et
374 417 488 445 nunc
511 416 637 455 reges
660 403 903 454 intelligite:
924 404 948 429 *
973 416 1066 445 eru-

244 459 395 501 dimini
415 460 489 513 qui
507 460 708 512 judicatis
725 465 897 502 terram.

293 516 460 559 Servite
483 517 676 559 Domino
703 517 746 558 in
773 517 945 558 timore:
972 516 995 542 *
1023 521 1067 558 et

242 572 457 615 exsultate
477 574 516 615 ei
540 586 639 615 cum
657 575 859 616 tremore.

294 630 627 683 Apprehendite
664 629 955 683 disciplinam,
995 642 1065 671 ne-

242 686 417 738 quando
454 687 665 728 irascatur
698 686 931 735 Dominus,
965 687 988 712 *
1023 691 1066 727 et

239 743 430 795 pereatis
450 743 505 785 de
524 744 594 784 via
615 744 737 795 justa.

292 800 401 841 Cum
425 800 637 842 exarserit
661 800 705 841 in
728 799 850 841 brevi
874 800 938 840 ira
964 799 1065 851 ejus,

240 857 262 882 *
281 856 400 899 beati
419 869 571 899 omnes
595 857 669 909 qui
691 855 915 898 confidunt
937 855 981 896 in
1001 868 1064 897 eo.

294 928 389 965 Ant.
423 922 669 964 Astiterunt
693 934 819 974 reges
844 927 989 971 terrae,
1018 926 1061 962 et

237 979 458 1031 principes
500 981 796 1021 convenerunt
839 979 883 1019 in
928 991 1061 1020 unum

238 1034 448 1077 adversus
477 1036 727 1086 Dominum,
769 1040 812 1077 et
852 1034 1062 1077 adversus

238 1091 457 1133 Christum
485 1093 585 1145 ejus.

290 1160 387 1198 Ant.
416 1157 691 1210 Multiplicati
710 1162 819 1199 sunt.

528 1232 722 1272 Psalmus
743 1234 777 1272 3.
802 1264 809 1274 .

236 1288 472 1393 Domine
507 1292 613 1345 quid
649 1291 926 1344 multiplicati
963 1296 1063 1332 sunt

342 1349 417 1401 qui
445 1349 654 1391 tribulant
682 1347 774 1390 me?
799 1348 823 1373 *
851 1347 977 1389 multi
1002 1347 1068 1394 in:

239 1409 422 1456 surgunt
441 1405 674 1447 adversum
692 1417 773 1446 me.

289 1462 415 1504 Multi
430 1462 582 1504 dicunt
602 1462 758 1503 animae
774 1473 899 1502 meae:
918 1461 941 1486 *
959 1460 1061 1502 Non

239 1524 305 1561 est
323 1519 440 1560 salus
458 1519 544 1572 ipsi
562 1519 607 1560 in
626 1518 723 1560 Deo
743 1518 844 1570 eius,

288 1576 357 1617 Tu
401 1581 547 1618 autem
592 1575 781 1616 Domine
832 1575 1062 1627 susceptor

238 1645 360 1675 meus
381 1645 438 1682 eS‚
458 1633 481 1658 *
499 1632 640 1683 gloria
664 1644 772 1682 mea,
796 1636 840 1673 et
865 1630 1062 1672 exaltans

238 1694 369 1742 caput
388 1702 543 1731 meum.

288 1746 412 1788 Voce
437 1759 534 1788 mea
561 1745 617 1787 ad
643 1745 879 1786 Dominum
906 1743 1061 1785 clama-

237 1803 294 1843 vi:
330 1804 353 1828 *
390 1809 433 1844 et
469 1802 691 1844 exaudivit
722 1814 793 1843 me
826 1800 880 1843 de
912 1806 1062 1842 monte

239 1864 391 1901 sancto
420 1872 511 1901 suo.

289 1916 384 1967 Ego
404 1916 607 1965 dormivi,
634 1921 677 1957 et
696 1918 930 1968 soporatus
950 1927 1062 1955 sum:

238 1973 260 1998 ¹⁸¹
285 1978 328 2014 et
352 1973 591 2022 exsurrexi,
616 1972 717 2024 quia
736 1972 951 2014 Dominus
971 1983 1060 2011 sus-

238 2030 355 2082 cepit
374 2042 454 2071 me.

289 2085 390 2127 Non
426 2086 590 2128 timebo
627 2087 761 2129 millia
797 2089 950 2142 populi
983 2090 1059 2131 cir-

239 2142 483 2185 cumdantis
508 2157 592 2185 me:
611 2145 633 2168 ²⁸¹
655 2149 840 2196 exsurge
861 2146 1059 2195 Domine,

238 2199 406 2240 salvum
424 2213 494 2241 me
514 2200 582 2241 fac
603 2201 723 2242 Deus
742 2215 876 2243 meus.

290 2256 505 2306 Quoniam
541 2262 588 2298 tu
619 2259 874 2310 percussisti
907 2272 1059 2301 omnes

238 2311 521 2355 adversantes
536 2313 641 2355 mihi
657 2314 749 2356 sine
765 2327 909 2356 causa:
920 2316 943 2341 *
959 2315 1060 2357 den-

238 2373 304 2409 tes
323 2372 605 2421 peccatorum
625 2371 880 2413 contrivisti.

289 2425 466 2467 Domini
486 2432 553 2468 est
572 2427 703 2468 salus:
723 2429 746 2453 *
771 2434 814 2470 et
833 2441 964 2481 super
983 2432 1059 2481 po-

237 2481 386 2532 pulum
407 2487 529 2524 tuum
549 2482 798 2526 benedictio
818 2490 902 2527 tua.

287 2550 383 2590 Ant.
413 2548 687 2600 Multiplicati
708 2555 808 2592 sunt
830 2551 902 2602 qui
923 2551 1056 2592 tribu-

236 2601 324 2643 lant
361 2615 447 2653 me;
486 2604 607 2646 multi
646 2606 874 2658 insurgunt
910 2607 1058 2649 adver-

236 2669 330 2698 sum
350 2671 429 2700 me.

287 2728 321 2766 A
329 2734 383 2768 nt.
415 2724 672 2768 Diviserunt.

639 195 812 228 (Mlicium
840 195 1009 227 votivum
1037 194 1081 227 dc
1110 194 1293 227 l'assionc
1321 193 1361 226 l).
1387 193 1427 226 N.
1451 193 1483 226 ,1.
1506 193 1544 226 C.

1397 288 1591 328 psalmus
1611 290 1666 327 21.

1120 339 1288 444 Deus
1311 356 1432 398 Deus
1455 370 1579 399 meus
1603 358 1773 411 respice
1796 358 1839 400 in
1863 372 1946 401 me:

1215 425 1350 464 quare
1368 426 1439 455 me
1462 411 1755 467 dereliquisti?
1773 415 1797 440 *
1816 414 1944 466 longe

1121 480 1146 509 a
1191 468 1330 511 salute
1374 482 1471 511 mea
1511 470 1646 512 verba
1687 470 1945 514 delictorum

1119 527 1327 566 meorum.

1170 586 1293 628 Deus
1324 599 1448 628 meus
1480 586 1679 629 clamabo
1711 601 1790 641 per
1819 588 1944 638 diem,

1120 647 1163 683 et
1181 655 1268 685 non
1288 642 1512 685 exaudies:
1531 644 1555 669 *
1575 649 1619 685 et
1635 649 1777 695 nocte,
1796 650 1840 687 et
1858 658 1945 687 non

1119 698 1175 740 ad
1193 699 1484 753 insipientiam
1502 699 1619 741 mihi.

1171 760 1239 801 Tu
1271 765 1417 803 autem
1447 761 1491 802 in
1526 765 1678 803 sancto
1707 760 1894 811 habitas,
1921 763 1945 788 ²⁸¹

1118 815 1213 858 laus
1231 817 1379 858 Israel.

1169 878 1220 918 In
1243 882 1288 919 te
1311 879 1596 931 speraverunt
1619 882 1767 931 patres
1791 879 1944 921 nostri:

1118 935 1140 959 *
1161 937 1457 987 speraverunt,
1477 940 1521 976 et
1540 934 1736 977 liberasti
1755 947 1842 976 eos.

1170 995 1243 1037 Ad
1267 1000 1311 1037 te
1339 996 1652 1045 clamaverunt,
1684 1001 1728 1037 et
1753 995 1863 1037 salvi
1886 995 1944 1037 fa-

1117 1052 1175 1093 cti
1195 1053 1397 1098 sunt;*in
1417 1058 1461 1095 te
1480 1054 1778 1105 speraverunt,
1798 1056 1843 1094 et
1856 1065 1943 1095 non

1117 1113 1217 1150 sunt
1236 1109 1418 1151 confusi.

1167 1166 1263 1217 Ego
1289 1170 1434 1208 autem
1460 1179 1556 1207 sum
1581 1166 1760 1215 vermis,
1787 1170 1830 1208 et
1856 1179 1942 1208 non

1116 1221 1265 1264 homo:
1284 1222 1308 1249 *
1328 1222 1615 1276 opprobrium
1634 1222 1875 1273 hominum,
1899 1228 1943 1266 et

1116 1278 1301 1331 abjectio
1321 1279 1474 1332 plebis.

1171 1339 1333 1381 Omnes
1356 1340 1555 1382 videntes
1581 1353 1669 1390 me,
1699 1339 1943 1383 deriserunt

1115 1408 1200 1437 me:
1226 1397 1249 1422 *
1276 1396 1413 1439 locuti
1436 1401 1538 1439 sunt
1560 1396 1704 1446 labiis,
1730 1401 1774 1439 et
1797 1399 1942 1439 move-

1115 1458 1216 1495 runt
1236 1458 1379 1506 caput.

1167 1509 1368 1562 Speravit
1395 1510 1439 1551 in
1462 1510 1574 1561 Dino,
1601 1511 1757 1564 eripiat
1781 1523 1894 1553 eum:
1918 1510 1942 1536 *

1115 1566 1286 1607 salvum
1314 1566 1444 1609 faciat
1472 1579 1587 1618 eum,
1617 1568 1822 1620 quoniam
1848 1566 1943 1608 vult

1117 1635 1226 1664 eum.

1166 1684 1383 1734 Quoniam
1401 1689 1449 1727 tu
1463 1697 1522 1735 es,
1541 1686 1615 1737 qui
1630 1685 1858 1727 extraxisti
1871 1697 1941 1726 me

1115 1739 1170 1782 de
1188 1746 1356 1783 ventre:
1375 1743 1399 1768 ¹⁸¹
1419 1754 1523 1794 spes
1541 1754 1639 1783 mea
1658 1742 1713 1783 ab
1732 1740 1940 1784 uberibus

1113 1797 1265 1839 matris
1291 1811 1412 1840 meae.
1452 1799 1503 1839 In
1526 1803 1570 1840 te
1597 1800 1818 1851 projectus
1843 1811 1939 1839 sum

1114 1866 1168 1895 ex
1187 1857 1329 1896 utero:

1164 1915 1232 1957 De
1248 1919 1402 1957 ,ventre
1421 1916 1574 1957 matris
1593 1929 1704 1958 meae
1718 1916 1838 1958 Deus
1852 1927 1938 1957 me-

1114 1984 1165 2012 us
1183 1985 1230 2014 es
1249 1977 1306 2022 tu,
1326 1973 1350 1998 *
1368 1985 1424 2014 ne
1445 1972 1699 2015 discesseris
1718 1985 1744 2014 a
1762 1985 1848 2014 me:

1166 2033 1383 2083 Quoniam
1400 2033 1625 2075 tribulatio
1639 2034 1842 2087 proxima
1857 2038 1938 2075 est:

1114 2090 1136 2115 *¹
1158 2090 1365 2142 quoniam
1383 2103 1471 2132 non
1491 2095 1558 2132 est
1578 2091 1652 2143 qui
1672 2090 1858 2143 adjuvet.

1167 2151 1557 2194 Circumdederunt
1574 2164 1644 2193 me
1659 2151 1784 2194 vituli
1797 2151 1938 2192 multi:

1112 2207 1135 2231 *
1155 2208 1269 2248 tauri
1288 2208 1473 2261 pingues
1494 2208 1762 2250 obsederunt
1780 2221 1860 2250 me.

1164 2269 1445 2321 Aperuerunt
1473 2282 1605 2322 super
1630 2282 1701 2311 me
1725 2281 1775 2311 os
1800 2282 1937 2317 suum,

1113 2326 1136 2352 *
1157 2325 1268 2367 sicut
1287 2325 1358 2367 leo
1380 2326 1555 2379 rapiens
1576 2331 1619 2368 et
1638 2326 1824 2378 rugiens.

1164 2386 1285 2428 Sicut
1309 2399 1423 2439 aqua
1449 2386 1612 2428 effusus
1639 2400 1749 2428 sum:
1767 2387 1791 2412 *
1809 2391 1853 2428 et
1876 2385 1937 2427 di-

1114 2444 1266 2495 spersa
1285 2448 1385 2485 sunt
1406 2444 1550 2484 omnia
1571 2456 1673 2484 ossa
1691 2455 1798 2484 mea.

1164 2504 1346 2545 Factum
1366 2509 1433 2545 est
1456 2516 1532 2545 cor
1550 2517 1696 2546 meum
1713 2509 1936 2556 tamquam

1114 2573 1212 2601 cera
1232 2560 1477 2613 liquescens
1497 2561 1520 2586 *
1540 2560 1582 2601 in
1606 2560 1751 2602 medio
1771 2562 1936 2603 ventris

1112 2629 1207 2658 mel.

1164 2673 1292 2715 Aruit
1307 2679 1531 2725 tamquam
1546 2678 1661 2715 testa
1675 2673 1813 2716 virtus
1827 2687 1934 2723 mea,

1113 2735 1155 2771 et
1193 2730 1340 2781 lingua
1379 2743 1476 2772 mea
1518 2729 1702 2772 adhaesit
1737 2730 1934 2773 faucibus
