2066 2904
725 184 794 217 Im·
824 185 869 216 14.
897 183 994 221 Maii.
1041 184 1075 215 S.
1103 182 1293 216 Bonifucii
1320 183 1426 216 Mart.

210 283 308 324 liter
326 285 513 323 recusat:
540 280 598 322 ad
620 293 795 322 servum
813 292 920 321 vero
940 291 1035 320 cen-

209 338 392 380 turionis
410 350 498 379 non
517 337 740 385 invitatur,
761 341 805 378 et
821 341 968 377 tamen
990 347 1036 376 se

210 393 498 446 corporaliter
516 393 580 434 ire
598 391 854 445 pollicetur?
880 391 1036 442 Reguli

208 450 299 490 filio
334 462 414 502 per
446 448 725 501 corporalem
755 447 1036 500 praesentiam

210 518 296 546 non
329 504 533 555 dignamr
565 503 737 552 adesse,
769 503 1036 544 centurionis

208 573 337 602 servo
373 573 460 602 non
495 559 755 611 dedignatur
791 562 1036 600 occurrere.

208 616 323 667 Quid
348 622 415 658 est
439 616 541 665 hoc,
573 616 656 656 nisi
685 614 806 667 quod
831 614 1036 667 superbia

206 678 357 714 nostra
385 671 647 721 retunditur,
681 671 755 723 qui
782 672 825 711 in
854 670 1035 711 homini-

206 728 288 770 bus
315 741 403 770 non
432 731 649 777 naturam,
689 739 773 779 qua
802 725 859 768 ad
886 727 1034 777 imagi-

206 797 306 826 nem
323 785 408 826 Dei
426 784 530 825 facti
549 789 663 833 sunt,
683 782 762 824 sed
781 782 971 824 honores
992 788 1035 824 et

207 841 381 882 divitias
428 838 710 881 veneramur?
760 838 1034 891 Redemptor

205 909 311 938 vero
351 902 501 938 noster
537 901 586 937 ut
622 895 893 944 ostenderet,
934 895 1035 947 quia

207 966 306 1004 quae
343 953 430 994 alta
467 958 566 994 sunt
599 951 841 1001 h6minum,
889 950 1032 1004 despi—

205 1008 360 1050 cienda
380 1013 494 1058 sunt,
518 1013 562 1050 et
586 1021 684 1060 quae
704 1008 915 1060 despecta
934 1013 1035 1049 sunt

138 1111 139 1114 Ἴ
204 1064 445 1114 hominum,
487 1064 769 1116 despicienda
801 1076 886 1104 non
918 1069 1033 1105 sunt:

205 1120 262 1161 ad
285 1120 421 1161 filium
444 1120 582 1170 reguli
602 1121 664 1161 ire
684 1120 840 1169 ndluit,
869 1119 926 1161 ad
946 1132 1032 1161 ser-

204 1189 307 1217 vum
327 1176 592 1218 centurioms
611 1176 674 1217 ire
694 1178 873 1228 paratus
892 1176 982 1217 fuit.

261 1248 309 1298 R.
340 1246 434 1295 Ego
467 1257 563 1285 sum
591 1244 691 1286 vitis
719 1257 839 1294 vera,
882 1249 926 1286 et
951 1257 1033 1286 vos

203 1301 421 1354 palmites:
450 1304 470 1325 *
497 1301 581 1350 Qui
612 1305 759 1342 manet
794 1301 836 1341 in
869 1314 956 1350 me,
990 1306 1033 1342 et

204 1370 286 1408 ego
306 1358 348 1397 in
365 1369 429 1406 eo,
449 1356 519 1397 hic
534 1357 619 1398 fert
633 1357 821 1398 fructum
835 1357 1031 1406 multum,

203 1413 390 1464 alleluJa‚
422 1412 605 1464 alleluja.
650 1407 697 1458 Y.
727 1413 849 1454 Sicut
881 1412 1032 1454 dilexit

202 1482 272 1510 me
291 1469 432 1517 Pater,
450 1473 495 1509 et
513 1481 595 1519 ego
618 1468 750 1510 dilexi
768 1481 860 1510 vos.
888 1469 982 1519 Qui.

491 1550 642 1591 Lectio
664 1552 746 1591 viii.

204 1612 459 1716 Increpata
490 1626 557 1662 est
585 1633 690 1671 ergo
721 1620 927 1673 superbia
956 1634 1030 1662 no-

272 1682 378 1725 stra,
406 1690 504 1729 quae
527 1677 666 1718 nescit
687 1679 874 1729 pensare
893 1676 1029 1718 homi-

201 1744 279 1773 nes
298 1739 481 1785 propter
504 1733 713 1774 homines.
749 1733 869 1782 Sola,
895 1739 944 1775 ut
968 1733 1028 1775 di-

202 1788 359 1838 ximus,
403 1802 501 1841 quae
534 1790 817 1831 circumstant
848 1789 1029 1830 homini-

201 1843 298 1893 bus,
326 1851 498 1897 pensat,
526 1848 727 1887 naturam
751 1858 838 1886 non
859 1846 1028 1898 aspicit,

202 1898 413 1942 hon6rem
451 1901 534 1943 Dei
572 1902 615 1942 in
652 1901 901 1943 hominibus
942 1914 1028 1943 non

201 1957 410 2006 agnoscit.
444 1957 559 1999 Ecce
583 1958 646 1998 ire
669 1970 757 1999 non
780 1958 874 1999 vult
893 1958 1028 1999 Filius

200 2011 283 2052 Dei
308 2012 364 2054 ad
388 2013 526 2054 filium
549 2014 698 2064 reguli:
725 2018 769 2055 et
792 2019 939 2055 tamen
958 2028 1029 2056 ve—

203 2069 296 2109 nire
320 2071 499 2121 paratus
524 2075 591 2111 est
615 2070 672 2111 ad
697 2070 882 2112 salutem
901 2072 1028 2112 servi.

203 2124 330 2165 Certe
355 2125 390 2165 si
415 2139 496 2166 nos
522 2127 763 2179 cujuspiam
786 2139 938 2168 servus
959 2141 1027 2169 ro-

199 2182 339 2230 garet,
371 2186 419 2222 ut
447 2181 503 2223 ad
532 2195 630 2223 eum
658 2183 722 2224 ire
750 2182 1027 2233 deberemus,

200 2236 399 2287 prOtinus
425 2237 553 2279 nobis
579 2244 730 2280 nostra
756 2239 961 2291 superbia
985 2240 1027 2281 in

201 2292 463 2341 cogitatione
482 2294 616 2336 tacita
635 2294 940 2347 responderet,
966 2296 1026 2338 di-

201 2358 317 2387 cens:
353 2348 453 2389 Non
485 2362 576 2399 eas,
612 2351 713 2403 quia
745 2354 1027 2404 temetipsum

202 2400 448 2453 degeneras,
477 2405 619 2447 honor
645 2411 747 2448 tuus
776 2406 1027 2459 despicitur,

201 2456 324 2498 locus
343 2459 521 2502 vilescit.
551 2460 668 2503 Ecce
689 2460 743 2503 de
763 2463 877 2504 coelo
898 2465 1026 2513 venit,

203 2514 277 2564 qui
304 2526 431 2556 servo
459 2517 502 2557 in
527 2523 645 2559 terra
679 2522 911 2560 occurrere
938 2533 1026 2561 non

203 2566 400 2620 despicit:
447 2578 489 2613 et
533 2578 677 2615 tamen
723 2574 939 2615 humiliari
982 2576 1026 2616 in

201 2628 318 2664 terra
350 2628 682 2678 contemnimus,
719 2630 794 2681 qui
823 2629 877 2671 de
909 2635 1026 2672 terra

202 2691 361 2720 sumus.

1146 283 1194 333 R.
1235 280 1420 322 Candidi
1451 280 1556 322 facti
1587 285 1689 321 sunt
1720 280 1922 322 Nazaraei

1090 336 1197 386 ejus,
1216 336 1405 388 alleluja3
1428 336 1712 389 splendorem
1731 337 1828 378 Deo
1848 337 1920 378 de-

1091 391 1262 442 derunt,
1289 392 1475 444 allehija:
1495 397 1518 420 *
1538 393 1594 434 Et
1620 393 1733 434 sicut
1756 392 1825 434 130
1850 405 1921 435 co-

1089 448 1254 498 agulati
1273 453 1384 498 sunt,
1404 448 1587 499 alleluja,
1606 449 1717 490 allel.
1744 445 1793 495 δ”.
1813 449 1920 490 Can-

1090 503 1285 546 didiores
1304 505 1420 554 nive,
1446 504 1674 546 nitidiores
1696 505 1827 555 lacte,
1852 518 1921 546 ru-

1088 559 1370 602 bicundi6res
1407 560 1543 602 ebore
1579 563 1778 614 antiquo,
1823 574 1920 614 sap-

1087 615 1217 667 phiro
1242 616 1529 668 pulchriores.
1565 617 1633 658 Et.
1671 617 1823 659 Gloria
1841 618 1920 658 Pa-

1087 672 1154 713 tri.
1182 673 1251 714 Et.

1395 733 1545 773 Lectio
1566 732 1619 772 ix.

1090 793 1288 899 Nolite
1328 810 1433 848 ergo
1472 798 1587 839 intra
1622 800 1920 852 vosmetipsos

1191 857 1378 907 pensare
1395 853 1514 906 quod
1525 853 1708 905 habetis,
1723 853 1803 896 sed
1815 855 1921 908 quid

1088 910 1205 952 estis.
1245 911 1362 952 Ecce
1390 910 1579 951 mundus
1609 911 1685 963 qui
1712 910 1919 962 diligitur,

1087 966 1208 1018 fugit.
1245 967 1393 1008 Sancti
1411 966 1500 1016 isti,
1526 965 1584 1008 ad
1605 980 1791 1019 quorum
1809 972 1919 1009 tum-

1087 1022 1189 1063 bam
1216 1023 1512 1072 consistimus,
1543 1023 1774 1065 florentem
1797 1037 1918 1065 mun-

1087 1078 1191 1120 dum
1214 1080 1373 1121 mentis
1398 1078 1611 1131 despectu
1631 1079 1919 1122 calcaverunt.

1086 1135 1193 1177 Erat
1217 1141 1322 1177 tunc
1351 1135 1438 1176 vita
1464 1134 1613 1186 longa,
1643 1135 1760 1177 salus
1785 1138 1919 1178 conti-

1086 1205 1186 1242 nua,
1215 1191 1441 1245 opulentia
1463 1192 1507 1231 111
1530 1191 1678 1241 rebus,
1706 1191 1918 1234 foecundi-

1085 1252 1153 1289 tas
1180 1248 1225 1289 in
1252 1249 1514 1301 propagine,
1552 1248 1847 1299 tranquillitas
1874 1248 1919 1289 in

1086 1303 1293 1345 diuturna
1322 1317 1449 1357 pace:
1487 1309 1532 1347 et
1563 1309 1710 1346 tamen
1743 1317 1842 1346 cum
1873 1304 1917 1345 in

1085 1362 1232 1412 seipso
1254 1361 1447 1410 floreret,
1474 1362 1561 1413 jam
1586 1361 1631 1401 in
1650 1363 1803 1402 eorum
1821 1362 1915 1402 cor-

1085 1415 1214 1458 dibus
1242 1417 1431 1458 mundus
1461 1420 1647 1459 aruerat.
1687 1417 1804 1459 Ecce
1831 1417 1917 1469 jam

1083 1473 1272 1515 mundus
1297 1474 1342 1514 in
1366 1476 1514 1526 seipso
1542 1473 1672 1523 aruit,
1705 1478 1749 1516 et
1772 1472 1917 1516 adhuc

1083 1530 1127 1569 in
1151 1529 1360 1571 cdrdibus
1383 1530 1547 1572 nostris
1567 1530 1708 1572 floret.
1740 1529 1916 1583 Ubique

1083 1598 1219 1635 mors,
1239 1586 1403 1638 ubique
1422 1586 1582 1635 luctus,
1606 1585 1770 1638 ubique
1790 1585 1916 1628 deso-

1082 1642 1204 1683 latio:
1244 1642 1442 1694 undique
1472 1642 1760 1695 percutimur,
1791 1641 1916 1684 undi-

1084 1710 1169 1749 que
1201 1697 1566 1740 amaritudinibus
1598 1698 1834 1751 replemur:
1872 1703 1917 1740 et

1081 1758 1228 1795 tamen
1249 1767 1367 1795 eaeca
1385 1759 1531 1796 mente
1551 1754 1738 1796 carnalis
1757 1766 1914 1796 concu-

1081 1809 1309 1862 piscentiae
1335 1810 1455 1863 ipsas
1480 1811 1571 1862 ejus
1602 1809 1915 1852 amaritudines

1081 1868 1296 1915 amamus,
1324 1866 1563 1917 fugientem
1590 1865 1828 1918 sequimur,
1855 1865 1914 1908 la-

1081 1921 1202 1963 benti
1223 1921 1498 1964 inhaeremus.

1129 1989 1199 2029 Te
1218 1987 1363 2029 Deum
1380 1986 1622 2029 laudamus.
1640 1989 1700 2029 15.

1349 2082 1434 2123 Die
1455 2083 1514 2123 14.
1532 2082 1645 2134 Maii.

1223 2151 1266 2191 S.
1290 2150 1537 2192 Bonifacii
1564 2149 1780 2202 Martyris.

1138 2213 1208 2255 Ad
1240 2214 1375 2266 Vesp.
1421 2213 1520 2255 Ant.
1571 2213 1665 2253 Lux
1697 2214 1913 2265 perpetua

1079 2267 1242 2309 lucebit
1265 2268 1429 2309 sanctis
1451 2268 1537 2310 tuis
1557 2268 1762 2318 Domine,
1789 2274 1832 2310 et
1857 2282 1912 2310 ae-

1079 2324 1261 2365 ternitas
1279 2325 1542 2376 temporum,
1561 2323 1744 2375 alleluja.

1136 2377 1185 2429 Y.
1200 2383 1347 2425 Sancti
1368 2389 1412 2425 et
1430 2383 1531 2435 justi
1550 2383 1595 2424 in
1608 2384 1801 2425 D6mino
1818 2397 1913 2435 gau-

1080 2438 1197 2487 dete,
1222 2439 1405 2491 alleluja.
1447 2440 1496 2490 R.
1519 2439 1616 2481 Vos
1640 2439 1777 2490 elegit,
1791 2440 1912 2481 Deus

1078 2495 1122 2535 in
1139 2494 1446 2537 haereditatem
1465 2494 1559 2545 sibi,
1579 2495 1762 2548 alleluja.

1420 2570 1584 2611 Oratio.

1082 2630 1193 2734 Da
1213 2635 1465 2684 quaesumus
1483 2636 1762 2687 omnipotens
1776 2636 1912 2677 Deus:

1174 2694 1222 2730 ut
1242 2689 1316 2741 qui
1335 2689 1454 2730 beati
1472 2690 1688 2731 Bonifacii
1703 2691 1911 2743 Martyris
