2066 2904
588 164 660 197 Die
688 164 735 197 ll.
760 163 877 197 Junii.
925 163 959 197 S
984 163 1173 196 Barnabae
1200 162 1390 205 Apostoli.

142 261 246 303 tatis
265 261 474 314 operibus
498 261 693 311 triginta,
722 260 880 313 quibus
905 274 968 302 re-

141 318 292 369 gnavit
325 317 467 368 annis,
502 317 586 359 toti
618 330 753 369 regno
786 317 968 359 mirifice

142 374 318 427 prefuit.

193 447 244 498 R.
277 443 466 496 Propter
497 442 742 493 veritatem,
775 447 819 485 et
850 456 967 484 man-

143 497 432 549 suetudinem,
461 503 504 540 et
531 500 752 551 justitiam:
772 501 795 526 *
811 499 870 541 Et
896 498 967 541 de-

143 554 274 597 ducet
305 560 349 597 te
379 555 635 598 mirabiliter
671 556 852 598 dextera
882 560 969 607 tua,

142 611 323 664 alleluja.
359 608 410 661 V.
434 612 589 665 Specie
612 617 689 654 tua
714 618 758 655 et
781 613 969 666 pulchri-

142 667 292 710 tudine
314 673 390 711 tua
412 668 606 720 intende,
633 672 846 723 prospere
869 683 967 723 pro-

143 724 266 775 cede,
286 730 330 767 et
347 738 492 776 regna.
519 726 577 768 Et
597 725 797 768 deducet.

447 805 599 846 Lectio
619 819 656 845 v.

187 872 284 910 nter
309 869 479 920 regales
509 869 688 912 delicias
717 883 879 923 corpus
911 871 968 912 af-

198 924 523 976 flictationibus,
555 939 607 968 ac
638 927 795 978 vigiliis
829 930 968 969 mace-

141 993 259 1031 rans,
290 994 492 1033 magnam
517 983 660 1025 noetis
685 989 857 1036 partem
884 984 968 1037 piis

141 1038 469 1089 precatiunibus
497 1039 766 1081 extrahebat.
801 1041 969 1082 Praeter

141 1093 227 1135 alia
252 1095 425 1146 jejunia,
455 1107 553 1148 quae
580 1095 821 1138 identidem
848 1110 968 1138 usur-

141 1150 293 1203 pabat,
325 1153 518 1203 integros
551 1152 841 1204 quadraginta
874 1153 967 1195 dies

141 1210 240 1248 ante
267 1207 462 1250 natalitia
488 1208 599 1250 festa
627 1214 749 1251 tanta
777 1223 875 1251 cum
904 1223 967 1252 se-

140 1263 324 1306 veritate
350 1265 539 1316 jejunare
566 1266 809 1317 consuevit,
836 1272 885 1308 ut
912 1280 966 1308 ne

140 1319 183 1359 in
219 1321 486 1371 gravissimis
526 1320 704 1373 quidem
740 1322 967 1365 doloribus

140 1375 432 1419 intermiserit.
486 1378 647 1420 Divino
679 1379 815 1420 cultui
846 1378 967 1421 addi-

141 1433 351 1483 ctissima,
369 1434 534 1486 templa
552 1435 741 1487 plurima
761 1440 804 1477 et
823 1439 967 1478 coeno-

140 1488 213 1530 bia
248 1490 408 1541 partim
449 1503 503 1532 ex
537 1492 707 1542 integro
745 1492 967 1543 excitavit,

140 1546 300 1597 partim
318 1547 558 1597 resarcivit,
577 1553 621 1590 et
640 1561 764 1590 sacra
782 1549 967 1602 supelle-

140 1602 246 1651 ctili,
278 1615 330 1644 ac
358 1602 481 1655 largo
510 1617 644 1646 censu
671 1604 838 1647 ditavit.
883 1607 965 1647 Re-

139 1670 239 1709 gem
271 1660 500 1711 conjugem
531 1659 589 1702 ad
623 1661 850 1703 melierem
882 1662 965 1703 fru-

139 1727 248 1765 gem,
270 1720 315 1757 et
333 1715 390 1757 ad
408 1716 565 1758 similia
583 1718 672 1759 suis
692 1719 964 1760 exercitatio—

138 1771 266 1813 nibus
290 1774 427 1825 opera
450 1773 738 1816 saluberrimo
762 1775 965 1828 exemplo

139 1828 351 1878 traduxit,
392 1829 645 1882 liberusque
682 1844 835 1874 omnes
874 1837 965 1874 tam

139 1889 288 1927 sancte
312 1890 356 1927 et
378 1885 561 1929 feliciter
580 1887 799 1938 educavit,
826 1893 876 1931 ut
894 1891 964 1930 eo-

139 1952 236 1981 rum
275 1941 476 1995 plerique
515 1943 888 1996 quemadmodum
923 1950 966 1987 et

139 1995 314 2047 Agatha
336 2003 492 2050 mater,
521 2004 565 2042 et
585 1999 804 2042 Christina
827 2014 966 2052 soror,

141 2054 462 2096 sanctissimum
485 2056 588 2098 vitae
612 2069 750 2108 genus
775 2057 966 2111 amplexi

141 2108 236 2150 sint.
267 2109 470 2152 Universi
495 2111 671 2155 demum
693 2114 816 2165 regni
834 2114 965 2156 felici-

139 2165 221 2207 tati
253 2166 501 2218 consulens,
540 2181 566 2209 a
596 2169 714 2211 vitiis
747 2170 966 2221 omnibus,

141 2234 239 2274 quae
272 2222 419 2264 furtim
450 2224 735 2278 irrepserant,
773 2227 967 2280 pupulos

140 2280 414 2331 expurgavit,
433 2282 586 2334 eisque
603 2295 749 2324 mores
769 2283 965 2325 christia-

139 2347 195 2375 na
212 2335 377 2388 pietate
397 2336 553 2388 dignos
571 2339 772 2382 restituit.

192 2404 243 2455 R.
275 2405 478 2449 Dilexisti
504 2408 726 2459 justitiam,
763 2414 806 2451 et
834 2409 967 2451 odisti

139 2459 426 2513 iniquitatem:
451 2462 474 2486 *
505 2465 746 2517 Propterea
772 2466 897 2507 unxit
922 2470 966 2507 te

139 2516 278 2567 Deus,
331 2518 452 2561 Deus
497 2525 597 2562 tuus
647 2522 746 2563 eleo
791 2522 966 2572 laetitiae,

141 2572 322 2625 alleluja.
362 2567 412 2619 V·
434 2577 621 2629 Propter
649 2578 894 2627 veritatem,
923 2582 967 2619 et

139 2631 532 2683 mansuetudinem,
554 2638 598 2674 et
615 2634 831 2685 justitiam.
862 2635 965 2675 Pro—

140 2685 292 2736 pterea
307 2687 441 2730 unxit.

295 2826 359 2852 Pars
374 2827 467 2853 Vel-na.

1323 257 1473 297 Lectio
1494 257 1546 295 vi.

1116 317 1195 358 ihil
1222 322 1368 359 tamen
1401 331 1527 370 aeque
1554 318 1599 359 in
1624 318 1699 359 illa
1725 318 1849 359 mira-

1122 374 1211 416 bile
1230 374 1326 425 fuit,
1349 387 1402 416 ac
1425 375 1763 426 flagrantissima
1782 377 1849 417 ca-

1022 431 1129 473 ritas
1169 444 1274 483 erga
1312 431 1559 485 proximos,
1604 433 1851 485 praesertim

1023 489 1199 539 egenos,
1229 501 1414 541 quorum
1440 488 1685 530 numerusis
1712 489 1850 541 gregi-

1021 544 1105 586 bus
1122 557 1211 586 non
1228 545 1363 587 modo
1383 546 1542 598 stipem
1567 544 1731 586 affatim
1751 558 1850 598 sup-

1021 600 1238 654 peditare,
1287 614 1439 643 verum
1475 602 1606 643 etiam
1641 602 1851 643 trecentis

1023 657 1221 709 quotidie
1255 659 1452 699 materna
1478 657 1750 709 benignitate
1778 658 1850 700 da—

1022 727 1102 766 pes
1121 714 1331 767 praebere,
1351 715 1476 756 flexis
1496 714 1680 766 genibus
1699 714 1743 755 in
1761 727 1850 756 mo-

1022 783 1115 812 rem
1135 770 1306 812 ancillae
1325 771 1588 821 ministrare,
1613 771 1744 823 regiis
1763 774 1851 812 ma-

1021 826 1149 869 nibus
1185 827 1323 880 pedes
1359 827 1556 878 abluere,
1608 832 1652 869 et
1686 828 1852 880 pressis

1023 883 1155 925 etiam
1183 884 1344 926 osculis
1371 883 1519 926 ulcera
1546 884 1714 934 fovere,
1742 884 1851 926 sole-

1021 953 1121 981 mne
1157 940 1321 983 habuit.
1373 942 1456 982 His
1492 953 1627 994 porro
1666 941 1851 993 aliisque

1021 997 1105 1050 piis
1132 997 1379 1050 sumptibus
1403 1011 1491 1040 non
1515 998 1658 1050 regias
1682 1003 1852 1040 tantum

1021 1059 1184 1104 vestes,
1210 1059 1254 1096 et
1276 1055 1471 1107 pretiosa
1497 1055 1677 1097 monilia
1696 1054 1851 1096 distra-

1021 1111 1100 1161 xit;
1124 1110 1204 1153 sed
1222 1112 1367 1165 ipsum
1386 1125 1475 1154 non
1495 1112 1632 1154 semel
1651 1111 1852 1154 exhausit

1021 1167 1236 1209 aerarium.
1264 1169 1484 1211 Toleratis
1504 1168 1680 1210 demum
1700 1167 1757 1210 ad
1777 1180 1850 1221 pa-

1020 1225 1185 1266 tientiae
1198 1225 1456 1267 miraculum
1471 1225 1768 1278 acerbissimis
1785 1224 1853 1266 do-

1020 1281 1203 1333 leribus,
1224 1282 1412 1324 animam
1431 1282 1632 1324 semestri
1652 1282 1851 1334 corporis

1022 1339 1309 1389 aegrotatione
1322 1341 1555 1391 purgatam
1571 1338 1756 1380 Auctori
1770 1351 1850 1379 suo

1022 1400 1179 1446 quarto
1211 1396 1317 1437 Idus
1348 1396 1465 1436 Junii
1498 1394 1702 1437 reddidit.
1753 1396 1850 1445 Quo

1020 1452 1232 1504 temporis
1250 1453 1474 1494 momento
1494 1452 1629 1494 facies
1649 1452 1739 1503 ejus
1759 1450 1849 1493 diu-

1020 1508 1136 1549 turni
1160 1509 1304 1550 morbi
1331 1509 1471 1550 macie
1500 1522 1551 1550 ac
1578 1508 1748 1561 pallore
1774 1508 1849 1550 foe-

1021 1564 1142 1615 data,
1178 1565 1356 1607 insolita
1393 1565 1584 1618 quadam
1620 1567 1850 1607 venustate

1020 1621 1226 1663 refleruit.
1254 1622 1375 1663 Miris
1395 1623 1526 1664 etiam
1545 1627 1649 1674 post
1663 1626 1850 1663 mortem

1019 1677 1233 1730 prodigiis
1253 1678 1388 1729 clara,
1414 1684 1457 1721 et
1478 1678 1714 1720 Clementis
1735 1677 1849 1720 deci-

1019 1735 1078 1775 mi
1097 1736 1360 1778 auctoritate
1379 1736 1423 1777 in
1438 1735 1599 1778 Scutiae
1618 1737 1850 1788 patronam

1019 1794 1218 1845 accepta,
1243 1792 1408 1844 ubique
1433 1794 1651 1834 terrarum
1677 1792 1849 1843 religio—

1020 1849 1190 1890 sissime
1209 1848 1377 1890 colitur.

1072 1905 1123 1956 Ru
1138 1905 1292 1947 Fallax
1310 1905 1464 1957 gratia,
1483 1910 1527 1948 et
1540 1918 1653 1947 vana
1672 1910 1740 1947 est
1756 1904 1848 1958 pul-

1020 1960 1238 2004 chritudo:
1266 1965 1288 1988 ²⁰¹
1314 1962 1472 2004 Mulier
1503 1962 1661 2004 timens
1693 1962 1848 2011 Deum,

1018 2017 1115 2070 ipsa
1136 2018 1402 2070 laudabitur,
1430 2018 1613 2071 alleluja.
1656 2013 1704 2065 V.
1732 2018 1847 2059 Date

1020 2074 1061 2115 ei
1088 2074 1144 2117 de
1170 2075 1314 2118 fructu
1342 2078 1550 2117 manuum
1578 2077 1772 2124 suarum,
1805 2078 1849 2116 et

1018 2131 1198 2174 laudent
1225 2146 1322 2175 eam
1349 2134 1393 2175 in
1417 2133 1558 2187 portis
1585 2134 1722 2185 opera
1746 2132 1848 2183 ejus.

1018 2189 1184 2231 Mulier.
1217 2190 1367 2231 Gloria
1384 2189 1517 2231 Patri.
1544 2188 1713 2230 Mulier.

1072 2249 1117 2284 In
1140 2249 1204 2283 111.
1221 2249 1421 2283 Nocturno
1447 2247 1616 2282 llomilia
1642 2247 1680 2280 in
1702 2247 1847 2290 Evang.

1021 2297 1149 2333 Simile
1167 2302 1226 2334 est
1244 2309 1405 2343 regnum
1422 2299 1618 2334 coelerum.
1640 2297 1688 2332 de
1710 2297 1847 2333 eodem

1021 2346 1234 2381 Communi.
1257 2346 1347 2390 [125]

1072 2399 1189 2442 Vesp.
1215 2399 1262 2432 de
1287 2408 1392 2441 sequ.
1418 2407 1502 2431 eum
1528 2406 1660 2430 comm.
1683 2396 1846 2438 praeced.

1281 2477 1366 2518 Die
1384 2477 1436 2517 11.
1454 2476 1480 2517 J
1481 2489 1581 2518 unu

1151 2540 1195 2581 S.
1218 2540 1470 2581 Barnabae
1497 2540 1710 2591 Apostoli.

1276 2597 1428 2639 Duplex
1454 2597 1587 2637 majus.

1073 2649 1209 2684 Omnia
1243 2649 1289 2683 dc
1323 2649 1525 2683 Communi
1557 2649 1694 2692 Apost.
1730 2655 1843 2694 temp.

1020 2697 1155 2731 Pasch.
1177 2699 1246 2743 [21]
1270 2702 1412 2739 praetcr
1436 2708 1541 2740 sequ.
