2028 2892
808 198 1009 230 Dominica
1036 195 1246 228 l‘wssionis.

195 299 312 336 Crux
333 292 485 342 fidelis,
507 293 620 334 inter
639 304 792 333 omnes

249 349 395 390 Arbor
414 361 500 389 una
519 348 692 389 nobilis:

248 405 365 446 Silva
384 404 516 446 talem
538 403 656 445 nulla
675 403 845 456 profert

247 460 432 510 Fronde,
453 460 574 509 flore,
591 460 801 510 germine:

247 516 386 557 Dulce
406 516 580 564 ferrum,
600 515 728 557 dulce
746 515 921 565 lignum,

246 572 386 613 Dulce
406 571 580 624 pondus
601 572 826 612 sustinent.

200 650 346 692 Flecte
366 662 512 690 ramos
532 649 664 691 arbor
684 650 782 698 alta,

244 707 391 748 Tensa
410 706 510 746 laxa
528 707 708 754 viscera,

246 763 303 803 Et
322 763 440 813 rigor
458 762 672 803 lentescat
690 761 773 810 ille,

247 820 387 869 Quem
406 818 528 860 dedit
546 818 766 866 nativitas;

247 876 303 916 Et
323 875 500 927 superni
519 873 716 915 membra
735 873 851 924 regis

249 930 402 972 Tende
421 930 515 971 miti
534 930 694 982 stipite.

194 1008 297 1050 Sola
317 1007 447 1058 digna
466 1012 513 1048 tu
532 1007 651 1048 fuisti

244 1064 379 1106 Ferre
399 1063 551 1104 mundi
571 1062 807 1111 victimam;

245 1122 393 1172 Atque
413 1124 591 1172 portum
609 1120 862 1171 praeparare

248 1178 365 1217 Arca
383 1175 547 1217 mundo
568 1175 790 1226 naufrago,

247 1233 389 1282 Quam
408 1244 533 1273 sacer
551 1244 680 1272 cruor
699 1231 916 1283 perunxit,

246 1289 387 1329 Fusus
407 1288 522 1339 Agni
541 1290 739 1340 corpore.

195 1364 469 1416 sempiterna
489 1364 544 1405 sit
562 1363 705 1405 beatae

246 1420 451 1462 Trinitati
470 1420 619 1470 gloria,

245 1478 393 1528 AEqua
412 1477 542 1525 Patri,
561 1476 776 1528 Filioque,

244 1533 330 1574 Par
349 1532 484 1574 decus
502 1532 738 1574 Paraclito:

245 1589 382 1630 Unius
401 1589 611 1640 Trinique
630 1601 790 1629 nomen

245 1644 417 1686 Laudet
436 1645 708 1686 universitas.
740 1644 894 1685 Arnen.

225 1703 274 1754 Y.
307 1709 441 1761 Eripe
479 1721 550 1750 me
584 1708 639 1750 de
672 1708 858 1749 inimicis
890 1708 999 1749 meis

168 1766 290 1806 Deus
317 1777 451 1805 meus.
496 1767 544 1816 R'.
576 1765 634 1806 Et
661 1764 717 1805 ab
744 1764 998 1814 insurgenti-

169 1821 281 1862 bus
271 1834 313 1861 m
333 1834 403 1862 me
422 1820 559 1862 libera
579 1833 661 1862 me.

226 1886 294 1926 Ad
330 1887 359 1925 Β
366 1887 485 1927 ened.
528 1889 624 1927 Ant.
654 1885 843 1927 Dicebat
870 1886 998 1927 Jesus

169 1942 191 1967 *
211 1942 351 1984 turbis
371 1942 395 1982 J
398 1941 642 1989 udaeorum
662 1947 706 1983 et
725 1942 998 1994 principibus

170 1998 465 2039 sacerdotum:
486 1998 570 2047 Qui
587 2010 641 2039 ex
651 1998 749 2039 Deo
766 2004 843 2047 est,
863 1998 998 2040 verba

168 2054 251 2095 Dei
275 2053 411 2095 audit:
444 2056 680 2106 propterea
708 2067 789 2095 vos
812 2067 900 2095 non
926 2067 998 2095 au·

170 2108 286 2160 ditis,
308 2110 408 2162 quia
427 2123 482 2151 ex
500 2110 598 2151 Deo
618 2123 706 2151 non
726 2110 842 2152 estis.

506 2180 515 2211 (
531 2177 668 2216 natio.

177 2217 473 2336 qumus
493 2232 771 2282 omnipotens
790 2230 929 2297 Deus,
942 2231 998 2271 fa-

304 2286 423 2327 iliam
442 2291 563 2327 tuam
579 2287 798 2338 propitius
815 2287 999 2339 respice:

170 2347 218 2381 ut
237 2347 280 2382 te
299 2341 522 2392 largiente,
541 2344 717 2393 regatur
736 2342 779 2383 in
796 2345 999 2402 corpore:

172 2397 215 2433 et
234 2397 277 2433 te
297 2406 394 2433 serv
399 2396 509 2443 ante,
530 2393 832 2435 custodiatur
822 2408 864 2435 1n
883 2407 999 2435 men-

172 2453 227 2488 te.
254 2448 338 2489 Per
357 2449 604 2491 Dominum.

443 2531 510 2566 Ad
534 2531 735 2567 Primam.

232 2587 262 2623 A
272 2593 326 2625 nt.
354 2588 440 2634 ligo
461 2586 724 2628 daemonium
744 2600 830 2628 non
846 2586 1000 2636 habeo,

172 2642 195 2665 *
216 2640 294 2681 sed
314 2639 556 2683 honorifico
571 2644 748 2685 Patrem
763 2656 920 2692 meum,
941 2643 1000 2684 di-

173 2697 231 2737 cit
250 2696 475 2737 Dominus.

1107 292 1157 342 Ιζν.
1173 290 1236 330 br.
1253 289 1424 330 Christe
1442 287 1526 328 Fili
1544 287 1628 328 Dei
1646 286 1745 336 vivi,
1765 285 1790 309 *
1806 285 1883 327 Μί-

1053 347 1199 387 serere
1226 344 1367 386 nobis.
1404 343 1587 384 Christe.
1626 335 1677 387 V
1708 342 1794 392 Qui
1818 355 1884 384 se-

1053 402 1132 443 des
1156 400 1214 443 ad
1233 401 1464 442 dexteram
1484 399 1639 440 Patris.
1672 398 1885 440 Miserere

1051 457 1192 499 nobis.
1223 458 1464 511 Repetitur.
1492 455 1670 496 Christe
1693 454 1776 495 Fili
1799 453 1884 495 Dei

1052 514 1150 563 vivi,
1168 514 1378 554 miserere
1396 511 1536 553 nobis.

1109 566 1157 617 X.
1181 570 1382 619 Exsurge
1404 567 1592 616 Christe,
1613 565 1772 618 adjuva
1790 578 1884 607 nos.

1056 630 1105 679 Rg.
1133 626 1190 666 Et
1221 625 1359 667 libera
1392 638 1474 666 nos
1505 627 1690 677 propter
1722 635 1884 664 nomen

1051 687 1186 723 tuum.

1106 744 1169 777 Ad
1204 743 1500 777 Absolutionem
1537 741 1722 784 Capituli,
1754 741 1887 775 Lectio

1056 792 1196 825 brevis.
1227 789 1378 824 Faciem
1402 799 1537 824 meam.
1567 793 1608 822 ut
1632 789 1671 822 in
1695 788 1812 822 Psalt.
1829 787 1883 822 26.

1057 840 1101 873 Et
1127 839 1269 872 dicitur
1289 838 1326 871 in
1346 837 1550 871 Dominica
1568 841 1604 870 et
1621 836 1746 870 Feriis
1765 846 1889 879 usque

1056 887 1105 920 ud
1128 886 1278 920 Feriam
1304 885 1345 919 V.
1373 886 1409 918 in
1433 886 1554 918 (Zoena
1578 884 1737 918 Domini
1762 884 1889 918 exclu-

1056 945 1149 968 Sive.

1321 990 1388 1026 Ad
1411 989 1614 1026 Tertiam.

1109 1047 1207 1086 Ant.
1236 1045 1335 1094 Ego
1363 1042 1550 1094 gloriam
1577 1054 1723 1083 meam
1747 1040 1771 1066 *
1795 1052 1884 1082 non

1053 1113 1219 1152 quaero:
1244 1104 1312 1141 est
1337 1099 1411 1151 qui
1436 1102 1622 1150 quaerat,
1647 1101 1691 1138 et
1709 1096 1884 1148 judicet.

1109 1156 1370 1209 C·1pitulum
1391 1157 1585 1196 Fratres:
1606 1153 1818 1195 Christus.
1843 1158 1891 1194 ut

1057 1227 1137 1265 sup
1144 1227 1200 1253 r1
1223 1213 1312 1253 189.

1110 1270 1159 1308 lx.
1174 1269 1235 1309 br.
1246 1268 1362 1309 Erue
1382 1280 1408 1308 a
1426 1267 1592 1308 framea
1619 1266 1776 1308 *Deus
1796 1265 1884 1306 ani-

1051 1337 1167 1366 mam
1186 1337 1340 1366 meam.
1367 1324 1497 1364 Erue.
1535 1318 1586 1369 V.
1601 1323 1660 1364 Et
1679 1321 1734 1363 de
1752 1334 1886 1362 manu

1052 1381 1171 1423 canis
1187 1381 1360 1422 unicam
1373 1393 1527 1421 meam.
1547 1379 1669 1420 Deus
1684 1378 1885 1419 animam.

1059 1439 1178 1479 Erue
1197 1451 1223 1479 a
1241 1437 1419 1478 framea.

1110 1492 1159 1543 V.
1181 1493 1249 1535 De
1275 1506 1352 1535 ore
1375 1493 1517 1534 leonis
1540 1491 1679 1533 libera
1701 1503 1773 1532 me
1796 1490 1886 1531 Do-

1051 1550 1179 1591 mine.
1205 1552 1255 1603 R.
1269 1550 1326 1591 Et
1344 1562 1370 1590 a
1385 1547 1593 1590 cornibus
1608 1546 1886 1589 unicornium

1051 1605 1341 1647 humilitatem
1358 1617 1514 1647 meam.

1332 1674 1400 1710 Ad
1423 1673 1611 1710 Sextam.

1110 1730 1209 1769 Ant
1239 1729 1393 1776 Amen,
1421 1738 1548 1767 amen
1573 1723 1673 1766 dico
1698 1723 1843 1765 vobis.
1861 1723 1885 1748 *

1052 1783 1088 1824 si
1114 1784 1212 1837 quis
1237 1785 1487 1825 sermonem
1511 1794 1658 1823 meum
1684 1781 1885 1822 servave-

1052 1840 1122 1889 rit,
1147 1845 1338 1882 mortem
1363 1852 1454 1880 non
1477 1836 1706 1889 gustabit'
1694 1850 1739 1877 1n
1762 1837 1885 1878 aeter-

1051 1910 1166 1938 num.

1109 1962 1370 2013 Capitulum.
1584 1959 1718 2000 Hebr.
1738 1960 1775 1999 9.
1796 1958 1835 1999 d.

1052 2018 1135 2126 Si
1155 2023 1270 2064 enim
1290 2021 1467 2072 sanguis
1482 2020 1715 2069 hircorum,
1735 2024 1779 2061 et
1793 2024 1884 2060 tau-

1139 2082 1299 2128 rorum,
1320 2083 1363 2120 et
1383 2077 1491 2119 cinis
1508 2075 1657 2117 vitulae
1678 2077 1885 2128 aspersus

1051 2135 1303 2187 inquinatos
1327 2133 1572 2176 sanctificat
1597 2131 1654 2173 ad
1680 2130 1884 2173 emunda-

1051 2192 1217 2233 tionem
1241 2190 1398 2232 carnis:
1433 2193 1598 2241 quanto
1625 2188 1765 2239 magis
1790 2201 1884 2229 san-

1051 2248 1148 2297 guis
1168 2246 1345 2295 Christi,
1370 2245 1444 2298 qui
1462 2258 1542 2297 per
1561 2245 1771 2297 Spiritum
1790 2257 1885 2285 san-

1052 2309 1172 2345 ctum
1195 2304 1480 2354 semetipsum
1503 2301 1662 2342 obtulit
1680 2301 1884 2341 immacu-

1052 2360 1188 2401 latum
1220 2359 1334 2409 Deo,
1374 2356 1630 2399 emundabit
1663 2356 1885 2398 conscien-

1053 2417 1158 2457 tiam
1177 2420 1373 2456 nostram
1393 2413 1448 2455 ab
1466 2413 1674 2466 operibus
1688 2412 1885 2460 mortuis,

1053 2471 1110 2513 ad
1129 2469 1408 2513 serviendum
1427 2470 1524 2511 Deo
1547 2466 1733 2510 viventi?

1113 2534 1160 2583 Ra
1179 2533 1239 2571 br.
1255 2531 1323 2572 De
1343 2543 1418 2572 ore
1436 2529 1578 2571 leonis
1602 2531 1622 2553 *
1638 2528 1799 2570 Libera
1813 2540 1884 2569 me

1054 2588 1252 2629 Domine.
1282 2587 1350 2628 De
1370 2600 1457 2628 ore.
1490 2585 1539 2632 Y.
1557 2586 1615 2627 Et
1634 2598 1660 2626 a
1678 2583 1884 2626 cornibus

1054 2644 1326 2685 unicornium
1388 2643 1678 2684 humilitatem
1730 2652 1885 2680 meam.

1054 2699 1224 2741 Libera.
1277 2701 1337 2740 l)e
1366 2711 1453 2740 ore.
