2028 2892
186 201 249 236 162

185 295 314 344 ilh'us,
339 295 558 335 mittentes
581 293 638 334 ad
661 297 845 345 patrem:
875 303 1004 343 quarn

186 365 284 394 cum
309 352 586 402 cognovisset
603 354 744 402 pater,
773 348 843 390 ait.
884 348 1004 389 Fera.

492 411 643 451 Lectio
665 424 700 450 v.

186 465 286 571 Sit
317 464 447 515 igitur
475 463 602 504 nobis
629 462 883 515 propositus
912 474 1005 501 san-

271 527 368 563 ctus
401 520 568 573 Joseph
603 525 826 571 tamquam
855 520 1005 570 specu-

186 579 274 620 lum
293 577 520 619 castitatis,
556 578 607 617 In
632 577 722 627 ejus
747 576 861 617 enim
879 574 1006 615 mori-

186 635 277 684 bus,
297 635 340 675 in
361 635 450 685 ejus
470 633 638 675 actibus
657 633 772 674 lucet
787 631 1006 684 pudicitia,

188 696 229 733 et
276 690 453 743 quidam
498 689 699 742 splendet
739 688 1006 729 castimc‘miae

187 760 345 796 comes,
364 747 478 787 nitor
497 746 659 797 gratiae.
686 743 812 787 Unde
833 744 964 785 etiam
982 757 1008 785 a

186 803 439 857 parentibus
472 802 570 855 plus
603 815 732 854 quam
765 801 898 842 ceteri
930 800 1007 841 filii

189 860 460 911 diligebatur.
510 858 599 901 Sed
640 871 691 900 ea
727 871 796 899 res
831 857 1007 898 invidiae

188 917 281 958 fuit:
312 915 429 969 quod
458 915 630 957 silentio
654 913 1007 967 praetereundum

187 986 274 1014 non
306 973 399 1014 fuit:
432 972 531 1013 hinc
564 972 677 1013 enim
708 972 1008 1022 argumentum

188 1032 323 1071 totius
342 1029 537 1070 historiae
557 1028 788 1080 processit:
816 1027 943 1068 simul
962 1032 1009 1068 ut

188 1087 513 1137 cognoscamUS,
523 1085 764 1137 perfectum
775 1085 913 1125 virum
922 1096 1009 1124 non

187 1142 353 1183 moveri
381 1141 617 1183 ulciscendi
645 1140 809 1183 doleris
837 1139 1009 1190 invidia,

189 1211 269 1240 nec
313 1199 528 1240 malorum
573 1197 813 1251 rependere
858 1198 1009 1238 vicem.
1074 1232 1077 1235 .

188 1255 314 1297 Unde
340 1260 383 1297 et
406 1254 551 1296 David
577 1255 651 1296 ait:
676 1255 721 1296 Si
748 1252 921 1296 reddidi
946 1266 1008 1295 re-

189 1311 480 1353 tribuentibus
501 1311 605 1352 mihi
623 1311 748 1352 mala.

242 1370 291 1420 R.
322 1368 488 1421 Joseph
516 1368 620 1409 dum
648 1369 829 1409 intraret
855 1368 898 1408 in
925 1372 1008 1409 ter-

188 1438 280 1466 ram
308 1425 505 1478 AEgypti,
536 1425 727 1475 linguam
759 1437 890 1476 quam
923 1437 1009 1466 non

189 1484 384 1531 noverat,
408 1481 587 1523 audivit:
607 1494 760 1522 manus
781 1481 870 1532 ejus
890 1481 933 1521 in
952 1480 1009 1521 la-

188 1537 368 1579 boribus
384 1538 638 1579 servierunt:
652 1538 673 1562 *
689 1537 745 1579 Et
759 1537 905 1587 lingua
920 1538 1009 1588 ejus

188 1595 298 1636 inter
317 1595 537 1647 principes
561 1594 823 1646 loquebatur
843 1594 1009 1646 sapien-

188 1651 303 1691 tiam.
331 1647 381 1698 Yf.
405 1650 753 1692 Humiliaverunt
775 1651 818 1691 in
838 1653 1009 1703 compe-

190 1706 316 1748 dibus
335 1707 471 1760 pedes
491 1708 594 1759 ejus:
612 1708 774 1749 ferrum
794 1710 1009 1760 pertrans—

189 1764 237 1804 iit
257 1764 443 1805 animam
463 1765 562 1816 ejus
582 1764 722 1805 donec
737 1766 903 1806 veniret
917 1777 1010 1806 ver-

190 1819 293 1861 bum
312 1821 412 1872 ejus.
440 1821 497 1862 Et
515 1820 670 1871 lingua.

492 1877 643 1919 Lectio
664 1878 715 1917 vi.

274 1933 349 1975 uid
368 1938 512 1975 autem
533 1939 658 1983 esset,
678 1934 798 1986 quod
816 1935 1011 1987 praeferri

293 1989 457 2042 Joseph
492 1992 730 2031 mereretur
767 1992 939 2041 ceteris,
975 1993 1011 2033 si
1076 1979 1135 2033 ³⁴2?

192 2051 265 2088 aut
284 2046 494 2087 laedentes
513 2046 712 2096 laesisset,
741 2053 815 2088 aut
835 2048 1011 2100 diligen-

192 2108 259 2145 tes
279 2101 524 2145 dilexisset?
559 2103 657 2144 Hoc
683 2104 797 2144 enim
815 2103 1012 2156 plerique

193 2160 364 2201 faciunt.
392 2159 479 2201 Sed
498 2159 605 2201 illud
623 2159 838 2210 mirabile,
864 2161 900 2201 si
921 2160 1012 2202 dili-

193 2228 270 2266 gas
287 2216 508 2257 inimicum
522 2220 658 2257 tuum:
678 2216 798 2267 quod
812 2216 1013 2259 Salvator

195 2271 334 2314 docet.
381 2273 484 2313 Jure
521 2285 626 2323 ergo
659 2272 900 2323 mirandus,
941 2275 1013 2326 qui

195 2328 278 2370 hoc
302 2329 403 2370 fecit
428 2334 528 2370 ante
547 2328 846 2379 Evangelium‚
873 2334 920 2371 ut
943 2330 1014 2371 lae-

195 2397 268 2425 sus
286 2388 500 2437 parceret,
520 2388 740 2438 appetitus
758 2386 1014 2436 ignosceret,

196 2440 394 2483 venditus
411 2455 498 2484 non
514 2442 696 2483 referret
710 2442 918 2493 injuriam,
938 2443 1015 2485 sed

196 2498 379 2548 gratiam
410 2512 490 2551 pro
519 2499 782 2540 contumelia
810 2498 1016 2540 solveret:

198 2555 317 2606 quod
343 2561 443 2607 post
470 2555 751 2607 Evangelium
781 2568 931 2596 omnes
957 2555 1015 2597 di-

198 2610 390 2660 dicimus,
412 2617 454 2653 et
474 2615 647 2653 servare
667 2624 753 2653 non
772 2613 1017 2663 possumus.

198 2668 428 2708 Discamus
453 2681 555 2718 ergo
581 2675 624 2709 et
644 2670 895 2709 sanctorum
913 2668 1017 2708 invi—

199 2724 332 2773 diam,
364 2729 411 2765 ut
438 2724 653 2766 imitemur
677 2724 946 2777 patientiam:
976 2729 1019 2765 et

714 201 914 235 Dominica
942 199 1002 233 ΙΙΙ.
1028 197 1351 240 Quadragcsimae.

1057 291 1394 341 cognoscamus,
1438 286 1537 329 illos
1581 298 1670 327 non
1713 289 1882 328 naturae

1055 345 1374 400 praestantioris
1389 345 1532 393 fuisse,
1552 342 1632 384 sed
1650 342 1882 385 observan-

1057 403 1195 445 tioris:
1211 415 1292 444 nec
1306 401 1411 444 vitia
1426 402 1629 449 nescisse,
1649 398 1728 441 sed
1742 412 1882 442 emen-

1058 460 1198 502 dasse.
1234 458 1364 509 Quod
1388 458 1424 499 si
1449 455 1611 499 invidia
1635 456 1765 498 etiam
1789 469 1883 497 san-

1058 522 1154 558 ctos
1174 515 1358 564 adussit,
1384 518 1548 567 quanto
1571 512 1711 565 magis
1731 514 1883 555 caven-

1059 573 1162 615 dum
1182 577 1260 622 est,
1278 585 1332 614 ne
1349 570 1589 612 inflammet
1604 569 1883 622 peccatores?

1112 633 1163 685 R.
1186 628 1408 671 Memento
1427 626 1529 676 mei,
1549 625 1654 667 dum
1671 625 1784 669 bene
1803 625 1885 668 tibi

1059 686 1204 729 fuerit:
1224 686 1247 710 *
1264 685 1324 727 Ut
1347 686 1558 735 suggeras
1576 682 1811 732 Phara6ni,
1835 687 1885 725 ut

1060 742 1219 784 educat
1241 754 1311 783 me
1335 740 1498 782 de.-isto
1519 741 1711 781 carcere:
1733 742 1756 767 *
1773 739 1886 790 Quia

1059 799 1207 840 furtim
1233 797 1432 839 sublatus
1460 809 1571 846 sum,
1599 801 1644 838 et
1670 795 1743 837 hic
1766 798 1885 837 inno-

1061 868 1164 896 cens
1182 855 1226 895 in
1245 855 1388 895 lacum
1408 853 1567 894 missus
1583 866 1689 894 sum.
1712 850 1762 903 V
1775 852 1886 894 Tres

1061 912 1174 953 enim
1200 910 1343 952 adhuc
1368 910 1462 951 dies
1489 914 1606 959 sunt,
1643 914 1747 962 post
1768 921 1886 973 quos

1061 967 1362 1010 recordabitur
1378 966 1550 1007 Pharao
1566 965 1794 1007 ministerii
1813 965 1886 1014 tui,

1061 1030 1104 1067 et
1115 1027 1314 1066 restituet
1325 1029 1369 1065 te
1384 1024 1428 1064 in
1443 1021 1627 1074 gradum
1641 1021 1888 1075 pristinum·

1060 1087 1164 1123 tunc
1182 1082 1401 1122 memento
1422 1080 1518 1136 mei.
1545 1080 1615 1121 Ut.
1643 1078 1796 1120 Gloria
1809 1078 1887 1119 Pa-

1061 1139 1127 1179 tri.
1155 1137 1276 1188 Quia.

1286 1223 1335 1262 In
1354 1223 1424 1261 III.
1445 1222 1667 1262 Nocturno.

1064 1281 1216 1324 Lectio
1241 1280 1379 1321 sancti
1398 1278 1623 1331 Evangelii
1648 1277 1888 1320 secsmdum

1387 1336 1563 1377 Lucam.

1142 1399 1293 1439 Lectio
1314 1399 1381 1438 vii.
1588 1397 1691 1450 Cap.
1709 1397 1759 1436 11.
1773 1395 1813 1437 b.

1061 1450 1137 1557 In
1169 1454 1245 1495 illo
1278 1456 1493 1506 tempore:
1525 1453 1632 1494 Erat
1658 1451 1788 1494 Jesus
1820 1452 1889 1504 eji-

1133 1511 1252 1552 ciens
1278 1509 1562 1559 daemc‘mium,
1596 1513 1640 1551 et
1663 1508 1770 1551 illud
1796 1513 1890 1550 erat

1063 1573 1242 1610 mutum.
1282 1567 1339 1608 Et
1373 1579 1472 1607 cum
1504 1566 1702 1618 ejecisset
1729 1564 1890 1619 daemoss

1064 1626 1198 1673 nium,
1224 1624 1399 1665 loci'itus
1420 1627 1487 1664 est
1504 1626 1666 1671 mutus,
1694 1626 1738 1663 et
1757 1621 1890 1663 admi-

1063 1684 1172 1723 ratae
1192 1685 1294 1721 sunt
1312 1678 1466 1720 turbae.
1492 1678 1550 1720 Et
1567 1678 1747 1731 reliqua.

1156 1753 1348 1797 Homilia
1378 1752 1638 1795 venerabilis
1665 1751 1801 1794 Bedae

1346 1810 1609 1863 Presbyteri.

1120 1878 1202 1913 Lib.
1226 1879 1256 1913 4.
1282 1888 1363 1921 cap.
1388 1877 1442 1911 48.
1468 1877 1506 1911 in
1532 1887 1613 1920 cap.
1637 1876 1687 1911 11.
1712 1876 1837 1911 Lucae.

1099 1936 1459 1976 NJaemoniacus
1500 1932 1583 1973 iste
1624 1931 1743 1985 apud
1783 1931 1891 1973 Mat-

1076 2000 1164 2035 ,’
1217 1990 1382 2032 thaeum
1421 2002 1510 2030 non
1552 1988 1695 2030 solum
1730 1992 1891 2038 mutus,

1135 2035 1183 2071 ‘A
1219 2046 1298 2089 sed
1331 2051 1374 2088 et
1406 2058 1550 2087 caecus
1582 2045 1715 2086 fuisse
1746 2046 1891 2086 narra-

1064 2111 1149 2147 tur:
1178 2107 1442 2155 curatusque
1464 2102 1622 2144 dicitur
1645 2114 1671 2143 a
1688 2101 1891 2151 DOmino,

1064 2163 1124 2203 ita
1143 2166 1191 2203 ut
1213 2161 1482 2213 loqueretur,
1509 2164 1552 2201 et
1569 2158 1749 2200 videret.
1785 2158 1892 2199 Tria

1067 2230 1171 2269 ergo
1205 2218 1329 2268 signa
1359 2215 1488 2258 simul
1519 2216 1563 2256 in
1595 2227 1682 2257 uno
1715 2214 1891 2256 homine

1066 2276 1319 2328 perpetrata
1338 2278 1452 2315 sunt:
1479 2285 1624 2314 caecus
1643 2270 1778 2321 videt,
1801 2284 1892 2312 mu-

1066 2336 1137 2372 tus
1155 2331 1366 2383 loquitur,
1394 2331 1626 2382 possessus
1646 2341 1672 2370 a
1691 2328 1891 2370 daemone

1067 2388 1287 2429 liberatur.
1333 2386 1463 2437 Quod
1495 2391 1540 2428 et
1576 2390 1681 2427 tunc
1715 2384 1893 2437 quidem

1068 2443 1300 2485 carnaliter
1321 2442 1483 2484 factum
1503 2447 1587 2492 est,
1615 2440 1695 2483 sed
1719 2446 1763 2483 et
1787 2453 1892 2493 quo-

1068 2499 1174 2542 tidie
1221 2499 1466 2551 completur
1515 2499 1559 2539 in
1608 2497 1892 2540 conversi6ne

1069 2555 1353 2598 credentium:
1398 2560 1446 2596 ut
1482 2555 1667 2608 expulso
1705 2554 1893 2607 primum

1071 2612 1284 2661 daemone,
1329 2610 1433 2652 fidei
1477 2611 1622 2652 lumen
1665 2610 1893 2663 aspiciant;

1071 2668 1229 2710 deinde
1274 2666 1330 2709 ad
1375 2667 1528 2709 laudes
1572 2668 1656 2709 Dei
1704 2666 1893 2708 tacentia

1070 2725 1191 2776 prius
1226 2736 1304 2766 ora
1337 2723 1548 2765 laxentur.
1601 2722 1788 2774 Quidam
1822 2734 1892 2764 au-
