<?xml version="1.0" encoding="UTF-8"?>
<!DOCTYPE html PUBLIC "-//W3C//DTD XHTML 1.0 Transitional//EN"
    "http://www.w3.org/TR/xhtml1/DTD/xhtml1-transitional.dtd">
<html xmlns="http://www.w3.org/1999/xhtml" xml:lang="en" lang="en">
 <head>
  <title>
</title>
<meta http-equiv="Content-Type" content="text/html;charset=utf-8" />
  <meta name='ocr-system' content='tesseract 3.04.00' />
  <meta name='ocr-capabilities' content='ocr_page ocr_carea ocr_par ocr_line ocrx_word'/>
</head>
<body>
  <div class='ocr_page' id='page_1' title='image "./p2breviariumroma00cathuoft_0879.png"; bbox 0 0 2066 2956; ppageno 0'>
   <div class='ocr_carea' id='block_1_1' title="bbox 755 235 1276 270">
    <p class='ocr_par' dir='ltr' id='par_1_1' title="bbox 755 235 1276 270">
     <span class='ocr_line' id='line_1_1' title="bbox 755 235 1276 270; baseline -0.004 0"><span class='ocrx_word' id='word_1_1' title='bbox 755 238 811 270; x_wconf 72' lang='lat' dir='ltr'>Ss.</span> <span class='ocrx_word' id='word_1_2' title='bbox 837 236 1019 270; x_wconf 76' lang='lat' dir='ltr'>Sindonis</span> <span class='ocrx_word' id='word_1_3' title='bbox 1045 235 1088 268; x_wconf 84' lang='lat' dir='ltr'>D.</span> <span class='ocrx_word' id='word_1_4' title='bbox 1110 235 1154 268; x_wconf 75' lang='lat' dir='ltr'>N.</span> <span class='ocrx_word' id='word_1_5' title='bbox 1179 235 1211 268; x_wconf 72' lang='lat' dir='ltr'>J.</span> <span class='ocrx_word' id='word_1_6' title='bbox 1238 236 1276 268; x_wconf 84' lang='lat' dir='ltr'>C.</span> 
     </span>
    </p>
   </div>
   <div class='ocr_carea' id='block_1_2' title="bbox 164 288 1867 2144">
    <p class='ocr_par' dir='ltr' id='par_1_2' title="bbox 164 288 1867 2144">
     <span class='ocr_line' id='line_1_2' title="bbox 164 288 1867 2144; baseline 0 -1845"><span class='ocrx_word' id='word_1_7' title='bbox 164 288 1867 2144; x_wconf 95' lang='lat' dir='ltr'>     </span> 
     </span>
    </p>
   </div>
   <div class='ocr_carea' id='block_1_3' title="bbox 168 332 995 942">
    <p class='ocr_par' dir='ltr' id='par_1_3' title="bbox 168 332 995 942">
     <span class='ocr_line' id='line_1_3' title="bbox 496 332 658 372; baseline -0.006 0"><span class='ocrx_word' id='word_1_8' title='bbox 496 332 658 372; x_wconf 85' lang='lat' dir='ltr'>Oratio.</span> 
     </span>
     <span class='ocr_line' id='line_1_4' title="bbox 168 387 991 496; baseline -0.002 -66"><span class='ocrx_word' id='word_1_9' title='bbox 168 391 347 496; x_wconf 82' lang='lat' dir='ltr'>DeuS‚</span> <span class='ocrx_word' id='word_1_10' title='bbox 372 388 446 440; x_wconf 92' lang='lat' dir='ltr'>qui</span> <span class='ocrx_word' id='word_1_11' title='bbox 464 387 590 429; x_wconf 92' lang='lat' dir='ltr'>nobis</span> <span class='ocrx_word' id='word_1_12' title='bbox 609 388 653 428; x_wconf 89' lang='lat' dir='ltr'>in</span> <span class='ocrx_word' id='word_1_13' title='bbox 673 393 822 429; x_wconf 84' lang='lat' dir='ltr'>sancta</span> <span class='ocrx_word' id='word_1_14' title='bbox 841 387 991 428; x_wconf 89' lang='lat' dir='ltr'>Sindo-</span> 
     </span>
     <span class='ocr_line' id='line_1_5' title="bbox 269 445 990 496; baseline -0.001 -11"><span class='ocrx_word' id='word_1_15' title='bbox 269 458 338 495; x_wconf 90' lang='lat' dir='ltr'>ne,</span> <span class='ocrx_word' id='word_1_16' title='bbox 367 456 453 496; x_wconf 88' lang='lat' dir='ltr'>qua</span> <span class='ocrx_word' id='word_1_17' title='bbox 471 456 633 496; x_wconf 92' lang='lat' dir='ltr'>corpus</span> <span class='ocrx_word' id='word_1_18' title='bbox 651 448 774 485; x_wconf 89' lang='lat' dir='ltr'>tuum</span> <span class='ocrx_word' id='word_1_19' title='bbox 793 445 990 485; x_wconf 85' lang='lat' dir='ltr'>sacratis—</span> 
     </span>
     <span class='ocr_line' id='line_1_6' title="bbox 170 499 992 554; baseline -0.004 -11"><span class='ocrx_word' id='word_1_20' title='bbox 170 503 325 543; x_wconf 92' lang='lat' dir='ltr'>simum</span> <span class='ocrx_word' id='word_1_21' title='bbox 340 513 363 542; x_wconf 90' lang='lat' dir='ltr'>e</span> <span class='ocrx_word' id='word_1_22' title='bbox 375 513 503 542; x_wconf 86' lang='lat' dir='ltr'>cruce</span> <span class='ocrx_word' id='word_1_23' title='bbox 515 500 775 554; x_wconf 83' lang='lat' dir='ltr'>dep6situm‚</span> <span class='ocrx_word' id='word_1_24' title='bbox 792 513 817 541; x_wconf 85' lang='lat' dir='ltr'>a</span> <span class='ocrx_word' id='word_1_25' title='bbox 828 500 851 540; x_wconf 91' lang='lat' dir='ltr'><strong>J</strong></span> <span class='ocrx_word' id='word_1_26' title='bbox 855 499 992 552; x_wconf 88' lang='lat' dir='ltr'>oseph</span> 
     </span>
     <span class='ocr_line' id='line_1_7' title="bbox 169 556 992 609; baseline -0.002 -10"><span class='ocrx_word' id='word_1_27' title='bbox 169 557 412 600; x_wconf 78' lang='lat' dir='ltr'>involutum</span> <span class='ocrx_word' id='word_1_28' title='bbox 439 556 534 607; x_wconf 88' lang='lat' dir='ltr'>fuit,</span> <span class='ocrx_word' id='word_1_29' title='bbox 561 557 779 609; x_wconf 81' lang='lat' dir='ltr'>passionis</span> <span class='ocrx_word' id='word_1_30' title='bbox 807 561 895 597; x_wconf 86' lang='lat' dir='ltr'>tuae</span> <span class='ocrx_word' id='word_1_31' title='bbox 923 569 992 597; x_wconf 92' lang='lat' dir='ltr'>ve-</span> 
     </span>
     <span class='ocr_line' id='line_1_8' title="bbox 171 613 992 666; baseline -0.005 -10"><span class='ocrx_word' id='word_1_32' title='bbox 171 614 298 665; x_wconf 85' lang='lat' dir='ltr'>stigia</span> <span class='ocrx_word' id='word_1_33' title='bbox 338 614 568 666; x_wconf 80' lang='lat' dir='ltr'>reliquisti:</span> <span class='ocrx_word' id='word_1_34' title='bbox 611 613 805 655; x_wconf 87' lang='lat' dir='ltr'>concede</span> <span class='ocrx_word' id='word_1_35' title='bbox 846 615 992 665; x_wconf 87' lang='lat' dir='ltr'>propi-</span> 
     </span>
     <span class='ocr_line' id='line_1_9' title="bbox 169 669 994 723; baseline -0.005 -10"><span class='ocrx_word' id='word_1_36' title='bbox 169 671 269 722; x_wconf 84' lang='lat' dir='ltr'>tius3</span> <span class='ocrx_word' id='word_1_37' title='bbox 293 675 341 712; x_wconf 89' lang='lat' dir='ltr'>ut</span> <span class='ocrx_word' id='word_1_38' title='bbox 359 683 439 723; x_wconf 93' lang='lat' dir='ltr'>per</span> <span class='ocrx_word' id='word_1_39' title='bbox 458 675 646 711; x_wconf 91' lang='lat' dir='ltr'>mortem</span> <span class='ocrx_word' id='word_1_40' title='bbox 665 675 708 711; x_wconf 92' lang='lat' dir='ltr'>et</span> <span class='ocrx_word' id='word_1_41' title='bbox 726 669 994 722; x_wconf 82' lang='lat' dir='ltr'>sepulturam</span> 
     </span>
     <span class='ocr_line' id='line_1_10' title="bbox 170 723 995 777; baseline -0.004 -8"><span class='ocrx_word' id='word_1_42' title='bbox 170 733 291 769; x_wconf 86' lang='lat' dir='ltr'>tuam</span> <span class='ocrx_word' id='word_1_43' title='bbox 335 727 391 768; x_wconf 90' lang='lat' dir='ltr'>ad</span> <span class='ocrx_word' id='word_1_44' title='bbox 435 723 768 768; x_wconf 72' lang='lat' dir='ltr'>resurrectionis</span> <span class='ocrx_word' id='word_1_45' title='bbox 812 726 995 777; x_wconf 71' lang='lat' dir='ltr'>glOriam</span> 
     </span>
     <span class='ocr_line' id='line_1_11' title="bbox 171 784 994 837; baseline -0.005 -11"><span class='ocrx_word' id='word_1_46' title='bbox 171 784 477 837; x_wconf 80' lang='lat' dir='ltr'>perducamur:</span> <span class='ocrx_word' id='word_1_47' title='bbox 505 784 597 834; x_wconf 76' lang='lat' dir='ltr'>vQui</span> <span class='ocrx_word' id='word_1_48' title='bbox 625 784 734 825; x_wconf 89' lang='lat' dir='ltr'>vivis</span> <span class='ocrx_word' id='word_1_49' title='bbox 768 789 811 825; x_wconf 91' lang='lat' dir='ltr'>et</span> <span class='ocrx_word' id='word_1_50' title='bbox 839 795 994 833; x_wconf 86' lang='lat' dir='ltr'>regnas</span> 
     </span>
     <span class='ocr_line' id='line_1_12' title="bbox 173 841 547 883; baseline -0.005 -1"><span class='ocrx_word' id='word_1_51' title='bbox 173 854 272 882; x_wconf 92' lang='lat' dir='ltr'>cum</span> <span class='ocrx_word' id='word_1_52' title='bbox 290 841 387 883; x_wconf 93' lang='lat' dir='ltr'>Deo</span> <span class='ocrx_word' id='word_1_53' title='bbox 406 841 547 882; x_wconf 86' lang='lat' dir='ltr'>Patre.</span> 
     </span>
     <span class='ocr_line' id='line_1_13' title="bbox 222 906 706 942; baseline -0.004 0"><span class='ocrx_word' id='word_1_54' title='bbox 222 908 269 942; x_wconf 92' lang='lat' dir='ltr'>Et</span> <span class='ocrx_word' id='word_1_55' title='bbox 291 908 331 941; x_wconf 86' lang='lat' dir='ltr'>fit</span> <span class='ocrx_word' id='word_1_56' title='bbox 355 916 549 941; x_wconf 80' lang='lat' dir='ltr'>commem.</span> <span class='ocrx_word' id='word_1_57' title='bbox 575 906 706 940; x_wconf 74' lang='lat' dir='ltr'>Feriae.</span> 
     </span>
    </p>
   </div>
   <div class='ocr_carea' id='block_1_4' title="bbox 334 979 832 1020">
    <p class='ocr_par' dir='ltr' id='par_1_4' title="bbox 334 979 832 1020">
     <span class='ocr_line' id='line_1_14' title="bbox 334 979 832 1020; baseline -0.006 0"><span class='ocrx_word' id='word_1_58' title='bbox 334 979 421 1020; x_wconf 90' lang='lat' dir='ltr'>Ad</span> <span class='ocrx_word' id='word_1_59' title='bbox 447 979 832 1020; x_wconf 70' lang='lat' dir='ltr'>matutinum.</span> 
     </span>
    </p>
   </div>
   <div class='ocr_carea' id='block_1_5' title="bbox 171 1039 996 1317">
    <p class='ocr_par' dir='ltr' id='par_1_5' title="bbox 171 1039 996 1252">
     <span class='ocr_line' id='line_1_15' title="bbox 222 1039 996 1090; baseline -0.005 -8"><span class='ocrx_word' id='word_1_60' title='bbox 222 1043 343 1084; x_wconf 87' lang='lat' dir='ltr'>Invit.</span> <span class='ocrx_word' id='word_1_61' title='bbox 386 1041 608 1083; x_wconf 81' lang='lat' dir='ltr'>Christum</span> <span class='ocrx_word' id='word_1_62' title='bbox 639 1040 888 1088; x_wconf 82' lang='lat' dir='ltr'>D6minum‚</span> <span class='ocrx_word' id='word_1_63' title='bbox 923 1039 996 1090; x_wconf 92' lang='lat' dir='ltr'>qui</span> 
     </span>
     <span class='ocr_line' id='line_1_16' title="bbox 171 1096 995 1151; baseline -0.005 -12"><span class='ocrx_word' id='word_1_64' title='bbox 171 1098 387 1151; x_wconf 82' lang='lat' dir='ltr'>passionis</span> <span class='ocrx_word' id='word_1_65' title='bbox 413 1111 503 1139; x_wconf 88' lang='lat' dir='ltr'>suae</span> <span class='ocrx_word' id='word_1_66' title='bbox 526 1097 781 1139; x_wconf 79' lang='lat' dir='ltr'>memoriam</span> <span class='ocrx_word' id='word_1_67' title='bbox 805 1096 848 1136; x_wconf 91' lang='lat' dir='ltr'>in</span> <span class='ocrx_word' id='word_1_68' title='bbox 872 1108 995 1136; x_wconf 91' lang='lat' dir='ltr'>sacra</span> 
     </span>
     <span class='ocr_line' id='line_1_17' title="bbox 172 1151 994 1204; baseline -0.002 -10"><span class='ocrx_word' id='word_1_69' title='bbox 172 1154 354 1195; x_wconf 81' lang='lat' dir='ltr'>sindone</span> <span class='ocrx_word' id='word_1_70' title='bbox 383 1156 575 1204; x_wconf 82' lang='lat' dir='ltr'>renovat,</span> <span class='ocrx_word' id='word_1_71' title='bbox 599 1153 622 1175; x_wconf 88' lang='lat'>*</span> <span class='ocrx_word' id='word_1_72' title='bbox 655 1154 815 1195; x_wconf 90' lang='lat' dir='ltr'>Venite</span> <span class='ocrx_word' id='word_1_73' title='bbox 844 1151 994 1193; x_wconf 78' lang='lat' dir='ltr'>adore-</span> 
     </span>
     <span class='ocr_line' id='line_1_18' title="bbox 171 1223 278 1252; baseline -0.009 -1"><span class='ocrx_word' id='word_1_74' title='bbox 171 1223 278 1252; x_wconf 91' lang='lat' dir='ltr'>mus.</span> 
     </span>
    </p>

    <p class='ocr_par' dir='ltr' id='par_1_6' title="bbox 226 1265 833 1317">
     <span class='ocr_line' id='line_1_19' title="bbox 226 1265 833 1317; baseline 0 -11"><span class='ocrx_word' id='word_1_75' title='bbox 226 1265 293 1306; x_wconf 90' lang='lat' dir='ltr'>Ps.</span> <span class='ocrx_word' id='word_1_76' title='bbox 319 1266 481 1317; x_wconf 85' lang='lat' dir='ltr'>Venite,</span> <span class='ocrx_word' id='word_1_77' title='bbox 501 1266 778 1309; x_wconf 84' lang='lat' dir='ltr'>exsultemus.</span> <span class='ocrx_word' id='word_1_78' title='bbox 797 1267 833 1306; x_wconf 87' lang='grc'>2.</span> 
     </span>
    </p>
   </div>
   <div class='ocr_carea' id='block_1_6' title="bbox 303 1344 911 1514">
    <p class='ocr_par' dir='ltr' id='par_1_7' title="bbox 303 1344 911 1514">
     <span class='ocr_line' id='line_1_20' title="bbox 481 1344 691 1394; baseline 0.005 -12"><span class='ocrx_word' id='word_1_79' title='bbox 481 1344 691 1394; x_wconf 84' lang='lat' dir='ltr'>Hymnus.</span> 
     </span>
     <span class='ocr_line' id='line_1_21' title="bbox 303 1405 728 1459; baseline 0 -13"><span class='ocrx_word' id='word_1_80' title='bbox 303 1406 512 1459; x_wconf 79' lang='lat' dir='ltr'>ysterium</span> <span class='ocrx_word' id='word_1_81' title='bbox 530 1405 728 1447; x_wconf 79' lang='lat' dir='ltr'>mirabile</span> 
     </span>
     <span class='ocr_line' id='line_1_22' title="bbox 318 1461 911 1514; baseline -0.003 -10"><span class='ocrx_word' id='word_1_82' title='bbox 318 1463 416 1504; x_wconf 85' lang='lat' dir='ltr'>Hac</span> <span class='ocrx_word' id='word_1_83' title='bbox 434 1462 530 1503; x_wconf 92' lang='lat' dir='ltr'>luce</span> <span class='ocrx_word' id='word_1_84' title='bbox 549 1461 676 1502; x_wconf 88' lang='lat' dir='ltr'>nobis</span> <span class='ocrx_word' id='word_1_85' title='bbox 693 1461 911 1514; x_wconf 81' lang='lat' dir='ltr'>panditur,</span> 
     </span>
    </p>
   </div>
   <div class='ocr_carea' id='block_1_7' title="bbox 251 1517 898 1617">
    <p class='ocr_par' dir='ltr' id='par_1_8' title="bbox 251 1517 898 1617">
     <span class='ocr_line' id='line_1_23' title="bbox 251 1517 770 1561; baseline -0.006 0"><span class='ocrx_word' id='word_1_86' title='bbox 251 1519 396 1561; x_wconf 91' lang='lat' dir='ltr'>Verus</span> <span class='ocrx_word' id='word_1_87' title='bbox 414 1519 498 1560; x_wconf 93' lang='lat' dir='ltr'>Dei</span> <span class='ocrx_word' id='word_1_88' title='bbox 518 1531 618 1559; x_wconf 91' lang='lat' dir='ltr'>cum</span> <span class='ocrx_word' id='word_1_89' title='bbox 635 1517 770 1559; x_wconf 90' lang='lat' dir='ltr'>Filius</span> 
     </span>
     <span class='ocr_line' id='line_1_24' title="bbox 252 1574 898 1617; baseline -0.005 0"><span class='ocrx_word' id='word_1_90' title='bbox 252 1576 440 1617; x_wconf 89' lang='lat' dir='ltr'>Mortem</span> <span class='ocrx_word' id='word_1_91' title='bbox 459 1576 683 1616; x_wconf 82' lang='lat' dir='ltr'>cruentam</span> <span class='ocrx_word' id='word_1_92' title='bbox 702 1574 898 1616; x_wconf 79' lang='lat' dir='ltr'>sustinet.</span> 
     </span>
    </p>
   </div>
   <div class='ocr_carea' id='block_1_8' title="bbox 199 1638 947 1862">
    <p class='ocr_par' dir='ltr' id='par_1_9' title="bbox 199 1638 947 1862">
     <span class='ocr_line' id='line_1_25' title="bbox 199 1638 762 1688; baseline -0.009 -4"><span class='ocrx_word' id='word_1_93' title='bbox 199 1643 387 1684; x_wconf 84' lang='lat' dir='ltr'>Causam</span> <span class='ocrx_word' id='word_1_94' title='bbox 407 1638 570 1682; x_wconf 81' lang='lat' dir='ltr'>tuendo</span> <span class='ocrx_word' id='word_1_95' title='bbox 591 1639 762 1688; x_wconf 80' lang='lat' dir='ltr'>servuli,</span> 
     </span>
     <span class='ocr_line' id='line_1_26' title="bbox 254 1695 844 1749; baseline -0.003 -10"><span class='ocrx_word' id='word_1_96' title='bbox 254 1699 424 1749; x_wconf 89' lang='lat' dir='ltr'>Reique</span> <span class='ocrx_word' id='word_1_97' title='bbox 443 1696 625 1738; x_wconf 88' lang='lat' dir='ltr'>formam</span> <span class='ocrx_word' id='word_1_98' title='bbox 644 1695 844 1744; x_wconf 79' lang='lat' dir='ltr'>vestiens,</span> 
     </span>
     <span class='ocr_line' id='line_1_27' title="bbox 252 1751 947 1804; baseline -0.006 -8"><span class='ocrx_word' id='word_1_99' title='bbox 252 1755 338 1796; x_wconf 92' lang='lat' dir='ltr'>Pro</span> <span class='ocrx_word' id='word_1_100' title='bbox 360 1765 487 1795; x_wconf 87' lang='lat' dir='ltr'>servo</span> <span class='ocrx_word' id='word_1_101' title='bbox 506 1753 637 1794; x_wconf 92' lang='lat' dir='ltr'>herus</span> <span class='ocrx_word' id='word_1_102' title='bbox 658 1751 947 1804; x_wconf 83' lang='lat' dir='ltr'>suspenditur,</span> 
     </span>
     <span class='ocr_line' id='line_1_28' title="bbox 253 1808 878 1862; baseline -0.005 -10"><span class='ocrx_word' id='word_1_103' title='bbox 253 1812 340 1852; x_wconf 91' lang='lat' dir='ltr'>Pro</span> <span class='ocrx_word' id='word_1_104' title='bbox 360 1814 486 1852; x_wconf 91' lang='lat' dir='ltr'>sonte</span> <span class='ocrx_word' id='word_1_105' title='bbox 506 1810 643 1862; x_wconf 90' lang='lat' dir='ltr'>justus</span> <span class='ocrx_word' id='word_1_106' title='bbox 662 1808 878 1861; x_wconf 83' lang='lat' dir='ltr'>plectitur.</span> 
     </span>
    </p>
   </div>
   <div class='ocr_carea' id='block_1_9' title="bbox 203 1874 978 2555">
    <p class='ocr_par' dir='ltr' id='par_1_10' title="bbox 204 1874 978 2097">
     <span class='ocr_line' id='line_1_29' title="bbox 204 1874 732 1925; baseline -0.008 -7"><span class='ocrx_word' id='word_1_107' title='bbox 204 1876 333 1918; x_wconf 91' lang='lat' dir='ltr'>Necis</span> <span class='ocrx_word' id='word_1_108' title='bbox 353 1879 529 1916; x_wconf 89' lang='lat' dir='ltr'>manent</span> <span class='ocrx_word' id='word_1_109' title='bbox 547 1874 732 1925; x_wconf 87' lang='lat' dir='ltr'>insignia</span> 
     </span>
     <span class='ocr_line' id='line_1_30' title="bbox 253 1929 892 1985; baseline -0.005 -12"><span class='ocrx_word' id='word_1_110' title='bbox 253 1933 475 1985; x_wconf 85' lang='lat' dir='ltr'>Impressa</span> <span class='ocrx_word' id='word_1_111' title='bbox 494 1944 618 1973; x_wconf 88' lang='lat' dir='ltr'>sacra</span> <span class='ocrx_word' id='word_1_112' title='bbox 635 1930 679 1971; x_wconf 91' lang='lat' dir='ltr'>in</span> <span class='ocrx_word' id='word_1_113' title='bbox 698 1929 892 1978; x_wconf 82' lang='lat' dir='ltr'>sindone,</span> 
     </span>
     <span class='ocr_line' id='line_1_31' title="bbox 255 1986 978 2041; baseline -0.007 -10"><span class='ocrx_word' id='word_1_114' title='bbox 255 1989 363 2039; x_wconf 89' lang='lat' dir='ltr'>Quae</span> <span class='ocrx_word' id='word_1_115' title='bbox 381 1993 484 2041; x_wconf 90' lang='lat' dir='ltr'>post</span> <span class='ocrx_word' id='word_1_116' title='bbox 501 1986 769 2040; x_wconf 77' lang='lat' dir='ltr'>triumphum</span> <span class='ocrx_word' id='word_1_117' title='bbox 787 1986 978 2028; x_wconf 81' lang='lat' dir='ltr'>nobilem</span> 
     </span>
     <span class='ocr_line' id='line_1_32' title="bbox 257 2042 944 2097; baseline -0.004 -11"><span class='ocrx_word' id='word_1_118' title='bbox 257 2045 428 2097; x_wconf 92' lang='lat' dir='ltr'>Corpus</span> <span class='ocrx_word' id='word_1_119' title='bbox 449 2046 673 2086; x_wconf 83' lang='lat' dir='ltr'>cruentum</span> <span class='ocrx_word' id='word_1_120' title='bbox 691 2042 944 2084; x_wconf 81' lang='lat' dir='ltr'>involverat.</span> 
     </span>
    </p>

    <p class='ocr_par' dir='ltr' id='par_1_11' title="bbox 203 2107 891 2320">
     <span class='ocr_line' id='line_1_33' title="bbox 203 2107 853 2158; baseline -0.005 -7"><span class='ocrx_word' id='word_1_121' title='bbox 203 2110 312 2151; x_wconf 86' lang='lat' dir='ltr'>Sunt</span> <span class='ocrx_word' id='word_1_122' title='bbox 330 2109 484 2150; x_wconf 88' lang='lat' dir='ltr'>mortis</span> <span class='ocrx_word' id='word_1_123' title='bbox 502 2107 609 2157; x_wconf 88' lang='lat' dir='ltr'>haec,</span> <span class='ocrx_word' id='word_1_124' title='bbox 629 2112 673 2149; x_wconf 92' lang='lat' dir='ltr'>et</span> <span class='ocrx_word' id='word_1_125' title='bbox 691 2107 853 2158; x_wconf 78' lang='lat' dir='ltr'>tartari,</span> 
     </span>
     <span class='ocr_line' id='line_1_34' title="bbox 255 2164 831 2217; baseline -0.005 -11"><span class='ocrx_word' id='word_1_126' title='bbox 255 2164 496 2217; x_wconf 88' lang='lat' dir='ltr'>Mundique</span> <span class='ocrx_word' id='word_1_127' title='bbox 515 2164 618 2206; x_wconf 88' lang='lat' dir='ltr'>victi</span> <span class='ocrx_word' id='word_1_128' title='bbox 635 2164 831 2215; x_wconf 82' lang='lat' dir='ltr'>insignia3</span> 
     </span>
     <span class='ocr_line' id='line_1_35' title="bbox 256 2220 891 2274; baseline -0.005 -11"><span class='ocrx_word' id='word_1_129' title='bbox 256 2220 478 2274; x_wconf 76' lang='lat' dir='ltr'>Tropha&#39;ea</span> <span class='ocrx_word' id='word_1_130' title='bbox 496 2225 596 2262; x_wconf 87' lang='lat' dir='ltr'>sunt</span> <span class='ocrx_word' id='word_1_131' title='bbox 614 2220 711 2261; x_wconf 90' lang='lat' dir='ltr'>haec</span> <span class='ocrx_word' id='word_1_132' title='bbox 729 2220 891 2272; x_wconf 88' lang='lat' dir='ltr'>inclyta</span> 
     </span>
     <span class='ocr_line' id='line_1_36' title="bbox 256 2276 764 2320; baseline -0.008 0"><span class='ocrx_word' id='word_1_133' title='bbox 256 2277 463 2320; x_wconf 79' lang='lat' dir='ltr'>Ductoris</span> <span class='ocrx_word' id='word_1_134' title='bbox 482 2276 764 2318; x_wconf 85' lang='lat' dir='ltr'>invictissimi.</span> 
     </span>
    </p>

    <p class='ocr_par' dir='ltr' id='par_1_12' title="bbox 206 2341 887 2447">
     <span class='ocr_line' id='line_1_37' title="bbox 206 2341 887 2393; baseline -0.007 -7"><span class='ocrx_word' id='word_1_135' title='bbox 206 2344 426 2386; x_wconf 85' lang='lat' dir='ltr'>Debemus</span> <span class='ocrx_word' id='word_1_136' title='bbox 447 2355 552 2393; x_wconf 88' lang='lat' dir='ltr'>ergo</span> <span class='ocrx_word' id='word_1_137' title='bbox 571 2342 684 2383; x_wconf 89' lang='lat' dir='ltr'>hanc</span> <span class='ocrx_word' id='word_1_138' title='bbox 703 2341 887 2392; x_wconf 77' lang='lat' dir='ltr'>gratiam</span> 
     </span>
     <span class='ocr_line' id='line_1_38' title="bbox 253 2397 789 2447; baseline -0.006 -5"><span class='ocrx_word' id='word_1_139' title='bbox 253 2401 429 2442; x_wconf 87' lang='lat' dir='ltr'>Nostrae</span> <span class='ocrx_word' id='word_1_140' title='bbox 449 2398 601 2440; x_wconf 82' lang='lat' dir='ltr'>salutis</span> <span class='ocrx_word' id='word_1_141' title='bbox 619 2397 789 2447; x_wconf 86' lang='lat' dir='ltr'>vindici,</span> 
     </span>
    </p>

    <p class='ocr_par' dir='ltr' id='par_1_13' title="bbox 256 2454 860 2555">
     <span class='ocr_line' id='line_1_39' title="bbox 256 2454 860 2498; baseline -0.007 0"><span class='ocrx_word' id='word_1_142' title='bbox 256 2457 315 2498; x_wconf 87' lang='lat' dir='ltr'>Ut</span> <span class='ocrx_word' id='word_1_143' title='bbox 334 2455 545 2498; x_wconf 80' lang='lat' dir='ltr'>daemonis</span> <span class='ocrx_word' id='word_1_144' title='bbox 565 2459 715 2496; x_wconf 90' lang='lat' dir='ltr'>contra</span> <span class='ocrx_word' id='word_1_145' title='bbox 734 2454 860 2495; x_wconf 91' lang='lat' dir='ltr'>dolos</span> 
     </span>
     <span class='ocr_line' id='line_1_40' title="bbox 258 2512 801 2555; baseline -0.007 0"><span class='ocrx_word' id='word_1_146' title='bbox 258 2515 355 2555; x_wconf 89' lang='lat' dir='ltr'>Hac</span> <span class='ocrx_word' id='word_1_147' title='bbox 372 2512 605 2553; x_wconf 88' lang='lat' dir='ltr'>militemus</span> <span class='ocrx_word' id='word_1_148' title='bbox 624 2513 801 2552; x_wconf 79' lang='lat' dir='ltr'>tessera.</span> 
     </span>
    </p>
   </div>
   <div class='ocr_carea' id='block_1_10' title="bbox 209 2575 932 2795">
    <p class='ocr_par' dir='ltr' id='par_1_14' title="bbox 209 2575 932 2795">
     <span class='ocr_line' id='line_1_41' title="bbox 209 2575 716 2625; baseline -0.004 -8"><span class='ocrx_word' id='word_1_149' title='bbox 209 2578 322 2619; x_wconf 85' lang='lat' dir='ltr'>Vitae</span> <span class='ocrx_word' id='word_1_150' title='bbox 338 2579 525 2619; x_wconf 83' lang='lat' dir='ltr'>vetustae</span> <span class='ocrx_word' id='word_1_151' title='bbox 544 2575 716 2625; x_wconf 76' lang='lat' dir='ltr'>mortui,</span> 
     </span>
     <span class='ocr_line' id='line_1_42' title="bbox 258 2633 902 2685; baseline -0.006 -10"><span class='ocrx_word' id='word_1_152' title='bbox 258 2635 495 2685; x_wconf 80' lang='lat' dir='ltr'>Surgamus</span> <span class='ocrx_word' id='word_1_153' title='bbox 513 2633 557 2674; x_wconf 92' lang='lat' dir='ltr'>in</span> <span class='ocrx_word' id='word_1_154' title='bbox 576 2633 711 2673; x_wconf 89' lang='lat' dir='ltr'>vitam</span> <span class='ocrx_word' id='word_1_155' title='bbox 729 2643 902 2679; x_wconf 83' lang='lat' dir='ltr'>novam3</span> 
     </span>
     <span class='ocr_line' id='line_1_43' title="bbox 260 2689 932 2741; baseline -0.006 -10"><span class='ocrx_word' id='word_1_156' title='bbox 260 2690 477 2732; x_wconf 86' lang='lat' dir='ltr'>Christum</span> <span class='ocrx_word' id='word_1_157' title='bbox 497 2689 634 2731; x_wconf 80' lang='lat' dir='ltr'>secuti</span> <span class='ocrx_word' id='word_1_158' title='bbox 652 2700 730 2741; x_wconf 94' lang='lat' dir='ltr'>per</span> <span class='ocrx_word' id='word_1_159' title='bbox 750 2699 932 2736; x_wconf 89' lang='lat' dir='ltr'>crucem,</span> 
     </span>
     <span class='ocr_line' id='line_1_44' title="bbox 262 2743 798 2795; baseline -0.007 -8"><span class='ocrx_word' id='word_1_160' title='bbox 262 2743 422 2788; x_wconf 87' lang='lat' dir='ltr'>Christi</span> <span class='ocrx_word' id='word_1_161' title='bbox 440 2747 631 2787; x_wconf 82' lang='lat' dir='ltr'>fruemur</span> <span class='ocrx_word' id='word_1_162' title='bbox 650 2743 798 2795; x_wconf 81' lang='lat' dir='ltr'>gloria.</span> 
     </span>
    </p>
   </div>
   <div class='ocr_carea' id='block_1_11' title="bbox 1767 227 1865 272">
    <p class='ocr_par' dir='ltr' id='par_1_15' title="bbox 1767 227 1865 272">
     <span class='ocr_line' id='line_1_45' title="bbox 1767 227 1865 272; baseline -0.02 -8"><span class='ocrx_word' id='word_1_163' title='bbox 1767 227 1865 272; x_wconf 87' lang='lat'>[307]</span> 
     </span>
    </p>
   </div>
   <div class='ocr_carea' id='block_1_12' title="bbox 165 299 1867 339">
    <p class='ocr_par' dir='ltr' id='par_1_16' title="bbox 165 299 1867 339">
     <span class='ocr_line' id='line_1_46' title="bbox 165 299 1867 339; baseline 0 -27"><span class='ocrx_word' id='word_1_164' title='bbox 165 312 496 339; x_wconf 95' lang='lat' dir='ltr'> </span> <span class='ocrx_word' id='word_1_165' title='bbox 1598 299 1867 312; x_wconf 95' lang='lat' dir='ltr'> </span> 
     </span>
    </p>
   </div>
   <div class='ocr_carea' id='block_1_13' title="bbox 1070 325 1808 593">
    <p class='ocr_par' dir='ltr' id='par_1_17' title="bbox 1070 325 1808 547">
     <span class='ocr_line' id='line_1_47' title="bbox 1070 325 1598 378; baseline -0.002 -12"><span class='ocrx_word' id='word_1_166' title='bbox 1070 327 1238 367; x_wconf 81' lang='lat' dir='ltr'>Praesta</span> <span class='ocrx_word' id='word_1_167' title='bbox 1256 326 1386 367; x_wconf 90' lang='lat' dir='ltr'>Pater</span> <span class='ocrx_word' id='word_1_168' title='bbox 1404 325 1598 378; x_wconf 84' lang='lat' dir='ltr'>piissime</span> 
     </span>
     <span class='ocr_line' id='line_1_48' title="bbox 1120 382 1690 434; baseline 0 -11"><span class='ocrx_word' id='word_1_169' title='bbox 1120 383 1327 434; x_wconf 82' lang='lat' dir='ltr'>Patrique</span> <span class='ocrx_word' id='word_1_170' title='bbox 1348 394 1526 434; x_wconf 86' lang='lat' dir='ltr'>compar</span> <span class='ocrx_word' id='word_1_171' title='bbox 1544 382 1690 431; x_wconf 87' lang='lat' dir='ltr'>Unice,</span> 
     </span>
     <span class='ocr_line' id='line_1_49' title="bbox 1125 438 1650 491; baseline -0.002 -11"><span class='ocrx_word' id='word_1_172' title='bbox 1125 439 1233 480; x_wconf 89' lang='lat' dir='ltr'>Cum</span> <span class='ocrx_word' id='word_1_173' title='bbox 1252 439 1414 491; x_wconf 89' lang='lat' dir='ltr'>Spiritu</span> <span class='ocrx_word' id='word_1_174' title='bbox 1432 438 1650 480; x_wconf 83' lang='lat' dir='ltr'>Paraclito</span> 
     </span>
     <span class='ocr_line' id='line_1_50' title="bbox 1122 494 1808 547; baseline -0.004 -11"><span class='ocrx_word' id='word_1_175' title='bbox 1122 496 1326 546; x_wconf 87' lang='lat' dir='ltr'>Regnans</span> <span class='ocrx_word' id='word_1_176' title='bbox 1346 508 1424 547; x_wconf 91' lang='lat' dir='ltr'>per</span> <span class='ocrx_word' id='word_1_177' title='bbox 1444 507 1572 536; x_wconf 92' lang='lat' dir='ltr'>omne</span> <span class='ocrx_word' id='word_1_178' title='bbox 1590 494 1808 535; x_wconf 78' lang='lat' dir='ltr'>saeculum.</span> 
     </span>
    </p>

    <p class='ocr_par' dir='ltr' id='par_1_18' title="bbox 1355 552 1507 593">
     <span class='ocr_line' id='line_1_51' title="bbox 1355 552 1507 593; baseline 0 -1"><span class='ocrx_word' id='word_1_179' title='bbox 1355 552 1507 593; x_wconf 87' lang='lat' dir='ltr'>Amen.</span> 
     </span>
    </p>
   </div>
   <div class='ocr_carea' id='block_1_14' title="bbox 1278 645 1630 684">
    <p class='ocr_par' dir='ltr' id='par_1_19' title="bbox 1278 645 1630 684">
     <span class='ocr_line' id='line_1_52' title="bbox 1278 645 1630 684; baseline -0.003 0"><span class='ocrx_word' id='word_1_180' title='bbox 1278 646 1326 684; x_wconf 90' lang='lat' dir='ltr'>In</span> <span class='ocrx_word' id='word_1_181' title='bbox 1354 646 1383 684; x_wconf 92' lang='grc' dir='ltr'>Ι.</span> <span class='ocrx_word' id='word_1_182' title='bbox 1412 645 1630 683; x_wconf 76' lang='lat' dir='ltr'>Nocturno.</span> 
     </span>
    </p>
   </div>
   <div class='ocr_carea' id='block_1_15' title="bbox 1047 710 1869 867">
    <p class='ocr_par' dir='ltr' id='par_1_20' title="bbox 1047 710 1869 867">
     <span class='ocr_line' id='line_1_53' title="bbox 1100 710 1869 757; baseline -0.004 -2"><span class='ocrx_word' id='word_1_183' title='bbox 1100 717 1195 757; x_wconf 72' lang='lat' dir='ltr'>Ant.</span> <span class='ocrx_word' id='word_1_184' title='bbox 1244 712 1438 754; x_wconf 86' lang='lat' dir='ltr'>Rubrum</span> <span class='ocrx_word' id='word_1_185' title='bbox 1475 716 1542 753; x_wconf 89' lang='lat' dir='ltr'>est</span> <span class='ocrx_word' id='word_1_186' title='bbox 1572 710 1869 754; x_wconf 83' lang='lat' dir='ltr'>indumentum</span> 
     </span>
     <span class='ocr_line' id='line_1_54' title="bbox 1047 768 1868 818; baseline 0 -9"><span class='ocrx_word' id='word_1_187' title='bbox 1047 775 1186 818; x_wconf 71' lang='lat' dir='ltr'>tuum,</span> <span class='ocrx_word' id='word_1_188' title='bbox 1215 774 1258 810; x_wconf 91' lang='lat' dir='ltr'>et</span> <span class='ocrx_word' id='word_1_189' title='bbox 1278 768 1535 810; x_wconf 81' lang='lat' dir='ltr'>vestimenta</span> <span class='ocrx_word' id='word_1_190' title='bbox 1559 773 1633 809; x_wconf 89' lang='lat' dir='ltr'>tua</span> <span class='ocrx_word' id='word_1_191' title='bbox 1657 768 1767 810; x_wconf 92' lang='lat' dir='ltr'>sicut</span> <span class='ocrx_word' id='word_1_192' title='bbox 1787 769 1868 810; x_wconf 90' lang='lat' dir='ltr'>cal-</span> 
     </span>
     <span class='ocr_line' id='line_1_55' title="bbox 1048 825 1536 867; baseline 0.002 -1"><span class='ocrx_word' id='word_1_193' title='bbox 1048 825 1237 866; x_wconf 80' lang='lat' dir='ltr'>cantium</span> <span class='ocrx_word' id='word_1_194' title='bbox 1256 825 1298 866; x_wconf 91' lang='lat' dir='ltr'>in</span> <span class='ocrx_word' id='word_1_195' title='bbox 1317 825 1536 867; x_wconf 79' lang='lat' dir='ltr'>torculari.</span> 
     </span>
    </p>
   </div>
   <div class='ocr_carea' id='block_1_16' title="bbox 1102 891 1751 936">
    <p class='ocr_par' dir='ltr' id='par_1_21' title="bbox 1102 891 1751 936">
     <span class='ocr_line' id='line_1_56' title="bbox 1102 891 1751 936; baseline -0.002 -4"><span class='ocrx_word' id='word_1_196' title='bbox 1102 894 1165 932; x_wconf 79' lang='lat' dir='ltr'>l&#39;s.</span> <span class='ocrx_word' id='word_1_197' title='bbox 1185 895 1221 932; x_wconf 68' lang='lat'>4.</span> <span class='ocrx_word' id='word_1_198' title='bbox 1248 895 1358 932; x_wconf 68' lang='lat' dir='ltr'>(lum</span> <span class='ocrx_word' id='word_1_199' title='bbox 1376 891 1637 936; x_wconf 78' lang='lat' dir='ltr'>invocarem.</span> <span class='ocrx_word' id='word_1_200' title='bbox 1656 892 1751 932; x_wconf 85' lang='lat'>245.</span> 
     </span>
    </p>
   </div>
   <div class='ocr_carea' id='block_1_17' title="bbox 1047 963 1871 1438">
    <p class='ocr_par' dir='ltr' id='par_1_22' title="bbox 1047 963 1871 1127">
     <span class='ocr_line' id='line_1_57' title="bbox 1099 963 1871 1014; baseline -0.003 -12"><span class='ocrx_word' id='word_1_201' title='bbox 1099 964 1196 1003; x_wconf 81' lang='lat' dir='ltr'>Ant.</span> <span class='ocrx_word' id='word_1_202' title='bbox 1219 963 1439 1014; x_wconf 81' lang='lat' dir='ltr'>Aspersus</span> <span class='ocrx_word' id='word_1_203' title='bbox 1459 968 1525 1004; x_wconf 90' lang='lat' dir='ltr'>est</span> <span class='ocrx_word' id='word_1_204' title='bbox 1544 963 1719 1013; x_wconf 85' lang='lat' dir='ltr'>sanguis</span> <span class='ocrx_word' id='word_1_205' title='bbox 1740 973 1871 1013; x_wconf 92' lang='lat' dir='ltr'>super</span> 
     </span>
     <span class='ocr_line' id='line_1_58' title="bbox 1048 1018 1871 1068; baseline -0.002 -9"><span class='ocrx_word' id='word_1_206' title='bbox 1048 1018 1305 1060; x_wconf 80' lang='lat' dir='ltr'>vestimenta</span> <span class='ocrx_word' id='word_1_207' title='bbox 1323 1031 1437 1068; x_wconf 89' lang='lat' dir='ltr'>mea,</span> <span class='ocrx_word' id='word_1_208' title='bbox 1457 1020 1602 1060; x_wconf 73' lang='lat' dir='ltr'>Omnia</span> <span class='ocrx_word' id='word_1_209' title='bbox 1620 1019 1871 1060; x_wconf 78' lang='lat' dir='ltr'>indumenta</span> 
     </span>
     <span class='ocr_line' id='line_1_59' title="bbox 1047 1075 1393 1127; baseline -0.003 -11"><span class='ocrx_word' id='word_1_210' title='bbox 1047 1088 1144 1116; x_wconf 91' lang='lat' dir='ltr'>mea</span> <span class='ocrx_word' id='word_1_211' title='bbox 1163 1075 1393 1127; x_wconf 81' lang='lat' dir='ltr'>inquinavi.</span> 
     </span>
    </p>

    <p class='ocr_par' dir='ltr' id='par_1_23' title="bbox 1099 1141 1707 1181">
     <span class='ocr_line' id='line_1_60' title="bbox 1099 1141 1707 1181; baseline -0.002 -1"><span class='ocrx_word' id='word_1_212' title='bbox 1099 1142 1166 1180; x_wconf 85' lang='lat' dir='ltr'>Ps.</span> <span class='ocrx_word' id='word_1_213' title='bbox 1187 1142 1243 1181; x_wconf 81' lang='lat'>15.</span> <span class='ocrx_word' id='word_1_214' title='bbox 1272 1141 1497 1181; x_wconf 82' lang='lat' dir='ltr'>Conserva</span> <span class='ocrx_word' id='word_1_215' title='bbox 1514 1153 1594 1181; x_wconf 92' lang='lat' dir='ltr'>me.</span> <span class='ocrx_word' id='word_1_216' title='bbox 1613 1141 1707 1181; x_wconf 88' lang='grc'>246.</span> 
     </span>
    </p>

    <p class='ocr_par' dir='ltr' id='par_1_24' title="bbox 1047 1209 1871 1363">
     <span class='ocr_line' id='line_1_61' title="bbox 1100 1209 1871 1251; baseline -0.003 -1"><span class='ocrx_word' id='word_1_217' title='bbox 1100 1212 1197 1251; x_wconf 82' lang='lat' dir='ltr'>Ant.</span> <span class='ocrx_word' id='word_1_218' title='bbox 1230 1209 1483 1250; x_wconf 88' lang='lat' dir='ltr'>Diviserunt</span> <span class='ocrx_word' id='word_1_219' title='bbox 1509 1209 1591 1250; x_wconf 91' lang='lat' dir='ltr'>sibi</span> <span class='ocrx_word' id='word_1_220' title='bbox 1613 1209 1871 1250; x_wconf 82' lang='lat' dir='ltr'>vestimenta</span> 
     </span>
     <span class='ocr_line' id='line_1_62' title="bbox 1047 1265 1871 1317; baseline -0.001 -11"><span class='ocrx_word' id='word_1_221' title='bbox 1047 1278 1159 1315; x_wconf 83' lang='lat' dir='ltr'>mea,</span> <span class='ocrx_word' id='word_1_222' title='bbox 1184 1270 1227 1306; x_wconf 90' lang='lat' dir='ltr'>et</span> <span class='ocrx_word' id='word_1_223' title='bbox 1251 1278 1382 1317; x_wconf 92' lang='lat' dir='ltr'>super</span> <span class='ocrx_word' id='word_1_224' title='bbox 1401 1270 1567 1307; x_wconf 87' lang='lat' dir='ltr'>vestem</span> <span class='ocrx_word' id='word_1_225' title='bbox 1586 1278 1728 1306; x_wconf 91' lang='lat' dir='ltr'>meam</span> <span class='ocrx_word' id='word_1_226' title='bbox 1747 1265 1871 1305; x_wconf 84' lang='lat' dir='ltr'>mise—</span> 
     </span>
     <span class='ocr_line' id='line_1_63' title="bbox 1049 1326 1342 1363; baseline -0.003 -1"><span class='ocrx_word' id='word_1_227' title='bbox 1049 1327 1148 1363; x_wconf 91' lang='lat' dir='ltr'>runt</span> <span class='ocrx_word' id='word_1_228' title='bbox 1167 1326 1342 1363; x_wconf 89' lang='lat' dir='ltr'>sortem.</span> 
     </span>
    </p>

    <p class='ocr_par' dir='ltr' id='par_1_25' title="bbox 1102 1387 1701 1438">
     <span class='ocr_line' id='line_1_64' title="bbox 1102 1387 1701 1438; baseline -0.003 -9"><span class='ocrx_word' id='word_1_229' title='bbox 1102 1392 1167 1429; x_wconf 80' lang='lat' dir='ltr'>Ps.</span> <span class='ocrx_word' id='word_1_230' title='bbox 1190 1391 1245 1429; x_wconf 70' lang='lat'>14.</span> <span class='ocrx_word' id='word_1_231' title='bbox 1275 1387 1461 1428; x_wconf 67' lang='lat' dir='ltr'>Demine</span> <span class='ocrx_word' id='word_1_232' title='bbox 1482 1387 1588 1438; x_wconf 91' lang='lat' dir='ltr'>quis.</span> <span class='ocrx_word' id='word_1_233' title='bbox 1607 1388 1701 1427; x_wconf 86' lang='lat'>245.</span> 
     </span>
    </p>
   </div>
   <div class='ocr_carea' id='block_1_18' title="bbox 1101 1455 1871 1506">
    <p class='ocr_par' dir='ltr' id='par_1_26' title="bbox 1101 1455 1871 1506">
     <span class='ocr_line' id='line_1_65' title="bbox 1101 1455 1871 1506; baseline -0.001 -9"><span class='ocrx_word' id='word_1_234' title='bbox 1101 1455 1153 1506; x_wconf 59' lang='lat' dir='ltr'>Y.</span> <span class='ocrx_word' id='word_1_235' title='bbox 1186 1455 1326 1496; x_wconf 91' lang='lat' dir='ltr'>Tuam</span> <span class='ocrx_word' id='word_1_236' title='bbox 1360 1456 1588 1497; x_wconf 89' lang='lat' dir='ltr'>sindonem</span> <span class='ocrx_word' id='word_1_237' title='bbox 1615 1459 1871 1498; x_wconf 80' lang='lat' dir='ltr'>veneramur</span> 
     </span>
    </p>
   </div>
   <div class='ocr_carea' id='block_1_19' title="bbox 1050 1512 1921 1936">
    <p class='ocr_par' dir='ltr' id='par_1_27' title="bbox 1050 1512 1921 1936">
     <span class='ocr_line' id='line_1_66' title="bbox 1050 1512 1870 1579; baseline 0.001 -27"><span class='ocrx_word' id='word_1_238' title='bbox 1050 1512 1248 1579; x_wconf 65' lang='lat' dir='ltr'>Domine.</span> <span class='ocrx_word' id='word_1_239' title='bbox 1282 1515 1331 1566; x_wconf 59' lang='lat' dir='ltr'>R.</span> <span class='ocrx_word' id='word_1_240' title='bbox 1358 1512 1498 1554; x_wconf 87' lang='lat' dir='ltr'>Tuam</span> <span class='ocrx_word' id='word_1_241' title='bbox 1521 1513 1752 1554; x_wconf 82' lang='lat' dir='ltr'>recolimus</span> <span class='ocrx_word' id='word_1_242' title='bbox 1775 1526 1870 1565; x_wconf 87' lang='lat' dir='ltr'>pas-</span> 
     </span>
     <span class='ocr_line' id='line_1_67' title="bbox 1050 1581 1226 1609; baseline 0 0"><span class='ocrx_word' id='word_1_243' title='bbox 1050 1581 1226 1609; x_wconf 82' lang='lat' dir='ltr'>sionem.</span> 
     </span>
     <span class='ocr_line' id='line_1_68' title="bbox 1238 1650 1688 1703; baseline -0.007 -10"><span class='ocrx_word' id='word_1_244' title='bbox 1238 1654 1302 1693; x_wconf 84' lang='lat' dir='ltr'>De</span> <span class='ocrx_word' id='word_1_245' title='bbox 1322 1652 1436 1692; x_wconf 90' lang='lat' dir='ltr'>Isaia</span> <span class='ocrx_word' id='word_1_246' title='bbox 1454 1650 1688 1703; x_wconf 84' lang='lat' dir='ltr'>Propheta.</span> 
     </span>
     <span class='ocr_line' id='line_1_69' title="bbox 1154 1722 1921 1772; baseline -0.004 -10"><span class='ocrx_word' id='word_1_247' title='bbox 1154 1722 1303 1763; x_wconf 89' lang='lat' dir='ltr'>Lectio</span> <span class='ocrx_word' id='word_1_248' title='bbox 1326 1723 1347 1762; x_wconf 93' lang='lat' dir='ltr'>i.</span> <span class='ocrx_word' id='word_1_249' title='bbox 1584 1722 1684 1772; x_wconf 86' lang='lat' dir='ltr'>Cap.</span> <span class='ocrx_word' id='word_1_250' title='bbox 1705 1723 1769 1760; x_wconf 71' lang='lat'>53.</span> <span class='ocrx_word' id='word_1_251' title='bbox 1919 1763 1921 1766; x_wconf 60' lang='grc'><strong>,</strong></span> 
     </span>
     <span class='ocr_line' id='line_1_70' title="bbox 1054 1779 1873 1851; baseline -0.007 -24"><span class='ocrx_word' id='word_1_252' title='bbox 1054 1783 1243 1851; x_wconf 53' lang='lat' dir='ltr'>[⁸5⁸th</span> <span class='ocrx_word' id='word_1_253' title='bbox 1280 1781 1465 1850; x_wconf 69' lang='lat' dir='ltr'>credidit</span> <span class='ocrx_word' id='word_1_254' title='bbox 1501 1779 1873 1845; x_wconf 37' lang='lat' dir='ltr'>auditui-nostro?</span> 
     </span>
     <span class='ocr_line' id='line_1_71' title="bbox 1090 1837 1874 1897; baseline -0.006 -14"><span class='ocrx_word' id='word_1_255' title='bbox 1090 1838 1172 1897; x_wconf 39' lang='lat' dir='ltr'>fai</span> <span class='ocrx_word' id='word_1_256' title='bbox 1196 1843 1239 1881; x_wconf 85' lang='lat' dir='ltr'>et</span> <span class='ocrx_word' id='word_1_257' title='bbox 1265 1838 1491 1880; x_wconf 84' lang='lat' dir='ltr'>brachium</span> <span class='ocrx_word' id='word_1_258' title='bbox 1515 1837 1692 1877; x_wconf 80' lang='lat' dir='ltr'>Domlm</span> <span class='ocrx_word' id='word_1_259' title='bbox 1717 1849 1783 1878; x_wconf 84' lang='lat' dir='ltr'>eui</span> <span class='ocrx_word' id='word_1_260' title='bbox 1812 1850 1874 1878; x_wconf 91' lang='lat' dir='ltr'>re-</span> 
     </span>
     <span class='ocr_line' id='line_1_72' title="bbox 1152 1892 1876 1936; baseline -0.001 -0.073"><span class='ocrx_word' id='word_1_261' title='bbox 1152 1893 1172 1918; x_wconf 33' lang='lat' dir='ltr'>“i</span> <span class='ocrx_word' id='word_1_262' title='bbox 1195 1895 1386 1936; x_wconf 75' lang='lat' dir='ltr'>velatum</span> <span class='ocrx_word' id='word_1_263' title='bbox 1427 1893 1516 1936; x_wconf 86' lang='lat' dir='ltr'>est?</span> <span class='ocrx_word' id='word_1_264' title='bbox 1571 1894 1628 1935; x_wconf 89' lang='lat' dir='ltr'>Et</span> <span class='ocrx_word' id='word_1_265' title='bbox 1669 1892 1876 1935; x_wconf 86' lang='lat' dir='ltr'>ascendet</span> 
     </span>
    </p>
   </div>
   <div class='ocr_carea' id='block_1_20' title="bbox 1050 1783 1175 1938">
    <p class='ocr_par' dir='ltr' id='par_1_28' title="bbox 1050 1783 1175 1938">
     <span class='ocr_line' id='line_1_73' title="bbox 1050 1783 1175 1938; baseline 0 0"><span class='ocrx_word' id='word_1_266' title='bbox 1050 1783 1175 1938; x_wconf 95' lang='lat' dir='ltr'>   </span> 
     </span>
    </p>
   </div>
   <div class='ocr_carea' id='block_1_21' title="bbox 1024 1950 1875 2228">
    <p class='ocr_par' dir='ltr' id='par_1_29' title="bbox 1052 1950 1875 2116">
     <span class='ocr_line' id='line_1_74' title="bbox 1052 1950 1875 2002; baseline -0.004 -8"><span class='ocrx_word' id='word_1_267' title='bbox 1052 1953 1164 1994; x_wconf 92' lang='lat' dir='ltr'>sicut</span> <span class='ocrx_word' id='word_1_268' title='bbox 1182 1951 1417 2002; x_wconf 80' lang='lat' dir='ltr'>virgultum</span> <span class='ocrx_word' id='word_1_269' title='bbox 1437 1963 1585 1992; x_wconf 90' lang='lat' dir='ltr'>coram</span> <span class='ocrx_word' id='word_1_270' title='bbox 1605 1962 1672 2000; x_wconf 85' lang='lat' dir='ltr'>eo,</span> <span class='ocrx_word' id='word_1_271' title='bbox 1702 1954 1745 1991; x_wconf 90' lang='lat' dir='ltr'>et</span> <span class='ocrx_word' id='word_1_272' title='bbox 1763 1950 1875 1991; x_wconf 90' lang='lat' dir='ltr'>sicut</span> 
     </span>
     <span class='ocr_line' id='line_1_75' title="bbox 1052 2007 1874 2058; baseline -0.005 -8"><span class='ocrx_word' id='word_1_273' title='bbox 1052 2007 1177 2051; x_wconf 87' lang='lat' dir='ltr'>radix</span> <span class='ocrx_word' id='word_1_274' title='bbox 1197 2008 1252 2050; x_wconf 91' lang='lat' dir='ltr'>de</span> <span class='ocrx_word' id='word_1_275' title='bbox 1269 2014 1386 2050; x_wconf 91' lang='lat' dir='ltr'>terra</span> <span class='ocrx_word' id='word_1_276' title='bbox 1401 2007 1576 2050; x_wconf 79' lang='lat' dir='ltr'>sitienti:</span> <span class='ocrx_word' id='word_1_277' title='bbox 1594 2019 1682 2048; x_wconf 93' lang='lat' dir='ltr'>non</span> <span class='ocrx_word' id='word_1_278' title='bbox 1699 2011 1765 2048; x_wconf 92' lang='lat' dir='ltr'>est</span> <span class='ocrx_word' id='word_1_279' title='bbox 1780 2008 1874 2058; x_wconf 85' lang='lat' dir='ltr'>spe-</span> 
     </span>
     <span class='ocr_line' id='line_1_76' title="bbox 1053 2061 1875 2116; baseline -0.004 -10"><span class='ocrx_word' id='word_1_280' title='bbox 1053 2065 1141 2107; x_wconf 92' lang='lat' dir='ltr'>cies</span> <span class='ocrx_word' id='word_1_281' title='bbox 1170 2065 1226 2115; x_wconf 88' lang='lat' dir='ltr'>ei,</span> <span class='ocrx_word' id='word_1_282' title='bbox 1257 2078 1400 2116; x_wconf 91' lang='lat' dir='ltr'>neque</span> <span class='ocrx_word' id='word_1_283' title='bbox 1429 2064 1577 2106; x_wconf 91' lang='lat' dir='ltr'>decor:</span> <span class='ocrx_word' id='word_1_284' title='bbox 1616 2067 1660 2104; x_wconf 93' lang='lat' dir='ltr'>et</span> <span class='ocrx_word' id='word_1_285' title='bbox 1687 2061 1875 2104; x_wconf 90' lang='lat' dir='ltr'>vidimus</span> 
     </span>
    </p>

    <p class='ocr_par' dir='ltr' id='par_1_30' title="bbox 1024 2117 1874 2228">
     <span class='ocr_line' id='line_1_77' title="bbox 1053 2117 1874 2172; baseline -0.005 -10"><span class='ocrx_word' id='word_1_286' title='bbox 1053 2134 1163 2171; x_wconf 89' lang='lat' dir='ltr'>eum,</span> <span class='ocrx_word' id='word_1_287' title='bbox 1187 2126 1230 2163; x_wconf 92' lang='lat' dir='ltr'>et</span> <span class='ocrx_word' id='word_1_288' title='bbox 1247 2134 1335 2163; x_wconf 92' lang='lat' dir='ltr'>non</span> <span class='ocrx_word' id='word_1_289' title='bbox 1354 2126 1447 2163; x_wconf 90' lang='lat' dir='ltr'>erat</span> <span class='ocrx_word' id='word_1_290' title='bbox 1466 2122 1679 2172; x_wconf 79' lang='lat' dir='ltr'>aspectuS,</span> <span class='ocrx_word' id='word_1_291' title='bbox 1704 2123 1747 2159; x_wconf 91' lang='lat' dir='ltr'>et</span> <span class='ocrx_word' id='word_1_292' title='bbox 1765 2117 1874 2159; x_wconf 92' lang='lat' dir='ltr'>desi-</span> 
     </span>
     <span class='ocr_line' id='line_1_78' title="bbox 1024 2143 1873 2228; baseline -0.004 -9"><span class='ocrx_word' id='word_1_293' title='bbox 1024 2143 1029 2214; x_wconf 69' lang='lat' dir='ltr'>i</span> <span class='ocrx_word' id='word_1_294' title='bbox 1055 2177 1301 2219; x_wconf 76' lang='lat' dir='ltr'>deravimus</span> <span class='ocrx_word' id='word_1_295' title='bbox 1321 2190 1434 2219; x_wconf 89' lang='lat' dir='ltr'>eum:</span> <span class='ocrx_word' id='word_1_296' title='bbox 1453 2176 1719 2228; x_wconf 83' lang='lat' dir='ltr'>despectum,</span> <span class='ocrx_word' id='word_1_297' title='bbox 1739 2179 1782 2215; x_wconf 95' lang='lat' dir='ltr'>et</span> <span class='ocrx_word' id='word_1_298' title='bbox 1801 2187 1873 2216; x_wconf 91' lang='lat' dir='ltr'>no-</span> 
     </span>
    </p>
   </div>
   <div class='ocr_carea' id='block_1_22' title="bbox 1024 2219 1874 2295">
    <p class='ocr_par' dir='ltr' id='par_1_31' title="bbox 1024 2219 1874 2295">
     <span class='ocr_line' id='line_1_79' title="bbox 1024 2219 1874 2295; baseline -0.005 -20"><span class='ocrx_word' id='word_1_299' title='bbox 1024 2219 1029 2295; x_wconf 80' lang='grc' dir='ltr'>Ι</span> <span class='ocrx_word' id='word_1_300' title='bbox 1053 2234 1278 2275; x_wconf 86' lang='lat' dir='ltr'>vissimum</span> <span class='ocrx_word' id='word_1_301' title='bbox 1291 2234 1494 2282; x_wconf 83' lang='lat' dir='ltr'>virorum,</span> <span class='ocrx_word' id='word_1_302' title='bbox 1510 2232 1649 2273; x_wconf 90' lang='lat' dir='ltr'>virum</span> <span class='ocrx_word' id='word_1_303' title='bbox 1664 2230 1874 2281; x_wconf 77' lang='lat' dir='ltr'>dolorum,</span> 
     </span>
    </p>
   </div>
   <div class='ocr_carea' id='block_1_23' title="bbox 1028 2287 1875 2796">
    <p class='ocr_par' dir='ltr' id='par_1_32' title="bbox 1028 2287 1875 2796">
     <span class='ocr_line' id='line_1_80' title="bbox 1054 2287 1875 2338; baseline -0.006 -6"><span class='ocrx_word' id='word_1_304' title='bbox 1054 2295 1098 2332; x_wconf 93' lang='lat' dir='ltr'>et</span> <span class='ocrx_word' id='word_1_305' title='bbox 1121 2290 1330 2332; x_wconf 83' lang='lat' dir='ltr'>scientem</span> <span class='ocrx_word' id='word_1_306' title='bbox 1352 2288 1662 2330; x_wconf 79' lang='lat' dir='ltr'>infirmitatem:</span> <span class='ocrx_word' id='word_1_307' title='bbox 1688 2291 1731 2328; x_wconf 93' lang='lat' dir='ltr'>et</span> <span class='ocrx_word' id='word_1_308' title='bbox 1751 2287 1875 2338; x_wconf 89' lang='lat' dir='ltr'>quasi</span> 
     </span>
     <span class='ocr_line' id='line_1_81' title="bbox 1054 2342 1872 2395; baseline -0.006 -7"><span class='ocrx_word' id='word_1_309' title='bbox 1054 2346 1336 2388; x_wconf 81' lang='lat' dir='ltr'>absconditus</span> <span class='ocrx_word' id='word_1_310' title='bbox 1355 2344 1501 2386; x_wconf 91' lang='lat' dir='ltr'>vultus</span> <span class='ocrx_word' id='word_1_311' title='bbox 1521 2344 1626 2395; x_wconf 87' lang='lat' dir='ltr'>ejus,</span> <span class='ocrx_word' id='word_1_312' title='bbox 1654 2348 1697 2384; x_wconf 92' lang='lat' dir='ltr'>et</span> <span class='ocrx_word' id='word_1_313' title='bbox 1720 2342 1872 2395; x_wconf 82' lang='lat' dir='ltr'>despe-</span> 
     </span>
     <span class='ocr_line' id='line_1_82' title="bbox 1054 2400 1874 2453; baseline -0.007 -8"><span class='ocrx_word' id='word_1_314' title='bbox 1054 2408 1163 2453; x_wconf 88' lang='lat' dir='ltr'>ctus,</span> <span class='ocrx_word' id='word_1_315' title='bbox 1196 2402 1312 2444; x_wconf 90' lang='lat' dir='ltr'>unde</span> <span class='ocrx_word' id='word_1_316' title='bbox 1335 2414 1416 2442; x_wconf 91' lang='lat' dir='ltr'>nec</span> <span class='ocrx_word' id='word_1_317' title='bbox 1441 2400 1737 2453; x_wconf 82' lang='lat' dir='ltr'>reputavimus</span> <span class='ocrx_word' id='word_1_318' title='bbox 1764 2411 1874 2440; x_wconf 93' lang='lat' dir='ltr'>eum.</span> 
     </span>
     <span class='ocr_line' id='line_1_83' title="bbox 1054 2455 1874 2509; baseline -0.007 -8"><span class='ocrx_word' id='word_1_319' title='bbox 1054 2460 1171 2501; x_wconf 92' lang='lat' dir='ltr'>Vere</span> <span class='ocrx_word' id='word_1_320' title='bbox 1195 2459 1424 2509; x_wconf 81' lang='lat' dir='ltr'>langu6res</span> <span class='ocrx_word' id='word_1_321' title='bbox 1448 2461 1624 2498; x_wconf 88' lang='lat' dir='ltr'>nostros</span> <span class='ocrx_word' id='word_1_322' title='bbox 1646 2455 1742 2508; x_wconf 89' lang='lat' dir='ltr'>ipse</span> <span class='ocrx_word' id='word_1_323' title='bbox 1765 2455 1874 2505; x_wconf 90' lang='lat' dir='ltr'>tulit,</span> 
     </span>
     <span class='ocr_line' id='line_1_84' title="bbox 1055 2511 1874 2564; baseline -0.009 -6"><span class='ocrx_word' id='word_1_324' title='bbox 1055 2521 1099 2558; x_wconf 88' lang='lat' dir='ltr'>et</span> <span class='ocrx_word' id='word_1_325' title='bbox 1132 2516 1308 2557; x_wconf 90' lang='lat' dir='ltr'>dolo&#39;res</span> <span class='ocrx_word' id='word_1_326' title='bbox 1339 2519 1515 2555; x_wconf 87' lang='lat' dir='ltr'>nostros</span> <span class='ocrx_word' id='word_1_327' title='bbox 1542 2512 1638 2564; x_wconf 91' lang='lat' dir='ltr'>ipse</span> <span class='ocrx_word' id='word_1_328' title='bbox 1666 2511 1874 2564; x_wconf 77' lang='lat' dir='ltr'>portavit:</span> 
     </span>
     <span class='ocr_line' id='line_1_85' title="bbox 1056 2567 1874 2625; baseline -0.007 -11"><span class='ocrx_word' id='word_1_329' title='bbox 1056 2578 1098 2615; x_wconf 88' lang='lat' dir='ltr'>et</span> <span class='ocrx_word' id='word_1_330' title='bbox 1116 2585 1196 2614; x_wconf 89' lang='lat' dir='ltr'>nos</span> <span class='ocrx_word' id='word_1_331' title='bbox 1214 2571 1462 2625; x_wconf 79' lang='lat' dir='ltr'>putavimus</span> <span class='ocrx_word' id='word_1_332' title='bbox 1481 2582 1581 2611; x_wconf 88' lang='lat' dir='ltr'>eum</span> <span class='ocrx_word' id='word_1_333' title='bbox 1595 2568 1718 2619; x_wconf 91' lang='lat' dir='ltr'>quasi</span> <span class='ocrx_word' id='word_1_334' title='bbox 1732 2567 1874 2620; x_wconf 80' lang='lat' dir='ltr'>lepro-</span> 
     </span>
     <span class='ocr_line' id='line_1_86' title="bbox 1056 2623 1873 2680; baseline -0.01 -9"><span class='ocrx_word' id='word_1_335' title='bbox 1056 2642 1151 2670; x_wconf 91' lang='lat' dir='ltr'>sum</span> <span class='ocrx_word' id='word_1_336' title='bbox 1169 2634 1212 2670; x_wconf 91' lang='lat' dir='ltr'>et</span> <span class='ocrx_word' id='word_1_337' title='bbox 1234 2630 1491 2680; x_wconf 80' lang='lat' dir='ltr'>percussum</span> <span class='ocrx_word' id='word_1_338' title='bbox 1514 2638 1540 2666; x_wconf 91' lang='lat' dir='ltr'>a</span> <span class='ocrx_word' id='word_1_339' title='bbox 1557 2625 1654 2666; x_wconf 93' lang='lat' dir='ltr'>Deo</span> <span class='ocrx_word' id='word_1_340' title='bbox 1678 2629 1721 2665; x_wconf 92' lang='lat' dir='ltr'>et</span> <span class='ocrx_word' id='word_1_341' title='bbox 1739 2623 1873 2664; x_wconf 90' lang='lat' dir='ltr'>humi-</span> 
     </span>
     <span class='ocr_line' id='line_1_87' title="bbox 1054 2682 1874 2736; baseline -0.007 -9"><span class='ocrx_word' id='word_1_342' title='bbox 1054 2686 1216 2727; x_wconf 82' lang='lat' dir='ltr'>liatum.</span> <span class='ocrx_word' id='word_1_343' title='bbox 1247 2685 1348 2736; x_wconf 91' lang='lat' dir='ltr'>Ipse</span> <span class='ocrx_word' id='word_1_344' title='bbox 1373 2687 1518 2724; x_wconf 89' lang='lat' dir='ltr'>autem</span> <span class='ocrx_word' id='word_1_345' title='bbox 1536 2682 1786 2723; x_wconf 75' lang='lat' dir='ltr'>vulnerams</span> <span class='ocrx_word' id='word_1_346' title='bbox 1807 2685 1874 2721; x_wconf 90' lang='lat' dir='ltr'>est</span> 
     </span>
     <span class='ocr_line' id='line_1_88' title="bbox 1028 2737 1873 2796; baseline -0.008 -13"><span class='ocrx_word' id='word_1_347' title='bbox 1028 2756 1032 2789; x_wconf 56' lang='grc' dir='ltr'>ξ</span> <span class='ocrx_word' id='word_1_348' title='bbox 1054 2746 1235 2796; x_wconf 89' lang='lat' dir='ltr'>propter</span> <span class='ocrx_word' id='word_1_349' title='bbox 1262 2739 1511 2793; x_wconf 79' lang='lat' dir='ltr'>iniquitates</span> <span class='ocrx_word' id='word_1_350' title='bbox 1538 2742 1725 2787; x_wconf 83' lang='lat' dir='ltr'>nostras,</span> <span class='ocrx_word' id='word_1_351' title='bbox 1757 2737 1873 2777; x_wconf 87' lang='lat' dir='ltr'>attri—</span> 
     </span>
    </p>
   </div>
  </div>
 </body>
</html>
