2066 2904
450 154 521 187 Die
546 153 579 187 8.
604 152 704 193 Maii.
744 151 787 184 In
812 150 1071 193 Apparitione
1099 149 1133 183 S.
1155 148 1357 182 Michaelis
1386 148 1576 188 Archang,

155 249 273 290 niam
286 248 516 290 interfecta
531 250 648 288 esset
662 244 815 295 bestia,
835 249 879 286 et
892 257 989 297 per-

156 306 279 348 iisset
299 318 460 358 corpus
481 304 590 355 ejus,
619 307 663 344 et
685 300 899 344 treditum
924 314 988 343 es-

158 367 225 404 set
245 362 302 403 ad
321 358 667 403 comburendum
686 358 787 408 igni.

210 422 260 473 Ιζι.
276 418 460 459 Factum
481 421 548 457 est
568 414 787 456 silentium
804 414 848 454 in
863 413 990 463 coelo,

158 474 263 516 dum
282 475 529 515 comitteret
549 471 715 513 bellum
735 469 870 511 draco
891 482 991 511 cum

157 530 370 572 Michaele
386 528 680 579 Archangelo:
695 534 716 556 *
734 525 901 568 Audita
920 531 987 567 est

158 599 247 628 vox
268 585 405 627 millia
428 585 612 626 millium
637 583 889 625 dicentium:
917 582 990 623 Sa-

158 643 243 693 lus,
278 642 421 684 honor
453 646 498 683 et
529 641 667 683 virtus
700 638 993 692 omnipotenti

158 700 267 751 Deo,
287 698 469 750 alleluja.
494 696 544 747 V.
568 697 705 738 Millia
723 696 906 737 millium
923 695 992 736 mi-

158 755 406 797 nistrabant
443 755 498 803 ei,
542 759 586 796 et
624 753 772 795 decies
809 753 993 794 centena

159 811 295 852 millia
313 810 577 852 assistebant
597 810 646 851 ei.
678 808 844 850 Audita
863 813 941 850 est.

261 871 413 912 Lectio
435 870 472 909 ii.
702 868 804 920 Cap.
822 869 885 907 10.

249 923 290 965 ie
327 929 473 965 autem
510 922 721 973 vigesima
757 926 801 962 et
839 925 994 973 quarta

264 980 427 1021 mensis
454 979 599 1032 primi,
628 991 748 1020 eram
771 979 891 1030 juxta
916 977 993 1018 flu-

160 1036 279 1077 vium
303 1049 526 1087 magnum,
555 1035 628 1088 qui
654 1039 722 1076 est
740 1034 896 1085 Tigris.
936 1034 994 1075 Et

161 1092 305 1134 levavi
326 1091 478 1134 Oculos
493 1094 637 1142 meos,'‘
648 1095 692 1132 et
707 1089 810 1132 vidi:
830 1095 875 1131 et
890 1103 993 1132 eece

162 1149 230 1191 vir
261 1162 372 1189 unus
405 1150 591 1190 vestitus
618 1147 761 1196 lineis,
795 1151 839 1188 et
867 1159 994 1188 renes

163 1206 253 1258 ejus
282 1205 466 1247 accincti
495 1217 602 1246 auro
630 1203 800 1245 obrizo:
834 1208 877 1245 et
901 1215 994 1244 cor-

160 1275 244 1314 pus
269 1262 359 1313 ejus
384 1261 510 1315 quasi
530 1260 843 1312 chryselithuS‚
873 1264 916 1301 et
936 1259 995 1300 fa-

162 1318 250 1359 cies
276 1319 367 1370 ejus
386 1318 506 1359 velut
529 1317 700 1370 species
724 1316 923 1367 fulguris,
952 1320 996 1357 et

163 1374 280 1415 eculi
318 1375 409 1426 ejus
446 1379 494 1415 ut
527 1373 698 1425 lampas
731 1372 906 1414 ardens:
953 1377 996 1413 et

160 1430 340 1472 brachia
361 1431 462 1482 ejus,
483 1434 526 1471 et
547 1442 645 1481 quae
666 1428 874 1470 deersum
895 1433 995 1469 sunt

160 1499 301 1538 usque
317 1486 373 1527 ad
387 1485 536 1539 pedes,
558 1485 682 1537 quasi
703 1485 874 1538 species
892 1485 993 1525 aeris

161 1541 401 1584 candentis:
434 1547 478 1584 et
505 1555 594 1583 vox
622 1543 874 1583 sermenum
901 1541 992 1592 ejus

160 1603 209 1640 ut
241 1611 330 1640 vox
359 1597 661 1640 multitudinis.
707 1596 813 1639 Vidi
846 1601 993 1638 autem

160 1667 244 1710 ego
268 1654 427 1696 Daniel
451 1653 573 1696 solus
598 1653 828 1695 visienem:
855 1666 992 1706 porro

159 1711 242 1751 viri
257 1711 331 1763 qui
347 1716 470 1753 erant
485 1723 657 1752 mecum
671 1723 760 1752 non
774 1709 993 1752 viderunt:

160 1766 241 1809 sed
259 1772 403 1809 terror
425 1767 585 1808 nimius
604 1767 730 1808 irruit
751 1779 885 1819 super
905 1779 993 1816 eos,

160 1828 204 1865 et
231 1823 435 1874 fugerunt
462 1823 507 1864 in
535 1822 855 1864 abscenditum.
894 1823 991 1872 Ego

160 1884 307 1935 autem
325 1879 504 1929 relictus
529 1879 650 1921 solus
669 1879 760 1921 vidi
778 1879 993 1921 visienem

160 1935 371 1986 grandem
389 1935 516 1978 hanc:
542 1941 586 1978 et
609 1949 697 1977 non
721 1936 930 1977 remansit
949 1936 992 1976 in

161 2004 232 2033 me
256 1991 487 2042 fortitudo,
517 1991 597 2034 sed
625 1997 669 2034 et
697 1992 868 2045 species
896 2005 996 2033 mea

160 2048 390 2090 immutata
413 2053 488 2097 ,est
519 2049 563 2089 in
595 2061 681 2099 me,
715 2053 759 2090 et
791 2049 994 2098 emarcui,

161 2116 244 2146 nec
260 2103 395 2154 habui
414 2103 654 2157 quidquam
672 2104 838 2146 virium.

217 2162 267 2212 Rz.
307 2161 438 2209 Stetit
474 2160 671 2211 Angelus
715 2161 834 2211 iuxta
875 2173 997 2202 aram

161 2216 326 2270 templi,
346 2217 514 2259 habens
528 2217 800 2259 thuribulum
815 2220 997 2258 aureum

162 2274 205 2313 in
233 2286 364 2314 manu
393 2286 487 2323 sua,
529 2278 573 2315 et
607 2272 709 2315 data
739 2279 840 2315 sunt
869 2274 909 2315 ei
936 2274 995 2313 in-

163 2330 294 2370 censa
320 2329 471 2371 multa:
496 2332 516 2354 *
542 2329 598 2371 Et
626 2329 824 2371 ascendit
851 2330 994 2370 fumus

164 2387 408 2427 arematum
426 2385 482 2427 de
500 2399 631 2427 manu
651 2386 809 2436 Angeli
832 2386 876 2426 in
895 2399 995 2427 con-

164 2443 319 2493 spectu
338 2441 526 2491 Demini,
545 2441 728 2494 alleluja.
757 2437 807 2488 V.
826 2443 876 2482 In
896 2454 995 2483 con-

165 2499 320 2549 spectu
360 2498 632 2548 Angelerum
673 2498 859 2550 psallam
900 2497 997 2539 tibi:

165 2551 364 2594 adorabo
389 2553 446 2594 ad
470 2553 683 2606 templum
707 2558 908 2595 sanctum
931 2558 996 2594 tu-

165 2621 253 2657 um,
282 2614 326 2650 et
351 2609 597 2651 confitebor
622 2610 787 2651 nemini
809 2615 886 2651 tuo
907 2609 995 2650 De-

164 2663 291 2705 mine.
317 2665 374 2707 Et
393 2664 600 2707 ascendit.

1347 244 1497 284 Lectio
1518 243 1571 282 iii.

1119 310 1139 347 t
1158 304 1307 347 audivi
1326 318 1483 346 vocem
1503 307 1755 347 sermenum
1780 305 1870 356 ejus

1135 368 1178 404 et
1201 361 1385 404 audiens
1409 362 1606 414 jacebam
1627 363 1876 404 consterna—

1042 425 1113 462 tus
1138 431 1270 472 super
1294 418 1453 460 faciem
1475 431 1634 468 meam,
1663 423 1707 460 et
1730 417 1877 459 vultus

1042 489 1167 518 meus
1189 474 1388 516 haerebat
1410 479 1553 516 terrae.
1587 475 1645 516 Et
1667 487 1770 516 ecce
1789 486 1877 515 ma-

1042 546 1125 574 nus
1143 532 1288 582 tetigit
1306 544 1392 581 me,
1419 536 1464 572 et
1491 531 1630 572 erexit
1654 543 1724 572 me
1744 543 1879 583 super

1043 592 1186 641 genua
1203 601 1318 638 mea,
1347 593 1391 629 et
1409 600 1544 640 super
1563 587 1773 628 articulos
1790 589 1879 628 ma-

1044 659 1179 687 nuum
1209 647 1418 686 mearum.
1472 644 1529 684 Et
1562 642 1672 685 dixit
1704 642 1761 684 ad
1793 656 1880 684 me:

1043 701 1203 743 Daniel
1227 702 1292 743 vir
1318 700 1657 749 desiderierum,
1686 699 1880 749 intellige

1045 758 1198 807 verba,
1233 770 1333 810 quae
1361 770 1444 807 ego
1473 757 1634 808 loquor
1660 755 1718 797 ad
1743 761 1803 806 te,
1837 760 1881 797 et

1049 820 1117 856 sta
1141 815 1185 855 in
1208 814 1348 865 gradu
1375 818 1466 855 tuo:
1498 826 1613 854 nunc
1642 813 1756 854 enim
1785 825 1881 852 sum

1045 872 1205 912 missus
1241 870 1313 912 ad‘
1334 875 1388 912 te.
1459 870 1657 921 Cumque
1695 867 1882 910 dixisset

1045 927 1152 968 mihi
1184 929 1433 969 sermenem
1466 927 1615 975 istum,
1662 925 1764 967 steti
1796 930 1879 966 tre-

1046 997 1182 1026 mens.
1215 984 1272 1026 Et
1292 984 1352 1024 ait
1371 983 1428 1024 ad
1446 996 1531 1024 me:
1555 982 1660 1023 Noli
1685 985 1882 1023 metuere

1046 1041 1218 1082 Daniel:
1238 1041 1341 1092 quia
1361 1053 1416 1081 ex
1435 1039 1507 1081 die
1527 1039 1680 1092 primo,
1702 1051 1790 1090 quo
1805 1050 1882 1090 po-

1047 1098 1172 1139 suisti
1204 1110 1282 1138 cor
1311 1102 1436 1138 tuum
1466 1095 1522 1137 ad
1550 1094 1884 1146 intelligendum

1047 1159 1096 1195 ut
1126 1159 1170 1195 te
1204 1153 1424 1204 affligeres
1454 1153 1498 1193 in
1528 1153 1773 1204 conspectu
1800 1151 1885 1191 Dei

1046 1211 1127 1260 tui,
1168 1209 1375 1251 exaudita
1408 1213 1510 1250 sunt
1542 1208 1678 1250 verba
1711 1212 1800 1248 tua:
1841 1211 1886 1248 et

1049 1279 1131 1317 ego
1165 1267 1265 1308 veni
1297 1271 1483 1318 propter
1518 1266 1745 1306 sermenes
1772 1268 1885 1304 tuos.

1047 1324 1260 1376 Princeps
1301 1327 1448 1364 autem
1490 1322 1614 1372 regni
1649 1321 1886 1362 Persarum

1048 1380 1212 1421 restitit
1234 1379 1340 1420 mihi
1364 1379 1517 1429 viginti
1544 1383 1586 1419 et
1605 1390 1693 1418 uno
1714 1376 1885 1418 diebus:

1048 1442 1092 1478 et
1119 1449 1222 1478 ecce
1246 1435 1434 1477 Michael
1460 1448 1572 1476 unus
1599 1433 1654 1475 de
1679 1433 1884 1486 principi-

1047 1493 1130 1534 bus
1174 1492 1326 1544 primis
1374 1492 1492 1533 venit
1537 1491 1580 1531 in
1621 1490 1886 1542 adjuterium

1048 1618 1198 1656 regem
1220 1606 1467 1646 Persarum.
1499 1604 1625 1646 ‘Veni
1659 1608 1805 1644 autem
1837 1607 1886 1643 ut

1049 1661 1256 1703 docerem
1279 1667 1324 1703 te
1349 1674 1448 1713 quae
1474 1664 1659 1702 ventura
1683 1664 1784 1700 sunt
1808 1660 1885 1711 pe-

1047 1718 1152 1770 pulo
1171 1723 1249 1759 tuo
1270 1718 1315 1758 in
1330 1717 1582 1758 novissimis
1598 1715 1765 1765 diebus,
1785 1717 1884 1766 que-

1047 1775 1163 1815 niam
1183 1774 1328 1816 adhuc
1347 1774 1459 1815 visio
1479 1774 1523 1814 in
1543 1773 1649 1815 dies.

1101 1841 1152 1892 R.
1168 1840 1219 1880 In
1235 1841 1478 1892 conspectu
1492 1838 1763 1889 Angelorum
1778 1837 1882 1890 psal-

1048 1896 1135 1937 lam
1160 1895 1257 1946 tibi,
1287 1901 1330 1938 et
1358 1894 1556 1937 adorabo
1587 1895 1643 1936 ad
1671 1894 1883 1947 templum

1048 1957 1249 1994 sanctum
1268 1957 1406 1993 tuum:
1427 1953 1447 1975 *
1467 1953 1524 1994 Et
1544 1951 1788 1993 confitebor
1808 1953 1882 1991 ne-

1048 2009 1153 2050 mini
1175 2014 1252 2051 tuo
1272 2009 1480 2059 Domine,
1510 2008 1692 2060 alleluja.
1728 2003 1777 2053 Y.
1807 2007 1883 2048 Su-

1048 2078 1129 2117 per
1164 2065 1467 2107 misericerdia
1503 2070 1579 2106 tua
1617 2070 1660 2106 et
1698 2064 1882 2104 veritate

1048 2127 1140 2163 tua:
1179 2122 1386 2174 queniam
1421 2120 1714 2172 magnificasti
1751 2131 1884 2171 super

1048 2191 1130 2219 nos
1175 2190 1337 2219 nomen
1382 2183 1582 2219 sanctum
1627 2182 1762 2218 tuum.
1817 2176 1884 2216 Et.

1051 2234 1202 2276 Gleria
1226 2235 1359 2276 Patri.
1399 2234 1466 2275 Et.

1284 2314 1333 2351 In
1353 2313 1403 2352 ΙΙ.
1423 2312 1647 2351 Nocturno.

1104 2382 1203 2422 Ant.
1240 2381 1425 2423 Michael
1456 2379 1751 2430 Archangele‚
1784 2381 1883 2423 veni

1048 2438 1106 2534 {¹2
1129 2437 1394 2491 adjuterium
1428 2436 1597 2490 pepulo
1634 2437 1736 2486 Dei,
1781 2437 1882 2479 alle-

1051 2507 1144 2603 {Ilia-
1176 2553 1391 2595 Ascendit
1409 2554 1553 2594 fumus
1573 2556 1819 2595 arematum
1838 2555 1883 2596 in

1048 2613 1289 2663 conspectu
1309 2610 1504 2658 Demini,
1524 2609 1707 2661 alleluia.
1751 2613 1797 2662 Ix‘g.
1812 2611 1882 2653 De

1047 2679 1180 2708 manu
1199 2666 1368 2717 Angeli,
1387 2665 1570 2719 alleluja.
