2066 2956
815 184 1040 218 Benedictio
1066 184 1218 218 Mensae.

261 285 387 322 Feria
411 285 463 322 V.
486 286 530 322 in
555 285 694 322 Coena
718 283 904 320 Domini.

217 343 366 377 Dicitur
391 342 566 376 absolute
592 347 627 377 et
652 343 734 377 sine
759 348 859 377 nota.

219 392 268 444 V.
298 397 495 440 Christus
517 398 658 440 factus
680 402 748 439 est
766 409 849 450 pro
868 396 995 439 nobis

98 468 105 485 τ
167 453 379 497 obediens
396 466 537 507 usque
556 453 613 496 ad
629 459 827 496 mortem.

218 509 387 552 Deinde
422 511 550 554 Pater
576 515 736 553 noster.
760 515 899 549 totum
929 522 990 549 se-

167 572 298 608 creto.

218 627 301 668 Quo
329 627 447 667 dicto.
477 629 559 662 sinc
587 627 900 671 pronuntiatione
927 626 992 660 ali—

167 685 242 719 qua
270 675 461 710 Sacerdos
492 677 603 718 signo
634 675 768 710 Crucis
798 675 993 709 benedicit

166 734 353 758 mensam:
377 734 447 758 nec
469 724 610 759 dicitur
630 723 732 759 Jube
754 722 903 758 domne.
924 732 992 756 nec

167 774 228 809 Tu
252 777 389 809 autem.

218 820 262 854 In
286 820 359 854 fine
388 819 574 863 repetitur
598 816 643 862 Υ.
668 819 848 855 Christus
870 820 996 854 factus

172 874 240 906 est.
259 872 299 902 ut
323 878 449 911 supra.

222 916 362 950 Postea
386 915 447 950 Ps.
474 916 665 952 Miserere.
688 916 741 952 52.

219 968 303 1008 Quo
328 968 448 1010 finito,
476 969 558 1003 sine
580 963 624 1009 Υ.
646 968 782 1004 Gloria
799 967 916 1003 Patri.
940 976 994 999 SC-

170 1020 274 1050 creto
298 1016 439 1050 dicitur
463 1016 577 1053 Pater
598 1020 740 1053 noster.

218 1067 368 1101 Deinde
386 1066 576 1101 Sacerdos
597 1068 690 1101 dicit
711 1066 886 1100 absolute
905 1067 995 1098 Ora-

166 1115 319 1149 tionem.
506 1131 670 1171 Oratio

258 1189 414 1244 espice‚
438 1190 688 1254 quaesumus
707 1188 906 1239 Domine,
931 1201 998 1229 su-

280 1259 361 1300 per
384 1246 498 1288 hanc
523 1237 729 1287 familiam
753 1250 888 1295 tuam,
915 1257 998 1297 pro

172 1315 259 1355 qua
274 1303 369 1344 Dns
387 1307 536 1344 noster
550 1302 576 1343 J
578 1315 678 1344 esus
694 1301 893 1343 Christus
909 1314 999 1342 non

172 1359 388 1401 dubitavit
431 1358 632 1400 manibus
682 1357 798 1400 tradi
842 1359 999 1399 nocen-

170 1416 290 1467 tium,
310 1420 354 1458 et
379 1415 521 1458 crucis
547 1415 694 1458 subire
718 1415 996 1457 tormentum.

223 1479 269 1513 Et
290 1489 365 1513 non
389 1480 660 1522 pronuntiatur
678 1479 754 1522 Qui
771 1483 907 1516 tecum.
928 1491 997 1514 nec

170 1527 364 1564 Fidelium
394 1528 544 1564 animae.
576 1528 645 1562 scd
678 1532 826 1562 secreto
858 1528 998 1563 dieitur

173 1574 288 1612 Pater
320 1580 462 1612 noster.
499 1586 570 1610 nec
605 1576 761 1611 additur
794 1577 901 1612 Deus
936 1576 1002 1611 det

171 1625 287 1660 nobis
311 1635 423 1660 suam
443 1634 590 1669 pacem.

420 1695 469 1731 In
492 1696 754 1731 parasceve.

222 1755 369 1790 Eodem
394 1755 509 1790 modo
534 1756 574 1789 fit
599 1755 698 1789 sicut
723 1756 761 1789 in
781 1755 902 1789 Coena
922 1754 997 1788 Do-

171 1804 273 1846 mini,
298 1802 368 1838 Sed
391 1804 546 1838 additur
570 1804 619 1837 ad

222 1852 273 1903 Υ.
298 1856 498 1899 Christus
517 1856 658 1898 factus
676 1861 744 1898 est
763 1887 772 1896 .
787 1887 796 1896 .
815 1855 1003 1897 Mortem

176 1918 323 1955 autem
342 1913 495 1955 crucis.

397 1981 587 2018 Sabbato
611 1980 787 2018 Sancto.

226 2038 288 2071 Ad
311 2037 618 2071 benedicendum
641 2046 813 2070 mensam
838 2039 979 2073 dicitur

227 2088 491 2131 Benedicite.
540 2090 590 2141 R.
620 2087 888 2130 Benedicite.

226 2141 276 2191 V.
305 2145 504 2198 Vespere
526 2149 672 2186 autem
695 2143 879 2194 sabbati,
904 2156 1003 2195 quae

175 2202 356 2244 lucescit
378 2202 422 2242 in
442 2201 584 2254 prima
607 2199 794 2250 sabbati,
821 2199 1004 2252 alleluja.

201 2258 387 2310 R·.Venit
411 2258 551 2299 Maria
573 2255 846 2308 Magdalene,
874 2260 919 2297 et
945 2255 1003 2296 al-

176 2320 270 2357 tera
279 2315 417 2356 Maria
431 2313 580 2356 videre
594 2312 884 2366 septilchrum,
894 2311 1004 2353 allel.

230 2371 382 2414 Gloria
400 2370 530 2412 Patri.
558 2369 680 2411 Sicut
697 2373 802 2411 erat.

229 2431 275 2469 In
298 2430 382 2470 fine
406 2430 616 2482 repetitur
637 2424 687 2476 Υ.
708 2430 909 2482 Vespere
933 2442 1004 2470 au-

177 2493 278 2530 tem.
305 2492 351 2526 ut
384 2499 526 2538 supra.
559 2500 656 2526 cum
694 2485 847 2527 Gloria
872 2485 1005 2527 Patri.

177 2544 298 2586 Sicut
316 2548 420 2585 erat.

227 2597 296 2637 Ps.
342 2597 539 2640 Laudate
576 2598 812 2639 Dominum
854 2609 1004 2638 omnes

181 2655 357 2697 Gentes.
372 2667 469 2695 cum
493 2654 646 2696 Gloria
662 2653 792 2695 Patri.
820 2652 921 2705 [212]

332 2845 397 2870 Pars
412 2844 506 2870 Vema-

1785 181 1876 228 [213]

1100 283 1235 336 Kyrie
1267 283 1441 324 eleison.
1493 283 1667 324 Christe
1700 281 1876 323 eleison.

1050 339 1184 392 I{)'⁷rie
1212 339 1387 382 eleison.
1415 347 1457 381 et
1486 340 1567 379 alia
1598 347 1643 380 ut
1673 352 1802 391 supra
1832 338 1871 377 in

1047 398 1185 449 prima
1211 397 1530 438 Benedictione.
1565 395 1666 449 [212]

1288 470 1336 507 In
1361 470 1428 507 die
1453 471 1640 508 Paschae

1048 531 1083 559 et
1109 526 1292 568 deinceps
1319 535 1439 568 usque
1466 526 1512 559 ‘id
1540 536 1640 559 eoem
1643 536 1687 558 un
1715 534 1874 566 sequen-

1048 574 1096 608 tis
1115 575 1154 608 S-
1157 575 1229 606 ubb·
1223 574 1284 607 nti.
1309 574 1356 606 id
1379 574 1642 607 benedicendo
1637 584 1683 606 ιιιι
1708 583 1811 605 men
1817 582 1873 604 ιιιι

1050 623 1189 656 dicitur

1102 665 1151 715 Υ.
1179 667 1290 709 Haec
1319 666 1412 709 dies
1442 679 1573 719 quam
1601 667 1703 709 fecit
1730 668 1878 709 Domi-

1050 737 1142 774 nus,
1162 723 1343 776 alleluja.
1380 727 1427 777 lxff.
1448 724 1729 766 Exsultemus
1749 730 1792 766 et
1808 725 1879 766 lae-

1049 782 1191 822 temur
1210 780 1254 821 in
1274 793 1335 831 ea,
1355 780 1538 833 alleluja.

1104 837 1256 880 Gloria
1272 837 1403 879 Patri.

1107 902 1153 941 In
1178 901 1262 941 fine
1287 900 1498 951 repetitur
1521 899 1632 941 Haec
1655 897 1760 941 dies,
1783 910 1879 936 cuin

1052 953 1204 996 Gloria
1221 955 1352 997 Patri.

1107 1014 1170 1052 Ps.
1200 1011 1487 1053 confitemini.
1515 1013 1573 1053 21.

1194 1085 1242 1121 In
1267 1084 1536 1122 Ascensione
1562 1086 1738 1122 Domini

1052 1150 1174 1182 usque
1198 1139 1245 1172 ad
1267 1139 1339 1180 Υιη
1331 1139 1380 1171 il
1400 1139 1429 1171 Ι)
1433 1143 1648 1172 entccostes
1672 1138 1878 1171 exclusiw

1107 1191 1155 1236 Υ
1181 1175 1394 1231 Ascendit
1412 1189 1565 1231 Deus'
1554 1204 1597 1230 m
1619 1189 1881 1241 jubilatione,

1052 1245 1233 1299 alleluja.
1288 1246 1336 1295 R.
1363 1247 1421 1288 Et
1451 1247 1665 1288 Dominus
1697 1247 1740 1287 in
1771 1260 1882 1288 voce

1052 1301 1182 1353 tubae,
1210 1303 1393 1356 alleluja.

1106 1359 1257 1402 Gloria
1275 1361 1406 1402 Patri.

1107 1422 1147 1454 ln
1174 1421 1246 1454 fine
1273 1421 1412 1454 dicitur

1107 1464 1154 1515 Υ.
1178 1469 1435 1511 Ascendens
1456 1469 1654 1511 Christus
1675 1471 1718 1511 in
1737 1471 1883 1521 altum,

1054 1525 1236 1578 alleluja.
1277 1526 1324 1576 152
1352 1527 1582 1579 Captivam
1603 1526 1726 1569 duxit
1750 1528 1882 1580 eapti-

1053 1583 1244 1633 vitatem‚
1265 1582 1447 1634 alleluja.

1106 1638 1259 1680 Gloria
1275 1639 1406 1680 Patri.

1105 1698 1171 1736 Ps.
1200 1696 1364 1737 Omnes
1385 1696 1550 1737 Gentes
1572 1695 1771 1748 plaudite
1793 1698 1882 1736 ma-

1054 1751 1192 1794 nibus.
1211 1754 1284 1794 60.
1314 1754 1379 1793 vel
1411 1752 1610 1794 Laudate
1636 1753 1882 1794 Dominum.

1055 1816 1100 1851 ut
1120 1823 1262 1862 supra.

1297 1878 1346 1914 In
1369 1879 1643 1915 Pentecoste.

1104 1939 1139 1972 A
1165 1938 1309 1981 vigilia
1335 1936 1507 1979 ciusdem
1532 1936 1731 1977 inclusive,
1760 1946 1880 1978 usque

1056 1987 1104 2020 ad
1119 1996 1268 2020 coenam
1285 1984 1481 2028 sequentis
1496 1984 1654 2018 Sabbati
1674 1984 1880 2017 exclusive.

1107 2034 1157 2084 Υ.
1185 2035 1372 2088 Spiritus
1398 2035 1575 2076 Domini
1604 2034 1789 2087 replevit
1817 2047 1882 2075 or-

1056 2091 1158 2132 bem
1178 2093 1404 2141 terrarum,
1428 2091 1610 2143 alleluja.
1647 2093 1695 2142 K.
1723 2091 1780 2131 Et
1799 2089 1884 2132 hoc

1058 2146 1178 2199 quod
1191 2149 1388 2190 eontinet
1403 2147 1558 2199 omnia,
1573 2147 1798 2189 scientiam
1810 2146 1883 2188 ha-

1056 2203 1132 2246 bet
1149 2205 1283 2255 vocis,
1302 2204 1483 2256 alleluja.

1110 2260 1263 2303 Gloria
1279 2261 1411 2303 Patri.

1107 2319 1150 2353 In
1175 2320 1248 2353 fine
1274 2319 1413 2352 dicitur

1108 2367 1158 2418 Υ.
1192 2369 1368 2423 Repleti
1400 2373 1500 2410 sunt
1537 2380 1688 2409 omnes
1719 2369 1884 2421 Spiritu

1057 2431 1228 2477 sancto,
1259 2425 1443 2477 alleluia.
1490 2428 1536 2477 Ra
1571 2424 1628 2466 Et
1655 2427 1883 2477 coeperunt

1056 2483 1188 2535 loqui,
1217 2482 1399 2534 alleluja.

1110 2539 1263 2582 Gloria
1280 2538 1408 2579 Patri.

1107 2597 1175 2635 Ps.
1221 2596 1407 2646 Magnus
1444 2593 1670 2635 Dominus.
1702 2595 1775 2635 60.
1813 2593 1878 2632 vel

1057 2652 1268 2694 Laudate.
1291 2657 1337 2691 ut
1365 2662 1507 2702 supra.
