2066 2904
453 171 662 206 Commune
688 170 800 204 unius
826 170 1005 214 Martyris
1032 174 1139 204 extra
1164 174 1314 213 tenipus
1340 170 1538 204 l‘aschalc.

141 264 275 305 vitam
294 265 455 316 mundi,
484 270 528 308 et
545 266 744 319 pervenit
762 265 819 307 ad
838 266 966 308 coele-

141 321 224 361 stia
243 334 386 372 regna.
412 322 649 365 Fundatus.

194 383 354 425 Bened.
383 379 638 430 Unigenitus
657 380 741 421 Dei
759 379 906 421 Filius.

448 440 600 481 Lectio
620 440 659 479 ii.

220 498 239 535 t
261 506 375 535 nunc
399 507 502 535 ecee
527 506 608 544 ego
635 494 726 535 scio
754 494 855 547 quia
880 496 965 535 am-

231 550 346 603 plius
369 563 457 592 non
476 549 679 592 videbitis
704 550 861 592 faciem
879 564 966 592 me-

139 619 209 648 am
235 620 316 648 vos
345 620 515 657 omnes,
545 619 624 660 per
650 619 761 659 quos
784 608 966 649 transivi

137 663 384 716 praedicans
416 677 598 714 regnum
628 663 722 705 Dei.
768 664 964 717 Quapre-

137 725 236 773 pter
268 722 494 762 contestor
521 732 602 761 vos
634 719 847 762 hodierna
881 720 964 771 die,

138 777 241 828 quia
271 776 460 819 mundus
493 790 589 818 sum
621 789 647 818 a
679 778 888 828 sanguine
921 779 964 818 e-

137 834 311 874 mnium.
342 833 445 875 Non
465 833 579 875 enim
598 833 840 885 subterfugi
861 837 964 887 que-

136 890 278 931 minus
315 890 615 931 annuntiarem
655 903 783 932 omne
825 893 964 933 consi-

135 945 241 987 lium
269 946 353 988 Dei
385 946 522 988 vobis.
567 947 795 989 Attendite
827 947 965 997 vobis,

137 1007 181 1044 et
198 1003 403 1044 universo
427 1004 558 1054 gregi,
586 1004 629 1044 in
655 1016 742 1056 quo
766 1017 848 1046 vos
872 1005 964 1058 Spi-

135 1059 245 1101 ritus
268 1065 446 1102 sanctus
469 1060 619 1112 pesuit
643 1063 877 1114 episcopos
901 1063 963 1103 re-

135 1128 239 1166 gere
266 1116 509 1158 Ecclesiam
533 1116 631 1166 Dei7
661 1130 793 1169 quam
820 1118 963 1170 acqui-

136 1173 237 1214 sivit
261 1173 470 1224 sanguine
494 1186 586 1215 suo.
622 1174 717 1225 Ego
742 1174 833 1215 scio
859 1177 963 1227 que-

135 1230 251 1270 niam
274 1229 497 1271 intrabunt
520 1235 624 1283 post
649 1229 963 1272 discessienem

134 1298 278 1327 meam
291 1285 383 1339 lupi
398 1288 580 1339 rapaces
595 1287 638 1327 in
653 1299 745 1337 vos,
763 1300 852 1329 non
867 1301 963 1341 par-

136 1343 285 1383 centes
304 1343 437 1394 gregi.
471 1343 528 1384 Et
548 1356 602 1384 ex
621 1343 746 1385 vobis
766 1344 873 1396 ipsis
893 1357 962 1386 ex-

136 1402 315 1449 surgent
329 1399 410 1439 viri
428 1399 659 1451 loquentes
677 1403 897 1453 perversa,
916 1406 965 1443 ut

136 1454 357 1496 abducant
377 1455 617 1508 discipulos
639 1462 743 1509 post
766 1470 824 1499 se.
860 1458 964 1499 Pro-

134 1516 234 1564 pter
268 1511 387 1564 quod
418 1512 596 1564 vigilate
623 1514 834 1555 memeria
865 1515 963 1556 reti-

134 1569 302 1610 nentes:
323 1569 529 1620 queniam
543 1582 624 1622 per
637 1570 870 1612 triennium
889 1584 963 1612 no-

135 1629 205 1666 010
230 1629 274 1666 01
298 1624 369 1666 die
392 1638 481 1666 non
505 1626 690 1676 cessavi,
718 1639 817 1668 cum
841 1627 963 1669 lacri-

133 1681 216 1722 mis
260 1694 443 1723 monens
491 1684 846 1735 unumquemque
893 1697 963 1726 ve-

137 1742 285 1779 strum.
436 1734 442 1742 '

189 1794 239 1845 Βι.
269 1794 420 1836 Justus
447 1795 710 1846 germinabit
741 1797 853 1838 sicut
885 1797 962 1839 1111-

134 1863 222 1891 um:
247 1851 269 1873 *
293 1851 350 1893 Et
368 1852 544 1893 florebit
566 1852 610 1893 in
630 1855 842 1895 aeternum
861 1860 962 1896 ante

135 1906 382 1948 Deminum.
419 1903 467 1954 V.
499 1908 728 1951 Plantatus
756 1910 799 1950 in
828 1910 960 1952 domo

134 1963 326 2014 Demini,
361 1964 405 2005 in
434 1965 554 2006 atriis
583 1964 740 2007 domus
772 1967 855 2009 Dei
887 1981 961 2010 no-

135 2019 224 2060 stri.
251 2020 318 2061 Et.

188 2074 349 2116 Bened.
379 2077 563 2129 Spiritus
584 2080 723 2121 sancti
742 2080 892 2131 gratia.
914 2087 918 2093 '

432 2133 583 2175 Lectio
604 2135 657 2174 iii.

215 2193 234 2231 t
256 2202 370 2231 nunc
394 2192 653 2234 commendo
677 2205 758 2234 vos
781 2194 890 2244 Deo,
919 2200 963 2237 et

244 2245 380 2287 verbo
409 2248 560 2298 gratiae
588 2249 740 2301 ipsius,
784 2251 858 2302 qui
884 2264 960 2304 po-

133 2305 230 2342 tens
258 2307 326 2344 est
350 2302 585 2354 aedificare,
623 2311 667 2347 et
694 2305 798 2348 dare
827 2306 960 2349 haere-

135 2356 319 2399 ditatem
354 2359 398 2399 in
431 2361 712 2403 sanctificatis
749 2363 962 2405 emnibus.

133 2413 377 2465 Argentum
406 2421 449 2457 et
476 2429 645 2468 aurum,
691 2424 765 2460 aut
793 2425 962 2462 vestem

133 2469 291 2511 nullius
311 2474 557 2525 concupivi,
590 2475 704 2516 sicut
722 2476 806 2528 ipsi
825 2477 961 2518 scitis:

136 2527 340 2578 queniam
376 2528 433 2570 ad
470 2542 535 2580 ea,
578 2543 676 2583 quae
711 2531 817 2572 mihi
845 2540 961 2585 'opus

135 2587 272 2632 erant,
301 2589 345 2625 et
367 2584 435 2625 his
456 2587 529 2638 qui
547 2600 719 2629 mecum
742 2593 858 2638 sunt,
885 2590 960 2629 mi-

133 2638 426 2682 nistraverunt
459 2655 612 2684 manus
644 2644 752 2685 istae.
805 2645 962 2687 Omnia

135 2694 307 2736 ostendi
333 2696 478 2748 vobis,
517 2699 723 2750 queniam
751 2701 814 2742 sic
841 2701 959 2743 labo-

1022 268 1181 315 rantes,
1203 268 1381 318 opertet
1400 269 1624 320 suscipere
1643 267 1851 317 infirmos,

1022 336 1073 364 ac
1103 322 1352 364 meminisse
1380 323 1503 365 verbi
1530 324 1709 365 Demini
1735 325 1759 365 J
1763 337 1851 375 esu,

1022 379 1228 432 queniam
1264 379 1360 432 ipse
1397 379 1521 421 dixit:
1567 381 1745 422 Beatius
1784 386 1851 423 est

1019 437 1158 488 magis
1197 436 1322 486 dare,
1366 449 1497 488 quam
1534 439 1745 490 accipere.
1795 439 1852 480 Et

1020 507 1120 535 cum
1138 493 1233 535 haec
1253 492 1450 542 dixisset,
1485 494 1643 546 pesitis
1666 494 1851 545 genibus

1021 551 1111 592 suis
1131 550 1275 592 oravit
1294 563 1394 591 cum
1414 549 1616 592 emnibus
1634 551 1729 592 illis.
1762 552 1850 593 Ma-

1020 620 1131 658 gnus
1150 612 1297 648 autem
1317 607 1447 648 fletus
1468 606 1609 648 factus
1630 613 1697 649 est
1716 610 1849 650 emni-

1019 678 1107 705 um:
1127 669 1171 706 et
1184 663 1525 717 procumbentes
1541 677 1674 717 super
1690 665 1850 707 collum

1018 720 1153 771 Pauli,
1181 720 1494 762 osculabantur
1514 734 1624 770 eum,
1649 721 1850 764 dolentes

1018 779 1207 819 maxime
1238 778 1282 818 in
1314 777 1471 827 verbo,
1516 778 1634 830 quod
1669 778 1849 829 dixerat,

1021 835 1227 887 queniam
1250 834 1439 887 amplius
1464 834 1620 876 faciem
1646 836 1736 887 ejus
1761 849 1849 878 non

1019 897 1166 933 essent
1190 892 1335 933 visuri.
1368 892 1424 933 Et
1448 891 1726 934 deducebant
1750 906 1849 934 eum

1018 948 1075 990 ad
1093 962 1260 990 navem.

1074 1017 1124 1068 Β.
1147 1015 1238 1056 1510
1259 1013 1467 1065 cognevit
1486 1013 1706 1065 justitiam,
1728 1019 1771 1055 et
1790 1014 1848 1055 vi-

1019 1070 1083 1112 dit
1114 1071 1330 1113 mirabilia
1361 1083 1534 1121 magna,
1573 1075 1617 1112 et
1649 1071 1850 1112 exoravit

1021 1127 1308 1169 Altissimum:
1338 1131 1359 1154 *
1385 1128 1443 1168 Et
1474 1127 1675 1168 inventus
1707 1133 1773 1169 est
1805 1129 1849 1169 in

1018 1181 1201 1226 numero
1222 1186 1485 1226 sancterum.
1515 1182 1564 1233 Y.
1582 1184 1673 1226 Iste
1693 1190 1761 1226 est
1776 1186 1850 1237 qui

1019 1242 1281 1294 contempsit
1308 1241 1443 1282 vitam
1475 1240 1640 1290 mundi,
1680 1246 1723 1283 et
1755 1255 1849 1295 per-

1017 1298 1136 1339 venit
1155 1298 1211 1340 ad
1227 1298 1425 1340 coelestia
1445 1310 1589 1350 regna.
1609 1298 1675 1339 Et.
1699 1299 1850 1340 Gleria

1016 1354 1147 1395 Patri.
1174 1356 1242 1397 Et.

1245 1428 1294 1467 In
1322 1429 1371 1468 II.
1400 1429 1624 1469 Nocturno.

1075 1497 1174 1537 Ant.
1190 1495 1286 1536 Filii
1300 1495 1525 1537 heminum
1535 1497 1558 1522 *
1571 1497 1729 1539 scitete
1748 1498 1849 1549 quia

1017 1549 1111 1591 Dfis
1131 1557 1332 1594 sanctum
1353 1566 1479 1594 suum
1499 1553 1760 1596 mirificavit.

1308 1626 1506 1666 Psalmus
1527 1628 1562 1665 4.

1021 1691 1116 1762 ’β
1125 1689 1208 1753 11111
1239 1684 1493 1727 invocarem
1523 1686 1747 1728 exaudivit
1778 1700 1848 1728 me

1021 1777 1033 1794 -.
1053 1758 1129 1799 Νλι
1151 1741 1272 1782 Deus
1296 1742 1473 1793 justitiae
1498 1757 1625 1786 meae:
1654 1745 1677 1771 *
1704 1745 1749 1784 in
1776 1744 1847 1785 tri-

1062 1815 1127 1821 *
1151 1797 1374 1840 bulatiene
1394 1799 1587 1843 dilatasti
1606 1801 1722 1841 mihi.

1066 1854 1275 1896 Miserere
1294 1856 1390 1907 mei,
1405 1858 1428 1882 *
1449 1863 1492 1899 et
1512 1857 1671 1900 exaudi
1687 1858 1846 1899 oratie-

1016 1923 1117 1952 nem
1135 1924 1289 1952 meam.

1067 1967 1165 2008 Filii
1197 1967 1423 2011 heminum
1455 1974 1686 2024 usquequo
1725 1972 1846 2023 gravi

1016 2023 1172 2066 corde?
1201 2025 1224 2051 *
1252 2030 1301 2067 ut
1364 2027 1440 2069 uid
1473 2027 1650 2079 diligitis
1683 2029 1845 2069 vanita-

1014 2085 1114 2131 tem,
1143 2086 1187 2123 et
1208 2084 1345 2134 quaeri
1366 2084 1402 2125 is
1422 2083 1723 2126 mendacium?

1066 2138 1123 2179 Et
1159 2139 1316 2181 scitete
1353 2141 1561 2192 queniam
1598 2141 1846 2183 mirificavit

1014 2194 1230 2236 Deminus
1254 2202 1453 2238 sanctum
1477 2211 1619 2239 suum:
1644 2198 1668 2223 *
1694 2198 1844 2239 Demi-

1015 2263 1096 2291 nus
1130 2252 1337 2294 exaudiet
1368 2267 1438 2296 me
1467 2267 1566 2295 cum
1595 2254 1843 2296 clamavero

1016 2306 1073 2348 ad
1092 2320 1202 2349 eum.

1066 2365 1324 2416 Irascimini,
1359 2372 1402 2408 et
1429 2367 1564 2409 nolite
1591 2370 1793 2420 peccare:
1820 2370 1844 2396 *

1017 2433 1115 2473 quae
1140 2421 1283 2464 dicitis
1307 2423 1350 2463 in
1375 2423 1582 2465 cerdibus
1604 2425 1773 2475 vestris,
1800 2426 1844 2466 in

1015 2477 1230 2520 cubilibus
1248 2479 1407 2521 vestris
1431 2481 1783 2532 compungimini.

1065 2535 1318 2577 Sacrificate
1356 2537 1619 2578 sacrificium
1654 2538 1843 2590 justitiae,

1015 2595 1059 2632 et
1085 2594 1261 2644 sperate
1290 2593 1334 2632 in
1360 2593 1562 2635 Demino.
1581 2594 1605 2620 *
1627 2595 1755 2637 Multi
1783 2596 1843 2638 di-

1014 2653 1131 2689 cunt:
1160 2649 1266 2699 Quis
1285 2649 1479 2691 ostendit
1498 2650 1625 2692 nobis
1643 2651 1784 2694 bona?

1065 2704 1292 2755 Signatum
1320 2710 1388 2747 est
1418 2719 1551 2759 super
1582 2720 1664 2749 nos
1696 2708 1841 2750 lumen
