2028 2892
699 162 806 196 Fcria
832 164 1001 197 secunda

211 255 390 297 Psallite
408 255 599 296 Domino
619 255 757 296 sancti
776 255 881 307 ejus:
899 255 922 280 *
943 259 987 296 et

161 312 426 354 confitemini
475 311 698 353 memoriae
743 311 985 352 sanctitatis

161 380 261 420 ejus.

212 426 426 476 Quoniam
440 426 504 467 ira
518 426 562 466 in
574 426 869 476 indignatione
880 424 985 475 ejus:

159 481 182 507 *
202 486 246 523 et
264 482 353 523 vita
371 482 415 522 in
434 482 658 524 voluntate
679 483 779 534 ejus.

211 537 284 579 Ad
291 540 523 591 vesperum
533 538 831 582 demorabitur
843 541 985 581 fletus:

159 595 183 621 *
203 599 247 636 et
265 594 321 636 ad
340 597 599 637 matutinum
616 595 779 638 laetitia.

212 652 306 703 Ego
342 656 488 693 autem
526 651 616 694 dixi
646 653 690 694 in
722 653 986 696 abundantia

159 720 275 749 mea:
299 708 322 734 *
346 708 449 750 Non
469 709 682 751 movebor
701 710 745 750 in
764 713 985 752 aeternum.

211 764 400 807 Domine
425 765 469 806 in
487 765 711 808 voluntate
730 771 814 817 tua,
834 768 857 793 *
876 780 985 820 prae-

161 821 308 862 stitisti
328 821 477 863 dec6ri
495 835 595 864 meo
614 823 831 864 virtutem.

211 877 423 920 Avertisti
445 879 601 920 faciem
619 884 740 921 tuam
758 893 783 921 a
800 893 881 929 me,
900 880 923 905 *
944 886 987 921 et

159 934 299 976 faetus
319 947 415 976 sum
435 935 730 978 conturbatus.

211 990 285 1032 Ad
306 996 350 1033 te
369 991 557 1034 Damine
582 992 798 1034 clamabo:
821 993 844 1018 *
868 997 911 1034 et
930 992 987 1034 ad

158 1047 303 1089 Deum
321 1061 467 1090 meum
486 1048 770 1102 deprecabor.

212 1105 320 1155 Quae
343 1104 506 1147 utilitas
529 1105 573 1146 in
596 1106 804 1157 sanguine
826 1118 937 1155 meo,
963 1106 986 1131 *

161 1159 265 1202 dum
284 1160 505 1203 descendo
524 1162 568 1202 in
588 1160 936 1215 corruptionem?

210 1217 435 1271 Numquid
467 1218 745 1261 confitebitur
782 1218 861 1260 tibi
894 1218 986 1271 pu]-

158 1273 243 1324 viS‚
270 1274 300 1361 ζ
331 1279 407 1316 aut
448 1275 719 1317 annuntiabit
758 1275 987 1316 veritatem

157 1334 294 1372 tuam.

210 1387 391 1430 Audivit
427 1388 659 1437 D6minus‚
701 1393 745 1430 et
783 1388 986 1429 misertus

159 1448 226 1485 est
247 1444 350 1486 mei:
372 1445 396 1470 *
419 1445 632 1514 Dominus
656 1444 795 1486 factus
822 1449 888 1486 est
913 1443 985 1485 ad-

158 1499 273 1550 jator
291 1513 425 1542 meus

212 1556 476 1599 Convertisti
509 1557 732 1610 planctum
765 1570 911 1598 meum
942 1557 986 1597 in
1027 1566 1029 1569 ’

157 1612 365 1663 gaudium
397 1613 520 1655 mihi:
554 1614 577 1639 *
610 1613 862 1655 conscidisti
895 1626 985 1654 sac-

157 1681 258 1765 {zum
288 1683 451 1720 meum,
484 1676 528 1712 et
560 1669 885 1712 circumdedisti
915 1682 986 1711 me

175 1726 325 1768 aetitia:

210 1782 270 1824 Ut
289 1787 435 1825 cantet
452 1782 533 1825 tibi
551 1783 690 1834 gloria
707 1796 815 1833 mea,
836 1787 880 1824 et
898 1795 986 1824 non

159 1843 443 1892 compungar:
462 1840 486 1865 *
505 1840 692 1882 Damine
717 1840 838 1881 Deus
862 1851 985 1880 meus

156 1895 200 1936 in
219 1897 430 1938 aeternum
450 1896 693 1938 confitebor
711 1895 801 1938 tibi.

212 1953 311 1994 Ant.
341 1952 534 1995 Adorate
557 1953 793 1994 Dominum
817 1952 861 1992 in
887 1950 985 1993 aula

158 2013 307 2050 sancta
327 2009 427 2062 ejus.

210 2065 309 2107 Ant.
340 2066 389 2106 In
407 2070 482 2107 tua
500 2064 670 2117 justitia.

427 2122 623 2162 Psalmus
644 2121 714 2161 30.

206 2183 236 2211 n
262 2175 306 2212 te
334 2171 521 2212 Domine
549 2169 740 2223 speravi,
768 2181 855 2210 non
883 2181 982 2210 con-

226 2226 382 2268 fundar
400 2227 444 2268 in
465 2228 691 2268 aeternum:
710 2226 733 2251 *
756 2225 800 2266 in
822 2224 983 2276 justitia

156 2287 231 2323 tua
249 2282 387 2325 libera
405 2296 486 2325 me.

208 2339 374 2381 Inclina
392 2339 448 2381 ad
466 2352 537 2381 me
557 2351 706 2380 aurem
724 2342 854 2387 tuam,
872 2338 895 2363 *
914 2350 981 2378 ac-

157 2394 300 2437 celera
318 2402 366 2438 ut
386 2398 512 2437 eruas
531 2408 612 2436 me.

208 2452 316 2494 Esto
330 2452 436 2493 mihi
454 2453 498 2492 in
512 2452 655 2493 Deum
668 2451 981 2504 protectorem:

158 2513 201 2549 et
227 2508 271 2549 in
297 2508 476 2550 domum
503 2508 672 2558 refugii,
696 2508 719 2534 *
742 2512 790 2548 ut
815 2505 982 2547 salvum

156 2576 226 2605 me
244 2564 389 2606 facias.

209 2621 423 2671 Quoniam
443 2619 654 2662 fortitudo
673 2632 780 2668 mea,
805 2623 848 2659 et
870 2617 980 2659 refu-

156 2676 274 2726 gium
306 2690 452 2718 meum
487 2689 533 2718 es
566 2682 632 2718 tu:
666 2676 689 2701 *
724 2680 766 2716 et
799 2678 981 2726 propter

311 2814 375 2840 Pars
390 2814 484 2839 Vema.

1027 164 1073 197 ad
1100 164 1334 199 Matutinum.

1815 164 1861 199 45

1037 268 1197 296 nomen
1219 260 1340 297 tuum
1364 256 1554 299 deduces
1580 272 1666 308 me,
1693 264 1736 301 et
1760 263 1858 301 enu-

1037 311 1143 352 tries
1161 325 1242 353 me.

1089 367 1262 410 Educes
1282 382 1350 410 me
1371 368 1425 411 de
1444 369 1601 422 laqueo
1619 370 1713 420 hoc,
1731 384 1859 423 quem

1038 423 1360 466 absconderunt
1386 425 1508 466 mihi:
1533 427 1555 451 *
1583 428 1785 479 quoniam
1812 433 1860 469 tu

1039 493 1085 521 es
1103 483 1328 533 protector
1346 494 1479 523 meus.

1090 538 1140 577 In
1162 551 1314 579 manus
1337 543 1434 579 tuas
1459 539 1715 580 commendo
1738 540 1859 592 spiri-

1037 598 1130 635 tum
1144 607 1302 635 meum:
1317 595 1339 619 *
1355 594 1575 637 redemisti
1591 608 1660 636 me
1674 596 1859 637 Damine

1037 650 1157 691 Deus
1177 651 1383 692 veritatis.

1092 706 1234 748 Odisti
1269 707 1552 748 observantes
1580 708 1809 758 vanitates,
1836 710 1859 734 *

1039 765 1319 815 supervacue.

1090 820 1185 870 Ego
1206 825 1350 861 autem
1369 820 1413 860 in
1427 820 1615 861 D6mino
1635 821 1822 873 speravi:
1837 821 1860 846 *

1041 875 1280 925 exsultabo,
1301 881 1344 917 et
1361 875 1547 917 laetabor
1560 876 1603 916 in
1622 877 1860 918 misericor-

1040 931 1111 972 dia
1130 937 1214 973 tua.

1092 989 1305 1039 Quaniam
1328 989 1559 1041 respexisti
1577 988 1861 1030 humilitatem

1038 1058 1191 1094 meam,
1210 1045 1233 1070 *
1253 1044 1430 1086 salvasti
1453 1044 1507 1086 de
1531 1044 1860 1086 necessitatibus

1040 1102 1226 1142 animam
1248 1112 1401 1142 meam.

1090 1158 1184 1199 Nec
1216 1157 1466 1199 conclusisti
1496 1169 1565 1198 me
1593 1157 1636 1197 in
1663 1157 1860 1198 manibus

1038 1214 1214 1255 inimici:
1232 1214 1255 1239 *
1275 1214 1463 1255 statuisti
1485 1213 1528 1253 in
1547 1213 1646 1254 loco
1666 1214 1859 1266 spatioso

1038 1270 1175 1323 pedes
1193 1283 1326 1312 meos.

1090 1327 1298 1368 Miserere
1332 1326 1417 1367 mei
1443 1326 1629 1367 D6mine
1659 1326 1860 1378 quomam

1038 1382 1238 1424 tribulor:
1265 1383 1289 1408 *
1318 1382 1600 1423 conturbatus
1629 1387 1694 1423 est
1727 1382 1770 1422 in
1797 1382 1859 1422 ira

1039 1439 1189 1480 oculus
1217 1451 1350 1487 meus,
1379 1438 1520 1479 anima
1546 1451 1657 1486 mea,
1690 1443 1733 1479 et
1760 1451 1858 1479 ven-

1039 1500 1106 1536 ter
1124 1508 1263 1536 meus:

1090 1551 1304 1602 Quoniam
1332 1550 1490 1592 defecit
1520 1550 1563 1590 in
1592 1549 1744 1591 dolore
1771 1549 1859 1590 vita

1037 1621 1151 1649 mea:
1169 1608 1192 1633 *
1213 1613 1256 1649 et
1274 1607 1373 1648 anni
1391 1607 1477 1648 mei
1494 1606 1537 1647 in
1555 1605 1794 1657 gemitibus.

1089 1664 1314 1705 Infirmata
1339 1668 1405 1705 est
1429 1663 1473 1703 in
1498 1664 1754 1715 paupertate
1777 1661 1857 1702 vir-

1037 1725 1107 1761 tus
1126 1733 1239 1762 mea:
1257 1721 1280 1746 *
1300 1725 1344 1761 et
1363 1732 1463 1761 ossa
1480 1731 1577 1760 mea
1602 1716 1858 1759 conturbata

1038 1781 1148 1818 sunt.

1088 1833 1227 1885 Super
1257 1844 1407 1873 omnes
1436 1831 1631 1872 inimicos
1655 1843 1775 1871 meos
1799 1829 1856 1870 fa-

1038 1893 1132 1930 ctus
1169 1902 1265 1930 sum
1298 1886 1582 1940 opprobrium
1623 1891 1666 1928 et
1703 1885 1852 1927 vicinis

1036 1946 1144 1986 meis
1163 1944 1304 1987 valde:
1323 1945 1346 1969 *
1366 1948 1409 1985 et
1426 1943 1555 1985 timor
1574 1943 1686 1984 notis
1705 1942 1821 1982 meis.

1090 2002 1173 2052 Qui
1191 2000 1397 2042 videbant
1420 2012 1500 2049 me,
1523 1999 1639 2040 foras
1658 1998 1856 2048 fugerunt

1037 2071 1062 2099 a
1084 2071 1170 2099 me:
1193 2058 1216 2083 *
1241 2055 1448 2098 oblivic'mi
1471 2054 1597 2096 datus
1622 2067 1726 2102 sum,
1750 2058 1853 2094 tam-

1038 2127 1168 2166 quam
1185 2115 1380 2154 mortuus
1400 2124 1425 2152 a
1445 2110 1587 2152 corde.

1085 2170 1244 2211 Factus
1268 2181 1364 2209 sum
1381 2172 1601 2219 tamquam
1619 2178 1694 2206 vas
1713 2163 1852 2216 perdi-

1034 2226 1178 2267 tum:*
1198 2225 1400 2278 quoniam
1419 2222 1563 2263 audivi
1577 2220 1852 2272 vituperatio-

1033 2295 1134 2323 nem
1164 2281 1398 2324 multorum
1426 2276 1784 2319 commorantium
1810 2276 1853 2316 in

1035 2338 1227 2379 circuitu.

1084 2395 1134 2434 In
1175 2407 1228 2435 eo
1269 2393 1372 2434 dum
1412 2391 1691 2432 convenirent
1726 2387 1851 2429 simul

1033 2449 1263 2491 adversum
1289 2461 1368 2497 me,
1393 2448 1415 2472 *
1441 2447 1641 2498 accipere
1666 2444 1851 2485 animam

1031 2518 1174 2546 meam
1193 2503 1404 2566 consiliati
1423 2507 1532 2542 sunt.

1084 2562 1179 2612 Ego
1195 2565 1338 2601 autem
1352 2558 1394 2598 in
1408 2563 1452 2598 te
1467 2556 1641 2609 speravi
1652 2555 1850 2618 Domine·

1001 2625 1004 2630 '
1031 2618 1054 2641 *
1074 2617 1178 2658 dixi:
1203 2616 1321 2656 Deus
1344 2626 1466 2654 meus
1492 2626 1538 2654 es
1563 2618 1626 2654 tu:
1651 2612 1694 2652 in
1718 2610 1848 2652 mani-

1029 2673 1111 2714 bus
1130 2672 1215 2713 tuis
1234 2675 1375 2712 sortes
1393 2681 1514 2710 111636.

1599 2792 1643 2825 4*
