2066 2956
622 189 665 224 In
689 189 815 224 Festis
839 190 879 224 B.
904 189 1037 224 Mariae
1061 190 1106 224 V.
1131 200 1200 233 per
1225 199 1373 223 annum.

205 283 362 325 Psalm.
403 284 615 326 Dominus
641 286 849 336 regnavit.
878 299 975 327 curn

154 339 343 391 reliquis.
365 342 426 383 16.

205 400 241 439 2.
268 399 401 440 Laeva
429 398 519 449 eius
538 396 563 423 *
586 396 666 438 sub
696 397 839 450 capite
866 410 976 448 meo,

156 458 199 496 et
221 453 400 496 dextera
422 453 535 494 illius
559 452 878 506 amplexabitur
895 467 976 496 me.

206 514 242 554 3.
269 510 405 561 Nigra
423 523 534 559 sum,
554 510 578 535 *
597 509 676 551 sed.
694 510 902 559 formesa,
929 511 976 551 fi·

153 566 223 608 liae
237 566 492 608 Jerusalem:
506 565 607 608 ideo
623 565 774 608 dilexit
787 579 858 608 me
867 567 976 617 Rex,

153 626 198 664 et
241 622 484 664 introduxit
527 635 598 664 me
640 622 685 664 in
729 622 977 664 cubiculum

154 691 289 720 suum.

205 739 242 778 4.
280 739 374 778 Jam
403 734 543 776 hiems
568 735 755 785 transiit,
781 735 805 761 *
836 735 977 777 imber

154 790 270 841 abiit,
291 795 335 832 et
352 791 548 832 recessit:
566 804 695 843 surge
712 794 851 833 amica
868 805 976 842 mea,

155 852 199 889 et
216 848 326 889 veni.

204 906 241 945 5.
270 903 478 956 Speciesa
498 903 522 930 *
540 903 656 945 facta
683 917 730 946 es
759 909 803 946 et
830 905 976 946 suavis

152 959 197 1000 in
228 958 394 1002 deliciis
425 959 527 1011 tuis,
559 965 711 1003 sancta
736 961 821 1003 Dei
848 961 976 1003 Geni-

230 1081 488 1134 Capitulum.
632 1083 761 1124 Eccli.
776 1085 841 1124 24.
858 1084 896 1125 b.

226 1136 256 1179 b
280 1136 420 1187 initio,
448 1140 492 1178 et
518 1142 618 1180 ante
644 1138 805 1180 saecula
830 1140 977 1181 creata

264 1206 370 1243 sum,
394 1197 438 1235 et
454 1207 593 1247 usque
612 1194 669 1236 ad
686 1194 879 1236 futurum
898 1198 976 1236 sae-

153 1249 298 1291 culum
325 1262 414 1291 non
439 1250 650 1301 desinam,
677 1255 721 1293 et
743 1251 788 1292 in
812 1251 975 1293 habita-

152 1306 272 1348 tiune
286 1311 438 1348 sancta
452 1320 601 1349 coram
614 1308 712 1361 ipso
725 1307 976 1350 ministravi.

459 1377 669 1428 Hymnus.

303 1427 495 1478 gloriosa
514 1429 740 1480 virginum,

331 1483 535 1526 Sublimis
553 1485 666 1527 inter
685 1485 839 1536 sidera,

257 1539 341 1589 Qui
358 1544 403 1582 te
421 1541 598 1592 creavit,
615 1543 847 1595 parvulum

255 1595 465 1640 Lactente
483 1598 623 1640 nutris
641 1598 788 1641 ubere.

205 1660 334 1715 Quod
352 1662 479 1704 Heva
497 1663 634 1705 tristis
655 1663 842 1714 abstulit,

255 1717 324 1759 Tu
341 1718 490 1760 reddis
508 1719 623 1761 almo
641 1720 850 1771 germine:

255 1774 425 1817 Intrent
443 1779 492 1817 ut
509 1780 628 1818 astra
646 1776 825 1827 flebiles,

256 1830 367 1872 Coeli
385 1831 576 1874 recludis
595 1833 803 1876 cardines.

206 1898 272 1937 Tu
289 1896 404 1946 regis
422 1897 499 1939 alti
516 1898 655 1949 janua,

255 1951 312 1992 Et
330 1952 428 1994 aula
445 1953 555 1995 lucis
573 1953 752 2006 fulgida:

255 2006 405 2050 Vitam
424 2009 571 2051 datam
588 2023 669 2063 per
686 2011 911 2062 Virginem

257 2063 422 2107 Gentes
440 2065 681 2119 redemptae
698 2066 905 2119 plaudite.

210 2132 320 2179 Jesu,
338 2129 417 2171 tibi
435 2130 491 2171 sit
507 2130 657 2181 gloria,

258 2185 342 2236 Qui
359 2191 487 2229 natus
507 2199 554 2228 es
574 2186 629 2229 de
646 2187 838 2238 Virgine,

257 2241 366 2283 Cum
384 2242 526 2292 Patre,
546 2247 589 2285 et
608 2243 722 2285 almo
741 2244 904 2296 Spiritu

254 2298 306 2338 In
325 2299 589 2351 sempiterna
607 2299 778 2341 saecula.
824 2301 975 2342 Amen.

205 2348 256 2400 V.
293 2354 466 2396 Diffusa
500 2360 567 2398 est
601 2356 742 2406 gratia
775 2356 819 2397 in
849 2356 976 2399 labiis

152 2410 248 2451 tuis.
307 2411 358 2463 Rz.
399 2411 641 2464 Propterea
674 2412 898 2454 benedixit
931 2418 976 2455 te

153 2466 274 2508 Deus
300 2466 345 2507 in
371 2469 595 2509 aeternum.

209 2532 279 2574 Ad
298 2533 458 2575 Bened.
484 2535 580 2575 Ant.
608 2534 744 2575 Beata
763 2545 810 2574 es
827 2532 976 2583 Maria,

154 2586 178 2612 *
211 2599 310 2638 quae
343 2588 581 2631 credidisti:
616 2589 898 2642 perficientur
932 2589 976 2629 in

154 2646 214 2691 te,
242 2655 340 2694 quae
364 2643 480 2687 dicta
503 2650 603 2687 sunt
626 2645 706 2687 tibi
728 2658 753 2686 a
775 2645 975 2695 Domino,

154 2698 335 2750 alleluja.

1360 291 1522 331 Oratio.

1031 350 1272 459 Concede
1290 366 1371 395 nos
1390 354 1576 396 famulos
1596 359 1712 405 tuos,
1738 357 1853 407 quae-

1115 421 1263 450 sumus
1281 410 1470 452 Domine
1489 411 1620 461 Deus,
1638 413 1854 464 perpetua

1027 465 1186 506 mentis
1223 470 1267 507 et
1302 467 1501 519 corporis
1535 468 1721 510 sanitate
1752 481 1854 519 gau-

1029 520 1147 563 dere:
1166 526 1210 563 et
1222 522 1415 573 gloriosa
1429 522 1572 565 beatae
1587 524 1737 565 Mariae
1753 538 1855 566 sem-

1027 589 1108 629 per
1126 577 1319 629 Virginis
1341 579 1670 630 intercessi6ne,
1695 593 1720 621 a
1743 594 1853 633 prae-

1029 634 1140 675 senti
1174 634 1351 676 liberari
1386 636 1576 686 tristitia,
1615 641 1659 678 et
1690 639 1854 678 aeterna

1028 690 1192 742 perfrui
1210 691 1374 733 laetitia.
1400 692 1485 734 Per
1503 693 1751 735 Dominum.

1300 774 1367 811 Ad
1390 775 1590 812 Primam.

1081 845 1130 884 In
1150 844 1200 905 15.
1220 844 1280 903 br.
1300 839 1351 891 V.
1375 839 1459 890 Qui
1478 845 1605 882 natus
1625 853 1672 882 es
1691 841 1747 883 de
1765 841 1853 883 Ma-

1028 896 1093 935 ria
1123 894 1314 946 V1rg1ne.
1352 901 1482 941 etiam
1515 901 1555 940 in
1594 901 1712 941 festis
1747 900 1853 940 infra

1030 956 1179 997 Octav.
1199 956 1245 995 B.
1265 956 1318 995 M.
1338 956 1388 995 V.

1292 1037 1360 1073 Ad
1383 1038 1584 1075 Tertiam.

1080 1102 1180 1142 Ant.
1208 1101 1339 1141 Laeva
1358 1099 1459 1150 ejus.

1081 1167 1338 1219 Capitulum.
1374 1163 1439 1206 Ab
1459 1164 1594 1205 im'tio.
1619 1171 1663 1206 ut
1684 1179 1827 1218 supra.

1080 1224 1131 1275 R,
1149 1224 1211 1265 br,
1231 1218 1385 1271 Specie
1404 1223 1480 1261 tua
1500 1224 1522 1247 *
1541 1221 1598 1262 Et
1615 1220 1852 1273 pulchritu-

1028 1273 1128 1315 dine
1146 1278 1231 1315 tua.
1265 1274 1430 1327 Specie.
1464 1273 1514 1325 Υ.
1530 1276 1730 1327 Intende,
1753 1279 1853 1329 pro-

1029 1331 1465 1430 {ffiffioeg‘ssrffi
1482 1333 1852 1442 {Zssssa'sffgcssffl'

1080 1449 1130 1500 V.
1170 1419 1408 1503 Adiuvabit
1445 1466 1541 1495 eam
1573 1421 1694 1495 Deus
1731 1422 1854 1496 vultu

1029 1519 1120 1548 suo.
1158 1511 1207 1561 R.
1232 1508 1354 1549 Deus
1381 1509 1425 1550 in
1451 1510 1597 1552 medio
1627 1511 1733 1564 ejus,
1765 1524 1853 1553 non

1028 1564 1385 1607 commovebitur.

1216 1634 1436 1686 Tempore
1464 1635 1673 1676 Paschali.

1064 1697 1115 1749 R.
1130 1695 1192 1737 br.
1208 1695 1363 1747 Specie
1378 1700 1453 1737 tua
1471 1701 1514 1738 et
1527 1697 1853 1749 pulchritudine

1027 1754 1122 1800 tua,
1159 1752 1181 1777 *
1209 1750 1414 1804 Alleluia,
1451 1752 1632 1805 alleluja.
1685 1754 1852 1807 Specie.

1029 1803 1079 1855 V.
1105 1807 1304 1858 Intende,
1331 1811 1545 1862 prospere
1571 1811 1780 1862 procede,
1809 1816 1853 1853 et

1027 1875 1171 1915 regna.
1220 1864 1427 1917 Alleluia,
1460 1865 1641 1919 alleluja.
1702 1868 1852 1909 Gloria

1027 1919 1156 1961 Patri.
1200 1921 1366 1973 Specie.

1081 1981 1130 2033 V.
1164 1985 1405 2038 Adiuvabit
1441 1999 1538 2028 eam
1574 1987 1694 2030 Deus
1728 1988 1851 2030 vultu

1027 2054 1124 2092 su0,
1156 2042 1338 2095 alleluja.
1398 2045 1446 2094 15¹.
1478 2044 1600 2085 Deus
1632 2044 1675 2085 in
1702 2044 1848 2086 medio

1028 2099 1134 2150 ejus,
1161 2111 1250 2140 non
1278 2099 1639 2151 commovebitur,
1668 2100 1850 2153 alleluja.

1302 2180 1370 2217 Ad
1393 2180 1579 2218 S‘extam.

1080 2241 1180 2280 Ant.
1207 2241 1341 2292 Nigra
1359 2253 1465 2282 sum.

1106 2302 1363 2355 Capitulum.
1511 2304 1639 2344 Eceli.
1654 2304 1717 2343 24.
1730 2303 1772 2343 b.

1106 2370 1125 2407 t
1148 2366 1210 2407 sic
1230 2366 1274 2407 in
1293 2366 1396 2408 Sion
1414 2365 1587 2406 firmata
1605 2378 1716 2416 sum,
1743 2370 1787 2408 et
1806 2367 1850 2407 in

1138 2422 1313 2464 civitate
1349 2421 1619 2463 sanctificata
1654 2422 1851 2465 similiter

1026 2478 1235 2530 requievi,
1260 2483 1304 2520 et
1327 2478 1370 2519 in
1388 2477 1630 2519 Jerusalem
1652 2480 1850 2531 potestas

1025 2547 1134 2575 mea.
1169 2535 1228 2576 Et
1250 2534 1442 2575 radicavi
1463 2534 1508 2574 in
1530 2534 1696 2587 populo
1716 2535 1849 2577 hono-

1026 2590 1213 2640 rificato,
1239 2595 1282 2631 et
1304 2590 1349 2631 in
1366 2594 1491 2642 parte
1510 2590 1594 2632 Dei
1611 2592 1697 2633 mei
1714 2591 1849 2633 haere-

1027 2645 1141 2687 ditas
1166 2646 1298 2695 illius,
1326 2650 1370 2687 et
1392 2646 1435 2686 in
1459 2646 1729 2699 plenitudine
1753 2661 1848 2690 san-

982 2719 985 2722 ⁴
1027 2704 1199 2744 ctorum
1219 2702 1413 2744 detentio
1431 2715 1540 2745 mea.
