2028 2892
172 191 246 227 108

223 291 388 332 Tecum
416 289 681 342 principium
708 288 751 329 in
773 287 844 330 die
863 287 995 329 virtu-

171 347 228 389 tis
243 351 330 388 tuae
346 346 389 387 in
405 344 716 398 splendoribus
731 346 996 386 sanctorum:

171 404 194 429 *
214 416 268 445 ex
287 405 414 444 utero
431 406 532 443 ante
549 401 777 443 luciferum
795 401 925 451 genui
941 405 996 442 te.

221 459 246 500 J
247 458 390 500 uratit
416 459 527 508 Dfis,
562 462 606 500 et
639 470 728 499 non
762 457 995 510 poenitebit

172 529 285 558 eum:
299 515 322 541 *
340 515 408 556 Tu
429 527 476 556 es
492 513 700 556 sacerdos
719 514 764 555 in
784 515 995 555 aeternum

171 571 413 614 secundum
438 570 638 612 ordinem
659 569 995 612 Melchisedech.

221 627 436 669 Dominus
452 639 478 668 a
493 626 659 668 dextris
674 626 772 677 tuis,
789 626 812 653 *
829 626 994 668 confre-

169 684 233 736 git
252 684 296 725 in
315 683 386 725 die
405 683 482 725 irae
503 696 594 724 suae
613 696 750 734 reges.

220 740 245 781 J
246 739 444 781 udicabit
459 740 504 780 in
517 739 778 789 nationibus,
794 737 995 791 implebit

170 799 336 838 ruinas:
367 796 391 822 *
426 795 740 848 conquassabit
772 796 918 848 capita
950 795 994 835 in

170 858 288 895 terra
308 852 556 894 multorum.

222 909 290 951 De
315 910 511 950 torrente
535 908 578 949 in
601 907 672 949 via
697 907 834 950 bibet:
852 908 877 934 *
895 920 993 960 pro-

169 967 322 1018 pterea
341 964 552 1007 exaltabit
570 968 712 1017 caput.

221 1022 318 1072 Ant.
373 1029 498 1071 Dixit
541 1029 757 1071 Dominus
802 1029 994 1071 Domino

170 1098 285 1128 meo:
309 1085 423 1128 Sede
442 1099 468 1127 a
489 1085 655 1128 dextris
673 1086 792 1128 meis.

221 1154 317 1193 Ant.
347 1151 380 1190 F
386 1150 527 1193 idelia.

426 1235 624 1275 Psalmus
649 1236 731 1276 110.

168 1304 464 1413 Confitebor
495 1305 577 1348 tibi
604 1305 792 1347 Domine
824 1306 868 1347 in
896 1311 993 1349 toto

266 1361 398 1403 corde
413 1374 533 1403 meo:
552 1362 576 1388 *
594 1362 637 1402 in
659 1362 843 1404 consilio
862 1364 992 1415 justo-

171 1432 277 1469 rum,
296 1422 339 1460 et
359 1418 710 1470 congregatione.

221 1475 379 1526 Magna
410 1476 546 1527 opera
572 1474 766 1515 Domini:
794 1475 818 1501 *
847 1476 994 1528 exqui-

171 1533 254 1572 sita
272 1531 316 1571 in
336 1543 487 1572 omnes
505 1530 754 1573 voluntates
775 1532 875 1584 ejus.

222 1587 450 1628 Confessio
480 1591 523 1629 et
541 1587 863 1639 magnificentia
883 1601 994 1641 opus

172 1644 278 1694 ejus:
307 1643 331 1669 *
364 1647 408 1685 et
444 1644 608 1695 justitia
645 1645 735 1696 ejus
771 1650 919 1687 manet
950 1645 995 1686 in

172 1699 380 1740 saeculum
407 1699 568 1741 saeculi.

223 1755 481 1797 Memoriam
498 1755 602 1797 fecit
618 1756 882 1798 mirabilium
897 1760 995 1799 suo-

172 1824 283 1863 rum,
310 1811 559 1854 misericors
584 1817 627 1854 et
653 1813 889 1855 miserator
906 1814 993 1856 Do-

171 1867 313 1909 minus
323 1884 330 1908 :
340 1868 364 1894 *
375 1881 520 1910 escam
532 1867 653 1911 dedit
667 1869 922 1912 timentibus
937 1884 995 1912 se.

222 1924 392 1966 Memor
429 1925 511 1966 erit
547 1925 591 1966 in
624 1926 834 1968 saeculum
864 1932 994 1969 testa-

171 1980 305 2022 menti
326 1981 407 2022 sui:
427 1981 451 2007 *
468 1981 676 2023 virtutem
696 1984 880 2036 eperum
898 1986 994 2026 suo-

172 2049 267 2077 rum
286 2037 559 2079 annuntiabit
575 2038 742 2091 populo
763 2052 860 2081 suo:

222 2092 282 2135 Ut
315 2092 391 2135 det
424 2094 509 2134 illis
541 2094 846 2138 haereditatem
882 2097 994 2139 Gen-

171 2149 327 2190 tiumz*
342 2152 478 2203 opera
493 2153 699 2192 manuum
714 2153 805 2204 ejus
819 2153 994 2204 veritas,

172 2210 215 2246 et
243 2205 458 2257 judicium.

223 2261 389 2303 Fidelia
400 2263 546 2304 omnia
556 2263 762 2305 mandata
774 2266 880 2316 ejus:
895 2278 995 2307 con-

174 2316 343 2359 firmata
362 2318 405 2359 in
425 2319 634 2360 saeculum
656 2320 817 2373 saeculi,
837 2322 861 2348 *
879 2322 995 2364 facta

173 2371 217 2413 in
234 2373 417 2415 veritate
437 2379 481 2416 et
501 2376 720 2428 aequitate.

223 2428 591 2483 Redemptionem
649 2432 770 2474 misit
826 2434 994 2486 populo

174 2496 272 2525 suo:
287 2485 311 2510 *
326 2486 548 2529 mandavit
567 2488 611 2528 in
631 2490 844 2530 aeternum
862 2494 994 2532 testa-

173 2541 366 2582 mentum
387 2554 521 2583 suum.

225 2595 442 2646 Sanctum,
457 2603 499 2639 et
514 2600 709 2642 terribile
720 2613 880 2643 nomen
891 2603 996 2654 ejus:

173 2652 197 2678 *
217 2652 385 2693 initium
410 2655 635 2706 sapientiae
655 2657 788 2699 timor
807 2658 996 2700 Domini.

224 2708 478 2751 Intellectus
516 2711 657 2754 bonus
694 2713 897 2755 omnibus
938 2715 996 2756 fa-

778 193 978 227 Dominica
1005 193 1053 227 ad
1078 192 1283 235 Vesperas.

1049 285 1268 328 cientibus
1291 298 1406 328 eum:
1424 285 1448 311 *
1466 283 1664 326 laudatio
1685 285 1776 337 ejus
1791 297 1880 326 ma—

1048 347 1123 385 net
1140 343 1184 384 in
1205 342 1415 384 saeculum
1437 340 1599 383 saeculi.

1099 411 1199 452 Ant.
1216 407 1386 450 Fidelia
1397 406 1544 448 omnia
1553 406 1762 449 mandeta
1774 408 1879 460 ejus:

1049 465 1306 507 confirmata
1323 464 1367 504 in
1389 463 1600 505 saeculum
1619 463 1781 505 saeculi.

1101 534 1200 574 Ant.
1223 532 1274 571 In
1290 528 1521 571 mandetis.

1317 611 1516 652 Psalmus
1538 613 1607 652 111.

1047 676 1257 782 Beatus
1275 678 1357 727 vir,
1386 676 1461 729 qui
1478 676 1605 718 timet
1625 675 1878 718 Dominum:

1142 734 1166 761 *
1185 735 1230 775 in
1248 733 1468 775 mandatis
1489 733 1580 785 ejus
1599 732 1721 775 volet
1737 732 1878 774 nimis.

1099 791 1264 834 Potens
1288 791 1333 832 in
1357 795 1476 832 terra
1497 789 1581 831 erit
1590 802 1751 836 semen
1772 789 1879 842 ejus:

1047 849 1070 875 *
1088 848 1316 900 generatio
1336 848 1561 889 rectorum
1579 845 1878 888 benedicetur.

1100 904 1269 955 Gloria,
1298 909 1341 946 et
1361 903 1527 946 divitiae
1548 903 1593 944 in
1616 902 1751 945 domo
1772 904 1879 956 ejus:

1047 963 1070 988 *
1089 966 1132 1004 et
1150 961 1317 1014 justitia
1336 962 1427 1014 ejus
1445 964 1595 1002 manet
1607 959 1654 1002 in
1668 959 1879 1002 saeculum

1047 1018 1209 1061 saeculi.

1097 1076 1314 1117 Exortum
1343 1078 1411 1116 est
1437 1074 1483 1115 in
1509 1073 1705 1116 tenebris
1731 1073 1880 1116 lumen

1047 1131 1195 1174 rectis:
1213 1131 1238 1158 *
1257 1131 1530 1182 misericors,
1559 1134 1604 1173 et
1628 1130 1880 1181 miserator,

1048 1193 1092 1230 et
1111 1189 1261 1240 justus.

1098 1245 1124 1286 J
1125 1244 1327 1287 ucundus
1345 1244 1480 1286 homo
1496 1244 1572 1297 qui
1586 1243 1821 1286 miseretur
1836 1247 1880 1285 et

1047 1301 1317 1352 commodat,
1338 1301 1546 1354 disponet
1567 1302 1793 1343 sermones
1811 1313 1879 1342 su-

1048 1371 1100 1400 os
1128 1358 1173 1399 in
1201 1357 1380 1411 judicio:
1409 1358 1433 1384 *
1464 1357 1568 1410 quia
1594 1357 1640 1399 in
1665 1358 1880 1399 aeternum

1046 1428 1136 1457 non
1156 1414 1516 1457 commovebitur.
1816 1467 1818 1470 v

1099 1472 1150 1513 In
1168 1471 1383 1513 memoria
1402 1473 1570 1513 aeterna
1589 1471 1672 1514 erit
1689 1470 1880 1524 justusz*

1049 1528 1103 1571 ab
1124 1528 1352 1570 auditione
1370 1528 1487 1570 mala
1503 1541 1593 1570 non
1613 1527 1798 1570 timebit.

1099 1585 1309 1627 Paratum
1327 1597 1406 1626 cor
1425 1586 1518 1637 ejus
1540 1586 1721 1637 sperare
1736 1583 1880 1625 inDo-

1047 1641 1183 1693 mino,
1209 1641 1519 1683 confirmatum
1544 1645 1612 1683 est
1635 1653 1711 1682 cor
1730 1641 1837 1693 ejus:
1855 1640 1880 1666 *

1048 1711 1137 1740 non
1172 1697 1525 1740 commovebitur
1559 1696 1701 1740 donec
1736 1696 1880 1750 despi-

1048 1755 1136 1797 ciat
1154 1754 1356 1796 inimicos
1377 1766 1494 1796 suos.

1099 1811 1340 1864 Dispersit‚
1360 1810 1488 1853 dedit
1506 1810 1795 1864 pauperibus:
1822 1811 1880 1863 iu-

1048 1868 1170 1909 stitia
1197 1868 1288 1920 ejus
1315 1872 1463 1910 manet
1490 1868 1537 1909 in
1566 1867 1778 1909 saeculum
1803 1869 1881 1909 sae-

1048 1924 1153 2022 culi,
1180 1925 1204 1951 *
1233 1937 1373 1967 cornu
1406 1925 1498 1977 ejus
1535 1923 1802 1966 exaltabitur
1835 1923 1880 1965 in

1047 1994 1198 2032 goma

1099 2038 1317 2080 Peccator
1351 2037 1537 2089 videbit,
1575 2042 1619 2080 et
1654 2038 1880 2088 irascetur,

1050 2093 1256 2136 dentibus
1291 2095 1383 2136 suis
1410 2094 1567 2137 fremet
1595 2099 1640 2136 et
1665 2094 1881 2136 tabescet:

1048 2150 1071 2177 *
1101 2150 1370 2193 desiderium
1397 2153 1684 2204 peccatorum
1705 2150 1880 2204 perIbit.

1099 2218 1199 2258 Ant.
1211 2218 1263 2258 In
1273 2216 1493 2259 mandatis
1505 2217 1596 2269 ejus
1607 2217 1730 2270 cupit
1739 2215 1880 2257 nimis.

1100 2283 1199 2324 Ant.
1221 2281 1290 2323 Sit
1307 2295 1468 2324 nomen
1486 2281 1676 2323 Domini.

1315 2357 1516 2399 Psalmus
1536 2359 1615 2400 112.

1048 2415 1274 2522 Laudate
1301 2427 1430 2479 pueri
1454 2427 1712 2469 Dominum:
1739 2428 1763 2455 *
1791 2428 1879 2470 lau-

1140 2483 1244 2526 date
1262 2496 1423 2525 nomen
1439 2484 1630 2526 Domini.

1100 2544 1166 2585 Sit
1179 2556 1342 2586 nomen
1356 2545 1537 2586 Domini
1550 2544 1845 2594 benedictum,
1855 2546 1880 2571 *

1050 2613 1104 2641 ex
1122 2600 1208 2642 hoc
1225 2613 1352 2650 nune,
1372 2605 1416 2642 et
1434 2614 1576 2653 usque
1594 2601 1640 2642 in
1659 2601 1879 2643 saeculum.

1100 2661 1141 2701 A
1167 2661 1274 2702 solis
1299 2666 1400 2702 ortu
1422 2674 1563 2714 usque
1587 2662 1644 2704 ad
1663 2664 1879 2712 occasum,

1049 2717 1072 2741 *
1092 2717 1315 2759 laudabile
1335 2730 1495 2760 nomen
1515 2719 1706 2760 Domini.
