2066 2904
786 136 995 178 Commune
1022 155 1098 177 non
1124 144 1335 187 Virginum.

292 238 375 276 Iss‘ro
404 250 483 276 nec
512 238 692 285 Virgine
722 251 802 278 nec
832 238 955 278 Mart.

308 297 567 347 Capitulum.
676 298 800 337 Prov.
817 299 874 337 31.
891 298 929 337 b.

310 356 493 397 ulierem
516 356 675 397 fortem
700 357 797 409 quis
821 355 1035 398 inveniet?

329 412 505 463 procul,
535 417 578 453 et
605 412 660 453 de
685 412 851 454 ultimis
875 412 1036 453 finibus

204 467 396 519 pretium
425 468 527 519 ejus.
577 468 772 510 Confidit
801 469 846 509 in
880 480 932 509 ea
959 480 1037 508 cor

205 523 287 563 viri
307 523 385 573 sui,
405 528 450 564 et
467 523 621 575 speliis
640 537 728 565 non
746 523 968 575 indigebit.

518 586 728 636 Hymnus.

311 643 454 680 ortem
474 639 587 680 virili
605 641 789 692 pectore

324 695 575 736 Laudemus
595 708 748 737 omnes
769 695 984 743 feminam,

284 751 394 800 Quae
414 751 660 792 sanctitatis
680 752 821 802 gloria

284 806 460 858 Ubique
479 807 617 858 fulget
635 807 809 859 inclyta.

231 873 342 911 Haec
361 875 513 912 sancto
533 873 684 913 amore
702 872 861 920 saucia,

282 927 401 967 Dum
417 926 568 968 mundi
587 929 783 969 amorem
801 927 982 968 nexium

283 982 526 1032 Horrescit,
546 982 604 1024 ad
623 983 822 1024 coelestia

285 1038 375 1078 Iter
395 1039 567 1090 peregit
587 1038 784 1080 arduum.

232 1104 421 1143 Carnem
441 1102 626 1143 domans
645 1103 824 1155 jejuniis,

283 1157 502 1209 Dulcique
519 1163 711 1200 mentem
730 1158 894 1211 pabulo

286 1213 510 1254 OratiOnis
527 1215 735 1264 nutriens,

286 1269 397 1310 Coeli
415 1272 583 1321 potitur
602 1270 784 1321 gaudiis.

187 1357 192 1360 -
239 1337 332 1375 Rex
352 1333 526 1375 Christe
545 1334 683 1375 virtus
702 1334 891 1384 fortium,

285 1390 370 1439 Qui
386 1402 544 1440 magna
564 1390 685 1431 solus
704 1390 853 1439 efficis,

285 1445 424 1497 Hujus
443 1448 639 1498 precatu,
658 1448 921 1497 quaesumus,

285 1501 405 1542 Audi
423 1501 639 1552 benignus
658 1501 894 1554 supplices.

238 1569 331 1607 Deo
351 1565 473 1606 Patri
492 1565 548 1607 sit
567 1565 718 1616 gleria,

285 1622 479 1673 Eiusque
498 1621 583 1662 soli
601 1621 724 1671 Filio,

287 1677 398 1718 Cum
416 1677 583 1728 Spiritu
601 1677 831 1726 ParaclitQ

285 1732 327 1772 N
329 1745 414 1773 unc
434 1737 478 1773 et
495 1745 576 1784 per
595 1745 725 1774 omne
745 1732 967 1774 saeculum.

520 1788 675 1829 Amen.

259 1838 309 1889 Y.
345 1843 501 1895 Specie
533 1849 608 1885 tua
641 1848 684 1885 et
715 1843 1039 1896 pulchritudine

209 1902 296 1939 tua.
336 1900 387 1950 R.
421 1899 623 1948 Intende,
648 1902 863 1952 prospere
888 1902 1039 1952 proce-

210 1953 277 2004 de,
297 1959 342 1995 et
361 1966 505 2005 regna.

261 2014 332 2055 Ad
358 2015 531 2065 Magnis.
570 2018 669 2056 Ant.
710 2016 860 2058 Simile
886 2021 954 2058 est
976 2029 1040 2058 re-

210 2082 344 2120 gnum
372 2070 586 2111 coelorum
610 2073 633 2098 *
657 2071 823 2112 ho'mini
848 2073 1040 2122 negotia-

211 2126 297 2165 tori
339 2127 554 2177 quaerenti
588 2126 729 2168 bonas
766 2131 1041 2178 margaritas:

211 2180 388 2222 inventa
407 2195 493 2223 una
517 2183 728 2234 pretiesa,
755 2183 876 2225 dedit
896 2184 1042 2224 omnia

211 2248 300 2285 sua,
321 2242 364 2278 et
383 2239 656 2290 comparavit
675 2252 783 2280 eam.

317 2302 403 2342 Pro
427 2316 511 2342 una
536 2303 729 2354 Martyre
748 2309 929 2344 tantum.

546 2359 710 2399 Oratio.

301 2425 393 2462 eus,
427 2415 501 2466 qui
521 2415 634 2456 inter
659 2417 806 2457 cetera
829 2417 1041 2467 potentiae

317 2472 405 2509 tuae
433 2470 658 2520 miracula,
696 2472 829 2512 etiam
861 2472 905 2512 in
934 2485 1042 2513 sexu

215 2522 356 2572 fragili
380 2525 610 2566 victoriam
636 2527 834 2579 martyrii
860 2528 1041 2569 contuli-

215 2577 287 2618 sti:
317 2581 510 2621 concede
534 2583 767 2635 propitius3
796 2587 845 2624 ut
870 2583 944 2634 qui
969 2583 1041 2625 be-

215 2634 301 2673 atae
322 2634 373 2673 N.
393 2635 600 2687 Martyris
618 2643 708 2679 tuae
726 2638 923 2680 natalitia
941 2639 1042 2680 coli-

1087 255 1203 292 mUS,
1229 255 1310 295 per
1335 244 1427 295 ejus
1450 244 1507 286 ad
1529 249 1574 285 te
1597 244 1799 296 exempla
1821 257 1914 296 gra-

1089 297 1270 339 diamur.
1305 299 1391 340 Per
1409 300 1658 341 Dominum.

1110 365 1194 404 Pro
1215 365 1411 415 pluribus
1434 365 1699 416 Martyribus
1718 370 1898 405 tantum.

1426 425 1590 465 Oratio.

1177 495 1203 523 a
1240 483 1385 533 nobis,
1437 485 1689 535 quaesmus
1726 482 1917 524 Domine

1193 539 1316 581 Deus
1339 544 1508 589 noster,
1536 541 1787 580 sanctarum
1804 537 1918 579 Mar·

1089 599 1234 647 tyrum
1258 598 1434 637 tuarum
1456 596 1507 636 N.
1528 599 1574 636 et
1596 595 1649 636 N.
1662 594 1833 647 palmas
1856 594 1917 634 in-

1090 650 1293 692 cessabili
1334 650 1572 692 devoti6ne
1612 649 1828 691 venerari:
1869 654 1919 690 ut

1092 719 1201 758 quas
1231 706 1363 757 digna
1394 711 1540 747 mente
1567 718 1657 747 non
1682 707 1919 758 possumus

1090 762 1331 812 celebrare,
1371 761 1609 803 humilibus
1646 761 1802 802 saltem
1838 761 1919 802 fre-

1091 820 1350 870 quentemus
1370 817 1605 870 obsequiis.
1630 818 1716 859 Per
1734 817 1862 858 Dfim.

1141 878 1227 918 Pro
1253 891 1333 919 nec
1352 878 1533 926 Virgine
1558 890 1638 918 nec
1663 877 1866 927 Martyre.

1421 939 1586 979 Oratio.

1088 992 1308 1096 Exaudi
1341 1011 1422 1040 nos
1454 999 1576 1040 Deus
1609 998 1814 1039 salutaris
1845 1010 1920 1039 no·

1188 1059 1294 1096 ster:
1322 1059 1370 1096 ut
1397 1055 1511 1096 sicut
1540 1054 1595 1095 de
1622 1054 1767 1095 beatae
1786 1053 1837 1094 N.
1862 1053 1921 1095 fe-

1091 1111 1286 1152 stivitate
1305 1110 1562 1162 gaudemus;
1590 1110 1652 1151 ita
1676 1110 1764 1162 piae
1789 1109 1921 1151 devo-

1090 1166 1223 1207 tionis
1248 1166 1497 1208 erudiamur
1520 1166 1690 1207 affectu.
1725 1166 1811 1207 Per
1833 1165 1922 1206 Do-

1090 1222 1257 1263 minum
1275 1227 1486 1264 nostrum.

1252 1303 1340 1343 Ad
1375 1302 1766 1344 matutinum.

1143 1364 1317 1405 Invitat.
1363 1364 1616 1406 Laudemus
1658 1364 1803 1405 Deum
1846 1375 1922 1404 no-

1092 1423 1245 1468 strum,
1264 1422 1287 1446 *
1308 1420 1361 1460 In
1380 1420 1656 1462 confessione
1675 1419 1820 1461 beatae
1839 1420 1891 1461 N.

1144 1475 1212 1514 Ps.
1246 1475 1410 1525 Venite,
1431 1475 1711 1517 exsultemus.
1729 1476 1767 1516 2.

1399 1539 1611 1591 Hymnus.

1186 1596 1282 1646 ujus
1302 1598 1431 1637 oratu
1450 1597 1572 1637 Deus
1590 1595 1705 1636 alme
1722 1594 1853 1636 nobis

1207 1651 1393 1719 Debitas
1425 1664 1582 1704 poenas
1614 1650 1830 1693 scelerum
1857 1663 1922 1692 re-

1143 1762 1203 1803 Ut
1221 1712 1439 1816 tibinllalltiig
1454 1765 1713 1805 resonemus
1731 1762 1895 1804 almum

1193 1819 1382 1861 Pectore
1401 1832 1588 1861 carmen.

1092 1883 1159 1924 Sit
1179 1883 1314 1925 decus
1331 1884 1464 1933 Patri,
1481 1884 1729 1935 gemtaeque
1747 1883 1879 1933 Proli,

1142 1939 1201 1980 Et
1223 1939 1306 1981 tibi
1329 1952 1511 1992 compar
1528 1940 1759 1991 utriusque
1781 1939 1922 1980 virtus

1143 1995 1334 2047 Spiritus
1348 2008 1534 2048 semper,
1547 1996 1669 2037 Deus
1682 2008 1794 2037 unus
1805 1995 1923 2037 omni

1197 2051 1431 2104 Temporis
1451 2064 1560 2093 aevo.
1597 2052 1751 2093 Amen.

1335 2129 1385 2167 In
1404 2129 1434 2167 1.
1455 2128 1490 2167 N
1493 2128 1679 2167 octurno.

1146 2190 1246 2230 Ant.
1281 2190 1318 2230 O
1347 2202 1479 2241 quam
1506 2189 1691 2241 pulchra
1714 2189 1738 2215 *
1760 2194 1828 2231 est
1855 2202 1922 2231 ca-

1094 2250 1163 2286 sta
1181 2245 1406 2296 generetio
1424 2258 1524 2286 cum
1542 2244 1759 2286 claritate!

1375 2305 1575 2346 Psalmus
1597 2305 1635 2344 8.

1129 2363 1370 2421 .†.,?·‘⁴.‚olmne
1420 2361 1634 2402 Deminus
1684 2365 1854 2409 noster,
1898 2361 1922 2387 *

1192 2441 1193 2446 η
1215 2423 1218 2453 ᾳ
1242 2429 1374 2468 quam
1398 2416 1656 2458 admirabile
1676 2420 1743 2457 est
1762 2428 1922 2457 nomen

1195 2469 1213 2490 ¹
1241 2477 1366 2513 tuum
1383 2473 1429 2512 in
1447 2473 1650 2514 universa
1668 2471 1802 2513 terra!

1146 2528 1364 2578 Queniam
1380 2528 1550 2569 elevata
1567 2533 1635 2569 est
1645 2528 1922 2578 magnificen-

1092 2584 1154 2624 tia
1171 2589 1258 2633 tua,
1277 2584 1301 2609 *
1320 2596 1454 2636 super
1473 2583 1623 2624 coelos.

1145 2640 1214 2680 Ex
1241 2652 1318 2681 ore
1345 2639 1575 2681 infantium
1600 2644 1644 2680 et
1666 2639 1923 2681 lactentium
