2066 2956
658 180 834 214 Officium
859 191 1021 223 parvum
1046 180 1086 214 B.
1111 180 1244 213 Mariae
1271 180 1372 221 Virg.

1775 176 1868 222 [169]

193 289 328 329 Maria
345 286 486 328 Mater
504 285 668 337 gratiae,

241 343 395 385 Dulcis
413 343 577 384 Parens
597 340 851 391 clementiae,

242 399 312 440 Tu
330 411 411 441 nos
429 398 483 440 ab
502 397 631 439 hoste
650 400 844 451 protege,

242 456 299 497 Et
315 455 468 497 mortis
487 454 598 496 hora
615 454 800 507 suscipe.

172 547 174 549 ν
192 527 216 567 J
217 538 304 575 esu,
321 524 402 567 tibi
422 524 479 566 sit
497 523 645 575 gloria,

243 581 326 632 Qui
344 586 472 623 natus
492 593 538 622 es
559 579 613 622 de
630 580 822 631 Virgine,

242 638 352 679 Cum
369 638 511 687 Patre,
532 642 575 679 et
594 637 708 679 almo
728 636 902 690 Spiritu,

241 694 293 735 In
312 694 576 747 sempiterna
595 694 767 736 saecula.
795 694 947 734 Amen.

243 762 499 814 Capitulum.
653 763 782 804 Eccli.
797 765 861 803 24.
878 777 911 804 c.

243 836 301 875 go
332 827 472 865 mater
503 822 699 876 pulchrae
731 821 988 871 dilectioniS,

275 884 320 921 et
354 879 542 929 timoris,
578 884 623 921 et
658 879 907 930 agnitionis,
945 883 989 919 et

166 941 327 978 sanctae
350 936 456 989 spei.

215 993 265 1045 R.
293 992 390 1034 Deo
409 992 584 1043 gratias.

215 1043 281 1096 V.
310 1048 398 1090 Ora
434 1060 515 1101 pro
553 1048 680 1091 nobis
720 1052 872 1089 sancta
907 1046 991 1088 Dei

165 1105 373 1147 Genitrix.
423 1108 471 1146 R.
506 1104 566 1147 Ut
599 1103 718 1156 digni
752 1104 990 1146 efficiamur

163 1149 527 1215 promissionibus
548 1161 717 1203 Christi.

214 1216 283 1257 Ad
308 1217 434 1257 Nunc
460 1216 650 1257 dimittis.
683 1218 780 1256 Ant.
810 1216 899 1259 Sub
924 1222 988 1258 tu-

163 1288 237 1316 um
259 1274 514 1328 praesidium
537 1274 561 1300 *
585 1273 869 1324 confugimus,
895 1286 989 1314 san-

164 1335 235 1373 cta
260 1330 345 1372 Dei
376 1330 592 1372 Genitrix:
627 1334 800 1371 nostras
838 1328 990 1382 depre-

165 1387 358 1428 cationes
390 1399 445 1428 ne
478 1386 696 1439 despicias
728 1386 772 1426 in
805 1385 989 1427 necessi-

164 1442 349 1493 tatibus,
392 1442 471 1484 sed
511 1455 537 1484 a
575 1441 781 1495 periculis
822 1441 991 1483 cunctis

163 1498 301 1540 libera
323 1511 405 1540 nos
429 1511 613 1552 semper,
635 1498 773 1550 Virgo
799 1498 991 1550 gloriosa

165 1560 209 1597 et
226 1554 469 1597 benedicta.

215 1611 350 1664 Kyrie
382 1611 558 1653 eleison.
611 1611 784 1653 Christe
816 1610 989 1652 eleison

166 1668 300 1721 Kyrie
319 1668 495 1710 eleison.

177 1723 179 1726 ’
216 1721 263 1773 V.
305 1724 520 1766 Dominus
557 1723 795 1766 vobiscum.
844 1728 892 1778 R.
933 1723 990 1765 Et

163 1794 262 1823 cum
281 1780 436 1834 spiritu
453 1786 542 1822 tuo.

495 1842 657 1883 Oratio.

163 1892 356 1997 Beatae
385 1902 429 1940 et
459 1897 664 1949 gloriosae
695 1910 868 1950 semper
893 1898 989 1940 Vir—

266 1954 377 2004 ginis
411 1953 581 2004 Mariae,
619 1955 868 2006 quaesumus
902 1954 989 1995 Do—

163 2009 288 2059 mine,
306 2009 561 2051 intercessio
580 2009 774 2061 gloriosa
790 2022 872 2051 nos
890 2012 987 2063 pro-

163 2070 298 2117 tegat,
326 2070 370 2107 et
392 2065 449 2107 ad
471 2066 606 2108 vitam
629 2065 844 2118 perducat
867 2068 989 2108 aeter-

164 2135 274 2164 nam.
303 2122 387 2163 Per
404 2121 652 2163 Dominum.

323 2198 410 2240 Ad
444 2199 834 2241 matutinum.

224 2259 313 2299 Ave
331 2256 480 2299 Maria.
503 2262 548 2298 ut
568 2270 709 2308 supra.

216 2310 265 2361 V.
308 2313 496 2356 Domine
529 2312 646 2355 labia
677 2326 775 2355 mea
809 2314 990 2366 aperies.

164 2373 213 2412 R.
246 2370 304 2412 Et
337 2383 388 2412 os
419 2382 565 2411 meum
599 2369 870 2412 annuntiabit
901 2369 989 2410 lau-

167 2425 267 2468 dem
284 2432 414 2469 tuam.

216 2477 267 2529 V.
294 2483 415 2525 Deus
434 2483 478 2523 in
497 2481 768 2534 adjutorium.

219 2541 343 2581 Invit.
378 2542 467 2581 Ave
498 2539 651 2588 Maria,
678 2538 818 2589 gratia
844 2537 991 2590 plena:

166 2595 187 2618 *
209 2594 424 2636 Dominus
441 2599 596 2637 tecum.

219 2651 286 2691 Ps.
306 2652 472 2702 Venite,
492 2651 768 2693 exsultemus.
787 2652 823 2692 2.

220 2707 428 2757 Hymnus.
456 2711 598 2757 Quem
614 2713 741 2749 terra.
769 2707 875 2760 [165]

1312 282 1360 320 In
1380 282 1601 321 Nocturno.

1097 347 1183 380 Ant.
1207 351 1242 380 ct
1260 346 1402 379 Psalmi
1428 346 1607 380 dicuntur
1629 353 1668 381 ut
1690 348 1726 381 in
1747 347 1871 382 Festi>-

1044 394 1084 428 B.
1110 394 1156 427 M.
1178 394 1233 429 V..
1260 394 1421 427 seilicet:

1095 446 1207 480 Feria
1232 446 1276 479 ΙΙ.
1303 451 1338 479 ct
1364 445 1406 479 V.
1456 446 1509 479 Dc
1535 446 1559 480 l.
1586 447 1693 481 Noct.
1717 444 1808 488 [155]

1098 499 1207 532 Feria
1232 498 1296 531 ΙΙΙ.
1322 503 1358 532 ct
1387 498 1446 531 VI.
1488 498 1542 532 De
1568 499 1613 532 ΙΙ.
1639 499 1747 533 Noct.
1779 496 1868 540 [157]

1096 551 1178 585 Fer.
1190 551 1252 585 IV.
1263 555 1299 584 et
1309 551 1490 584 Sabbato.
1508 551 1563 585 Dc
1577 551 1639 585 HI.
1652 552 1759 586 Noct.
1771 549 1869 593 [160]

1100 605 1147 655 V.
1181 607 1352 649 Diffusa
1388 612 1454 649 est
1489 607 1630 658 gratia
1665 606 1708 646 in
1744 605 1870 647 labiis

1041 665 1138 706 tuis.
1189 666 1239 717 R.
1281 665 1523 717 Propterea
1563 662 1787 705 benedixit
1825 667 1870 703 te

1042 721 1164 762 Deus
1191 721 1235 761 in
1264 722 1486 762 aeternum.

1100 787 1224 827 Pater
1242 791 1402 828 noster.
1425 792 1606 827 secreto.

1096 847 1146 898 V.
1170 852 1228 893 Et
1255 865 1310 893 ne
1338 863 1419 892 nos
1451 851 1633 892 inducas
1664 851 1708 891 in
1735 855 1872 892 tenta-

1043 909 1217 950 tionem.
1252 910 1302 961 R.
1337 909 1424 951 Sed
1443 907 1580 949 libera
1599 920 1680 948 nos
1700 920 1724 948 a
1744 906 1872 947 malo.

1338 984 1581 1025 Absolutio.

1044 1041 1300 1147 Precibus
1320 1053 1362 1089 et
1380 1047 1545 1089 meritis
1564 1047 1707 1089 beatae
1722 1046 1873 1087 Mariae

1148 1117 1322 1158 semper
1356 1104 1550 1155 Virginis
1595 1107 1639 1145 et
1681 1103 1873 1144 omnium

1043 1163 1312 1212 Sanctorum,
1331 1160 1545 1214 perducat
1563 1173 1644 1202 nos
1660 1160 1873 1201 Dominus

1043 1219 1100 1261 ad
1118 1231 1252 1270 regna
1272 1218 1495 1260 coelorum.
1546 1220 1595 1270 R.
1627 1217 1780 1258 Amen.

1099 1279 1147 1329 Y.
1172 1283 1283 1326 Jube
1303 1282 1463 1325 domne
1482 1282 1754 1324 benedicere.

1103 1349 1260 1390 Bened.
1280 1350 1370 1390 Nos
1390 1361 1489 1389 cum
1508 1347 1633 1400 prole
1650 1347 1723 1400 pia
1741 1346 1869 1388 bene-

1044 1405 1161 1447 dicat
1179 1405 1318 1456 Virgo
1338 1405 1487 1445 Maria.
1536 1409 1584 1459 R.
1618 1403 1771 1444 Amen.

1147 1480 1332 1520 Lectio
1324 1495 1345 1519 1.
1557 1481 1725 1522 Eccliss„

1054 1553 1091 1605 ,ζῆ
1115 1559 1194 1608 4204:ss
1222 1543 1423 1587 omnibus
1454 1543 1650 1595 requiem
1680 1543 1873 1595 quaesivi,

1053 1603 1092 1661 ξιξ
1116 1596 1159 1664 ᾇ
1185 1606 1229 1643 et
1246 1601 1290 1642 in
1308 1599 1566 1642 haereditate
1585 1599 1763 1640 Domini
1782 1612 1869 1641 mo-

1056 1669 1074 1678 ²
1151 1643 1324 1699 rabor.
1362 1657 1487 1698 Tunc
1507 1656 1728 1721 praecepit,
1749 1661 1792 1698 et
1811 1656 1871 1697 di-

1042 1715 1106 1756 xit
1132 1714 1238 1756 mihi
1266 1714 1447 1756 Creator
1479 1713 1690 1755 omnium:
1727 1717 1771 1754 et
1799 1713 1873 1765 qui

1043 1771 1209 1813 creavit
1234 1784 1324 1821 me,
1359 1770 1573 1823 requievit
1600 1770 1643 1810 in
1670 1769 1869 1811 taberna-

1044 1828 1143 1870 culo
1167 1841 1283 1879 meo,
1311 1833 1355 1869 et
1379 1827 1488 1869 dixit
1511 1825 1630 1867 mihi:
1657 1826 1709 1867 In
1731 1825 1869 1867 Jacob

1041 1884 1244 1935 inhabita,
1265 1890 1309 1927 et
1325 1885 1369 1925 in
1382 1883 1520 1925 Israel
1532 1881 1808 1932 haereditare,
1828 1887 1871 1924 et

1041 1942 1086 1983 in
1113 1942 1264 1984 electis
1291 1941 1399 1983 meis
1425 1941 1549 1982 mitte
1576 1939 1759 1982 radices.
1803 1942 1870 1980 Tu

1043 2004 1189 2041 autem
1206 1999 1394 2040 Domine
1414 1997 1620 2039 miserere
1640 1995 1778 2038 nobis

1093 2061 1143 2112 R.
1170 2060 1268 2101 Deo
1288 2059 1462 2111 gratias.

1092 2125 1143 2175 R.
1177 2125 1336 2167 Sancta
1364 2129 1407 2166 et
1439 2122 1717 2164 immaculata
1744 2121 1869 2172 virgi-

1042 2181 1172 2230 nitas,
1204 2180 1362 2234 quibus
1389 2185 1433 2222 te
1461 2178 1663 2221 laudibus
1693 2177 1870 2219 efferam

1043 2238 1208 2280 nescio:
1234 2240 1254 2261 *
1284 2237 1396 2287 Quia
1423 2249 1554 2289 quem
1581 2234 1682 2276 coeli
1709 2236 1870 2286 capere

1042 2307 1131 2336 non
1157 2297 1382 2348 poterant,
1417 2298 1495 2334 tuo
1526 2291 1692 2343 gremio
1719 2295 1869 2332 contu-

1043 2350 1140 2393 listi.
1189 2346 1239 2397 Ψ.
1270 2349 1511 2392 Benedicta
1537 2354 1586 2390 tu
1612 2348 1656 2388 in
1682 2347 1868 2389 mulieri-

1043 2406 1141 2458 bus,
1166 2412 1210 2449 et
1232 2405 1490 2449 benedictus
1514 2405 1681 2446 fructus
1705 2404 1869 2446 ventris

1042 2464 1117 2505 tui.
1144 2464 1266 2514 Quia.

1095 2522 1143 2572 V.
1170 2525 1282 2567 Jube
1302 2523 1462 2566 domne
1480 2522 1754 2565 benedicere.

1096 2591 1254 2633 Bened.
1283 2591 1387 2642 Ipsa
1405 2588 1542 2639 Virgo
1568 2588 1784 2639 virginum
1808 2588 1868 2629 in-

1043 2646 1241 2688 tercedat
1258 2657 1340 2698 pro
1359 2644 1487 2686 nobis
1505 2643 1562 2687 ad
1580 2644 1830 2687 Dominum.

1094 2708 1142 2759 R«.
1172 2707 1341 2749 Amen:
