2028 2892
448 168 519 203 Die
547 169 594 202 11.
619 168 776 210 Aprilis.
824 168 858 203 S.
885 163 1025 203 Leonis
1049 169 1075 203 Ι.
1100 169 1218 212 Papae
1243 169 1350 204 Conf.
1377 175 1412 204 ct
1438 171 1543 205 Doct.

151 257 445 300 nedictionem
469 258 662 299 omnium
687 259 880 310 gentium
905 259 975 301 de-

153 312 216 355 dit
234 313 313 364 illi,
339 319 383 356 et
401 315 711 356 testamentum
731 327 858 356 suum
876 329 974 357 con-

151 369 341 413 firmavit
359 383 491 423 super
511 376 642 423 caput
662 372 762 423 ejus.
789 371 908 413 Ideo.

447 441 596 481 Lectio
619 442 669 480 iii.

233 500 384 549 ropter
416 496 536 548 quod
564 497 775 539 succincti
801 498 974 540 lumbos

239 553 397 594 mentis
419 558 594 604 vestrae,
623 554 758 596 sobrii
781 555 974 607 perfecte

150 611 325 662 sperate
339 610 383 650 in
400 623 506 660 eam,
527 623 626 663 quae
642 610 823 653 offertur
837 611 974 662 vobis,

148 666 343 717 gratiam,
362 666 406 707 in
419 667 731 709 revelationem
745 668 770 709 J
773 681 850 710 esu
865 668 976 710 Chri-

150 722 221 764 sti:
241 723 367 776 quasi
385 723 463 764 filii
478 723 753 774 obedientiae,
771 737 860 766 non
875 738 974 767 con-

149 778 323 830 figurati
357 780 577 832 prioribus
612 781 869 832 ignorantiae
904 795 974 824 ve—

150 839 253 877 strae
264 835 509 878 desideriis:
524 836 604 879 sed
614 837 854 879 secundum
865 851 974 888 eum,

151 891 226 944 qui
248 892 423 935 vocavit
445 906 544 944 vos,
572 893 794 936 Sanctum:
822 899 866 936 et
889 895 975 961 ipsi

148 947 192 988 in
212 949 331 990 omni
350 951 685 993 conversatione
706 952 845 993 sancti
863 952 974 993 sitis:

150 1004 355 1056 quoniam
380 1006 591 1058 scriptum
614 1012 695 1049 est.
724 1008 872 1050 Sancti
896 1009 974 1050 eri-

148 1061 219 1111 tis,
248 1062 455 1114 quoniam
475 1075 557 1114 ego
575 1063 759 1106 Sanctus
778 1078 885 1106 sum.
918 1066 975 1107 Et

148 1117 185 1158 si
207 1122 378 1170 patrem
400 1119 616 1161 invocatis
640 1133 756 1170 eum,
783 1122 857 1173 qui
880 1122 973 1164 sine

148 1175 406 1227 acceptioue
424 1179 712 1246 personarum
727 1177 889 1229 judicat
908 1191 972 1220 se-

147 1230 338 1272 cundum
373 1232 713 1286 uniuscujusque
750 1247 880 1288 opus,
928 1236 972 1276 in

147 1287 304 1329 timore
344 1288 561 1331 incolatus
598 1291 731 1332 vestri
771 1293 971 1344 tempore

146 1345 476 1386 conversamini.
513 1346 709 1388 Scientes
738 1348 858 1400 quod
886 1361 972 1390 non

147 1401 501 1453 corruptibilibus
529 1416 654 1454 auro,
691 1404 761 1446 vel
790 1406 971 1456 argento

147 1455 365 1510 redempti
385 1459 491 1499 estis
511 1458 566 1502 de
581 1472 692 1501 vana
707 1465 855 1503 vestra
874 1475 972 1503 con-

147 1514 395 1555 versatione
407 1516 605 1567 paternae
615 1516 879 1559 traditionis:
894 1518 973 1560 sed

146 1569 343 1621 pretioso
371 1572 581 1623 sanguine
610 1573 735 1625 quasi
767 1575 866 1625 agni
897 1575 971 1616 im-

146 1626 352 1668 maculati
372 1627 547 1678 Christi,
567 1633 611 1671 et
629 1629 971 1673 incontaminati:

146 1683 405 1734 praecogniti
450 1684 629 1736 quidem
677 1691 778 1728 ante
822 1687 972 1729 mundi

147 1739 518 1791 constitutionem,
541 1742 807 1785 manifestati
825 1749 971 1786 autem

145 1796 393 1838 novissimis
403 1798 676 1851 temporibus
686 1805 870 1853 propter
880 1813 970 1851 vos,

147 1851 221 1904 qui
239 1865 319 1905 per
341 1853 484 1906 ipsum
504 1853 659 1897 fideles
678 1857 782 1898 estis
802 1857 844 1898 in
862 1857 971 1908 Deo,

147 1908 221 1960 qui
252 1910 481 1952 suscitavit
512 1924 611 1953 eum
644 1925 669 1953 a
695 1914 896 1964 mortuis
929 1919 972 1956 et

147 1963 269 2006 dedit
295 1965 335 2007 ei
361 1966 563 2018 gloriam,
594 1973 643 2010 ut
669 1968 780 2011 fides
806 1975 967 2022 vestra,

147 2025 191 2062 et
208 2033 310 2074 spes
330 2024 477 2065 esset
465 2037 510 2064 ιιι
527 2025 636 2066 Deo.

200 2076 251 2129 Rz.
274 2078 443 2121 Juravit
460 2080 686 2123 Dominus.
706 2081 790 2135 [69]

370 2154 420 2193 In
445 2154 497 2194 H.
523 2154 746 2194 Nocturno.

380 2254 385 2258 .
447 2224 600 2266 Lectio
620 2224 674 2264 iv.

155 2294 159 2295 ⁷
193 2294 317 2346 512an
336 2291 518 2343 primm,
542 2292 769 2344 EtruchS,
794 2307 847 2336 eo
866 2297 970 2336 tem-

280 2360 389 2400 pore
413 2348 590 2400 praefuit
613 2349 843 2401 Ecclesiae,
871 2364 971 2392 cum

191 2414 198 2415 ’
229 2434 250 2448 .
280 2416 358 2446 rex
372 2404 634 2447 Hunnorum
648 2406 796 2457 Attila,
812 2420 969 2458 cogno-

147 2460 295 2502 mento
328 2460 567 2512 Flagellum
595 2463 693 2514 Dei,
725 2463 769 2504 in
800 2464 971 2505 Italiam

147 2514 372 2568 invadens,
399 2518 645 2570 Aquileiam
664 2519 839 2560 triennii
858 2520 970 2562 obsi-

149 2569 278 2614 dione
304 2579 479 2626 captam
502 2574 680 2627 diripuit
705 2580 749 2617 et
766 2575 970 2618 incendit:

148 2627 263 2669 unde
287 2642 386 2671 cum
408 2631 596 2672 Romam
627 2631 798 2673 ardenti
823 2632 970 2674 furore

1790 167 1853 202 441

1028 261 1121 302 cius
1138 261 1182 302 in
1200 261 1368 303 Padum
1386 263 1542 312 influit,
1561 263 1760 314 trajicere
1778 275 1851 315 pa-

1027 319 1164 368 raret,
1199 319 1390 360 occurrit
1421 319 1459 360 ei
1492 319 1602 370 Leo,
1638 319 1853 361 malorum

1027 375 1168 416 Italiae
1187 374 1532 428 impendentium
1552 376 1853 418 misericordia

1027 433 1269 483 permotus:
1298 432 1417 484 cujus
1437 432 1583 474 divina
1603 432 1853 484 eloquentia

1027 490 1286 540 persuasum
1305 493 1372 530 est
1391 488 1557 539 Attilae,
1583 494 1630 531 ut
1654 489 1852 540 regrede-

1027 546 1156 586 retur.
1178 545 1262 595 Qui
1280 545 1571 597 interrogatus
1586 558 1612 587 a
1628 546 1728 596 suis,
1749 546 1854 598 quid

1029 606 1146 643 esset
1166 601 1286 654 quod
1305 607 1467 655 praeter
1491 602 1853 645 consuetudinem

1028 662 1118 699 tam
1154 658 1372 700 humiliter
1408 659 1598 700 Romani
1628 659 1853 702 Pontificis

1027 714 1241 766 imperata
1286 715 1464 766 faceret,
1516 714 1761 768 respondit,
1806 730 1853 759 se

1027 773 1244 813 astantem
1263 772 1498 824 quemdam
1517 772 1664 822 alium,
1694 772 1769 814 illo
1794 773 1853 815 lo-

1029 829 1199 879 quente,
1219 828 1483 871 sacerdotali
1501 828 1653 871 habitu
1669 830 1854 872 veritum

1028 896 1146 934 esse,
1178 884 1262 927 sibi
1292 886 1445 928 stricto
1477 885 1623 937 gladio
1655 886 1852 928 minitan-
1897 923 1900 926 .

1027 945 1116 982 tem
1135 946 1340 992 mortem,
1368 942 1451 983 nisi
1469 942 1607 984 Leoni
1631 942 1853 997 obtempe-

1026 999 1154 1039 raret.
1189 999 1334 1049 Quare
1356 999 1399 1040 in
1418 999 1688 1041 Pannoniam
1711 1002 1853 1042 rever·
1897 1022 1898 1025 ¹

1027 1066 1100 1095 sus
1121 1060 1197 1097 est.

1079 1112 1128 1162 R.
1156 1112 1307 1153 Inveni
1330 1112 1476 1154 David
1500 1125 1674 1154 servum
1697 1126 1853 1164 meum,

1028 1167 1126 1209 oleo
1153 1173 1305 1210 sancto
1330 1181 1429 1210 meo
1456 1169 1560 1210 unxi
1586 1182 1699 1211 eum:
1720 1169 1740 1190 *
1765 1170 1853 1212 Ma·
1912 1185 1920 1192 ·

1026 1237 1107 1265 nus
1123 1225 1238 1266 enim
1252 1238 1350 1266 mea
1364 1225 1642 1268 auxiliabitur
1658 1227 1708 1268 ei.
1726 1218 1771 1268 Y·
1786 1227 1852 1269 Ni·

1025 1280 1087 1321 hil
1105 1282 1310 1334 proficiet
1324 1282 1524 1324 inimicus
1538 1283 1582 1324 in
1598 1296 1662 1334 eo,
1683 1290 1726 1326 et
1739 1285 1853 1327 filius

1025 1338 1265 1389 iniquitatis
1290 1351 1378 1380 non
1403 1340 1579 1382 nocebit
1603 1340 1652 1382 ei.
1688 1342 1852 1384 Manus.

1336 1394 1484 1434 Lectio
1506 1408 1540 1432 V.

1025 1446 1145 1552 Leo
1162 1455 1307 1492 autem
1320 1452 1476 1494 Romae
1493 1453 1703 1504 singulari
1719 1456 1851 1496 omni-

1115 1521 1189 1549 um
1198 1508 1351 1549 laetitia
1364 1511 1585 1562 exceptus,
1600 1511 1732 1563 paulo
1749 1517 1852 1564 post

1025 1564 1247 1606 invadenti
1279 1565 1444 1607 Urbem
1477 1566 1737 1618 Genserico,
1784 1571 1850 1610 ea-

1026 1620 1126 1662 dem
1161 1621 1422 1673 eloquentiae
1456 1624 1499 1664 vi
1531 1629 1574 1665 et
1608 1625 1851 1667 sanctitatis

1026 1677 1231 1730 opinione
1250 1679 1478 1730 persuasit,
1497 1685 1545 1721 ut
1564 1680 1619 1722 ab
1638 1681 1851 1732 incendio,

1025 1733 1287 1784 ignominiis,
1313 1747 1365 1776 ac
1389 1736 1584 1778 caedibus
1604 1737 1851 1780 abstineret.

1025 1789 1113 1832 Sed
1132 1804 1231 1832 cum
1245 1792 1488 1834 Ecclesiam
1507 1806 1532 1834 a
1551 1794 1697 1835 multis
1717 1795 1851 1836 haere-

1026 1846 1146 1888 sibus
1166 1849 1420 1901 oppugnari,
1439 1850 1713 1902 maximeque
1729 1865 1754 1892 a
1767 1852 1809 1892 N
1812 1865 1851 1892 e-

1021 1904 1229 1945 storianis
1258 1910 1302 1947 et
1328 1906 1611 1958 Eutychianis
1639 1908 1851 1958 exagitari

1025 1960 1211 2011 videret3
1237 1960 1293 2003 ad
1313 1975 1409 2003 eam
1426 1963 1715 2015 purgandam,
1740 1970 1784 2006 et
1808 1965 1850 2004 in

1024 2015 1112 2058 fide
1132 2017 1347 2059 catholica
1366 2019 1726 2070 confirmandam,
1751 2034 1849 2062 con-

1025 2072 1171 2114 cilium
1190 2073 1547 2117 Chalcedonense
1566 2076 1732 2118 indixit.
1765 2077 1849 2119 Ubi

1024 2131 1240 2172 sexcentis
1276 2132 1453 2182 triginta
1485 2133 1650 2174 coactis
1682 2135 1848 2185 episco-

1024 2185 1108 2237 pis,
1127 2186 1350 2240 Eutyches
1370 2193 1413 2230 et
1432 2189 1687 2238 Dioscorus,
1713 2194 1756 2230 et
1773 2192 1848 2232 ite-

1023 2254 1119 2282 rum
1149 2242 1382 2285 Nestorius
1419 2243 1698 2286 condemnati
1734 2251 1849 2288 sunt:

1024 2298 1305 2352 ejusdemque
1349 2301 1520 2342 concilii
1557 2300 1734 2343 decreta
1770 2316 1848 2344 sua

1024 2355 1284 2397 auctoritate
1305 2357 1589 2398 confirmavit.

1079 2408 1128 2459 Ru
1160 2412 1294 2453 Posui
1324 2413 1586 2465 adjutorium
1612 2427 1744 2467 super
1768 2429 1828 2468 po

1022 2467 1204 2518 tentem,
1251 2474 1296 2510 et
1336 2469 1522 2510 exaltavi
1562 2469 1749 2512 electum
1790 2471 1845 2514 de

1022 2521 1152 2574 plebe
1193 2537 1305 2566 mea:
1343 2521 1365 2543 *
1398 2525 1552 2566 Manus
1594 2527 1710 2568 enim
1749 2541 1846 2570 mea

1023 2579 1302 2622 auxiliabitur
1333 2581 1383 2622 ei.
1445 2570 1493 2620 V·
1523 2582 1675 2624 Inveni
1701 2583 1846 2627 David

1022 2647 1198 2677 servum
1229 2649 1389 2686 meum,
1425 2636 1525 2679 oleo
1559 2643 1711 2682 sancto
1744 2653 1844 2683 meo

147 2687 412 2738 raperetur,
401 2699 573 2739 jamque
591 2688 754 2740 copias,
772 2687 847 2729 ubi
865 2688 970 2729 Min-
1022 2692 1126 2732 unxi
1150 2705 1260 2733 eum.
1292 2692 1458 2734 Manus.

301 2827 365 2853 Pars
379 2828 473 2853 Verna.

1573 2826 1615 2858 29
