2028 2892
488 166 558 199 Die
589 166 634 199 ll.
662 166 817 209 Aprilis.

235 265 278 298 In
299 264 363 299 ΠΙ.
385 264 495 299 Noct.
524 264 667 298 Homil.
694 264 731 298 in
754 265 899 306 Evnng.
925 264 1009 299 sint

177 313 308 348 lumbi.
333 313 380 347 dc
406 313 541 347 codem
567 312 711 347 Comm.
740 314 765 346 1.
788 313 883 346 loco.
910 312 980 356 [91]

230 360 271 394 In
298 361 489 404 Quadrag.
519 361 651 396 Lectio
678 362 726 395 ix.
757 360 803 394 de
835 360 1005 394 llomiliu

178 414 212 442 et
239 420 434 443 commem.
462 410 583 443 Furiae
610 410 647 444 in
672 409 790 444 Laud.

418 495 502 537 Die
522 497 572 536 11.
593 495 768 548 Aprilis.

211 564 253 604 S.
276 563 458 606 Leonis
482 563 517 605 1.
541 564 673 614 Papae
700 562 975 603 Confessoris

340 624 383 660 et
404 618 612 661 Ecclesia:
634 619 852 661 Doctoris.

511 685 675 729 Duplex.

230 740 367 775 Omnia
396 741 442 775 dc
473 741 636 776 Comuni
667 740 775 776 Conf.
801 740 908 775 I'ont.
938 739 1008 782 [66]

178 792 318 831 practer
342 800 447 833 sequ.

230 837 272 871 In
295 837 468 881 utrisque
494 837 609 880 Vcsp.
636 838 683 871 ud
710 838 864 879 Magnis.

230 890 328 930 Ant.
352 890 389 929 O
411 890 582 930 Doctor
602 888 778 941 optime,
798 888 1008 930 Ecclesiae

178 951 344 987 sanctae
371 945 534 996 lumen,
562 945 691 987 beate
711 946 820 995 Leo,
848 944 1008 987 divinae

176 1002 286 1053 legis
307 1005 493 1052 amator,
520 1001 761 1055 deprecare
780 1014 862 1055 pro
881 1002 1008 1044 nobis

176 1059 333 1100 Filium
352 1059 446 1101 Dei.

512 1124 677 1164 Oratio.

175 1181 392 1287 Exa1'1di
412 1187 662 1238 quaesumus
681 1185 885 1234 Domine,
912 1197 1007 1239 pre-

268 1255 342 1284 ces
361 1247 547 1292 nostras,
570 1255 679 1294 quas
698 1242 742 1283 in
761 1241 880 1283 beati
898 1242 1008 1283 Leo-

176 1300 243 1340 nis
260 1299 536 1341 Confessoris
556 1299 619 1340 tui
635 1305 767 1351 atque
781 1299 1008 1340 Pontificis

177 1356 457 1398 solemnitate
484 1355 733 1397 deferimus:
759 1361 802 1398 et
829 1355 905 1408 qui
928 1355 1009 1396 tibi

178 1412 307 1464 digne
332 1413 491 1454 meruit
516 1412 734 1462 famulari,
763 1413 853 1465 ejus
880 1412 1008 1454 inter-

177 1469 434 1511 cedentibus
453 1469 621 1511 meritis
638 1469 694 1511 ab
710 1469 912 1511 omnibus
927 1481 1009 1510 nos

176 1526 358 1569 absolve
376 1527 582 1579 peccatis.
610 1527 694 1568 Per
713 1527 961 1567 Dominum.
978 1544 985 1550 .

229 1585 270 1619 In
296 1586 487 1629 Quadrag.
514 1595 709 1619 commem.
735 1586 867 1621 Ferizu.

418 1657 467 1696 In
494 1657 524 1696 Ι.
549 1657 772 1696 Nocturno.

178 1723 337 1776 Incipit
360 1723 560 1775 Epistola
584 1723 724 1776 prima
747 1723 866 1766 beati
890 1723 1009 1766 Petri

487 1780 703 1832 Apostoli.

281 1840 433 1882 Lectio
456 1841 476 1879 ἰ.
754 1842 856 1891 Cap.
877 1841 903 1878 1.

188 1931 190 1960 ;
222 1911 415 1959 χμῑεῒιηιε
422 1908 694 1960 ‚Apostolus
714 1908 739 1949 J
742 1921 819 1949 esu
838 1907 1009 1957 Christi»,

186 1980 288 2034 [th
311 1964 463 2071 {lectis
477 1965 681 2071 Gadlvenis
700 1965 1009 2071 CdispefiSffinis

209 2038 279 2043 ῖ-
349 2022 441 2063 onti
519 2034 543 2062 a
564 2022 664 2063 atiae
737 2035 854 2075 appa
888 2034 998 2063 001ae

179 2078 299 2119 Asiae
319 2083 362 2120 et
381 2078 617 2130 Bithyniae,
638 2078 880 2124 secundum
898 2092 1009 2132 prae·

179 2134 407 2177 scientiam
426 2135 510 2176 Dei
527 2135 715 2185 Patris,'
705 2149 748 2176 1n
767 2135 1006 2177 sanctifica-

178 2192 344 2233 tionem
379 2192 584 2245 Spiritus,
620 2192 664 2233 in
701 2191 1009 2243 obedientiam,

179 2253 223 2290 et
239 2249 538 2301 aspersionem
553 2249 775 2300 sanguinis
786 2249 809 2290 J
813 2262 891 2291 esu
899 2249 1011 2290 Chri-

180 2306 251 2346 sti:
285 2305 439 2347 Gratia
465 2305 593 2348 vobis
619 2310 663 2347 et
690 2318 778 2358 pax
802 2306 1009 2359 multipli-

180 2363 313 2403 cetur.
353 2361 622 2404 Benedictus
646 2362 783 2412 Deus,
812 2368 855 2404 et
878 2362 1009 2404 Pater

180 2418 358 2459 Domini
376 2419 515 2461 nostri
532 2419 558 2460 J
560 2431 639 2460 esu
659 2418 830 2469 Christi,
853 2419 927 2471 qui
946 2432 1009 2461 se—

182 2474 374 2516 cundum
399 2474 746 2518 misericordiam
776 2488 900 2517 suam
922 2488 1009 2518 ma-

180 2543 310 2581 gnam
334 2532 609 2583 regeneravit
633 2545 715 2574 nos
738 2533 782 2573 in
805 2545 931 2585 spem
949 2533 1008 2574 vi-

182 2599 292 2637 vam,
311 2601 391 2640 per
405 2589 772 2631 resurrectionem
781 2589 806 2631 J
809 2602 887 2631 esu
899 2589 1010 2632 Chri-

182 2644 238 2685 sti
259 2656 313 2685 ex
332 2646 531 2695 mortuis,
556 2646 599 2686 in
625 2645 930 2688 haereditatem
949 2647 1008 2687 in-

182 2700 531 2753 corruptibilem,
550 2708 594 2744 et
613 2703 1009 2753 incontaminatam,

866 168 899 199 S.
920 166 1059 199 Leonis
1085 166 1110 200 I.
1136 166 1253 210 Papa:
1278 168 1386 201 Conf.
1414 174 1446 201 ct
1472 168 1576 202 Πομ-ι.

1062 268 1105 305 et
1132 263 1553 313 immarcescibilem,
1583 265 1891 308 conservatam

1062 320 1103 361 in
1124 320 1248 362 coelis
1267 321 1310 362 in
1325 320 1464 371 vobis,
1485 320 1558 373 qui
1573 321 1615 361 in
1631 320 1793 362 virtute
1806 320 1891 362 Dei

1062 376 1340 419 custodimini
1363 390 1444 430 per
1468 377 1602 419 fidem
1625 377 1669 418 in
1695 376 1891 428 salutem,

1062 436 1259 486 paratam
1291 434 1478 476 revelari
1509 434 1553 475 in
1583 435 1785 486 tempore
1816 445 1891 475 no·

1062 503 1253 532 vissimo.

1116 547 1165 599 R.
1201 547 1324 598 Euge
1357 559 1484 589 serve
1516 546 1633 589 bone
1665 551 1710 588 et
1737 545 1891 596 fidelis,

1063 603 1164 656 quia
1190 604 1232 644 in
1259 616 1400 656 pauca
1427 603 1547 645 fuisti
1571 603 1730 653 fidelis,
1757 615 1891 656 supra

1060 660 1197 702 multa
1234 665 1278 702 te
1318 662 1598 702 constituam·
1628 660 1651 684 *
1685 635 1806 701 Intra
1847 659 1891 700 in

1061 717 1269 782 gaudium
1295 717 1473 759 Domini
1500 717 1575 759 tui.
1619 709 1669 762 V
1701 716 1890 758 Domine

1063 774 1255 827 quinque
1299 774 1464 816 talenta
1507 772 1730 816 tradidisti
1775 772 1891 823 mihi,

1062 843 1165 872 eece
1207 831 1291 872 alia
1332 830 1526 883 quinque
1562 829 1891 883 superlucratus

1062 900 1168 929 sum.
1209 888 1339 929 Intra.

1372 941 1521 982 Lectio
1543 941 1581 980 ii.

1063 993 1137 1098 In
1149 1013 1236 1052 quo
1249 1000 1535 1050 exsultabitis,
1544 998 1767 1042 modicum
1776 1012 1891 1042 nunc

1127 1057 1163 1098 si
1197 1060 1375 1110 oportet
1406 1057 1657 1099 contristari
1684 1057 1729 1097 in
1757 1056 1891 1098 variis

1062 1113 1393 1156 tentationibus:
1426 1118 1474 1155 ut
1498 1112 1705 1167 probatio
1730 1117 1891 1156 vestrae

1062 1170 1166 1212 fidei
1191 1171 1330 1212 multo
1356 1170 1593 1223 pretiosior
1618 1182 1727 1212 auro
1755 1169 1893 1223 (quod

1062 1240 1142 1280 per
1164 1227 1310 1279 ignem
1333 1226 1562 1280 probatur)
1586 1227 1832 1268 inveniatur
1849 1226 1892 1267 in

1062 1283 1251 1333 laudem,
1272 1289 1316 1326 et
1334 1284 1534 1335 gloriam,
1554 1288 1598 1326 et
1616 1282 1830 1326 honorem
1848 1283 1892 1324 in

1061 1340 1329 1383 revelatione
1372 1341 1397 1382 J
1399 1354 1478 1383 esu
1523 1340 1700 1382 Christi:
1745 1352 1892 1392 quem,

1062 1411 1161 1439 cum
1207 1410 1295 1439 non
1339 1397 1555 1449 videritis,
1602 1396 1794 1448 diligitis:
1847 1396 1892 1437 in

1064 1467 1193 1507 quem
1224 1467 1339 1496 nunc
1372 1467 1549 1507 quoque
1576 1466 1665 1495 non
1691 1452 1892 1495 videntes

1063 1510 1253 1553 creditis:
1279 1510 1511 1553 credentes
1534 1515 1682 1553 autem
1705 1509 1892 1552 exsulta-

1062 1568 1165 1610 bitis
1190 1568 1344 1610 laetitia
1367 1567 1646 1610 inenarrabili
1672 1571 1716 1609 et
1733 1567 1892 1619 glorifi-

1063 1627 1174 1667 cata:
1210 1627 1491 1678 reportantes
1522 1625 1654 1667 finem
1685 1623 1791 1666 fidei
1822 1636 1891 1666 ve-

1063 1687 1182 1732 strae,
1210 1681 1398 1723 salutem
1425 1679 1677 1723 animarum.
1712 1681 1781 1723 De
1806 1693 1892 1734 qua

1062 1738 1203 1781 salute
1223 1738 1535 1792 exquisierunt,
1554 1743 1688 1791 atque
1709 1737 1892 1780 scrutati

1063 1801 1164 1837 sunt
1197 1794 1445 1848 prophetae,
1479 1795 1554 1847 qui
1589 1794 1645 1837 de
1675 1794 1822 1836 futura
1848 1794 1893 1835 in

1062 1852 1187 1894 vobis
1206 1852 1346 1903 gratia
1364 1851 1755 1905 prophetaverunt:
1773 1863 1891 1893 scru-

1062 1911 1207 1951 tantes
1234 1909 1279 1950 in
1309 1908 1429 1962 quod
1456 1908 1526 1950 vel
1559 1907 1688 1961 quale
1717 1912 1892 1960 tempus

1062 1965 1327 2017 significaret
1354 1966 1396 2006 in
1424 1965 1487 2007 eis
1509 1964 1697 2018 Spiritus
1716 1963 1892 2006 Christi:

1062 2022 1363 2076 praenuntians
1396 2035 1469 2064 eas
1504 2034 1603 2075 quae
1637 2021 1681 2062 in
1715 2020 1891 2063 Christo

1063 2084 1164 2121 sunt
1183 2079 1427 2132 passiones,
1449 2084 1493 2121 et
1512 2078 1782 2132 posteriores
1800 2077 1891 2130 glo-

1062 2137 1163 2177 rias:
1208 2135 1366 2189 quibus
1406 2135 1650 2178 revelatum
1686 2140 1754 2177 est
1791 2134 1892 2187 quia

1062 2206 1150 2234 non
1170 2193 1472 2246 sibimetipsis,
1499 2192 1627 2235 vobis
1650 2196 1796 2234 autem
1814 2191 1890 2231 mi-

1062 2249 1307 2292 nistrabant
1336 2262 1403 2300 ea,
1438 2262 1537 2302 quae
1561 2261 1675 2291 nunc
1693 2247 1892 2290 nuntiata

1063 2312 1163 2349 sunt
1188 2306 1317 2348 vobis
1343 2319 1424 2360 per
1450 2319 1543 2356 eos,
1577 2305 1652 2358 qui
1675 2304 1889 2357 evangeli-

1062 2365 1272 2405 zaverunt
1287 2363 1424 2413 vobiS,
1443 2362 1608 2416 Spiritu
1623 2367 1776 2404 sancto
1790 2361 1890 2402 mis-

1063 2433 1113 2462 so
1142 2419 1197 2462 de
1225 2420 1359 2470 eoelo,
1397 2420 1440 2460 in
1474 2431 1602 2472 quem
1638 2417 1890 2461 desiderant

1061 2475 1219 2528 Angeli
1237 2478 1503 2529 prospicere.

1117 2533 1167 2584 R».
1183 2533 1299 2574 Ecce
1319 2532 1526 2574 sacerdos
1543 2545 1737 2583 magnus,
1758 2532 1891 2584 quiin

1063 2590 1218 2632 diebus
1256 2590 1346 2631 suis
1383 2589 1550 2642 placuit
1582 2590 1694 2631 Deo:
1728 2589 1750 2612 *
1780 2589 1888 2631 Ideo

1062 2646 1338 2715 jurejurando
1382 2646 1484 2688 fecit
1518 2646 1639 2687 illum
1675 2646 1890 2688 Dominus

1063 2705 1262 2745 creseere
1290 2703 1334 2744 in
1361 2702 1538 2756 plebem
1562 2715 1695 2744 suam.
1739 2695 1787 2747 V·
1810 2702 1890 2745 Be-
