<?xml version="1.0" encoding="UTF-8"?>
<!DOCTYPE html PUBLIC "-//W3C//DTD XHTML 1.0 Transitional//EN"
    "http://www.w3.org/TR/xhtml1/DTD/xhtml1-transitional.dtd">
<html xmlns="http://www.w3.org/1999/xhtml" xml:lang="en" lang="en">
 <head>
  <title>
</title>
<meta http-equiv="Content-Type" content="text/html;charset=utf-8" />
  <meta name='ocr-system' content='tesseract 3.04.00' />
  <meta name='ocr-capabilities' content='ocr_page ocr_carea ocr_par ocr_line ocrx_word'/>
</head>
<body>
  <div class='ocr_page' id='page_1' title='image "./p2breviariumroma00cathuoft_0847.png"; bbox 0 0 2066 2956; ppageno 0'>
   <div class='ocr_carea' id='block_1_1' title="bbox 455 191 1571 234">
    <p class='ocr_par' dir='ltr' id='par_1_1' title="bbox 455 191 1571 234">
     <span class='ocr_line' id='line_1_1' title="bbox 455 191 1571 234; baseline -0.001 -10"><span class='ocrx_word' id='word_1_1' title='bbox 455 191 633 225; x_wconf 83' lang='lat' dir='ltr'>Officium</span> <span class='ocrx_word' id='word_1_2' title='bbox 658 191 831 225; x_wconf 68' lang='lat' dir='ltr'>votivum</span> <span class='ocrx_word' id='word_1_3' title='bbox 859 192 904 225; x_wconf 84' lang='lat' dir='ltr'>de</span> <span class='ocrx_word' id='word_1_4' title='bbox 928 192 984 226; x_wconf 71' lang='lat' dir='ltr'>Ss.</span> <span class='ocrx_word' id='word_1_5' title='bbox 1009 191 1213 234; x_wconf 72' lang='lat' dir='ltr'>Apostolis</span> <span class='ocrx_word' id='word_1_6' title='bbox 1239 191 1353 225; x_wconf 76' lang='lat' dir='ltr'>Petro</span> <span class='ocrx_word' id='word_1_7' title='bbox 1380 196 1415 225; x_wconf 81' lang='lat' dir='ltr'>ct</span> <span class='ocrx_word' id='word_1_8' title='bbox 1441 191 1571 225; x_wconf 78' lang='lat' dir='ltr'>Paulo.</span> 
     </span>
    </p>
   </div>
   <div class='ocr_carea' id='block_1_2' title="bbox 1775 192 1865 236">
    <p class='ocr_par' dir='ltr' id='par_1_2' title="bbox 1775 192 1865 236">
     <span class='ocr_line' id='line_1_2' title="bbox 1775 192 1865 236; baseline 0.011 -1"><span class='ocrx_word' id='word_1_9' title='bbox 1775 192 1865 236; x_wconf 87' lang='lat'>[275]</span> 
     </span>
    </p>
   </div>
   <div class='ocr_carea' id='block_1_3' title="bbox 145 249 1868 269">
    <p class='ocr_par' dir='ltr' id='par_1_3' title="bbox 145 249 1868 269">
     <span class='ocr_line' id='line_1_3' title="bbox 145 249 1868 269; baseline 0 2687"><span class='ocrx_word' id='word_1_10' title='bbox 145 249 1868 269; x_wconf 95' lang='lat' dir='ltr'> </span> 
     </span>
    </p>
   </div>
   <div class='ocr_carea' id='block_1_4' title="bbox 153 289 983 380">
    <p class='ocr_par' dir='ltr' id='par_1_4' title="bbox 153 289 983 380">
     <span class='ocr_line' id='line_1_4' title="bbox 204 289 983 324; baseline 0.001 -2"><span class='ocrx_word' id='word_1_11' title='bbox 204 289 248 322; x_wconf 90' lang='lat' dir='ltr'>In</span> <span class='ocrx_word' id='word_1_12' title='bbox 280 289 307 323; x_wconf 87' lang='lat'>1.</span> <span class='ocrx_word' id='word_1_13' title='bbox 336 289 536 323; x_wconf 91' lang='lat' dir='ltr'>Nocturno</span> <span class='ocrx_word' id='word_1_14' title='bbox 569 289 773 323; x_wconf 78' lang='lat' dir='ltr'>Lectiones</span> <span class='ocrx_word' id='word_1_15' title='bbox 809 290 854 323; x_wconf 83' lang='lat' dir='ltr'>dc</span> <span class='ocrx_word' id='word_1_16' title='bbox 886 290 983 324; x_wconf 84' lang='lat' dir='ltr'>Scri-</span> 
     </span>
     <span class='ocr_line' id='line_1_5' title="bbox 153 341 524 380; baseline -0.005 -8"><span class='ocrx_word' id='word_1_17' title='bbox 153 341 266 380; x_wconf 81' lang='lat' dir='ltr'>ptura</span> <span class='ocrx_word' id='word_1_18' title='bbox 291 341 524 372; x_wconf 86' lang='lat' dir='ltr'>occurrente.</span> 
     </span>
    </p>
   </div>
   <div class='ocr_carea' id='block_1_5' title="bbox 150 398 983 586">
    <p class='ocr_par' dir='ltr' id='par_1_5' title="bbox 150 398 983 586">
     <span class='ocr_line' id='line_1_6' title="bbox 203 398 983 443; baseline 0.003 -12"><span class='ocrx_word' id='word_1_19' title='bbox 203 398 247 431; x_wconf 93' lang='lat' dir='ltr'>In</span> <span class='ocrx_word' id='word_1_20' title='bbox 266 398 456 441; x_wconf 84' lang='lat' dir='ltr'>Quadrag.</span> <span class='ocrx_word' id='word_1_21' title='bbox 471 408 564 433; x_wconf 78' lang='lat' dir='ltr'>vero</span> <span class='ocrx_word' id='word_1_22' title='bbox 583 398 763 433; x_wconf 84' lang='lat' dir='ltr'>dicuntur</span> <span class='ocrx_word' id='word_1_23' title='bbox 778 402 983 443; x_wconf 79' lang='lat' dir='ltr'>sequentes</span> 
     </span>
     <span class='ocr_line' id='line_1_7' title="bbox 152 445 983 490; baseline 0.001 -10"><span class='ocrx_word' id='word_1_24' title='bbox 152 445 371 480; x_wconf 79' lang='lat' dir='ltr'>Lectiones:</span> <span class='ocrx_word' id='word_1_25' title='bbox 391 445 532 490; x_wconf 86' lang='lat' dir='ltr'>Incipit</span> <span class='ocrx_word' id='word_1_26' title='bbox 544 445 720 489; x_wconf 81' lang='lat' dir='ltr'>Epistola</span> <span class='ocrx_word' id='word_1_27' title='bbox 736 445 862 489; x_wconf 90' lang='lat' dir='ltr'>prima</span> <span class='ocrx_word' id='word_1_28' title='bbox 877 446 983 481; x_wconf 88' lang='lat' dir='ltr'>beati</span> 
     </span>
     <span class='ocr_line' id='line_1_8' title="bbox 150 492 983 537; baseline 0.001 -10"><span class='ocrx_word' id='word_1_29' title='bbox 150 492 256 527; x_wconf 90' lang='lat' dir='ltr'>Petri</span> <span class='ocrx_word' id='word_1_30' title='bbox 264 492 459 536; x_wconf 90' lang='lat' dir='ltr'>Apostoli.</span> <span class='ocrx_word' id='word_1_31' title='bbox 477 494 611 528; x_wconf 89' lang='lat' dir='ltr'>Petrus</span> <span class='ocrx_word' id='word_1_32' title='bbox 622 493 849 537; x_wconf 90' lang='lat' dir='ltr'>Apostolus.</span> <span class='ocrx_word' id='word_1_33' title='bbox 866 499 907 528; x_wconf 88' lang='lat' dir='ltr'>ut</span> <span class='ocrx_word' id='word_1_34' title='bbox 922 494 983 528; x_wconf 88' lang='lat' dir='ltr'>die</span> 
     </span>
     <span class='ocr_line' id='line_1_9' title="bbox 152 540 980 586; baseline 0.002 -12"><span class='ocrx_word' id='word_1_35' title='bbox 152 540 321 575; x_wconf 86' lang='lat' dir='ltr'>22.Febr.</span> <span class='ocrx_word' id='word_1_36' title='bbox 330 540 409 576; x_wconf 86' lang='lat'>381.</span> <span class='ocrx_word' id='word_1_37' title='bbox 421 552 505 576; x_wconf 85' lang='lat' dir='ltr'>cum</span> <span class='ocrx_word' id='word_1_38' title='bbox 518 542 597 586; x_wconf 64' lang='lat' dir='ltr'>RH.</span> <span class='ocrx_word' id='word_1_39' title='bbox 611 542 657 576; x_wconf 87' lang='lat' dir='ltr'>de</span> <span class='ocrx_word' id='word_1_40' title='bbox 668 542 774 576; x_wconf 65' lang='lat' dir='ltr'>Com.</span> <span class='ocrx_word' id='word_1_41' title='bbox 784 542 919 585; x_wconf 83' lang='lat' dir='ltr'>Apost.</span> <span class='ocrx_word' id='word_1_42' title='bbox 933 541 980 585; x_wconf 84' lang='lat'>[6]</span> 
     </span>
    </p>
   </div>
   <div class='ocr_carea' id='block_1_6' title="bbox 379 612 759 652">
    <p class='ocr_par' dir='ltr' id='par_1_6' title="bbox 379 612 759 652">
     <span class='ocr_line' id='line_1_10' title="bbox 379 612 759 652; baseline 0 -2"><span class='ocrx_word' id='word_1_43' title='bbox 379 612 428 651; x_wconf 91' lang='lat' dir='ltr'>In</span> <span class='ocrx_word' id='word_1_44' title='bbox 456 612 506 651; x_wconf 93' lang='grc' dir='ltr'>ΙΙ.</span> <span class='ocrx_word' id='word_1_45' title='bbox 535 612 759 652; x_wconf 78' lang='lat' dir='ltr'>Nocturno.</span> 
     </span>
    </p>
   </div>
   <div class='ocr_carea' id='block_1_7' title="bbox 149 679 982 1184">
    <p class='ocr_par' dir='ltr' id='par_1_7' title="bbox 149 679 982 1184">
     <span class='ocr_line' id='line_1_11' title="bbox 232 679 909 731; baseline -0.003 -10"><span class='ocrx_word' id='word_1_46' title='bbox 232 679 383 721; x_wconf 90' lang='lat' dir='ltr'>Sermo</span> <span class='ocrx_word' id='word_1_47' title='bbox 412 679 551 721; x_wconf 89' lang='lat' dir='ltr'>sancti</span> <span class='ocrx_word' id='word_1_48' title='bbox 576 679 738 721; x_wconf 92' lang='lat' dir='ltr'>Leonis</span> <span class='ocrx_word' id='word_1_49' title='bbox 762 680 909 731; x_wconf 89' lang='lat' dir='ltr'>Papae.</span> 
     </span>
     <span class='ocr_line' id='line_1_12' title="bbox 174 744 961 788; baseline -0.006 -6"><span class='ocrx_word' id='word_1_50' title='bbox 174 749 233 782; x_wconf 81' lang='lat' dir='ltr'>Ex</span> <span class='ocrx_word' id='word_1_51' title='bbox 257 747 428 782; x_wconf 86' lang='lat' dir='ltr'>Homilia</span> <span class='ocrx_word' id='word_1_52' title='bbox 450 747 505 780; x_wconf 76' lang='lat'>82.</span> <span class='ocrx_word' id='word_1_53' title='bbox 532 747 569 780; x_wconf 91' lang='lat' dir='ltr'>in</span> <span class='ocrx_word' id='word_1_54' title='bbox 594 746 723 780; x_wconf 76' lang='lat' dir='ltr'>Nativ.</span> <span class='ocrx_word' id='word_1_55' title='bbox 746 744 803 779; x_wconf 83' lang='lat' dir='ltr'>Ss.</span> <span class='ocrx_word' id='word_1_56' title='bbox 824 746 961 788; x_wconf 85' lang='lat' dir='ltr'>Apost.</span> 
     </span>
     <span class='ocr_line' id='line_1_13' title="bbox 414 794 724 828; baseline -0.006 0"><span class='ocrx_word' id='word_1_57' title='bbox 414 794 516 828; x_wconf 85' lang='lat' dir='ltr'>Petri</span> <span class='ocrx_word' id='word_1_58' title='bbox 542 799 579 828; x_wconf 88' lang='lat' dir='ltr'>ct</span> <span class='ocrx_word' id='word_1_59' title='bbox 602 794 724 828; x_wconf 80' lang='lat' dir='ltr'>Pauli.</span> 
     </span>
     <span class='ocr_line' id='line_1_14' title="bbox 456 850 681 891; baseline 0 -2"><span class='ocrx_word' id='word_1_60' title='bbox 456 850 607 891; x_wconf 85' lang='lat' dir='ltr'>Lectio</span> <span class='ocrx_word' id='word_1_61' title='bbox 628 850 681 890; x_wconf 84' lang='lat' dir='ltr'>iv.</span> 
     </span>
     <span class='ocr_line' id='line_1_15' title="bbox 286 906 981 959; baseline -0.001 -12"><span class='ocrx_word' id='word_1_62' title='bbox 286 907 431 948; x_wconf 89' lang='lat' dir='ltr'>eronis</span> <span class='ocrx_word' id='word_1_63' title='bbox 457 907 578 948; x_wconf 85' lang='lat' dir='ltr'>furor</span> <span class='ocrx_word' id='word_1_64' title='bbox 600 919 681 959; x_wconf 89' lang='lat' dir='ltr'>per</span> <span class='ocrx_word' id='word_1_65' title='bbox 707 907 899 947; x_wconf 91' lang='lat' dir='ltr'>omnium</span> <span class='ocrx_word' id='word_1_66' title='bbox 922 906 981 947; x_wconf 89' lang='lat' dir='ltr'>vi-</span> 
     </span>
     <span class='ocr_line' id='line_1_16' title="bbox 306 963 981 1004; baseline -0.002 0"><span class='ocrx_word' id='word_1_67' title='bbox 306 963 467 1004; x_wconf 93' lang='lat' dir='ltr'>tiorum</span> <span class='ocrx_word' id='word_1_68' title='bbox 503 963 799 1004; x_wconf 86' lang='lat' dir='ltr'>inflammatus</span> <span class='ocrx_word' id='word_1_69' title='bbox 834 964 981 1004; x_wconf 86' lang='lat' dir='ltr'>exces-</span> 
     </span>
     <span class='ocr_line' id='line_1_17' title="bbox 160 1018 982 1071; baseline 0 -11"><span class='ocrx_word' id='word_1_70' title='bbox 160 1039 169 1040; x_wconf 41' lang='grc'><em>’</em></span> <span class='ocrx_word' id='word_1_71' title='bbox 190 1039 264 1041; x_wconf 32' lang='grc' dir='ltr'>»Μ</span> <span class='ocrx_word' id='word_1_72' title='bbox 303 1032 400 1060; x_wconf 91' lang='lat' dir='ltr'>sum</span> <span class='ocrx_word' id='word_1_73' title='bbox 417 1019 462 1060; x_wconf 92' lang='lat' dir='ltr'>in</span> <span class='ocrx_word' id='word_1_74' title='bbox 479 1018 595 1060; x_wconf 83' lang='lat' dir='ltr'>hune</span> <span class='ocrx_word' id='word_1_75' title='bbox 619 1031 718 1060; x_wconf 91' lang='lat' dir='ltr'>eum</span> <span class='ocrx_word' id='word_1_76' title='bbox 737 1032 877 1071; x_wconf 90' lang='lat' dir='ltr'>usque</span> <span class='ocrx_word' id='word_1_77' title='bbox 895 1024 982 1060; x_wconf 94' lang='lat' dir='ltr'>tor-</span> 
     </span>
     <span class='ocr_line' id='line_1_18' title="bbox 149 1075 982 1128; baseline 0 -12"><span class='ocrx_word' id='word_1_78' title='bbox 149 1076 318 1116; x_wconf 88' lang='lat' dir='ltr'>rentem</span> <span class='ocrx_word' id='word_1_79' title='bbox 345 1088 437 1116; x_wconf 84' lang='lat' dir='ltr'>suae</span> <span class='ocrx_word' id='word_1_80' title='bbox 469 1075 764 1128; x_wconf 87' lang='lat' dir='ltr'>praecipitavit</span> <span class='ocrx_word' id='word_1_81' title='bbox 790 1075 982 1125; x_wconf 85' lang='lat' dir='ltr'>insaniae,</span> 
     </span>
     <span class='ocr_line' id='line_1_19' title="bbox 149 1130 982 1184; baseline 0 -12"><span class='ocrx_word' id='word_1_82' title='bbox 149 1135 198 1173; x_wconf 94' lang='lat' dir='ltr'>ut</span> <span class='ocrx_word' id='word_1_83' title='bbox 222 1131 388 1184; x_wconf 90' lang='lat' dir='ltr'>primus</span> <span class='ocrx_word' id='word_1_84' title='bbox 413 1131 578 1172; x_wconf 91' lang='lat' dir='ltr'>nomini</span> <span class='ocrx_word' id='word_1_85' title='bbox 604 1130 841 1172; x_wconf 89' lang='lat' dir='ltr'>christiano</span> <span class='ocrx_word' id='word_1_86' title='bbox 869 1136 982 1173; x_wconf 91' lang='lat' dir='ltr'>atro-</span> 
     </span>
    </p>
   </div>
   <div class='ocr_carea' id='block_1_8' title="bbox 151 907 282 1045">
    <p class='ocr_par' dir='ltr' id='par_1_8' title="bbox 151 907 282 1045">
     <span class='ocr_line' id='line_1_20' title="bbox 151 907 282 1045; baseline 0 0"><span class='ocrx_word' id='word_1_87' title='bbox 151 907 282 1045; x_wconf 95' lang='lat' dir='ltr'>  </span> 
     </span>
    </p>
   </div>
   <div class='ocr_carea' id='block_1_9' title="bbox 156 917 277 1035">
    <p class='ocr_par' dir='ltr' id='par_1_9' title="bbox 156 917 277 1035">
     <span class='ocr_line' id='line_1_21' title="bbox 156 917 277 1035; baseline 0 -78"><span class='ocrx_word' id='word_1_88' title='bbox 156 917 277 1035; x_wconf 36' lang='grc' dir='ltr'><strong>Ὗ</strong></span> 
     </span>
    </p>
   </div>
   <div class='ocr_carea' id='block_1_10' title="bbox 149 1187 984 2632">
    <p class='ocr_par' dir='ltr' id='par_1_10' title="bbox 149 1187 984 2632">
     <span class='ocr_line' id='line_1_22' title="bbox 150 1187 981 1240; baseline -0.001 -11"><span class='ocrx_word' id='word_1_89' title='bbox 150 1187 327 1229; x_wconf 88' lang='lat' dir='ltr'>citatem</span> <span class='ocrx_word' id='word_1_90' title='bbox 347 1187 564 1238; x_wconf 89' lang='lat' dir='ltr'>generalis</span> <span class='ocrx_word' id='word_1_91' title='bbox 583 1187 902 1240; x_wconf 84' lang='lat' dir='ltr'>persecutionis</span> <span class='ocrx_word' id='word_1_92' title='bbox 921 1188 981 1228; x_wconf 91' lang='lat' dir='ltr'>in-</span> 
     </span>
     <span class='ocr_line' id='line_1_23' title="bbox 149 1243 981 1296; baseline 0 -12"><span class='ocrx_word' id='word_1_93' title='bbox 149 1243 297 1294; x_wconf 87' lang='lat' dir='ltr'>ferret,</span> <span class='ocrx_word' id='word_1_94' title='bbox 326 1243 451 1295; x_wconf 86' lang='lat' dir='ltr'>quasi</span> <span class='ocrx_word' id='word_1_95' title='bbox 477 1255 557 1296; x_wconf 90' lang='lat' dir='ltr'>per</span> <span class='ocrx_word' id='word_1_96' title='bbox 585 1246 837 1285; x_wconf 87' lang='lat' dir='ltr'>sanctorum</span> <span class='ocrx_word' id='word_1_97' title='bbox 861 1244 981 1296; x_wconf 89' lang='lat' dir='ltr'>Apo-</span> 
     </span>
     <span class='ocr_line' id='line_1_24' title="bbox 150 1299 980 1350; baseline -0.001 -9"><span class='ocrx_word' id='word_1_98' title='bbox 150 1299 364 1342; x_wconf 79' lang='lat' dir='ltr'>stolorum</span> <span class='ocrx_word' id='word_1_99' title='bbox 381 1300 501 1342; x_wconf 84' lang='lat' dir='ltr'>Petri</span> <span class='ocrx_word' id='word_1_100' title='bbox 525 1304 568 1341; x_wconf 89' lang='lat' dir='ltr'>et</span> <span class='ocrx_word' id='word_1_101' title='bbox 587 1300 711 1341; x_wconf 92' lang='lat' dir='ltr'>Pauli</span> <span class='ocrx_word' id='word_1_102' title='bbox 732 1312 863 1341; x_wconf 92' lang='lat' dir='ltr'>neces</span> <span class='ocrx_word' id='word_1_103' title='bbox 886 1302 980 1350; x_wconf 89' lang='lat' dir='ltr'>gra-</span> 
     </span>
     <span class='ocr_line' id='line_1_25' title="bbox 149 1355 982 1409; baseline 0 -12"><span class='ocrx_word' id='word_1_104' title='bbox 149 1356 211 1397; x_wconf 87' lang='lat' dir='ltr'>tia</span> <span class='ocrx_word' id='word_1_105' title='bbox 241 1356 326 1398; x_wconf 91' lang='lat' dir='ltr'>Dei</span> <span class='ocrx_word' id='word_1_106' title='bbox 358 1361 513 1409; x_wconf 89' lang='lat' dir='ltr'>posset</span> <span class='ocrx_word' id='word_1_107' title='bbox 549 1357 784 1407; x_wconf 78' lang='lat' dir='ltr'>exstingui3</span> <span class='ocrx_word' id='word_1_108' title='bbox 823 1355 982 1408; x_wconf 92' lang='lat' dir='ltr'>quibus</span> 
     </span>
     <span class='ocr_line' id='line_1_26' title="bbox 149 1411 982 1466; baseline -0.001 -13"><span class='ocrx_word' id='word_1_109' title='bbox 149 1411 235 1454; x_wconf 87' lang='lat' dir='ltr'>hoc</span> <span class='ocrx_word' id='word_1_110' title='bbox 257 1412 402 1466; x_wconf 91' lang='lat' dir='ltr'>ipsum</span> <span class='ocrx_word' id='word_1_111' title='bbox 425 1417 519 1454; x_wconf 88' lang='lat' dir='ltr'>erat</span> <span class='ocrx_word' id='word_1_112' title='bbox 541 1413 780 1454; x_wconf 82' lang='lat' dir='ltr'>maximum</span> <span class='ocrx_word' id='word_1_113' title='bbox 802 1412 982 1462; x_wconf 87' lang='lat' dir='ltr'>lucrum,</span> 
     </span>
     <span class='ocr_line' id='line_1_27' title="bbox 150 1467 982 1522; baseline -0.001 -12"><span class='ocrx_word' id='word_1_114' title='bbox 150 1473 199 1510; x_wconf 94' lang='lat' dir='ltr'>ut</span> <span class='ocrx_word' id='word_1_115' title='bbox 218 1470 496 1522; x_wconf 88' lang='lat' dir='ltr'>contemptus</span> <span class='ocrx_word' id='word_1_116' title='bbox 514 1469 617 1511; x_wconf 89' lang='lat' dir='ltr'>vitae</span> <span class='ocrx_word' id='word_1_117' title='bbox 631 1468 757 1521; x_wconf 88' lang='lat' dir='ltr'>hujus</span> <span class='ocrx_word' id='word_1_118' title='bbox 773 1467 982 1518; x_wconf 73' lang='lat' dir='ltr'>occiduae,</span> 
     </span>
     <span class='ocr_line' id='line_1_28' title="bbox 149 1525 983 1578; baseline -0.001 -12"><span class='ocrx_word' id='word_1_119' title='bbox 149 1526 379 1578; x_wconf 82' lang='lat' dir='ltr'>perceptio</span> <span class='ocrx_word' id='word_1_120' title='bbox 400 1525 528 1567; x_wconf 88' lang='lat' dir='ltr'>fieret</span> <span class='ocrx_word' id='word_1_121' title='bbox 550 1525 769 1567; x_wconf 86' lang='lat' dir='ltr'>felicitatis</span> <span class='ocrx_word' id='word_1_122' title='bbox 794 1526 983 1566; x_wconf 88' lang='lat' dir='ltr'>aeternae.</span> 
     </span>
     <span class='ocr_line' id='line_1_29' title="bbox 149 1581 981 1634; baseline 0 -12"><span class='ocrx_word' id='word_1_123' title='bbox 149 1581 350 1623; x_wconf 81' lang='lat' dir='ltr'>Pretiosa</span> <span class='ocrx_word' id='word_1_124' title='bbox 365 1586 432 1623; x_wconf 91' lang='lat' dir='ltr'>est</span> <span class='ocrx_word' id='word_1_125' title='bbox 450 1594 556 1633; x_wconf 86' lang='lat' dir='ltr'>ergo</span> <span class='ocrx_word' id='word_1_126' title='bbox 574 1582 618 1623; x_wconf 90' lang='lat' dir='ltr'>in</span> <span class='ocrx_word' id='word_1_127' title='bbox 638 1583 880 1634; x_wconf 92' lang='lat' dir='ltr'>conspectu</span> <span class='ocrx_word' id='word_1_128' title='bbox 893 1581 981 1622; x_wconf 90' lang='lat' dir='ltr'>Do-</span> 
     </span>
     <span class='ocr_line' id='line_1_30' title="bbox 150 1637 982 1690; baseline 0 -12"><span class='ocrx_word' id='word_1_129' title='bbox 150 1637 254 1678; x_wconf 87' lang='lat' dir='ltr'>mini</span> <span class='ocrx_word' id='word_1_130' title='bbox 267 1650 388 1680; x_wconf 90' lang='lat' dir='ltr'>mors</span> <span class='ocrx_word' id='word_1_131' title='bbox 405 1640 658 1680; x_wconf 87' lang='lat' dir='ltr'>sanctorum</span> <span class='ocrx_word' id='word_1_132' title='bbox 673 1639 779 1690; x_wconf 87' lang='lat' dir='ltr'>ejus:</span> <span class='ocrx_word' id='word_1_133' title='bbox 797 1650 879 1679; x_wconf 93' lang='lat' dir='ltr'>nec</span> <span class='ocrx_word' id='word_1_134' title='bbox 891 1637 982 1678; x_wconf 93' lang='lat' dir='ltr'>ullo</span> 
     </span>
     <span class='ocr_line' id='line_1_31' title="bbox 151 1693 984 1746; baseline -0.001 -11"><span class='ocrx_word' id='word_1_135' title='bbox 151 1693 423 1736; x_wconf 63' lang='lat' dir='ltr'>crudelitatis</span> <span class='ocrx_word' id='word_1_136' title='bbox 452 1696 611 1745; x_wconf 77' lang='lat' dir='ltr'>genere</span> <span class='ocrx_word' id='word_1_137' title='bbox 640 1693 807 1736; x_wconf 82' lang='lat' dir='ltr'>destrui</span> <span class='ocrx_word' id='word_1_138' title='bbox 834 1698 984 1746; x_wconf 91' lang='lat' dir='ltr'>potest</span> 
     </span>
     <span class='ocr_line' id='line_1_32' title="bbox 153 1749 984 1793; baseline -0.001 -2"><span class='ocrx_word' id='word_1_139' title='bbox 153 1751 426 1793; x_wconf 86' lang='lat' dir='ltr'>sacramento</span> <span class='ocrx_word' id='word_1_140' title='bbox 452 1751 594 1793; x_wconf 91' lang='lat' dir='ltr'>crucis</span> <span class='ocrx_word' id='word_1_141' title='bbox 618 1750 779 1792; x_wconf 87' lang='lat' dir='ltr'>Christi</span> <span class='ocrx_word' id='word_1_142' title='bbox 802 1749 984 1791; x_wconf 88' lang='lat' dir='ltr'>fundata</span> 
     </span>
     <span class='ocr_line' id='line_1_33' title="bbox 151 1806 982 1859; baseline -0.001 -12"><span class='ocrx_word' id='word_1_143' title='bbox 151 1806 316 1858; x_wconf 87' lang='lat' dir='ltr'>religio.</span> <span class='ocrx_word' id='word_1_144' title='bbox 333 1807 436 1848; x_wconf 90' lang='lat' dir='ltr'>Non</span> <span class='ocrx_word' id='word_1_145' title='bbox 448 1807 656 1848; x_wconf 82' lang='lat' dir='ltr'>minuitur</span> <span class='ocrx_word' id='word_1_146' title='bbox 669 1806 982 1859; x_wconf 85' lang='lat' dir='ltr'>persecutioni-</span> 
     </span>
     <span class='ocr_line' id='line_1_34' title="bbox 150 1861 983 1914; baseline -0.001 -11"><span class='ocrx_word' id='word_1_147' title='bbox 150 1861 233 1904; x_wconf 91' lang='lat' dir='ltr'>bus</span> <span class='ocrx_word' id='word_1_148' title='bbox 251 1862 461 1912; x_wconf 87' lang='lat' dir='ltr'>Ecclesia,</span> <span class='ocrx_word' id='word_1_149' title='bbox 485 1862 564 1904; x_wconf 90' lang='lat' dir='ltr'>sed</span> <span class='ocrx_word' id='word_1_150' title='bbox 583 1865 780 1914; x_wconf 87' lang='lat' dir='ltr'>augetur:</span> <span class='ocrx_word' id='word_1_151' title='bbox 808 1867 851 1903; x_wconf 91' lang='lat' dir='ltr'>et</span> <span class='ocrx_word' id='word_1_152' title='bbox 874 1874 983 1902; x_wconf 91' lang='lat' dir='ltr'>sem-</span> 
     </span>
     <span class='ocr_line' id='line_1_35' title="bbox 151 1917 983 1970; baseline -0.002 -11"><span class='ocrx_word' id='word_1_153' title='bbox 151 1931 232 1970; x_wconf 90' lang='lat' dir='ltr'>per</span> <span class='ocrx_word' id='word_1_154' title='bbox 251 1918 510 1960; x_wconf 91' lang='lat' dir='ltr'>Dominicus</span> <span class='ocrx_word' id='word_1_155' title='bbox 535 1932 638 1970; x_wconf 90' lang='lat' dir='ltr'>ager</span> <span class='ocrx_word' id='word_1_156' title='bbox 663 1921 812 1969; x_wconf 85' lang='lat' dir='ltr'>segete</span> <span class='ocrx_word' id='word_1_157' title='bbox 837 1917 983 1959; x_wconf 90' lang='lat' dir='ltr'>ditiori</span> 
     </span>
     <span class='ocr_line' id='line_1_36' title="bbox 152 1973 984 2026; baseline -0.002 -11"><span class='ocrx_word' id='word_1_158' title='bbox 152 1976 350 2025; x_wconf 88' lang='lat' dir='ltr'>vestitur,</span> <span class='ocrx_word' id='word_1_159' title='bbox 378 1974 483 2016; x_wconf 92' lang='lat' dir='ltr'>dum</span> <span class='ocrx_word' id='word_1_160' title='bbox 507 1988 658 2026; x_wconf 90' lang='lat' dir='ltr'>grana,</span> <span class='ocrx_word' id='word_1_161' title='bbox 688 1987 787 2026; x_wconf 85' lang='lat' dir='ltr'>quae</span> <span class='ocrx_word' id='word_1_162' title='bbox 814 1973 984 2024; x_wconf 87' lang='lat' dir='ltr'>singula</span> 
     </span>
     <span class='ocr_line' id='line_1_37' title="bbox 152 2029 983 2084; baseline -0.002 -13"><span class='ocrx_word' id='word_1_163' title='bbox 152 2029 315 2072; x_wconf 90' lang='lat' dir='ltr'>cadunt</span> <span class='ocrx_word' id='word_1_164' title='bbox 329 2062 338 2080; x_wconf 94' lang='lat'>‚</span> <span class='ocrx_word' id='word_1_165' title='bbox 393 2030 683 2084; x_wconf 84' lang='lat' dir='ltr'>multiplicata</span> <span class='ocrx_word' id='word_1_166' title='bbox 735 2033 983 2071; x_wconf 81' lang='lat' dir='ltr'>nascuntur.</span> 
     </span>
     <span class='ocr_line' id='line_1_38' title="bbox 152 2084 983 2140; baseline -0.004 -12"><span class='ocrx_word' id='word_1_167' title='bbox 152 2085 278 2128; x_wconf 88' lang='lat' dir='ltr'>Unde</span> <span class='ocrx_word' id='word_1_168' title='bbox 303 2084 392 2128; x_wconf 92' lang='lat' dir='ltr'>duo</span> <span class='ocrx_word' id='word_1_169' title='bbox 415 2086 500 2128; x_wconf 90' lang='lat' dir='ltr'>ista</span> <span class='ocrx_word' id='word_1_170' title='bbox 521 2086 737 2140; x_wconf 86' lang='lat' dir='ltr'>praeclara</span> <span class='ocrx_word' id='word_1_171' title='bbox 762 2085 896 2127; x_wconf 88' lang='lat' dir='ltr'>divini</span> <span class='ocrx_word' id='word_1_172' title='bbox 919 2086 983 2126; x_wconf 93' lang='lat' dir='ltr'>se-</span> 
     </span>
     <span class='ocr_line' id='line_1_39' title="bbox 151 2141 983 2195; baseline -0.002 -12"><span class='ocrx_word' id='word_1_173' title='bbox 151 2142 279 2183; x_wconf 90' lang='lat' dir='ltr'>minis</span> <span class='ocrx_word' id='word_1_174' title='bbox 294 2142 489 2194; x_wconf 84' lang='lat' dir='ltr'>germina</span> <span class='ocrx_word' id='word_1_175' title='bbox 502 2143 546 2184; x_wconf 89' lang='lat' dir='ltr'>in</span> <span class='ocrx_word' id='word_1_176' title='bbox 563 2148 768 2195; x_wconf 89' lang='lat' dir='ltr'>quantam</span> <span class='ocrx_word' id='word_1_177' title='bbox 784 2141 983 2183; x_wconf 83' lang='lat' dir='ltr'>sobolem</span> 
     </span>
     <span class='ocr_line' id='line_1_40' title="bbox 151 2197 983 2249; baseline -0.004 -10"><span class='ocrx_word' id='word_1_178' title='bbox 151 2198 443 2249; x_wconf 87' lang='lat' dir='ltr'>germinarint,</span> <span class='ocrx_word' id='word_1_179' title='bbox 466 2198 697 2241; x_wconf 90' lang='lat' dir='ltr'>beatorum</span> <span class='ocrx_word' id='word_1_180' title='bbox 717 2197 852 2238; x_wconf 88' lang='lat' dir='ltr'>millia</span> <span class='ocrx_word' id='word_1_181' title='bbox 870 2197 983 2237; x_wconf 87' lang='lat' dir='ltr'>Mar-</span> 
     </span>
     <span class='ocr_line' id='line_1_41' title="bbox 150 2251 982 2307; baseline -0.005 -11"><span class='ocrx_word' id='word_1_182' title='bbox 150 2259 296 2306; x_wconf 89' lang='lat' dir='ltr'>tyrum</span> <span class='ocrx_word' id='word_1_183' title='bbox 323 2257 642 2307; x_wconf 79' lang='lat' dir='ltr'>protestantur,</span> <span class='ocrx_word' id='word_1_184' title='bbox 674 2254 748 2306; x_wconf 91' lang='lat' dir='ltr'>qui</span> <span class='ocrx_word' id='word_1_185' title='bbox 776 2251 982 2306; x_wconf 90' lang='lat' dir='ltr'>apostoli-</span> 
     </span>
     <span class='ocr_line' id='line_1_42' title="bbox 153 2308 983 2363; baseline -0.004 -12"><span class='ocrx_word' id='word_1_186' title='bbox 153 2313 304 2352; x_wconf 91' lang='lat' dir='ltr'>corum</span> <span class='ocrx_word' id='word_1_187' title='bbox 317 2311 461 2352; x_wconf 79' lang='lat' dir='ltr'>aemuli</span> <span class='ocrx_word' id='word_1_188' title='bbox 473 2310 806 2363; x_wconf 91' lang='lat' dir='ltr'>triumphorum,</span> <span class='ocrx_word' id='word_1_189' title='bbox 819 2308 983 2350; x_wconf 89' lang='lat' dir='ltr'>Urbem</span> 
     </span>
     <span class='ocr_line' id='line_1_43' title="bbox 151 2364 982 2420; baseline -0.004 -13"><span class='ocrx_word' id='word_1_190' title='bbox 151 2371 348 2408; x_wconf 89' lang='lat' dir='ltr'>nostram</span> <span class='ocrx_word' id='word_1_191' title='bbox 369 2367 637 2420; x_wconf 88' lang='lat' dir='ltr'>purpuratis,</span> <span class='ocrx_word' id='word_1_192' title='bbox 661 2372 706 2408; x_wconf 94' lang='lat' dir='ltr'>et</span> <span class='ocrx_word' id='word_1_193' title='bbox 727 2366 857 2416; x_wconf 90' lang='lat' dir='ltr'>longe</span> <span class='ocrx_word' id='word_1_194' title='bbox 878 2364 982 2405; x_wconf 89' lang='lat' dir='ltr'>late-</span> 
     </span>
     <span class='ocr_line' id='line_1_44' title="bbox 153 2421 982 2475; baseline -0.006 -11"><span class='ocrx_word' id='word_1_195' title='bbox 153 2435 238 2474; x_wconf 91' lang='lat' dir='ltr'>que</span> <span class='ocrx_word' id='word_1_196' title='bbox 249 2422 528 2465; x_wconf 86' lang='lat' dir='ltr'>rutilantibus</span> <span class='ocrx_word' id='word_1_197' title='bbox 538 2422 715 2475; x_wconf 89' lang='lat' dir='ltr'>populis</span> <span class='ocrx_word' id='word_1_198' title='bbox 727 2421 982 2469; x_wconf 88' lang='lat' dir='ltr'>ambierunt,</span> 
     </span>
     <span class='ocr_line' id='line_1_45' title="bbox 152 2478 982 2531; baseline -0.006 -11"><span class='ocrx_word' id='word_1_199' title='bbox 152 2484 196 2520; x_wconf 89' lang='lat' dir='ltr'>et</span> <span class='ocrx_word' id='word_1_200' title='bbox 214 2479 338 2531; x_wconf 90' lang='lat' dir='ltr'>quasi</span> <span class='ocrx_word' id='word_1_201' title='bbox 357 2491 412 2520; x_wconf 85' lang='lat' dir='ltr'>ex</span> <span class='ocrx_word' id='word_1_202' title='bbox 430 2478 666 2520; x_wconf 91' lang='lat' dir='ltr'>multarum</span> <span class='ocrx_word' id='word_1_203' title='bbox 681 2478 848 2519; x_wconf 91' lang='lat' dir='ltr'>honore</span> <span class='ocrx_word' id='word_1_204' title='bbox 867 2488 982 2526; x_wconf 86' lang='lat' dir='ltr'>gem-</span> 
     </span>
     <span class='ocr_line' id='line_1_46' title="bbox 152 2531 983 2576; baseline -0.002 -2"><span class='ocrx_word' id='word_1_205' title='bbox 152 2536 321 2575; x_wconf 89' lang='lat' dir='ltr'>marum</span> <span class='ocrx_word' id='word_1_206' title='bbox 362 2536 567 2576; x_wconf 89' lang='lat' dir='ltr'>conserto</span> <span class='ocrx_word' id='word_1_207' title='bbox 607 2547 695 2575; x_wconf 92' lang='lat' dir='ltr'>uno</span> <span class='ocrx_word' id='word_1_208' title='bbox 735 2531 983 2574; x_wconf 86' lang='lat' dir='ltr'>diademate</span> 
     </span>
     <span class='ocr_line' id='line_1_47' title="bbox 154 2592 431 2632; baseline 0 -1"><span class='ocrx_word' id='word_1_209' title='bbox 154 2592 431 2632; x_wconf 87' lang='lat' dir='ltr'>coronarunt.</span> 
     </span>
    </p>
   </div>
   <div class='ocr_carea' id='block_1_11' title="bbox 207 2646 983 2705">
    <p class='ocr_par' dir='ltr' id='par_1_11' title="bbox 207 2646 983 2705">
     <span class='ocr_line' id='line_1_48' title="bbox 207 2646 983 2705; baseline -0.008 -12"><span class='ocrx_word' id='word_1_210' title='bbox 207 2653 260 2705; x_wconf 72' lang='lat' dir='ltr'>R.</span> <span class='ocrx_word' id='word_1_211' title='bbox 275 2649 380 2692; x_wconf 91' lang='lat' dir='ltr'>Vidi</span> <span class='ocrx_word' id='word_1_212' title='bbox 400 2650 657 2702; x_wconf 79' lang='lat' dir='ltr'>conjunctos</span> <span class='ocrx_word' id='word_1_213' title='bbox 676 2649 805 2698; x_wconf 89' lang='lat' dir='ltr'>viros,</span> <span class='ocrx_word' id='word_1_214' title='bbox 824 2646 983 2688; x_wconf 89' lang='lat' dir='ltr'>haben-</span> 
     </span>
    </p>
   </div>
   <div class='ocr_carea' id='block_1_12' title="bbox 153 2702 997 2758">
    <p class='ocr_par' dir='ltr' id='par_1_12' title="bbox 153 2702 997 2758">
     <span class='ocr_line' id='line_1_49' title="bbox 153 2702 997 2758; baseline -0.005 -12"><span class='ocrx_word' id='word_1_215' title='bbox 153 2710 220 2746; x_wconf 90' lang='lat' dir='ltr'>tes</span> <span class='ocrx_word' id='word_1_216' title='bbox 248 2705 503 2758; x_wconf 88' lang='lat' dir='ltr'>splendidas</span> <span class='ocrx_word' id='word_1_217' title='bbox 531 2710 693 2754; x_wconf 85' lang='lat' dir='ltr'>vestes,</span> <span class='ocrx_word' id='word_1_218' title='bbox 722 2709 765 2745; x_wconf 91' lang='lat' dir='ltr'>et</span> <span class='ocrx_word' id='word_1_219' title='bbox 789 2702 997 2753; x_wconf 85' lang='lat' dir='ltr'>Angelus·</span> 
     </span>
    </p>
   </div>
   <div class='ocr_carea' id='block_1_13' title="bbox 1032 287 1867 611">
    <p class='ocr_par' dir='ltr' id='par_1_13' title="bbox 1032 287 1867 611">
     <span class='ocr_line' id='line_1_50' title="bbox 1032 287 1867 338; baseline -0.001 -9"><span class='ocrx_word' id='word_1_220' title='bbox 1032 289 1212 330; x_wconf 92' lang='lat' dir='ltr'>Domini</span> <span class='ocrx_word' id='word_1_221' title='bbox 1231 289 1406 331; x_wconf 81' lang='lat' dir='ltr'>locutus</span> <span class='ocrx_word' id='word_1_222' title='bbox 1431 291 1497 331; x_wconf 86' lang='lat' dir='ltr'>est</span> <span class='ocrx_word' id='word_1_223' title='bbox 1518 287 1574 330; x_wconf 90' lang='lat' dir='ltr'>ad</span> <span class='ocrx_word' id='word_1_224' title='bbox 1592 300 1674 338; x_wconf 92' lang='lat' dir='ltr'>me,</span> <span class='ocrx_word' id='word_1_225' title='bbox 1699 287 1867 329; x_wconf 86' lang='lat' dir='ltr'>dicens:</span> 
     </span>
     <span class='ocr_line' id='line_1_51' title="bbox 1039 344 1866 387; baseline -0.001 -1"><span class='ocrx_word' id='word_1_226' title='bbox 1039 346 1062 370; x_wconf 85' lang='lat'>*</span> <span class='ocrx_word' id='word_1_227' title='bbox 1084 345 1164 387; x_wconf 92' lang='lat' dir='ltr'>Isti</span> <span class='ocrx_word' id='word_1_228' title='bbox 1195 351 1295 387; x_wconf 91' lang='lat' dir='ltr'>sunt</span> <span class='ocrx_word' id='word_1_229' title='bbox 1327 346 1408 387; x_wconf 91' lang='lat' dir='ltr'>viri</span> <span class='ocrx_word' id='word_1_230' title='bbox 1440 345 1579 387; x_wconf 90' lang='lat' dir='ltr'>sancti</span> <span class='ocrx_word' id='word_1_231' title='bbox 1606 345 1710 386; x_wconf 90' lang='lat' dir='ltr'>facti</span> <span class='ocrx_word' id='word_1_232' title='bbox 1738 344 1866 385; x_wconf 87' lang='lat' dir='ltr'>amici</span> 
     </span>
     <span class='ocr_line' id='line_1_52' title="bbox 1033 395 1866 451; baseline -0.002 -8"><span class='ocrx_word' id='word_1_233' title='bbox 1033 401 1128 443; x_wconf 94' lang='lat' dir='ltr'>Dei.</span> <span class='ocrx_word' id='word_1_234' title='bbox 1161 395 1212 447; x_wconf 58' lang='lat' dir='ltr'>Y.</span> <span class='ocrx_word' id='word_1_235' title='bbox 1233 400 1338 443; x_wconf 91' lang='lat' dir='ltr'>Vidi</span> <span class='ocrx_word' id='word_1_236' title='bbox 1357 401 1575 451; x_wconf 81' lang='lat' dir='ltr'>Angelum</span> <span class='ocrx_word' id='word_1_237' title='bbox 1593 401 1677 442; x_wconf 88' lang='lat' dir='ltr'>Dei</span> <span class='ocrx_word' id='word_1_238' title='bbox 1698 401 1866 450; x_wconf 89' lang='lat' dir='ltr'>fortem,</span> 
     </span>
     <span class='ocr_line' id='line_1_53' title="bbox 1034 457 1866 510; baseline 0 -12"><span class='ocrx_word' id='word_1_239' title='bbox 1034 457 1255 499; x_wconf 87' lang='lat' dir='ltr'>volantem</span> <span class='ocrx_word' id='word_1_240' title='bbox 1268 471 1348 510; x_wconf 91' lang='lat' dir='ltr'>per</span> <span class='ocrx_word' id='word_1_241' title='bbox 1362 457 1555 499; x_wconf 91' lang='lat' dir='ltr'>medium</span> <span class='ocrx_word' id='word_1_242' title='bbox 1570 457 1740 507; x_wconf 89' lang='lat' dir='ltr'>coelum,</span> <span class='ocrx_word' id='word_1_243' title='bbox 1756 469 1866 498; x_wconf 89' lang='lat' dir='ltr'>voce</span> 
     </span>
     <span class='ocr_line' id='line_1_54' title="bbox 1033 513 1867 564; baseline 0 -10"><span class='ocrx_word' id='word_1_244' title='bbox 1033 527 1192 564; x_wconf 86' lang='lat' dir='ltr'>magna</span> <span class='ocrx_word' id='word_1_245' title='bbox 1202 514 1464 556; x_wconf 85' lang='lat' dir='ltr'>clamantem</span> <span class='ocrx_word' id='word_1_246' title='bbox 1479 519 1523 556; x_wconf 91' lang='lat' dir='ltr'>et</span> <span class='ocrx_word' id='word_1_247' title='bbox 1534 513 1762 556; x_wconf 81' lang='lat' dir='ltr'>dicentem.</span> <span class='ocrx_word' id='word_1_248' title='bbox 1787 513 1867 555; x_wconf 88' lang='lat' dir='ltr'>Isti</span> 
     </span>
     <span class='ocr_line' id='line_1_55' title="bbox 1034 569 1246 611; baseline -0.005 0"><span class='ocrx_word' id='word_1_249' title='bbox 1034 575 1135 611; x_wconf 88' lang='lat' dir='ltr'>sunt</span> <span class='ocrx_word' id='word_1_250' title='bbox 1154 569 1246 611; x_wconf 91' lang='lat' dir='ltr'>viri.</span> 
     </span>
    </p>
   </div>
   <div class='ocr_carea' id='block_1_14' title="bbox 1033 644 1867 1031">
    <p class='ocr_par' dir='ltr' id='par_1_14' title="bbox 1229 644 1682 697">
     <span class='ocr_line' id='line_1_56' title="bbox 1229 644 1682 697; baseline -0.004 -12"><span class='ocrx_word' id='word_1_251' title='bbox 1229 645 1451 697; x_wconf 80' lang='lat' dir='ltr'>Tempore</span> <span class='ocrx_word' id='word_1_252' title='bbox 1472 644 1682 685; x_wconf 85' lang='lat' dir='ltr'>Paschali.</span> 
     </span>
    </p>

    <p class='ocr_par' dir='ltr' id='par_1_15' title="bbox 1033 707 1867 1031">
     <span class='ocr_line' id='line_1_57' title="bbox 1092 707 1867 762; baseline 0 -14"><span class='ocrx_word' id='word_1_253' title='bbox 1092 711 1142 762; x_wconf 69' lang='lat' dir='ltr'>R.</span> <span class='ocrx_word' id='word_1_254' title='bbox 1163 707 1260 749; x_wconf 80' lang='lat' dir='ltr'>Lux</span> <span class='ocrx_word' id='word_1_255' title='bbox 1283 710 1499 761; x_wconf 89' lang='lat' dir='ltr'>perpetua</span> <span class='ocrx_word' id='word_1_256' title='bbox 1522 708 1685 749; x_wconf 90' lang='lat' dir='ltr'>lucebit</span> <span class='ocrx_word' id='word_1_257' title='bbox 1705 708 1867 749; x_wconf 89' lang='lat' dir='ltr'>sanctis</span> 
     </span>
     <span class='ocr_line' id='line_1_58' title="bbox 1034 764 1866 815; baseline 0 -10"><span class='ocrx_word' id='word_1_258' title='bbox 1034 764 1120 805; x_wconf 85' lang='lat' dir='ltr'>tuis</span> <span class='ocrx_word' id='word_1_259' title='bbox 1146 764 1352 815; x_wconf 86' lang='lat' dir='ltr'>Domine,</span> <span class='ocrx_word' id='word_1_260' title='bbox 1387 768 1410 791; x_wconf 82' lang='lat'>*</span> <span class='ocrx_word' id='word_1_261' title='bbox 1429 765 1485 807; x_wconf 89' lang='lat' dir='ltr'>Et</span> <span class='ocrx_word' id='word_1_262' title='bbox 1514 765 1737 806; x_wconf 78' lang='lat' dir='ltr'>aeternitas</span> <span class='ocrx_word' id='word_1_263' title='bbox 1761 766 1866 806; x_wconf 91' lang='lat' dir='ltr'>tem-</span> 
     </span>
     <span class='ocr_line' id='line_1_59' title="bbox 1033 815 1866 874; baseline -0.001 -13"><span class='ocrx_word' id='word_1_264' title='bbox 1033 833 1209 873; x_wconf 92' lang='lat' dir='ltr'>porum,</span> <span class='ocrx_word' id='word_1_265' title='bbox 1235 821 1424 874; x_wconf 77' lang='lat' dir='ltr'>alleluja,</span> <span class='ocrx_word' id='word_1_266' title='bbox 1451 821 1632 873; x_wconf 82' lang='lat' dir='ltr'>alleluja.</span> <span class='ocrx_word' id='word_1_267' title='bbox 1672 815 1866 866; x_wconf 54' lang='lat' dir='ltr'>YRLaeti-</span> 
     </span>
     <span class='ocr_line' id='line_1_60' title="bbox 1033 877 1867 930; baseline -0.001 -12"><span class='ocrx_word' id='word_1_268' title='bbox 1033 877 1095 918; x_wconf 85' lang='lat' dir='ltr'>tia</span> <span class='ocrx_word' id='word_1_269' title='bbox 1131 878 1396 929; x_wconf 89' lang='lat' dir='ltr'>sempiterna</span> <span class='ocrx_word' id='word_1_270' title='bbox 1433 878 1515 919; x_wconf 91' lang='lat' dir='ltr'>erit</span> <span class='ocrx_word' id='word_1_271' title='bbox 1551 890 1684 930; x_wconf 92' lang='lat' dir='ltr'>super</span> <span class='ocrx_word' id='word_1_272' title='bbox 1721 877 1867 929; x_wconf 86' lang='lat' dir='ltr'>capita</span> 
     </span>
     <span class='ocr_line' id='line_1_61' title="bbox 1035 932 1867 984; baseline 0 -11"><span class='ocrx_word' id='word_1_273' title='bbox 1035 935 1201 974; x_wconf 90' lang='lat' dir='ltr'>eorum:</span> <span class='ocrx_word' id='word_1_274' title='bbox 1230 932 1437 984; x_wconf 83' lang='lat' dir='ltr'>gaudium</span> <span class='ocrx_word' id='word_1_275' title='bbox 1462 938 1505 975; x_wconf 93' lang='lat' dir='ltr'>et</span> <span class='ocrx_word' id='word_1_276' title='bbox 1529 933 1867 975; x_wconf 87' lang='lat' dir='ltr'>exsultationem</span> 
     </span>
     <span class='ocr_line' id='line_1_62' title="bbox 1035 988 1642 1031; baseline 0.002 -1"><span class='ocrx_word' id='word_1_277' title='bbox 1035 988 1306 1031; x_wconf 90' lang='lat' dir='ltr'>obtinebunt.</span> <span class='ocrx_word' id='word_1_278' title='bbox 1333 990 1390 1031; x_wconf 91' lang='lat' dir='ltr'>Et</span> <span class='ocrx_word' id='word_1_279' title='bbox 1409 990 1642 1031; x_wconf 77' lang='lat' dir='ltr'>aeternitas.</span> 
     </span>
    </p>
   </div>
   <div class='ocr_carea' id='block_1_15' title="bbox 1034 1063 1868 2751">
    <p class='ocr_par' dir='ltr' id='par_1_16' title="bbox 1350 1063 1562 1104">
     <span class='ocr_line' id='line_1_63' title="bbox 1350 1063 1562 1104; baseline -0.005 -1"><span class='ocrx_word' id='word_1_280' title='bbox 1350 1063 1503 1104; x_wconf 88' lang='lat' dir='ltr'>Lectio</span> <span class='ocrx_word' id='word_1_281' title='bbox 1526 1076 1562 1102; x_wconf 81' lang='lat' dir='ltr'>v.</span> 
     </span>
    </p>

    <p class='ocr_par' dir='ltr' id='par_1_17' title="bbox 1130 1126 1866 1180">
     <span class='ocr_line' id='line_1_64' title="bbox 1130 1126 1866 1180; baseline -0.003 -12"><span class='ocrx_word' id='word_1_282' title='bbox 1130 1140 1154 1168; x_wconf 94' lang='lat' dir='ltr'>e</span> <span class='ocrx_word' id='word_1_283' title='bbox 1174 1139 1362 1179; x_wconf 89' lang='lat' dir='ltr'>quorum</span> <span class='ocrx_word' id='word_1_284' title='bbox 1385 1126 1611 1180; x_wconf 87' lang='lat' dir='ltr'>praesidio,</span> <span class='ocrx_word' id='word_1_285' title='bbox 1641 1126 1866 1168; x_wconf 88' lang='lat' dir='ltr'>dilectissi-</span> 
     </span>
    </p>

    <p class='ocr_par' dir='ltr' id='par_1_18' title="bbox 1034 1182 1868 2190">
     <span class='ocr_line' id='line_1_65' title="bbox 1146 1182 1866 1233; baseline -0.001 -9"><span class='ocrx_word' id='word_1_286' title='bbox 1146 1184 1221 1233; x_wconf 92' lang='lat' dir='ltr'>mi,</span> <span class='ocrx_word' id='word_1_287' title='bbox 1251 1182 1457 1225; x_wconf 84' lang='lat' dir='ltr'>divinitus</span> <span class='ocrx_word' id='word_1_288' title='bbox 1483 1183 1611 1224; x_wconf 91' lang='lat' dir='ltr'>nobis</span> <span class='ocrx_word' id='word_1_289' title='bbox 1640 1182 1696 1224; x_wconf 89' lang='lat' dir='ltr'>ad</span> <span class='ocrx_word' id='word_1_290' title='bbox 1725 1184 1866 1224; x_wconf 81' lang='lat' dir='ltr'>exem-</span> 
     </span>
     <span class='ocr_line' id='line_1_66' title="bbox 1034 1239 1868 1292; baseline -0.001 -12"><span class='ocrx_word' id='word_1_291' title='bbox 1034 1239 1157 1292; x_wconf 90' lang='lat' dir='ltr'>plum</span> <span class='ocrx_word' id='word_1_292' title='bbox 1179 1239 1402 1292; x_wconf 88' lang='lat' dir='ltr'>patientiae</span> <span class='ocrx_word' id='word_1_293' title='bbox 1422 1244 1466 1281; x_wconf 90' lang='lat' dir='ltr'>et</span> <span class='ocrx_word' id='word_1_294' title='bbox 1490 1239 1868 1281; x_wconf 87' lang='lat' dir='ltr'>confirmationem</span> 
     </span>
     <span class='ocr_line' id='line_1_67' title="bbox 1035 1295 1868 1349; baseline -0.002 -13"><span class='ocrx_word' id='word_1_295' title='bbox 1035 1295 1139 1337; x_wconf 89' lang='lat' dir='ltr'>fidei</span> <span class='ocrx_word' id='word_1_296' title='bbox 1161 1298 1425 1349; x_wconf 88' lang='lat' dir='ltr'>praeparato,</span> <span class='ocrx_word' id='word_1_297' title='bbox 1448 1295 1753 1337; x_wconf 89' lang='lat' dir='ltr'>universaliter</span> <span class='ocrx_word' id='word_1_298' title='bbox 1778 1295 1868 1346; x_wconf 92' lang='lat' dir='ltr'>qui-</span> 
     </span>
     <span class='ocr_line' id='line_1_68' title="bbox 1036 1352 1866 1394; baseline -0.002 0"><span class='ocrx_word' id='word_1_299' title='bbox 1036 1352 1137 1394; x_wconf 86' lang='lat' dir='ltr'>dem</span> <span class='ocrx_word' id='word_1_300' title='bbox 1167 1353 1211 1392; x_wconf 94' lang='lat' dir='ltr'>in</span> <span class='ocrx_word' id='word_1_301' title='bbox 1243 1352 1436 1394; x_wconf 93' lang='lat' dir='ltr'>omnium</span> <span class='ocrx_word' id='word_1_302' title='bbox 1463 1353 1723 1393; x_wconf 87' lang='lat' dir='ltr'>Sanctorum</span> <span class='ocrx_word' id='word_1_303' title='bbox 1752 1364 1866 1392; x_wconf 91' lang='lat' dir='ltr'>com-</span> 
     </span>
     <span class='ocr_line' id='line_1_69' title="bbox 1034 1407 1868 1450; baseline -0.002 -1"><span class='ocrx_word' id='word_1_304' title='bbox 1034 1409 1350 1450; x_wconf 87' lang='lat' dir='ltr'>memoratione</span> <span class='ocrx_word' id='word_1_305' title='bbox 1369 1408 1609 1450; x_wconf 84' lang='lat' dir='ltr'>laetandum</span> <span class='ocrx_word' id='word_1_306' title='bbox 1630 1413 1710 1450; x_wconf 85' lang='lat' dir='ltr'>est:</span> <span class='ocrx_word' id='word_1_307' title='bbox 1730 1407 1809 1448; x_wconf 92' lang='lat' dir='ltr'>sed</span> <span class='ocrx_word' id='word_1_308' title='bbox 1824 1407 1868 1447; x_wconf 91' lang='lat' dir='ltr'>in</span> 
     </span>
     <span class='ocr_line' id='line_1_70' title="bbox 1034 1464 1867 1507; baseline -0.002 -1"><span class='ocrx_word' id='word_1_309' title='bbox 1034 1465 1192 1507; x_wconf 90' lang='lat' dir='ltr'>horum</span> <span class='ocrx_word' id='word_1_310' title='bbox 1220 1465 1477 1506; x_wconf 85' lang='lat' dir='ltr'>excellentia</span> <span class='ocrx_word' id='word_1_311' title='bbox 1504 1466 1683 1506; x_wconf 88' lang='lat' dir='ltr'>Patrum</span> <span class='ocrx_word' id='word_1_312' title='bbox 1710 1464 1867 1505; x_wconf 91' lang='lat' dir='ltr'>merito</span> 
     </span>
     <span class='ocr_line' id='line_1_71' title="bbox 1036 1520 1868 1572; baseline -0.004 -9"><span class='ocrx_word' id='word_1_313' title='bbox 1036 1526 1103 1563; x_wconf 92' lang='lat' dir='ltr'>est</span> <span class='ocrx_word' id='word_1_314' title='bbox 1129 1521 1413 1563; x_wconf 80' lang='lat' dir='ltr'>excellentius</span> <span class='ocrx_word' id='word_1_315' title='bbox 1438 1520 1730 1572; x_wconf 85' lang='lat' dir='ltr'>gloriandum,</span> <span class='ocrx_word' id='word_1_316' title='bbox 1756 1532 1868 1571; x_wconf 90' lang='lat' dir='ltr'>quos</span> 
     </span>
     <span class='ocr_line' id='line_1_72' title="bbox 1035 1576 1868 1629; baseline -0.005 -10"><span class='ocrx_word' id='word_1_317' title='bbox 1035 1578 1177 1629; x_wconf 86' lang='lat' dir='ltr'>gratia</span> <span class='ocrx_word' id='word_1_318' title='bbox 1194 1578 1278 1619; x_wconf 90' lang='lat' dir='ltr'>Dei</span> <span class='ocrx_word' id='word_1_319' title='bbox 1301 1578 1345 1618; x_wconf 93' lang='lat' dir='ltr'>in</span> <span class='ocrx_word' id='word_1_320' title='bbox 1368 1582 1538 1619; x_wconf 87' lang='lat' dir='ltr'>tantum</span> <span class='ocrx_word' id='word_1_321' title='bbox 1563 1577 1733 1629; x_wconf 80' lang='lat' dir='ltr'>apicem</span> <span class='ocrx_word' id='word_1_322' title='bbox 1756 1576 1868 1617; x_wconf 90' lang='lat' dir='ltr'>inter</span> 
     </span>
     <span class='ocr_line' id='line_1_73' title="bbox 1036 1632 1867 1685; baseline -0.002 -11"><span class='ocrx_word' id='word_1_323' title='bbox 1036 1634 1181 1675; x_wconf 88' lang='lat' dir='ltr'>omnia</span> <span class='ocrx_word' id='word_1_324' title='bbox 1201 1633 1411 1675; x_wconf 86' lang='lat' dir='ltr'>Ecclesiae</span> <span class='ocrx_word' id='word_1_325' title='bbox 1434 1633 1631 1675; x_wconf 90' lang='lat' dir='ltr'>membra</span> <span class='ocrx_word' id='word_1_326' title='bbox 1653 1632 1867 1685; x_wconf 79' lang='lat' dir='ltr'>provexit,</span> 
     </span>
     <span class='ocr_line' id='line_1_74' title="bbox 1035 1690 1868 1742; baseline -0.002 -11"><span class='ocrx_word' id='word_1_327' title='bbox 1035 1695 1083 1732; x_wconf 92' lang='lat' dir='ltr'>ut</span> <span class='ocrx_word' id='word_1_328' title='bbox 1115 1703 1192 1731; x_wconf 91' lang='lat' dir='ltr'>eos</span> <span class='ocrx_word' id='word_1_329' title='bbox 1224 1690 1268 1730; x_wconf 91' lang='lat' dir='ltr'>in</span> <span class='ocrx_word' id='word_1_330' title='bbox 1301 1692 1508 1742; x_wconf 91' lang='lat' dir='ltr'>corpore,</span> <span class='ocrx_word' id='word_1_331' title='bbox 1541 1690 1610 1731; x_wconf 87' lang='lat' dir='ltr'>eui</span> <span class='ocrx_word' id='word_1_332' title='bbox 1641 1693 1773 1741; x_wconf 91' lang='lat' dir='ltr'>eaput</span> <span class='ocrx_word' id='word_1_333' title='bbox 1802 1693 1868 1729; x_wconf 90' lang='lat' dir='ltr'>est</span> 
     </span>
     <span class='ocr_line' id='line_1_75' title="bbox 1037 1744 1867 1797; baseline -0.004 -10"><span class='ocrx_word' id='word_1_334' title='bbox 1037 1745 1255 1796; x_wconf 87' lang='lat' dir='ltr'>Christus,</span> <span class='ocrx_word' id='word_1_335' title='bbox 1294 1746 1419 1797; x_wconf 88' lang='lat' dir='ltr'>quasi</span> <span class='ocrx_word' id='word_1_336' title='bbox 1453 1746 1673 1796; x_wconf 87' lang='lat' dir='ltr'>geminum</span> <span class='ocrx_word' id='word_1_337' title='bbox 1710 1744 1867 1786; x_wconf 88' lang='lat' dir='ltr'>consti-</span> 
     </span>
     <span class='ocr_line' id='line_1_76' title="bbox 1035 1801 1867 1851; baseline -0.004 -8"><span class='ocrx_word' id='word_1_338' title='bbox 1035 1805 1181 1843; x_wconf 82' lang='lat' dir='ltr'>tueret</span> <span class='ocrx_word' id='word_1_339' title='bbox 1207 1802 1354 1843; x_wconf 89' lang='lat' dir='ltr'>lumen</span> <span class='ocrx_word' id='word_1_340' title='bbox 1382 1801 1621 1843; x_wconf 92' lang='lat' dir='ltr'>oculorum.</span> <span class='ocrx_word' id='word_1_341' title='bbox 1666 1801 1734 1841; x_wconf 93' lang='lat' dir='ltr'>De</span> <span class='ocrx_word' id='word_1_342' title='bbox 1762 1812 1867 1851; x_wconf 93' lang='lat' dir='ltr'>quo-</span> 
     </span>
     <span class='ocr_line' id='line_1_77' title="bbox 1035 1856 1868 1909; baseline -0.004 -10"><span class='ocrx_word' id='word_1_343' title='bbox 1035 1872 1132 1899; x_wconf 93' lang='lat' dir='ltr'>rum</span> <span class='ocrx_word' id='word_1_344' title='bbox 1153 1858 1318 1899; x_wconf 90' lang='lat' dir='ltr'>meritis</span> <span class='ocrx_word' id='word_1_345' title='bbox 1340 1863 1472 1909; x_wconf 90' lang='lat' dir='ltr'>atque</span> <span class='ocrx_word' id='word_1_346' title='bbox 1496 1856 1743 1906; x_wconf 82' lang='lat' dir='ltr'>virtutibus,</span> <span class='ocrx_word' id='word_1_347' title='bbox 1769 1868 1868 1907; x_wconf 91' lang='lat' dir='ltr'>quae</span> 
     </span>
     <span class='ocr_line' id='line_1_78' title="bbox 1037 1912 1866 1966; baseline -0.004 -11"><span class='ocrx_word' id='word_1_348' title='bbox 1037 1927 1211 1956; x_wconf 92' lang='lat' dir='ltr'>omnem</span> <span class='ocrx_word' id='word_1_349' title='bbox 1231 1913 1441 1966; x_wconf 91' lang='lat' dir='ltr'>loquendi</span> <span class='ocrx_word' id='word_1_350' title='bbox 1461 1916 1671 1966; x_wconf 81' lang='lat' dir='ltr'>superant</span> <span class='ocrx_word' id='word_1_351' title='bbox 1690 1912 1866 1953; x_wconf 87' lang='lat' dir='ltr'>faculta-</span> 
     </span>
     <span class='ocr_line' id='line_1_79' title="bbox 1035 1968 1867 2020; baseline -0.005 -9"><span class='ocrx_word' id='word_1_352' title='bbox 1035 1975 1135 2020; x_wconf 90' lang='lat' dir='ltr'>tem,</span> <span class='ocrx_word' id='word_1_353' title='bbox 1154 1970 1260 2010; x_wconf 90' lang='lat' dir='ltr'>nihil</span> <span class='ocrx_word' id='word_1_354' title='bbox 1280 1969 1511 2019; x_wconf 90' lang='lat' dir='ltr'>diversum,</span> <span class='ocrx_word' id='word_1_355' title='bbox 1530 1969 1635 2010; x_wconf 89' lang='lat' dir='ltr'>nihil</span> <span class='ocrx_word' id='word_1_356' title='bbox 1655 1968 1867 2010; x_wconf 91' lang='lat' dir='ltr'>debemus</span> 
     </span>
     <span class='ocr_line' id='line_1_80' title="bbox 1036 2023 1866 2077; baseline -0.005 -10"><span class='ocrx_word' id='word_1_357' title='bbox 1036 2028 1198 2068; x_wconf 88' lang='lat' dir='ltr'>sentire</span> <span class='ocrx_word' id='word_1_358' title='bbox 1218 2025 1469 2068; x_wconf 92' lang='lat' dir='ltr'>discretum:</span> <span class='ocrx_word' id='word_1_359' title='bbox 1490 2026 1592 2077; x_wconf 90' lang='lat' dir='ltr'>quia</span> <span class='ocrx_word' id='word_1_360' title='bbox 1608 2025 1706 2065; x_wconf 92' lang='lat' dir='ltr'>illos</span> <span class='ocrx_word' id='word_1_361' title='bbox 1723 2028 1767 2065; x_wconf 89' lang='lat' dir='ltr'>et</span> <span class='ocrx_word' id='word_1_362' title='bbox 1784 2023 1866 2064; x_wconf 90' lang='lat' dir='ltr'>ele-</span> 
     </span>
     <span class='ocr_line' id='line_1_81' title="bbox 1036 2078 1867 2135; baseline -0.005 -12"><span class='ocrx_word' id='word_1_363' title='bbox 1036 2082 1124 2123; x_wconf 88' lang='lat' dir='ltr'>ctio</span> <span class='ocrx_word' id='word_1_364' title='bbox 1143 2095 1285 2135; x_wconf 88' lang='lat' dir='ltr'>pares,</span> <span class='ocrx_word' id='word_1_365' title='bbox 1306 2087 1350 2123; x_wconf 90' lang='lat' dir='ltr'>et</span> <span class='ocrx_word' id='word_1_366' title='bbox 1368 2081 1495 2123; x_wconf 89' lang='lat' dir='ltr'>labor</span> <span class='ocrx_word' id='word_1_367' title='bbox 1514 2081 1686 2130; x_wconf 86' lang='lat' dir='ltr'>similes,</span> <span class='ocrx_word' id='word_1_368' title='bbox 1707 2084 1750 2120; x_wconf 89' lang='lat' dir='ltr'>et</span> <span class='ocrx_word' id='word_1_369' title='bbox 1769 2078 1867 2119; x_wconf 90' lang='lat' dir='ltr'>finis</span> 
     </span>
     <span class='ocr_line' id='line_1_82' title="bbox 1035 2138 1364 2190; baseline 0 -12"><span class='ocrx_word' id='word_1_370' title='bbox 1035 2138 1140 2179; x_wconf 86' lang='lat' dir='ltr'>fecit</span> <span class='ocrx_word' id='word_1_371' title='bbox 1159 2138 1364 2190; x_wconf 78' lang='lat' dir='ltr'>aequales.</span> 
     </span>
    </p>

    <p class='ocr_par' dir='ltr' id='par_1_19' title="bbox 1034 2192 1867 2751">
     <span class='ocr_line' id='line_1_83' title="bbox 1092 2192 1867 2251; baseline -0.004 -11"><span class='ocrx_word' id='word_1_372' title='bbox 1092 2199 1143 2251; x_wconf 66' lang='lat' dir='ltr'>Rz.</span> <span class='ocrx_word' id='word_1_373' title='bbox 1161 2198 1290 2240; x_wconf 90' lang='lat' dir='ltr'>Beati</span> <span class='ocrx_word' id='word_1_374' title='bbox 1309 2198 1424 2247; x_wconf 86' lang='lat' dir='ltr'>estis,</span> <span class='ocrx_word' id='word_1_375' title='bbox 1445 2210 1543 2238; x_wconf 91' lang='lat' dir='ltr'>cum</span> <span class='ocrx_word' id='word_1_376' title='bbox 1562 2192 1867 2237; x_wconf 71' lang='lat' dir='ltr'>maledixerint</span> 
     </span>
     <span class='ocr_line' id='line_1_84' title="bbox 1035 2252 1867 2304; baseline -0.004 -8"><span class='ocrx_word' id='word_1_377' title='bbox 1035 2254 1163 2296; x_wconf 85' lang='lat' dir='ltr'>vobis</span> <span class='ocrx_word' id='word_1_378' title='bbox 1194 2254 1414 2303; x_wconf 89' lang='lat' dir='ltr'>homines,</span> <span class='ocrx_word' id='word_1_379' title='bbox 1452 2258 1495 2294; x_wconf 90' lang='lat' dir='ltr'>et</span> <span class='ocrx_word' id='word_1_380' title='bbox 1529 2252 1753 2304; x_wconf 82' lang='lat' dir='ltr'>persecuti</span> <span class='ocrx_word' id='word_1_381' title='bbox 1786 2264 1867 2293; x_wconf 89' lang='lat' dir='ltr'>vos</span> 
     </span>
     <span class='ocr_line' id='line_1_85' title="bbox 1035 2307 1867 2360; baseline -0.004 -9"><span class='ocrx_word' id='word_1_382' title='bbox 1035 2311 1214 2360; x_wconf 83' lang='lat' dir='ltr'>fuerint,</span> <span class='ocrx_word' id='word_1_383' title='bbox 1247 2315 1291 2351; x_wconf 88' lang='lat' dir='ltr'>et</span> <span class='ocrx_word' id='word_1_384' title='bbox 1325 2309 1513 2351; x_wconf 82' lang='lat' dir='ltr'>dixerint</span> <span class='ocrx_word' id='word_1_385' title='bbox 1546 2321 1674 2349; x_wconf 87' lang='lat' dir='ltr'>omne</span> <span class='ocrx_word' id='word_1_386' title='bbox 1704 2307 1867 2349; x_wconf 91' lang='lat' dir='ltr'>malum</span> 
     </span>
     <span class='ocr_line' id='line_1_86' title="bbox 1036 2365 1867 2416; baseline -0.005 -8"><span class='ocrx_word' id='word_1_387' title='bbox 1036 2366 1270 2408; x_wconf 89' lang='lat' dir='ltr'>adversum</span> <span class='ocrx_word' id='word_1_388' title='bbox 1286 2378 1376 2415; x_wconf 90' lang='lat' dir='ltr'>vos,</span> <span class='ocrx_word' id='word_1_389' title='bbox 1396 2365 1665 2412; x_wconf 89' lang='lat' dir='ltr'>mentientes,</span> <span class='ocrx_word' id='word_1_390' title='bbox 1682 2368 1867 2416; x_wconf 90' lang='lat' dir='ltr'>propter</span> 
     </span>
     <span class='ocr_line' id='line_1_87' title="bbox 1035 2419 1865 2488; baseline -0.005 -24"><span class='ocrx_word' id='word_1_391' title='bbox 1035 2435 1122 2464; x_wconf 90' lang='lat' dir='ltr'>me:</span> <span class='ocrx_word' id='word_1_392' title='bbox 1152 2422 1176 2447; x_wconf 87' lang='lat'>*</span> <span class='ocrx_word' id='word_1_393' title='bbox 1200 2421 1400 2463; x_wconf 87' lang='lat' dir='ltr'>Gaudete</span> <span class='ocrx_word' id='word_1_394' title='bbox 1428 2425 1472 2462; x_wconf 90' lang='lat' dir='ltr'>et</span> <span class='ocrx_word' id='word_1_395' title='bbox 1498 2419 1730 2488; x_wconf 78' lang='lat' dir='ltr'>exsultate,</span> <span class='ocrx_word' id='word_1_396' title='bbox 1760 2422 1865 2483; x_wconf 83' lang='lat' dir='ltr'>quo-</span> 
     </span>
     <span class='ocr_line' id='line_1_88' title="bbox 1035 2475 1867 2528; baseline -0.005 -9"><span class='ocrx_word' id='word_1_397' title='bbox 1035 2478 1152 2519; x_wconf 89' lang='lat' dir='ltr'>niam</span> <span class='ocrx_word' id='word_1_398' title='bbox 1173 2490 1342 2519; x_wconf 88' lang='lat' dir='ltr'>merces</span> <span class='ocrx_word' id='word_1_399' title='bbox 1366 2482 1514 2518; x_wconf 89' lang='lat' dir='ltr'>vestra</span> <span class='ocrx_word' id='word_1_400' title='bbox 1537 2476 1719 2528; x_wconf 91' lang='lat' dir='ltr'>copiosa</span> <span class='ocrx_word' id='word_1_401' title='bbox 1738 2481 1805 2517; x_wconf 93' lang='lat' dir='ltr'>est</span> <span class='ocrx_word' id='word_1_402' title='bbox 1823 2475 1867 2515; x_wconf 89' lang='lat' dir='ltr'>in</span> 
     </span>
     <span class='ocr_line' id='line_1_89' title="bbox 1036 2526 1865 2579; baseline -0.005 -4"><span class='ocrx_word' id='word_1_403' title='bbox 1036 2534 1171 2575; x_wconf 89' lang='lat' dir='ltr'>coelis.</span> <span class='ocrx_word' id='word_1_404' title='bbox 1208 2526 1261 2579; x_wconf 67' lang='lat' dir='ltr'>V.</span> <span class='ocrx_word' id='word_1_405' title='bbox 1285 2533 1395 2574; x_wconf 89' lang='lat' dir='ltr'>Cum</span> <span class='ocrx_word' id='word_1_406' title='bbox 1422 2545 1502 2573; x_wconf 89' lang='lat' dir='ltr'>vos</span> <span class='ocrx_word' id='word_1_407' title='bbox 1532 2530 1704 2573; x_wconf 90' lang='lat' dir='ltr'>oderint</span> <span class='ocrx_word' id='word_1_408' title='bbox 1727 2530 1865 2572; x_wconf 93' lang='lat' dir='ltr'>homi-</span> 
     </span>
     <span class='ocr_line' id='line_1_90' title="bbox 1035 2587 1866 2640; baseline -0.005 -9"><span class='ocrx_word' id='word_1_409' title='bbox 1035 2603 1133 2639; x_wconf 88' lang='lat' dir='ltr'>nes,</span> <span class='ocrx_word' id='word_1_410' title='bbox 1167 2594 1210 2630; x_wconf 95' lang='lat' dir='ltr'>et</span> <span class='ocrx_word' id='word_1_411' title='bbox 1238 2602 1336 2630; x_wconf 92' lang='lat' dir='ltr'>cum</span> <span class='ocrx_word' id='word_1_412' title='bbox 1363 2587 1662 2640; x_wconf 82' lang='lat' dir='ltr'>separaverint</span> <span class='ocrx_word' id='word_1_413' title='bbox 1690 2600 1790 2637; x_wconf 88' lang='lat' dir='ltr'>VOS,</span> <span class='ocrx_word' id='word_1_414' title='bbox 1821 2591 1866 2628; x_wconf 91' lang='lat' dir='ltr'>et</span> 
     </span>
     <span class='ocr_line' id='line_1_91' title="bbox 1037 2621 1866 2698; baseline -0.005 -11"><span class='ocrx_word' id='word_1_415' title='bbox 1037 2621 1419 2698; x_wconf 84' lang='lat' dir='ltr'>exprobraverint,</span> <span class='ocrx_word' id='word_1_416' title='bbox 1461 2648 1506 2684; x_wconf 91' lang='lat' dir='ltr'>et</span> <span class='ocrx_word' id='word_1_417' title='bbox 1547 2643 1753 2695; x_wconf 89' lang='lat' dir='ltr'>ejecerint</span> <span class='ocrx_word' id='word_1_418' title='bbox 1791 2654 1866 2683; x_wconf 92' lang='lat' dir='ltr'>no-</span> 
     </span>
     <span class='ocr_line' id='line_1_92' title="bbox 1034 2697 1865 2751; baseline -0.005 -9"><span class='ocrx_word' id='word_1_419' title='bbox 1034 2714 1135 2742; x_wconf 90' lang='lat' dir='ltr'>men</span> <span class='ocrx_word' id='word_1_420' title='bbox 1185 2705 1380 2742; x_wconf 85' lang='lat' dir='ltr'>vestrum</span> <span class='ocrx_word' id='word_1_421' title='bbox 1430 2704 1655 2751; x_wconf 88' lang='lat' dir='ltr'>tamquam</span> <span class='ocrx_word' id='word_1_422' title='bbox 1703 2697 1865 2739; x_wconf 89' lang='lat' dir='ltr'>malum</span> 
     </span>
    </p>
   </div>
  </div>
 </body>
</html>
