2066 2956
865 192 985 227 Index
1011 194 1290 236 alphabeticus.

222 289 343 331 ribus
375 288 620 342 adscripsit.
665 289 878 331 Basilicas
908 288 1050 340 Urbis,

223 346 469 399 praesertim
486 345 828 387 Lateranensem
852 346 911 397 (in
930 346 1050 398 cujus

222 402 487 455 patriarchio
506 402 741 444 triclinium
758 415 964 454 magnum
983 416 1051 444 su-

222 472 301 512 per
321 459 466 501 Omnia
483 459 669 501 trich'nia
685 459 908 511 fundavit),
928 465 971 502 et
986 473 1051 502 sa-

222 528 318 557 cras
342 514 462 558 aedes
485 521 554 558 tot
577 529 629 557 ae
647 516 780 559 tantis
798 516 960 559 divitiis
980 529 1050 558 cu-

220 572 412 622 mufflvit,
431 577 479 615 ut
497 572 631 615 fidem
648 585 820 615 omnem
841 575 1050 626 superare

219 627 432 671 videatur.
485 629 637 672 Vitam
670 629 846 671 demum
878 629 1049 681 religio-

220 686 436 727 sissimam
463 686 539 739 pio
567 686 655 728 fine
683 686 930 737 coronavit,
962 688 1047 739 pri-

1105 289 1176 332 die
1195 290 1301 332 Idus
1319 290 1344 331 J
1345 291 1446 341 unii,
1465 304 1580 334 anno
1599 291 1778 335 Domini
1796 294 1931 336 octin-

1103 346 1346 397 gentesimo
1367 347 1540 390 decimo
1559 353 1702 400 sexto,
1726 353 1770 391 et
1788 349 1932 403 sepul-

1102 408 1174 445 tus
1193 408 1261 445 est
1279 404 1323 445 in
1341 404 1570 454 Vaticano.

1155 461 1207 512 R.
1233 460 1324 503 Iste
1344 466 1412 503 est
1432 462 1518 515 qui.

1154 517 1198 551 In
1222 517 1286 551 ΠΙ.
1312 518 1512 553 Nocturno
1538 518 1707 554 Humilia
1730 519 1767 553 in
1784 519 1930 562 Evang.

1107 565 1232 601 Homo
1255 566 1416 610 peregre
1439 566 1701 611 proficiscens.
1725 567 1771 601 de
1793 567 1930 602 eodem

1104 614 1306 647 Communi
1333 615 1360 648 1.
1387 615 1483 649 loen.
1515 646 1517 651 .

1155 661 1286 695 Lectio
1311 662 1358 696 ix.
1386 667 1422 697 ot
1448 673 1643 697 commem.
1668 661 1723 697 Ss.
1743 662 1930 697 Basilidis

1103 714 1170 744 etc.
1186 709 1395 754 Martyrum
1415 711 1452 744 in
1467 710 1586 745 Laud.
1604 716 1644 745 ut
1662 711 1700 745 in
1718 711 1930 746 Breviario.

864 795 1286 821 ———·4⁴3÷3⁴-‹>——-

801 900 959 940 Index
989 900 1353 951 alphabeticus.

996 1031 1050 1053 pag.

217 1061 377 1096 Agathonis
391 1063 411 1089 I.
427 1063 512 1096 Papae
526 1065 553 1088 et
567 1062 647 1089 Conf.
667 1062 743 1096 dupl.
764 1062 804 1088 14.
818 1062 899 1089 Febr.
1013 1062 1048 1089 7*

217 1101 372 1128 Alexandri
387 1102 407 1128 I.
423 1102 510 1135 Papae
523 1105 550 1128 et
564 1102 644 1128 Mart.
665 1101 740 1135 dupl.
762 1102 802 1128 11.
817 1102 889 1135 Maji.
994 1102 1047 1128 30*

217 1140 360 1167 Anastasii
375 1141 395 1167 I.
410 1141 496 1175 Papae
510 1144 537 1167 et
551 1140 631 1167 Conf.
651 1140 727 1174 dupl.
746 1141 787 1167 27.
802 1140 892 1175 April.
995 1141 1047 1168 28*

217 1179 327 1206 Aniceti
342 1181 427 1214 Papae
441 1184 468 1207 et
483 1180 563 1206 Mart.
583 1180 658 1214 dupl.
680 1181 719 1206 17.
734 1179 822 1213 April.
994 1181 1047 1207 24*

216 1218 337 1245 Antheri
352 1220 435 1253 Papae
451 1223 478 1246 et
491 1220 572 1246 Mart.
591 1219 666 1253 dupl.
687 1219 727 1245 11.
742 1219 823 1246 Febr.
1010 1220 1046 1246 4*

216 1257 365 1292 Aufflistini
379 1258 471 1292 Epise.
485 1262 512 1285 et
527 1259 607 1285 Conf.
628 1258 704 1292 dupl.
725 1259 748 1285 7.
768 1259 853 1285 Junii.
992 1259 1045 1286 39*

215 1314 364 1342 Benedicti
379 1315 414 1341 II.
429 1316 515 1349 Papae
530 1318 558 1342 et
571 1315 652 1342 Conf.
674 1316 749 1350 dupl.
769 1317 792 1343 7.
808 1316 880 1349 Maji.
991 1316 1045 1343 29*

215 1354 357 1380 Benedicti
371 1354 487 1388 Josephi
502 1355 595 1381 Labre
609 1355 690 1381 Conf.
709 1355 784 1389 dupl.
806 1355 845 1381 16.
860 1355 950 1389 April.
992 1356 1044 1382 24*

215 1392 351 1419 Bonifacii
366 1393 412 1420 IV.
427 1394 513 1427 Papae
528 1397 555 1420 et
569 1394 649 1421 Conf.
671 1394 747 1428 dupl.
767 1395 807 1421 29.
822 1394 895 1428 Maii.
991 1395 1044 1422 35*

214 1447 346 1476 casimiri
360 1449 440 1476 Conf.
460 1449 605 1484 semidupl.
625 1450 648 1476 5.
664 1449 764 1476 Martii.
994 1451 1045 1479 18*

215 1488 372 1515 Catharinae
382 1488 479 1515 Fliscae
489 1489 616 1516 Adurnae
626 1489 733 1516 Viduae.
748 1490 824 1524 dupl.
839 1490 880 1517 22.
892 1491 972 1517 Mart.
993 1491 1045 1517 20*

215 1527 372 1554 Catharinae
383 1527 513 1555 Senensis
520 1528 595 1562 Virg.
610 1529 685 1563 dupl.
697 1529 719 1555 2,
731 1528 836 1555 classis.
850 1530 891 1556 30.
903 1530 971 1564 Apr.
992 1530 1045 1556 29*

214 1566 285 1592 Cleti
299 1570 326 1592 et
340 1567 493 1594 Marcellini
508 1568 588 1594 Pont.
603 1571 630 1594 et
644 1569 724 1594 Mart.
744 1568 819 1602 dupl.
840 1568 880 1595 26.
896 1569 964 1603 Apr.
992 1570 1045 1596 28*

215 1605 356 1632 Coelestini
372 1606 392 1632 I.
407 1606 493 1640 Papae
507 1610 534 1633 et
548 1607 629 1634 Conf.
649 1607 724 1641 dupl.
745 1608 768 1634 7.
783 1607 873 1641 April.
991 1609 1045 1635 22*

214 1644 311 1677 Cyrilli
331 1645 422 1679 Episc.
444 1646 524 1673 Alex.
545 1646 625 1673 Conf.
646 1649 674 1673 et
694 1646 766 1673 Eccl.
788 1647 870 1674 Doct.
898 1647 974 1682 dupl.

283 1684 323 1710 20.
339 1684 419 1711 Febr.

214 1722 311 1755 Cyrilli
331 1723 421 1757 Epise.
445 1724 632 1759 Hierosolym.
652 1726 732 1753 Conf.
752 1729 780 1752 et
799 1727 871 1754 Ecel.
891 1728 972 1755 Doct.

284 1763 324 1789 20.
340 1763 440 1790 Martii.

213 1816 369 1845 Eleutherii
386 1820 470 1853 Papae
485 1824 511 1847 et
527 1821 607 1848 Mart.
627 1821 702 1855 dupl.
724 1822 746 1848 1.
760 1822 846 1849 Junii.

214 1857 329 1891 Eugenii
343 1858 364 1885 Ι.
380 1859 463 1893 Papae
478 1863 505 1886 et
519 1860 599 1887 Conf.
619 1861 694 1895 dupl.
714 1862 736 1887 2.
752 1861 837 1888 Junii.

213 1908 318 1946 Felicis
332 1918 348 1937 8
363 1911 515 1938 Cantalicio
530 1912 610 1939 Conf.
630 1913 726 1939 semid.
746 1913 786 1939 21.
803 1914 875 1947 Maji.

213 1948 311 1976 Felicis
326 1950 346 1976 1.
362 1950 447 1984 Papae
461 1955 488 1977 et
501 1951 582 1978 Mart.
602 1952 678 1985 dupl.
697 1953 739 1980 30.
755 1953 827 1985 Maii.

213 1988 312 2015 Felicis
327 1990 376 2016 III.
392 1990 477 2024 Papae
491 1994 517 2017 et
531 1991 611 2018 Conf.
632 1992 707 2025 dupl.
727 1992 769 2019 25.
785 1992 867 2018 Febr.
993 1994 1043 2020 14*

213 2027 381 2055 Ferdinandi
396 2030 462 2064 Reg.
478 2030 559 2057 Conf.
579 2031 675 2057 semid.
695 2032 718 2058 8.
734 2031 819 2058 Junii.
990 2033 1043 2060 39*

213 2082 355 2111 Gabrielis
370 2085 508 2120 Archang.
527 2086 595 2121 dupl
609 2088 671 2121 maj.
692 2088 731 2115 18.
748 2088 828 2116 Mart.
990 2091 1042 2117 20*

213 2123 340 2157 Gregorii
356 2125 390 2151 ΙΙ.
406 2126 490 2159 Papae
504 2129 531 2152 et
546 2126 625 2153 Conf.
645 2126 720 2161 dupl.
743 2128 782 2154 13.
798 2128 878 2155 Febr.
992 2130 1042 2196 lg:

991 2226 1043 2252 11*

988 2279 1041 2305 29⁴²

988 2318 1040 2345 33*

987 2370 1039 2396 33*

986 2408 1039 2435 33*

994 1688 1045 1715 14*

991 1767 1043 1794 20*

990 1824 1042 1850 37*

989 1863 1042 1889 38*

990 1915 1044 1941 33*

991 1955 1044 1980 38³·

213 2162 340 2195 Gregorii
354 2164 388 2191 X.
403 2164 489 2199 Papae
503 2169 529 2192 et
543 2166 623 2197 Conf.
644 2166 719 2201 dupl.
741 2167 780 2194 16.
796 2168 876 2195 Febr.

214 2218 322 2253 Hygini
336 2221 421 2255 Papae
435 2225 462 2248 et
476 2222 556 2250 Mart.
577 2223 652 2257 dupl.
673 2224 713 2251 17.
729 2225 809 2251 Febr.

211 2269 384 2299 Inventionis
397 2272 424 2300 S.
439 2274 544 2300 Crucis.
565 2274 640 2309 dupl.
655 2275 679 2302 2.
692 2276 798 2303 classis.
817 2277 841 2304 3.
857 2278 930 2312 Maii.

214 2309 313 2336 Isidori
327 2311 464 2345 Agricolae
479 2313 559 2340 Conf.
579 2314 654 2349 dupl.
675 2316 715 2342 15.
731 2316 803 2350 Maii.

214 2359 331 2388 Joannis
347 2363 367 2389 I.
383 2362 467 2398 Papae
482 2368 509 2391 et
523 2365 602 2392 Mart.
623 2366 698 2401 dupl.
718 2367 759 2394 27.
775 2368 847 2402 Maji.

212 2399 330 2427 Joannis
346 2402 534 2435 Nepomuceni
548 2404 628 2431 Mart.
647 2405 723 2440 dupl.
746 2407 784 2433 17.
800 2407 871 2441 Maji.

1100 1062 1200 1089 Joafiis
1217 1063 1352 1097 Baptistae
1366 1063 1401 1090 de
1416 1064 1499 1092 Rossi
1514 1065 1594 1092 Conf.
1615 1065 1690 1099 dupl.
1710 1066 1751 1093 23.
1766 1065 1839 1101 Maji.
1875 1029 1932 1094 ἓξ

1100 1101 1167 1128 Julii
1183 1102 1204 1129 I.
1219 1102 1305 1137 Papae
1319 1106 1346 1129 et
1361 1102 1441 1130 Conf.
1462 1104 1537 1139 dupl.
1560 1105 1599 1131 12.
1614 1104 1702 1139 April.
1876 1106 1930 1134 23*

1099 1149 1223 1177 Lanceae
1238 1155 1264 1177 et
1279 1151 1430 1178 Clavorum
1446 1153 1481 1179 D.
1495 1154 1529 1181 N.
1543 1153 1570 1180 J.
1585 1154 1615 1181 G.
1635 1153 1748 1188 duplex.
1763 1154 1860 1188 majus.

1168 1190 1248 1216 Feria
1263 1191 1310 1217 VI.
1325 1195 1389 1225 post
1403 1192 1485 1219 Dom.
1501 1193 1521 1219 Ι.
1537 1193 1641 1226 Quadr.
1745 1222 1748 1226 ,

1098 1228 1202 1255 Leonis
1217 1229 1267 1256 111.
1283 1230 1369 1264 Papae
1383 1234 1412 1257 et
1425 1231 1506 1259 Gonf.
1525 1232 1601 1267 dupl.
1621 1232 1661 1260 12.
1676 1233 1762 1260 Junii.

1098 1267 1201 1294 Leonis
1216 1269 1265 1295 IX.
1280 1269 1365 1303 Papae
1379 1273 1407 1296 et
1421 1270 1503 1297 Conf.
1523 1271 1598 1306 dupl.
1620 1272 1659 1298 19.
1674 1271 1763 1306 April.

1098 1306 1177 1333 Lucii
1194 1308 1214 1333 1.
1228 1308 1314 1342 Papae
1329 1312 1357 1335 et
1370 1309 1451 1336 Mart.
1472 1310 1547 1344 dupl.
1566 1311 1591 1337 4.
1606 1311 1707 1338 Martii.

1097 1357 1264 1393 Margaritae
1291 1361 1473 1388 Cortonensis
1501 1362 1675 1390 Poenitentis.
1703 1364 1850 1399 semidupl.

1167 1399 1208 1425 16.
1223 1399 1304 1426 Febr.
1877 1403 1929 1430 15*

1098 1437 1194 1464 Mariae
1209 1439 1381 1472 Magdalenae
1396 1440 1431 1467 de
1445 1441 1545 1468 Pazzis
1559 1442 1635 1476 Virg.
1655 1442 1730 1477 dupl.
1749 1444 1773 1470 3.
1783 1444 1849 1470 Jun.
1876 1442 1930 1470 39*

1098 1477 1194 1503 Mariae
1207 1478 1238 1504 B.
1252 1478 1285 1505 V.
1300 1479 1353 1506 sub
1367 1479 1407 1506 tit.
1422 1480 1566 1507 Auxilium
1581 1481 1763 1510 Christianor.
1777 1482 1858 1510 Conf.

1167 1516 1241 1551 dupl.
1257 1518 1319 1552 maj.
1339 1518 1380 1545 24.
1396 1519 1469 1553 Meni.
1875 1522 1928 1550 33*

1098 1556 1226 1582 Martinae
1240 1557 1314 1591 Virg.
1330 1561 1357 1584 et
1371 1559 1452 1585 Mart.
1472 1559 1548 1593 dupl.
1569 1560 1608 1587 15.
1623 1561 1704 1588 Febr.
1892 1562 1928 1589 8*

1096 1602 1244 1630 Paschalis
1258 1605 1368 1638 Baylon
1383 1605 1463 1633 Conf.
1483 1607 1559 1642 dupl.
1576 1607 1618 1635 22.
1633 1609 1706 1642 Maii.
1875 1610 1928 1637 33*

1098 1642 1241 1669 Paschalis
1256 1644 1276 1670 I.
1293 1644 1378 1678 Papae
1393 1648 1421 1671 et
1435 1645 1516 1673 Conf.
1535 1647 1612 1681 dupl.
1634 1648 1673 1674 14.
1689 1647 1762 1682 Maii.

1097 1681 1220 1716 Philippi
1235 1683 1318 1710 Nerei
1331 1683 1413 1711 Conf.
1432 1685 1508 1720 dupl.
1523 1686 1547 1712 2.
1561 1686 1668 1713 classis.
1688 1687 1729 1714 26.
1745 1688 1816 1722 Maii.

1096 1721 1171 1747 Pret.
1187 1721 1334 1756 Sanguinis
1349 1724 1384 1749 D.
1398 1725 1431 1752 N.
1447 1725 1473 1751 .J.
1487 1725 1517 1752 C.
1537 1726 1612 1760 dupl.
1627 1727 1690 1761 mai.
1714 1727 1796 1754 Feria
1810 1728 1858 1755 IV.

1166 1764 1231 1794 post
1245 1762 1328 1788 Dom.
1343 1763 1391 1789 IV.
1407 1763 1512 1796 Quadr.

1096 1806 1232 1843 Quinque
1252 1808 1407 1837 Vulneruni
1428 1812 1462 1838 D.
1483 1812 1516 1840 N.
1537 1813 1563 1839 J.
1585 1813 1615 1840 C.
1643 1814 1746 1848 duplex
1760 1815 1857 1848 majus.

1166 1847 1246 1874 Feria
1260 1849 1308 1876 VI.
1322 1854 1387 1884 post
1402 1851 1484 1877 Dom.
1499 1851 1550 1879 III.
1565 1853 1705 1887 Quadrag.
1876 1854 1929 1881 15*

1095 1894 1261 1929 Raymundi
1275 1897 1310 1924 de
1325 1898 1460 1925 Pefiafort
1475 1899 1555 1926 Conf.
1574 1900 1671 1928 semid.
1691 1902 1731 1928 18.
1747 1902 1827 1930 Febr.
1878 1902 1930 1929 12*

1095 1941 1234 1977 Simplicii
1248 1944 1334 1979 Papae
1348 1949 1375 1972 et
1389 1946 1470 1973 Conf.
1489 1947 1565 1982 dupl.
1585 1949 1608 1975 2.
1623 1949 1724 1976 Martii.
1876 1951 1927 1979 16*

1095 1981 1227 2009 Sindonis
1246 1984 1280 2010 D.
1302 1985 1334 2012 N.
1349 1985 1375 2012 J.
1395 1986 1425 2013 C.
1451 1986 1528 2021 dupl.
1547 1988 1610 2022 maj.
1636 1988 1718 2015 Feria
1732 1990 1780 2017 VI.
1793 1994 1858 2025 post

1166 2022 1248 2048 Dom.
1263 2023 1299 2049 11.
1315 2023 1454 2059 Quadrag.
1876 2030 1928 2057 15*

1096 2061 1201 2088 Soteris
1215 2065 1242 2088 et
1255 2062 1314 2096 Caji
1328 2064 1409 2090 Pont.
1424 2067 1452 2091 et
1466 2065 1546 2092 Mart.
1567 2066 1643 2101 dupl.
1663 2068 1703 2094 22.
1718 2067 1807 2103 April.
1873 2070 1927 2097 28*

1095 2100 1226 2128 Stanislai
1241 2102 1332 2136 Episc.
1348 2108 1375 2130 et
1389 2104 1469 2131 Mart.
1488 2105 1564 2139 dupl.
1590 2107 1630 2133 13.
1645 2106 1717 2141 Maji.
1873 2108 1926 2135 31⁴*

1095 2148 1266 2184 Telesphori
1280 2152 1365 2185 Papae
1379 2155 1407 2179 et
1419 2153 1500 2179 Mart.
1519 2153 1595 2188 dupl.
1615 2154 1655 2181 12.
1670 2155 1751 2183 Febr.
1890 2156 1927 2183 5*

1096 2188 1151 2215 Titi
1166 2190 1258 2224 Epise.
1274 2194 1301 2217 et
1315 2190 1395 2218 Conf.
1417 2192 1492 2226 dupl.
1514 2193 1554 2220 19.
1569 2193 1650 2221 Febr.
1873 2196 1926 2223 14*
1951 2219 1955 2221 .

1094 2235 1206 2265 Urbani
1221 2238 1242 2264 I.
1256 2237 1341 2272 Papae
1355 2241 1383 2265 et
1397 2240 1478 2269 Mart.
1498 2240 1574 2275 dupl.
1594 2242 1636 2268 28.
1651 2242 1724 2277 Maji.
1872 2243 1925 2271 34*

1094 2282 1181 2318 Xysti
1196 2284 1217 2311 Ι.
1233 2285 1320 2319 Papae
1334 2289 1362 2312 et
1375 2286 1456 2316 Conf.
1475 2287 1550 2322 dupl.
1570 2290 1594 2315 6.
1608 2289 1698 2324 April.
1871 2291 1925 2318 21*

1093 2323 1178 2357 Xysti
1195 2324 1244 2350 III.
1259 2325 1345 2359 Papae
1359 2329 1386 2352 et
1401 2326 1481 2353 Conf.
1501 2327 1577 2362 dupl.
1597 2329 1638 2355 28.
1653 2329 1754 2356 Martii.
1871 2331 1925 2358 20*

1091 2370 1239 2399 Zachariae
1252 2373 1339 2407 Papae
1353 2377 1380 2400 et
1395 2374 1475 2402 Conf.
1495 2375 1571 2410 dupl.
1591 2377 1632 2403 15.
1647 2377 1748 2405 Martii.
1872 2378 1924 2406 18*

1093 2410 1196 2437 Zosimi
1210 2412 1294 2446 Papae
1308 2416 1335 2439 et
1349 2413 1430 2441 conf.
1449 2414 1526 2449 dupl.
1544 2415 1568 2442 9.
1582 2415 1663 2443 Febr.
1888 2417 1924 2444 3*

1877 1194 1928 1221 15*

1875 1233 1930 1261 39*

1876 1273 1930 1300 27*

1877 1312 1930 1340 17⁴*

1875 1649 1928 1676 31*

1875 1688 1928 1715 33*

1877 1766 1929 1793 15*

804 2553 1330 2594 —-—·v⁵&ffle÷v·——
