2028 2892
732 203 841 236 Fcria
868 215 899 236 γ.
927 204 962 235 in
990 204 1110 236 (huna
1136 196 1302 237 Domini.

165 302 317 343 choro:
340 302 364 327 *
388 299 566 341 laudate
601 311 702 341 eum
732 300 776 340 in
809 299 996 349 chordis,

165 363 210 399 et
229 359 408 408 organo.

216 412 417 454 Laudate
442 425 543 454 eum
566 412 611 452 in
635 411 847 464 cymbalis
867 411 996 453 bene-

165 469 440 511 sonantibus:
475 467 655 509 laudate
684 481 784 509 eum
810 468 854 508 in
882 469 996 519 cym-

164 525 275 566 balis
299 524 580 577 jubilationis:
602 524 626 549 *
650 524 793 565 omnis
817 523 997 576 spiritus

164 581 314 623 laudet
332 581 583 622 Deminum.

215 638 313 678 Ant.
351 637 539 679 Oblatus
572 641 640 678 est
669 636 770 688 quia
798 635 895 688 ipse
923 636 996 676 vo-

166 693 262 743 luit,
286 698 330 735 et
354 695 540 745 peecata
563 697 714 734 nostra
735 692 832 744 ipse
850 693 997 744 porta-

164 749 238 790 vit.

216 812 435 854 (sslapituluni
458 820 493 846 et
511 812 685 856 Hymnus
704 823 778 845 non
803 812 990 846 dicuntur.

217 860 265 910 X.
286 863 434 904 Homo
454 861 576 914 pacis
594 873 717 910 meae,
735 860 779 900 in
796 871 883 911 quo
901 871 996 911 spe-

165 920 270 962 ravi.
317 923 365 972 R.
397 917 482 968 Qui
510 916 670 958 edebat
696 928 834 969 panes
860 926 997 964 meos,

165 975 393 1028 ampliavit
421 973 657 1015 adversum
687 985 758 1013 me
791 970 996 1024 supplan-

164 1032 387 1074 tatienem.

221 1089 284 1128 Ad
311 1089 468 1127 chcd.
499 1089 592 1127 Ant.
620 1084 831 1126 Traditor
849 1087 998 1125 autem

166 1142 288 1186 dedit
324 1142 388 1183 eis
425 1143 612 1193 signum,
649 1140 814 1182 dicens:
855 1139 998 1189 Quem

166 1198 392 1241 osculatus
428 1198 570 1247 fuero,
605 1198 700 1250 ipse
731 1200 814 1246 est,
849 1196 998 1236 tenete

166 1268 277 1297 eum.

333 1312 556 1351 Canticum
589 1311 825 1351 Zachariae.

467 1368 579 1401 Lucae
608 1368 631 1401 1,
660 1379 691 1404 ἐξ.

166 1418 474 1524 Benedictus
490 1420 706 1462 Deminus
716 1420 840 1461 Deus
850 1418 998 1468 Israel,

260 1480 283 1504 *
305 1479 407 1531 quia
420 1477 624 1527 visitavit,
644 1481 688 1518 et
706 1476 812 1517 fecit
830 1475 998 1517 redem-

165 1535 365 1588 ptionem
382 1534 524 1587 plebis
544 1546 650 1575 suae:

218 1591 276 1632 Et
303 1591 442 1632 erexit
467 1602 604 1631 cornu
630 1589 785 1630 salutis
809 1588 952 1630 nobis:
974 1587 999 1614 *

167 1647 211 1687 in
231 1646 364 1688 domo
383 1646 530 1687 David
549 1645 676 1697 pueri
696 1645 773 1686 sui.

221 1703 342 1744 Sicut
365 1702 540 1744 locutus
565 1706 633 1743 est
655 1713 736 1753 per
760 1714 810 1742 os
830 1701 1000 1741 sancto-

168 1771 283 1808 rum,
301 1758 326 1784 *
347 1758 421 1810 qui
440 1771 467 1799 a
485 1757 649 1799 saeculo
670 1762 787 1807 sunt,
809 1756 1000 1809 prophe-

168 1816 313 1856 tarum
332 1814 438 1865 ejus:

221 1870 417 1912 Salutem
435 1883 491 1912 ex
509 1868 696 1911 inimicis
715 1869 894 1919 nostris,
913 1869 938 1896 *
957 1873 1000 1909 et

170 1926 227 1969 de
242 1939 374 1968 manu
389 1926 594 1977 emnium,
610 1926 687 1978 qui
702 1924 890 1967 oderunt
904 1937 1001 1966 nos:

221 1982 295 2025 Ad
351 1982 597 2024 faciendam
655 1980 1001 2023 misericordiam

170 2051 271 2081 cum
295 2038 497 2092 patribus
521 2038 699 2080 nostris:
721 2038 746 2064 *
771 2042 815 2079 et
838 2049 1000 2078 memo-

169 2095 258 2136 rari
273 2095 526 2137 testamenti
545 2094 612 2136 sui
632 2093 781 2135 sancti.

222 2152 247 2193 J
250 2150 549 2203 usjurandum,
594 2149 715 2203 quod
750 2149 908 2201 juravit
945 2149 1002 2191 ad

170 2207 397 2250 Abraham
415 2211 587 2260 patrem
605 2210 816 2255 nostrum,
834 2206 858 2231 *
878 2205 1001 2246 datu-

170 2276 269 2304 rum
287 2270 335 2305 se
354 2263 498 2305 nobis:

222 2319 282 2361 Ut
308 2320 401 2361 sine
423 2319 596 2368 timore,
625 2317 680 2359 de
706 2331 838 2359 manu
866 2317 1001 2358 inimi-

173 2377 325 2416 cerum
358 2377 612 2417 nostrorum
645 2373 834 2424 libereti,
863 2375 886 2400 *
914 2387 1001 2415 ser-

172 2431 341 2472 viamus
359 2430 433 2472 illi.

225 2487 275 2527 In
304 2488 552 2538 sanctitate,
590 2492 634 2529 et
662 2486 825 2538 iustitia
853 2498 1002 2527 coram

173 2541 283 2595 ipso,
302 2544 325 2568 *
346 2543 547 2585 omnibus
566 2543 723 2585 diebus
742 2543 916 2584 nostris.

226 2599 282 2639 Et
306 2604 353 2639 tu
378 2613 503 2651 puer,
542 2599 765 2652 Propheta
788 2598 1001 2639 Altissimi

174 2653 419 2695 vocaberis:
437 2656 461 2681 *
481 2655 660 2708 praeibis
684 2655 799 2697 enim
824 2660 924 2696 ante
945 2655 1002 2695 fa-

174 2710 288 2751 ciem
305 2710 483 2751 Demini
501 2714 657 2763 parare
676 2711 770 2753 vias
790 2711 896 2762 ejus:

1102 297 1176 339 Ad
1221 297 1413 339 dandam
1459 298 1687 339 scientiam
1729 297 1883 338 salutis

1049 354 1171 406 plebi
1197 354 1303 406 ejus:
1328 355 1352 380 *
1377 354 1421 394 in
1453 354 1758 395 remissi6nem
1781 365 1883 405 pec-

1051 412 1250 451 catorum
1269 412 1437 452 eorum:

1102 467 1187 508 Per
1231 468 1402 508 viscera
1445 466 1760 509 misericordiae
1798 465 1885 507 Dei

1050 522 1206 563 nostri:
1237 522 1262 548 *
1292 522 1338 563 in
1371 521 1532 574 quibus
1562 522 1759 564 visitavit
1790 533 1884 572 nos,

1052 579 1196 620 oriens
1215 591 1271 620 ex
1290 578 1396 620 alto:

1102 634 1355 676 Illuminare
1384 635 1469 685 his,
1507 635 1582 688 qui
1607 634 1652 675 in
1678 633 1884 683 tenebris,

1051 691 1156 732 etin
1175 689 1333 734 umbra
1350 691 1505 732 mortis
1524 690 1695 733 sedent:
1709 690 1734 716 *
1748 689 1806 731 ad
1821 689 1884 731 di-

1051 746 1259 798 rigendos
1296 746 1435 799 pedes
1473 752 1651 789 nostros
1687 746 1733 787 in
1768 745 1885 787 viam

1050 815 1185 855 pac1s.

1099 860 1199 900 Ant.
1243 856 1454 900 Traditor
1488 863 1636 900 autem
1668 856 1791 899 dedit
1822 855 1884 899 eis

1052 915 1239 965 signum,
1276 914 1442 956 dicens:
1483 914 1625 964 Quem
1660 912 1884 955 osculatus

1052 970 1190 1022 fuero,
1207 971 1303 1024 ipse
1323 975 1402 1021 est,
1420 972 1568 1012 tenete
1588 983 1699 1012 eum.

1105 1032 1260 1066 Interim
1292 1032 1379 1065 duni
1412 1031 1552 1065 dicitur
1580 1031 1780 1065 Canticum
1810 1031 1882 1065 Be-

1051 1079 1239 1115 nedictus.
1254 1080 1456 1113 exstinctis
1474 1079 1581 1122 prius
1600 1079 1778 1114 omnibus
1793 1090 1879 1113 can-

1051 1128 1148 1161 delis
1168 1128 1204 1161 in
1224 1128 1459 1161 candelam-‹1›
1478 1127 1715 1169 triangulari,
1740 1132 1881 1170 praeter

1053 1187 1175 1210 unani.
1199 1187 1284 1218 quae
1307 1175 1435 1217 posita
1458 1180 1515 1208 est
1535 1175 1573 1208 in
1593 1175 1772 1209 sumitate
1795 1185 1881 1209 can·

1051 1223 1216 1265 delubri,
1258 1223 1556 1263 exstinguuntur
1591 1223 1779 1265 paulatim
1811 1233 1881 1257 sex

1051 1271 1223 1304 candelae
1253 1271 1394 1313 positae
1424 1282 1444 1303 a
1472 1270 1666 1313 principio
1689 1281 1807 1314 Supra
1830 1271 1881 1305 al-

1051 1324 1146 1354 tare.
1172 1319 1222 1352 ita
1246 1323 1285 1352 ut
1312 1319 1346 1351 in
1372 1318 1506 1352 ultimo
1524 1328 1639 1352 versu
1660 1319 1881 1361 exstingua-

1050 1371 1111 1400 tur
1143 1367 1277 1400 ultima
1311 1366 1488 1400 candela:
1529 1366 1707 1400 similiter
1739 1367 1881 1400 exstin-

1051 1420 1219 1454 guuntur
1258 1415 1460 1457 lampades
1496 1420 1532 1448 et
1571 1415 1775 1448 luminaria
1812 1424 1883 1458 per

1052 1463 1265 1496 ecclesiam.
1306 1462 1400 1495 Cum
1427 1462 1612 1505 repetitur
1635 1463 1725 1497 Ant.
1749 1461 1883 1496 Trami-

1053 1514 1124 1546 tor.
1144 1511 1332 1553 accipitur
1354 1520 1534 1553 suprema
1552 1510 1714 1544 candela
1731 1521 1780 1544 ex
1797 1519 1883 1544 can-

1053 1558 1228 1592 delabro.
1261 1563 1296 1591 et
1327 1558 1579 1592 absconditur
1608 1560 1680 1593 sub
1707 1558 1819 1593 altari
1844 1557 1883 1591 in

1053 1616 1169 1640 cornu
1202 1607 1400 1650 Epistolae.
1456 1606 1635 1649 Repetita
1666 1607 1754 1641 Ant.
1792 1610 1884 1650 post

1056 1652 1296 1688 Benedictus·
1325 1654 1481 1688 dicitur:

1104 1701 1155 1751 V.
1180 1703 1379 1746 Christus
1399 1702 1541 1744 factus
1561 1706 1628 1744 est
1650 1714 1734 1756 pro
1753 1701 1881 1744 nobis

1054 1760 1267 1803 obediens
1285 1771 1427 1812 usque
1445 1758 1504 1800 ad
1520 1763 1720 1800 mortem.

1221 1821 1399 1855 Secunda
1423 1826 1535 1855 nocte
1561 1821 1717 1855 additur

1105 1874 1296 1916 Mortem
1315 1875 1462 1914 autem
1480 1871 1634 1912 crucis.

1242 1933 1372 1967 Tertia
1397 1937 1509 1967 nocte
1536 1933 1692 1967 additur

1104 1987 1295 2039 Propter
1318 1983 1440 2038 quod
1463 1987 1509 2025 et
1530 1983 1653 2024 Deus
1676 1981 1886 2024 exaltavit

1053 2043 1185 2093 illum,
1205 2047 1249 2084 et
1268 2040 1391 2083 dedit
1407 2040 1470 2081 illi
1488 2051 1658 2088 nomen,
1681 2036 1802 2090 quod
1818 2041 1885 2079 est

1054 2111 1187 2152 super
1206 2110 1336 2140 omne
1354 2108 1526 2138 nomen.

1103 2157 1232 2239 Etisi'c
1257 2158 1398 2191 dicitur
1421 2157 1535 2191 etiam
1561 2167 1630 2200 per
1652 2166 1784 2191 omnes
1804 2156 1882 2190 Ho-

1054 2216 1115 2238 l‘aS
1170 2216 1229 2239 lCl.

1105 2253 1200 2287 Cum
1239 2253 1422 2295 incipitur
1458 2248 1502 2293 Y.
1546 2250 1725 2287 Christus
1758 2249 1884 2285 faetus

1055 2305 1124 2337 est.
1138 2311 1270 2334 ornnes
1285 2302 1558 2343 genuflectunt:
1578 2305 1614 2336 ct
1628 2310 1673 2334 eo
1688 2300 1807 2342 finito,
1828 2300 1882 2334 di-

1054 2349 1150 2381 citur
1182 2348 1293 2383 Pater
1308 2351 1450 2383 noster.
1471 2355 1593 2383 toturn
1619 2349 1690 2383 sub
1716 2348 1882 2382 silentio.

1054 2396 1192 2429 Postea
1231 2395 1292 2428 Ps.
1333 2395 1516 2430 Miserere
1554 2393 1630 2428 mei
1662 2393 1779 2428 Deus.
1809 2391 1884 2426 224.

1054 2443 1332 2486 aliquantulum
1369 2444 1498 2478 altius:
1538 2454 1614 2487 quo
1651 2443 1759 2477 finito
1799 2443 1881 2476 sinc

1055 2492 1226 2527 Oremus.
1250 2490 1390 2523 dicitur
1415 2492 1531 2525 simili
1557 2501 1653 2525 voce

1140 2599 1303 2652 espice‚
1323 2544 1575 2650 quggggssl's
1592 2597 1797 2646 Domine,
1817 2609 1884 2637 su-

1157 2668 1238 2708 per
1261 2654 1374 2695 hanc
1399 2653 1607 2694 familiam
1631 2657 1769 2702 tuam,
1800 2665 1882 2705 pro

1057 2724 1143 2764 qua
1175 2711 1391 2752 Deminus
1424 2714 1575 2751 noster
1606 2709 1734 2750 Jesus
1765 2707 1884 2749 Chri-
