2028 2892
703 189 904 223 Dominica
930 189 974 223 ΙΙ.
999 193 1090 231 post
1115 188 1274 221 Pascha.

1771 185 1837 221 281

133 294 227 322 ram
261 283 430 330 eerum,
473 281 597 332 quasi
627 285 730 333 post
764 280 963 332 quadrin-

134 339 291 388 gentos
321 342 365 379 et
393 337 708 389 quinquaginta
736 349 888 377 annos:
921 341 964 378 et

135 398 239 445 post
270 393 368 434 haec
396 392 519 434 dedit
547 393 712 444 iudices
739 405 879 444 usque
909 392 965 433 ad

135 449 311 491 samuel
330 449 610 501 Prophetam.

193 512 243 563 R.
292 505 469 546 Virtute
519 517 679 555 magna
723 503 967 545 reddebant

136 561 358 614 Apestoli‚
386 566 407 590 *
433 561 752 602 Testimonium
779 572 966 601 resurre-

138 617 294 659 ctionis
314 617 339 657 J
342 630 419 658 esu
440 617 601 658 Christi
619 616 797 657 Domini
817 616 967 665 nostri,

138 673 326 725 alleluia,
358 672 540 724 alleluia.
583 670 633 721 V.
665 672 841 724 Repleti
878 672 967 723 qui-

139 729 240 770 dem
276 729 442 781 Spiritu
485 733 638 770 sancto
675 727 969 780 loquebantur

140 798 240 827 cum
271 784 434 826 fiducia
463 784 647 826 verbum
678 785 773 825 Dei.
829 783 969 824 Testi-

139 841 346 882 menium.

454 894 604 934 Lectio
626 893 665 932 ii.

225 954 244 991 t
271 948 429 991 exinde
451 948 786 1001 postulaverunt
809 959 971 997 regem:

233 1011 278 1047 et
309 1005 431 1047 dedit
456 1005 542 1045 illis
563 1005 684 1046 Deus
707 1003 810 1045 Saul
835 1003 972 1044 filium

144 1063 233 1112 Cis,
261 1063 404 1104 virum
424 1061 479 1103 de
497 1061 615 1103 tribu
634 1061 874 1112 Beniamin,
901 1073 972 1100 an-

142 1119 210 1160 nis
249 1117 549 1170 quadraginta.
601 1117 659 1158 Et
697 1119 845 1157 arneto
882 1115 974 1165 illo,

144 1175 375 1216 suscitavit
405 1173 491 1214 illis
524 1172 670 1214 David
704 1185 869 1223 regem:
906 1171 975 1212 cui

142 1230 442 1272 testimenium
466 1228 719 1281 perhibens,
752 1227 875 1269 dixit:
907 1227 974 1267 In-

143 1287 244 1328 veni
262 1285 408 1327 David
427 1285 566 1326 filium
584 1285 609 1325 J
612 1297 724 1333 esse,
750 1284 892 1325 virum
911 1295 975 1324 se-

145 1342 337 1384 cundum
368 1354 445 1382 cor
469 1353 634 1390 meum,
669 1340 743 1391 qui
774 1339 906 1380 faciet
933 1351 975 1379 o-

143 1411 269 1440 mnes
282 1397 532 1439 voluntates
546 1409 678 1437 meas.
699 1396 845 1447 Huius
855 1395 976 1435 Deus

146 1467 201 1496 ex
238 1453 405 1495 semine
444 1451 686 1493 secundum
723 1450 976 1503 promissie-

146 1523 248 1551 nem
275 1508 426 1550 eduxit
449 1507 587 1549 Israel
612 1507 886 1549 Salvatorem
909 1506 933 1546 J
936 1518 976 1546 e-

147 1579 261 1615 sum,
294 1563 566 1620 praedicante
594 1564 762 1604 Joanne
791 1566 891 1603 ante
918 1562 976 1602 fa-

149 1622 261 1664 ciem
310 1620 523 1662 adventus
574 1620 665 1670 eius
709 1618 979 1670 baptismum

148 1677 421 1730 poenitentiae
463 1675 583 1717 omni
623 1674 790 1727 pepulo
831 1673 979 1714 Israel.

151 1734 261 1775 Cum
283 1732 488 1785 impleret
511 1736 659 1773 autem
677 1731 701 1771 J
705 1733 867 1772 oannes
887 1742 979 1770 cur-

151 1803 248 1831 sum
267 1802 411 1838 suum,
439 1787 628 1829 dicebat:
656 1787 797 1836 Quem
821 1798 892 1827 me
916 1798 979 1826 ar-

150 1845 373 1888 bitramini
398 1857 512 1894 esse,
537 1855 627 1884 non
652 1856 749 1883 sum
775 1854 872 1893 eg03
901 1840 981 1882 sed

154 1914 257 1943 ecce
276 1901 396 1942 venit
414 1904 517 1952 post
535 1912 617 1948 me,
636 1900 757 1948 cuius
776 1910 864 1938 non
884 1910 981 1938 sum

154 1957 311 2008 dignus
356 1956 652 1997 calceamenta
694 1953 859 2006 pedum
898 1952 981 1993 sel-

153 2026 268 2055 vere.

206 2068 259 2119 R.
300 2069 370 2110 De
407 2081 484 2109 ore
519 2065 747 2119 prudentis
782 2062 983 2117 procedit

154 2125 258 2175 mel,
296 2124 483 2176 alleluia:
524 2121 712 2164 dulcedo
743 2120 885 2161 mellis
917 2123 984 2160 est

157 2180 238 2222 sub
262 2180 409 2231 lingua
439 2179 546 2231 eius,
579 2177 765 2229 alleluia:
791 2174 813 2197 *
839 2175 984 2215 Favus

158 2236 375 2278 distillans
398 2235 516 2276 labia
535 2235 643 2286 eiuS,
668 2232 856 2283 alleluia,
885 2230 984 2271 alle-

157 2293 254 2345 luia.
308 2286 359 2337 V.
403 2291 624 2343 Sapientia
665 2287 900 2340 requiescit
942 2285 986 2325 in

159 2348 294 2390 corde
313 2349 422 2400 eius,
449 2352 493 2388 et
510 2345 743 2398 prudentia
760 2345 804 2384 in
825 2343 984 2384 serme-

159 2418 214 2446 ne
234 2405 322 2446 oris
341 2404 466 2444 illius.
494 2403 640 2443 Favus
660 2400 884 2442 distillans.

462 2459 614 2501 Lectio
633 2459 688 2498 iii.

161 2513 303 2619 Viri
334 2520 509 2569 fratres,
544 2517 623 2558 filii
653 2515 823 2568 generis
851 2512 986 2554 Abra·
1044 2506 1050 2519 ¹·
1081 2497 1126 2522 Ἡ

264 2577 382 2625 ham,
422 2580 465 2616 et
498 2574 572 2626 qui
602 2574 646 2613 in
677 2571 803 2613 vobis
833 2569 988 2610 timent

162 2632 323 2682 Deum,
342 2630 468 2673 vobis
487 2629 671 2671 verbum
690 2626 842 2668 salutis
862 2623 987 2674 huius

162 2688 344 2728 missum
370 2691 447 2728 est.
485 2686 570 2735 Qui
594 2685 710 2725 enim
733 2679 989 2722 habitabant

318 2827 381 2851 Pars
397 2826 422 2851 V
423 2833 490 2850 eeeee

1013 280 1272 329 Jerusalem,
1301 284 1344 320 et
1366 280 1587 332 principes
1611 281 1702 331 ejus
1725 279 1840 321 hunc

1014 337 1278 387 ignorantes,
1301 341 1344 377 et
1362 348 1494 376 voces
1514 335 1840 388 prophetarum,

1017 405 1115 444 quae
1135 405 1215 444 per
1235 405 1362 433 omne
1381 391 1611 432 sabbatum
1628 391 1841 442 leguntur,

1016 446 1257 499 iudicantes
1276 447 1584 501 impleverunt,
1614 452 1656 488 et
1678 448 1841 488 nullam

1018 516 1196 545 causam
1222 504 1376 544 mortis
1404 503 1672 543 invenientes
1705 503 1749 543 in
1778 516 1841 553 eo,

1018 560 1238 612 petierunt
1257 572 1282 599 a
1304 559 1459 608 Pilato,
1483 563 1530 599 ut
1548 559 1843 600 interficerent

1020 629 1130 657 eum.
1170 615 1368 667 Cumque
1396 617 1772 656 consummassent
1800 617 1842 656 ό-

1019 672 1135 712 mnia
1158 684 1256 723 quae
1276 671 1331 712 de
1351 684 1404 712 eo
1428 671 1591 722 scripta
1611 676 1748 719 erant,
1773 671 1844 712 de-

1020 729 1236 780 ponentes
1256 740 1354 768 eum
1374 727 1428 768 de
1446 726 1580 777 ligno,
1605 728 1845 778 posuerunt

1022 797 1121 824 eum
1156 784 1200 823 in
1236 785 1530 824 monumento.
1583 783 1703 823 Deus
1741 795 1845 823 vero

1022 840 1250 880 suscitavit
1290 852 1389 880 eum
1430 852 1455 879 a
1495 838 1678 879 mertuis
1720 838 1847 879 tertia

1023 896 1107 937 die:
1134 896 1208 947 qui
1232 896 1349 936 visus
1376 900 1442 936 est
1464 907 1544 946 per
1570 893 1662 935 dies
1686 894 1847 935 multos

1022 951 1107 1001 his,
1128 952 1203 1003 qui
1221 951 1348 992 simul
1367 950 1655 992 ascenderant
1675 963 1774 990 cum
1793 962 1846 991 eo

1024 1007 1079 1049 de
1109 1007 1292 1048 Galilaea
1319 1007 1360 1047 in
1390 1006 1647 1048 Jerusalem:
1682 1006 1755 1057 qui
1781 1019 1848 1047 us-

1026 1077 1110 1115 que
1138 1076 1253 1104 nunc
1278 1067 1377 1103 sunt
1402 1067 1538 1103 testes
1564 1063 1653 1113 eius
1679 1061 1735 1102 ad
1760 1062 1848 1114 ple-

1024 1120 1136 1161 bem.
1183 1120 1239 1160 Et
1278 1131 1359 1159 nos
1390 1118 1516 1160 vobis
1548 1118 1850 1159 annuntiamus
1900 1124 1901 1128 ’

1027 1189 1133 1224 eam,
1153 1188 1251 1227 quae
1271 1174 1327 1215 ad
1346 1179 1495 1226 patres
1514 1179 1688 1214 nostros
1706 1185 1851 1225 repro-

1026 1231 1176 1272 missio
1219 1231 1335 1271 facta
1376 1235 1461 1271 est:
1504 1230 1709 1281 queniam
1743 1229 1855 1269 hanc

1027 1288 1149 1328 Deus
1183 1286 1438 1338 adimplevit
1472 1285 1573 1326 filiis
1602 1284 1763 1326 nostris
1791 1297 1854 1325 re-

1014 1343 1245 1384 suscitans
1270 1343 1294 1382 J
1298 1355 1436 1390 esum,
1465 1341 1577 1382 sicut
1603 1346 1646 1382 et
1671 1341 1714 1380 in
1738 1340 1854 1380 Psal-

1027 1412 1101 1439 mo
1134 1397 1328 1439 secundo
1361 1398 1572 1449 scriptum
1605 1401 1688 1437 est:
1719 1396 1854 1436 Filius

1028 1467 1152 1496 meus
1171 1467 1217 1495 es
1236 1452 1294 1503 tu',
1315 1466 1397 1504 ego
1416 1453 1549 1494 hodie
1566 1452 1696 1503 genui
1714 1456 1768 1492 te.

1086 1516 1134 1566 Rv-
1157 1518 1273 1559 Ecce
1297 1518 1401 1558 vicit
1424 1517 1493 1558 leo
1519 1516 1573 1557 de
1597 1515 1713 1556 tribu
1731 1515 1755 1555 J
1757 1515 1854 1564 uda,

1029 1573 1154 1615 radix
1185 1573 1347 1623 David,
1390 1575 1560 1625 aperire
1592 1571 1766 1620 librum,
1812 1575 1856 1611 et

1031 1631 1203 1671 salvere
1235 1634 1405 1682 septem
1438 1627 1659 1679 signacula
1692 1628 1798 1667 e'us:
1831 1623 1851 1645 *

1030 1686 1234 1738 Alleluia,
1267 1685 1451 1736 alleluja,
1480 1684 1661 1735 alleluia.
1784 1682 1856 1722 Di-

1031 1756 1141 1795 gnus
1174 1747 1240 1783 est
1271 1742 1422 1792 Agnus
1463 1740 1536 1792 qui
1569 1741 1739 1780 occisus
1777 1742 1856 1788 est,

1033 1801 1233 1851 accipere
1256 1797 1478 1846 virtutem,
1506 1800 1550 1837 et
1575 1794 1856 1842 divinitatem,

1034 1860 1077 1896 et
1101 1854 1376 1906 sapientiam,
1405 1857 1448 1894 et
1470 1849 1788 1898 fortitudinem,
1813 1853 1856 1889 et

1032 1911 1263 1959 honerem,
1295 1914 1339 1950 et
1372 1908 1571 1959 gloriam,
1608 1911 1652 1947 et
1682 1904 1855 1946 benedi-

1034 1967 1236 2008 ctienem.
1288 1964 1486 2016 Alleluia.
1542 1962 1692 2003 Gloria
1726 1959 1855 2002 Patri.

1035 2021 1231 2074 Alleluia.

1262 2100 1311 2140 In
1338 2100 1388 2139 11.
1415 2100 1638 2139 Nooturno.

1109 2166 1261 2208 Sermo
1290 2166 1427 2207 sancti
1454 2164 1613 2206 Leanis
1640 2164 1783 2214 Papae.

1040 2231 1157 2266 Serm.
1182 2231 1209 2271 1,
1235 2229 1282 2263 de
1307 2227 1546 2262 Ascensionc
1570 2222 1739 2263 Domini,
1771 2226 1859 2264 post

1372 2275 1530 2310 initium.

1341 2329 1491 2371 Lectio
1510 2328 1561 2367 iv.

1047 2422 1050 2444 3
1080 2421 1124 2448 s
1173 2399 1186 2438 i
1223 2397 1331 2445 dies,
1373 2393 1657 2443 dilectissimi,
1691 2393 1765 2444 qui
1796 2393 1858 2432 'in-

1189 2459 1256 2495 ter
1287 2450 1650 2493 resurrectionem
1681 2447 1858 2488 Demini

1190 2507 1575 2556 ascensionemque
1625 2504 1859 2551 fluxerunt,

1038 2579 1128 2607 non
1150 2566 1294 2606 otieso
1317 2561 1527 2602 transiere
1552 2559 1755 2607 decursu,
1782 2557 1860 2598 sed

1038 2633 1197 2671 magna
1239 2619 1282 2659 in
1327 2618 1388 2658 eis
1428 2615 1683 2656 confirmata
1721 2625 1860 2654 sacra-

1039 2679 1200 2725 menta,
1231 2685 1386 2722 magna
1419 2675 1519 2712 sunt
1548 2670 1742 2712 revelata
1772 2681 1860 2719 my-

1597 2800 1636 2831 19
