2066 2904
639 159 710 192 Die
733 158 787 191 29.
814 158 971 200 Aprilis.
1019 157 1053 191 S.
1082 156 1180 189 Petri
1207 155 1397 198 Mai-tyris.

162 256 398 299 sessionem
425 254 605 296 ductum
630 253 687 295 ad
715 252 990 306 supplicium,

161 311 387 365 paululum
427 311 472 352 in
514 310 746 352 tormentis
787 309 990 358 titubare,

163 367 438 411 exclamavit:
470 367 667 409 Ursicine
695 365 880 416 medice,
917 366 991 418 qui

164 426 273 467 alios
293 426 446 467 curare
466 423 622 466 selitus
643 436 705 474 eS,
734 435 841 465 cave
866 436 921 464 ne
946 427 990 464 te

162 482 316 524 mortis
361 483 538 523 aeternae
583 480 726 533 jaculo
773 479 990 522 conficias.

163 540 259 590 Qua
290 550 400 580 voce
433 537 716 579 confirmatus
748 537 990 586 Ursicinus,

162 595 417 648 martyrium
440 594 612 636 fertiter
637 594 810 636 subivit.
847 594 991 644 Quare

162 651 370 693 Paulinus
407 652 610 693 incensus
646 650 839 693 Vitalem
875 662 990 691 com-

162 707 375 761 prehendi
393 707 526 759 jubet,
546 713 590 750 et
609 707 796 759 equuleo
814 712 990 756 tortum,

163 769 297 817 atque
333 764 377 805 in
412 763 677 816 profundam
712 763 886 805 feveam
920 762 991 804 de-

163 823 369 871 mersum,
394 820 615 873 lapidibus
636 820 773 862 obrui.
811 820 908 870 Quo
933 819 991 860 fa-

165 882 236 919 cto
253 876 431 930 quidam
446 877 663 930 Apellinis
679 877 897 926 sacerdos,
919 877 993 929 qui

164 933 393 975 Paulinum
411 935 455 975 in
474 934 666 976 Vitalem
684 934 895 983 incitarat,
916 947 992 987 op·
1117 984 1120 989 ‚

164 992 344 1042 pressus
362 1004 389 1033 a
404 990 616 1041 daemone,
636 991 826 1033 clamare
842 991 994 1044 coepit:
1055 992 1062 1042 ζῇ
1154 997 1155 1005 ’

165 1047 234 1088 Tu
252 1060 322 1089 me
337 1047 517 1088 nimium
532 1047 690 1090 Vitalis
708 1047 868 1090 Christi
881 1048 993 1089 Mar·
1054 1042 1148 1078 '‘2⁹32‘ss

163 1109 235 1156 tyr
257 1102 468 1146 incendis:
495 1109 539 1146 et
561 1104 637 1146 illo
663 1109 775 1146 aestu
798 1105 993 1156 iactatus,

166 1172 213 1202 se
232 1160 527 1214 praecipitavit
544 1161 589 1202 in
608 1161 780 1203 flumen.

220 1226 284 1267 Te
302 1226 446 1268 Deum
466 1225 705 1269 laudamus
726 1227 786 1268 15.

218 1299 260 1332 In
287 1297 483 1332 Laudibus
507 1307 703 1331 commem.
729 1297 763 1331 S.
787 1296 936 1331 Vitalis.

220 1359 319 1399 Ant.
347 1357 471 1399 Fssiae
495 1357 739 1400 Jerusalem
762 1360 924 1407 venite,
953 1363 996 1400 et

168 1413 314 1456 videte
331 1414 547 1466 Martyres
570 1427 668 1456 cum
690 1415 879 1463 cor6nis,
905 1414 995 1467 qui-

168 1470 251 1512 bus
277 1471 503 1513 coronavit
528 1483 604 1513 eos
623 1471 839 1513 Duminus
861 1471 904 1511 in
925 1470 995 1512 die

170 1527 459 1568 solemnitatis
503 1533 546 1569 et
582 1527 763 1578 laetitiae,
808 1527 995 1579 alleluja,

170 1582 351 1635 alleluja.

222 1645 271 1697 V.
290 1649 491 1692 Pretiosa
504 1650 548 1690 in
558 1652 798 1703 conspectu
808 1651 997 1701 Domini,

171 1704 354 1757 aHeluja.
390 1708 440 1760 Κ.
467 1705 588 1748 Mors
617 1709 868 1750 sancturum
896 1708 997 1760 ejus,

171 1760 353 1814 alleluja.

221 1833 407 1877 Vesperae
436 1844 456 1867 a
482 1833 663 1877 Capitulo
693 1833 741 1867 de
772 1842 877 1876 sequ.
911 1843 995 1867 cum

171 1891 367 1916 commem.
391 1882 555 1925 praeced.

403 2001 487 2044 Die
507 2002 573 2043 29.
589 2002 766 2055 Aprilis.

360 2078 403 2120 S.
430 2078 570 2120 Petri
595 2080 809 2131 Martyris.

503 2154 666 2198 Duplex.

226 2219 361 2253 Omnia
380 2219 426 2254 de
445 2220 589 2254 Comm.
606 2219 712 2255 Mart,
731 2225 843 2263 temp.
862 2220 997 2254 Pasch.

174 2266 247 2312 [38]
272 2272 412 2311 praeter
429 2278 533 2311 sequ.

509 2338 672 2378 Oratio.

261 2407 392 2445 raesta
430 2404 680 2455 quaesumus
721 2404 1000 2455 omnipotens

267 2458 403 2501 Deus:
429 2463 479 2501 ut
505 2457 624 2500 beati
652 2458 771 2500 Petri
794 2459 1000 2512 Martyris

175 2514 240 2556 tui
256 2515 390 2558 fidem
408 2517 599 2567 cougrua
615 2514 849 2558 devotione
865 2517 1000 2558 secte-

177 2583 286 2622 mur;
311 2572 386 2625 qui
406 2585 489 2625 pro
510 2572 706 2624 ejusdem
728 2572 831 2614 fidei
851 2571 1000 2614 dilata-

177 2626 310 2678 tiene‚
327 2629 522 2681 martyrii
539 2629 731 2682 palmam
749 2629 906 2671 meruit
925 2629 998 2670 ob—

177 2682 325 2726 tinere.
349 2685 434 2728 Per
452 2685 701 2728 Deminum.

1095 254 1141 287 Et
1165 253 1206 287 fit
1230 262 1425 286 commem.
1453 250 1615 294 praeccd.

1094 305 1195 346 Ant.
1216 303 1299 345 Hic
1313 303 1379 345 vir
1400 303 1648 355 despiciens
1663 300 1874 343 mundum

1043 366 1086 404 et
1105 363 1278 404 terrena
1291 359 1577 413 triumphans,
1597 359 1772 401 divitias
1789 370 1873 399 coe-

1041 418 1086 460 lo
1107 417 1304 460 cendidit
1323 430 1410 467 ore,
1430 429 1572 466 manu,
1592 415 1774 468 alleluja.

1094 488 1144 535 V.
1168 483 1193 525 J
1195 487 1341 525 ustum
1361 481 1544 523 deduxit
1560 481 1776 522 Dominus
1795 493 1875 534 per

1043 540 1136 582 vias
1160 545 1321 590 rectas,
1349 538 1531 590 alleluja.
1574 542 1620 592 R*-
1649 537 1707 580 Et
1732 540 1874 579 osten-

1044 597 1109 639 dit
1127 597 1189 637 illi
1208 609 1391 647 regnum
1410 595 1504 645 Dei,
1524 594 1706 646 alleluia.

1096 671 1136 705 In
1169 671 1193 704 Ι.
1226 670 1425 703 Nocturno
1464 668 1667 701 Lectiones
1698 666 1743 699 dc
1776 666 1872 699 Scri-

1045 725 1155 763 ptura
1181 723 1413 752 occurrente.

1278 802 1326 840 In
1345 801 1395 839 ΙΙ.
1416 799 1639 838 Nocturno.

1346 873 1498 913 Lectio
1520 872 1570 911 iv.

1085 946 1292 996 v«,·7--2T.“3etrus
1311 940 1503 981 Veronae
1518 937 1774 991 parentibus
1789 937 1878 978 Ma·

1178 997 1448 1039 nichaeorum
1499 994 1658 1036 haeresi
1708 994 1878 1035 infectis

1178 1059 1323 1104 natus,
1355 1053 1410 1095 ab
1439 1053 1536 1105 ipsa
1561 1063 1674 1104 pene
1698 1051 1879 1092 infantia

1048 1116 1201 1154 contra
1244 1111 1436 1152 haereses
1480 1108 1724 1161 pugnavit„
1764 1107 1879 1149 Puer

1048 1170 1262 1210 annorum
1280 1171 1465 1219 septem,
1486 1179 1586 1207 cum
1605 1163 1779 1206 scholas
1798 1164 1879 1205 fre-

1049 1227 1290 1277 quentaret,
1310 1222 1548 1275 aliquando
1569 1234 1594 1263 a
1612 1223 1772 1274 patruo
1792 1220 1878 1261 hae-

1047 1282 1186 1324 retico
1224 1281 1519 1331 interrogatus
1561 1277 1667 1331 quid
1702 1276 1881 1319 tandem

1047 1339 1091 1379 in
1122 1339 1174 1379 iis
1212 1337 1453 1386 didicisset3
1490 1335 1738 1378 christianae
1775 1333 1881 1375 fidei

1050 1394 1297 1448 symbolum
1326 1407 1373 1435 se
1404 1391 1610 1435 didicisse
1637 1390 1880 1443 respondit:

1049 1464 1192 1503 neque
1227 1450 1326 1492 ullis
1365 1462 1573 1502 umquam
1609 1448 1764 1501 patris,
1805 1460 1880 1500 pa-

1049 1511 1190 1551 truive
1219 1506 1442 1550 blanditiis
1469 1510 1544 1547 aut
1568 1505 1697 1546 minis
1723 1517 1749 1546 a
1776 1503 1881 1546 fidei

1051 1564 1297 1607 constantia
1315 1562 1529 1605 dimoveri
1542 1562 1697 1615 petuit.
1718 1560 1880 1603 Adole-

1051 1635 1178 1663 scens
1203 1620 1449 1663 Bononiam
1478 1618 1724 1662 studiorum
1750 1631 1882 1659 causa

1051 1679 1183 1720 venit:
1207 1677 1283 1719 ubi
1305 1690 1330 1718 a
1350 1677 1514 1730 Spiritu
1533 1681 1686 1717 sancto
1707 1674 1763 1716 ad
1783 1674 1881 1716 sub-

1051 1735 1233 1777 limioris
1256 1735 1359 1776 vitae
1383 1733 1568 1775 formam
1586 1734 1787 1781 vocatus,
1816 1733 1882 1773 or-

1053 1791 1165 1834 dinis
1226 1791 1575 1833 Praedicaterum
1637 1789 1883 1831 institutum

1053 1848 1259 1902 suscepit.

1106 1923 1155 1972 R».
1181 1918 1278 1959 Lux
1299 1918 1515 1970 perpetua
1538 1915 1701 1958 lucebit
1721 1915 1883 1956 sanctis

1052 1975 1139 2017 tuis
1166 1975 1372 2024 Domine,
1396 1980 1417 2002 *
1443 1973 1500 2015 Et
1528 1972 1749 2015 aeternitas
1777 1973 1882 2013 tem-

1052 2044 1227 2084 porum,
1253 2030 1441 2082 alleluja,
1467 2029 1650 2082 alleluJa.
1686 2028 1735 2078 V.
1754 2028 1882 2069 Laeti-

1052 2089 1114 2136 tia
1150 2088 1415 2141 sempiterna
1452 2086 1535 2128 erit
1571 2098 1704 2138 super
1739 2084 1883 2137 capita

1054 2148 1222 2187 eorum:
1245 2143 1455 2196 gaudium
1478 2147 1522 2185 et
1548 2141 1883 2184 exsultationem

1054 2201 1324 2245 obtinebunt.
1351 2201 1408 2243 Et
1427 2199 1673 2243 aeternitas„

1367 2281 1517 2322 Lectio
1538 2295 1574 2319 v.

1055 2338 1274 2444 Magno
1311 2346 1521 2387 virtutum
1562 2340 1797 2395 splendere
1839 2342 1884 2383 in

1180 2402 1389 2454 religione
1435 2399 1586 2442 eluxit:
1632 2411 1793 2451 corpus
1841 2403 1884 2441 et

1054 2459 1246 2501 animum
1282 2458 1336 2501 ab
1381 2457 1499 2500 omni
1534 2455 1787 2508 impuritate
1823 2456 1884 2498 ita

1054 2515 1302 2565 custodivit,
1320 2519 1368 2556 ut
1387 2513 1546 2555 nullius
1565 2512 1777 2554 mortiferi
1791 2525 1884 2565 pec-

1054 2573 1140 2614 cati
1166 2572 1266 2614 labe
1295 2585 1342 2614 se
1368 2570 1642 2622 inquinatum
1674 2581 1883 2621 umquam

1053 2629 1248 2671 senserit.
1293 2628 1478 2669 Carnem
1511 2626 1677 2679 jejuniis
1707 2630 1751 2667 et
1778 2625 1882 2676 vigi-

1052 2685 1121 2727 liis
1163 2683 1431 2727 macerabat:
1484 2687 1676 2725 mentem
1725 2681 1882 2724 divinis
