2066 2956
746 196 789 229 In
815 196 1069 230 Dedicatione
1094 195 1290 229 Ecclesiae.

155 294 218 335 tio
236 291 569 346 perambulante
591 290 637 331 in
659 289 868 331 tenebris:
886 290 910 315 *
930 288 984 330 ab

155 350 343 399 incursu,
363 354 406 390 et
425 346 644 390 daemonio
664 345 917 387 meridiano.

210 405 378 447 Cadent
397 417 422 445 a
440 403 579 445 latere
597 407 674 444 tuo
693 401 829 451 mille,
850 406 894 442 et
913 401 985 442 de-

156 475 252 503 cem
278 460 412 502 millia
438 472 463 501 a
492 458 657 500 dextris
684 458 785 499 tuis:
809 458 832 483 *
858 457 915 498 ad
941 462 986 499 te

156 522 302 559 autem
320 529 409 558 non
427 513 813 568 appropinquabit.

207 574 524 615 Verumtamen
557 570 696 612 oculis
726 570 813 611 tuis
847 570 984 610 consi-

157 629 348 671 derabis:
366 630 390 655 *
410 633 454 670 et
475 627 808 669 retributionem
830 637 985 678 pecca-

154 687 302 727 torum
320 684 502 726 videbis.

208 741 425 792 Quoniam
438 745 487 781 tu
502 753 550 782 es
560 739 748 780 Domine
760 751 863 791 spes
874 750 986 779 mea:

155 798 179 823 *
219 797 495 839 Altissimum
541 796 730 848 posuisti
771 794 986 845 refugium

155 859 289 895 tuum.

206 910 307 950 Non
335 908 519 950 accedet
547 907 603 949 ad
630 912 675 949 te
702 907 880 949 malum:
898 907 923 933 *
943 911 987 948 et

156 965 377 1016 flagellum
404 977 493 1006 non
524 963 899 1016 appropinquabit
926 968 986 1004 ta-

155 1021 395 1063 bernaculo
414 1026 504 1062 tuo.

208 1078 425 1127 Quoniam
444 1076 626 1128 Angelis
651 1077 740 1117 suis
762 1075 989 1117 mandavit

157 1133 213 1175 de
230 1138 292 1175 te:
310 1134 334 1160 *
352 1138 402 1175 ut
429 1131 680 1174 custodiant
706 1137 750 1174 te
777 1133 821 1172 in
850 1131 984 1172 omni-

155 1188 239 1230 bus
257 1189 340 1231 viis
358 1190 456 1231 tuis.

207 1246 258 1286 In
289 1245 490 1287 manibus
521 1245 765 1298 portabunt
796 1249 855 1285 te:
882 1244 905 1269 *
933 1256 988 1285 ne

156 1301 270 1343 forte
297 1301 495 1344 offendas
523 1301 580 1343 ad
606 1300 800 1354 lapidem
826 1299 987 1353 pedem

155 1362 291 1399 tuum.

208 1413 350 1466 Super
387 1413 604 1465 aspidem,
654 1417 699 1454 et
734 1412 989 1454 basiliscum

157 1468 417 1511 ambulabis:
426 1469 451 1495 ¹⁸¹
462 1473 506 1510 et
520 1467 801 1510 conculcabis
816 1467 990 1508 leonem

158 1529 203 1566 et
221 1524 469 1566 draconem.

211 1581 429 1631 Quoniam
447 1581 492 1621 in
510 1593 581 1622 me
601 1580 810 1633 speravit,
832 1579 988 1620 libera-

157 1637 215 1679 bo
237 1649 351 1678 eum·
365 1638 390 1664 *
403 1638 635 1689 protegam
652 1649 763 1686 eum,
783 1635 990 1688 quoniam

159 1693 369 1744 cognovit
386 1705 547 1734 nomen
565 1705 722 1734 meum.

211 1748 429 1790 Clamabit
459 1748 516 1790 ad
548 1761 633 1798 me,
670 1753 714 1790 et
745 1760 827 1800 ego
861 1751 990 1789 exau-

159 1804 277 1851 diam
302 1817 416 1846 eum:
435 1806 459 1832 ¹⁸¹
480 1817 581 1846 cum
603 1804 701 1857 ipso
727 1817 825 1845 sum
849 1804 895 1845 in
918 1804 990 1845 tri-

157 1859 398 1902 bulatione:
427 1860 610 1913 eripiam
635 1872 736 1912 eum
761 1864 805 1902 et
829 1859 990 1911 glorifi-

160 1916 272 1958 cabo
293 1928 403 1957 eum.

211 1970 504 2023 Longitudine
573 1971 742 2013 dierum
808 1971 991 2024 replebo

161 2040 276 2069 eum:
306 2029 330 2054 *
362 2032 406 2069 et
444 2027 676 2069 ostendam
706 2027 769 2068 illi
799 2027 991 2069 salutare

159 2096 317 2125 meum.

213 2147 312 2186 Ant.
333 2143 417 2194 Qui
436 2143 605 2184 habitat
623 2143 667 2183 in
686 2141 903 2194 adjutorio
918 2142 992 2182 Al-

160 2199 333 2248 tissimi‚
374 2199 418 2239 in
457 2199 733 2251 protectione
771 2198 855 2239 Dei
892 2198 993 2239 coeli

162 2254 518 2297 commorabitur.

214 2322 313 2362 Ant.
358 2318 590 2372 Templum
625 2318 804 2359 Domini
834 2318 859 2343 *
898 2330 992 2358 san-

162 2380 280 2417 ctum
313 2380 395 2425 est,
426 2375 510 2416 Dei
541 2377 762 2415 structura
794 2378 876 2423 est,
907 2373 992 2414 Dei

163 2430 397 2472 aedificatio
418 2435 495 2472 est.

438 2509 636 2550 Psalmus
656 2510 721 2548 95.

166 2575 388 2682 Cantate
426 2584 618 2625 Domino
661 2583 879 2625 canticum
918 2595 992 2623 no-

254 2654 372 2682 vum:
389 2642 414 2668 *
433 2642 606 2682 cantate
631 2639 822 2681 Domino
850 2638 992 2679 omnis

163 2700 292 2737 terra.

1091 287 1275 328 Cantate
1303 286 1512 335 Domino,
1550 291 1594 327 et
1622 286 1870 328 benedicite

1038 343 1203 384 nomini
1224 343 1329 394 ejus:
1348 343 1371 367 *
1391 342 1644 383 annuntiate
1664 342 1719 384 de
1739 342 1811 384 die
1826 343 1870 383 in

1039 399 1156 441 diem
1175 399 1367 440 salutare
1387 400 1489 450 ejus.

1090 459 1359 501 Annuntiate
1374 459 1488 500 inter
1503 458 1671 500 Gentes
1685 459 1870 510 gloriam

1039 517 1145 568 ejus,
1163 517 1187 541 *
1206 517 1250 556 in
1274 515 1476 557 omnibus
1500 514 1679 567 populis
1698 515 1870 557 mirabi-

1038 573 1095 614 lia
1114 573 1216 624 ejus,

1091 633 1308 683 Quoniam
1339 645 1525 683 magnus
1552 633 1785 681 Dominus,
1828 637 1871 673 et

1038 689 1270 730 laudabilis
1290 689 1431 729 nimis:
1450 689 1474 714 *
1493 688 1700 730 terribilis
1720 693 1788 730 est
1804 701 1870 729 su-

1037 759 1117 798 per
1137 758 1290 787 omnes
1309 745 1430 787 deos.

1089 807 1306 856 Quoniam
1321 818 1474 847 omnes
1491 805 1550 847 dii
1561 805 1771 846 Gentium
1786 804 1871 846 dae-

1038 863 1200 904 monia:
1236 863 1259 888 *
1296 862 1512 903 Dominus
1550 866 1696 903 autem
1734 861 1872 902 coelos

1039 919 1152 960 fecit.

1094 979 1333 1029 Confessio,
1354 983 1397 1020 et
1415 977 1697 1031 pulchritudo
1713 977 1756 1017 in
1772 990 1872 1018 con-

1041 1037 1198 1087 spectu
1226 1037 1334 1087 ejus:
1353 1035 1376 1060 *
1397 1034 1685 1076 sanctimonia
1714 1038 1757 1074 et
1784 1046 1872 1074 ma-

1039 1091 1291 1141 gnificentia
1309 1091 1353 1131 in
1373 1090 1718 1132 sanctificatione
1738 1091 1840 1141 ejus.

1093 1151 1261 1192 Afferte
1276 1151 1468 1192 Domino
1485 1150 1642 1203 patriae
1654 1150 1873 1198 Gentium,

1041 1207 1194 1249 afferte
1220 1208 1413 1248 Domino
1444 1206 1629 1257 gloriam
1662 1211 1705 1247 et
1736 1205 1873 1247 hono-

1041 1277 1148 1305 rem:
1167 1264 1191 1289 *
1211 1263 1363 1305 afferte
1382 1263 1574 1305 Domino
1596 1262 1781 1314 gloriam
1799 1264 1873 1303 no-

1040 1333 1146 1360 mlnl
1165 1333 1268 1372 ejus.

1093 1380 1256 1421 Tollite
1266 1380 1445 1429 hostias,
1465 1384 1508 1420 et
1521 1380 1700 1420 introite
1710 1379 1753 1419 in
1765 1379 1875 1420 atria

1044 1438 1149 1488 ejus:
1168 1437 1192 1461 *
1216 1435 1399 1477 adorate
1426 1436 1665 1476 Dominum
1690 1435 1734 1475 in
1762 1434 1874 1476 atrio

1043 1498 1196 1534 saneto
1217 1493 1319 1544 ejus.

1097 1553 1438 1594 Commoveatur
1471 1565 1496 1593 a
1528 1551 1638 1592 facie
1667 1551 1758 1602 ejus
1786 1551 1876 1591 uni-

1042 1611 1171 1650 versa
1201 1613 1339 1650 terra:
1366 1609 1390 1634 *
1418 1608 1550 1650 dicite
1583 1608 1627 1648 in
1661 1606 1876 1648 Gentibus

1005 1690 1010 1695 -
1045 1665 1146 1717 quia
1165 1664 1382 1705 Dominus
1401 1664 1611 1715 regnavit.

1095 1725 1271 1767 Etenim
1313 1725 1505 1766 correxit
1550 1723 1704 1765 orbem
1745 1727 1876 1764 terrae

1045 1781 1119 1833 qui
1137 1794 1225 1823 non
1241 1780 1604 1822 commovebitur:
1623 1780 1647 1806 *
1667 1778 1877 1831 judicabit

1043 1837 1235 1890 populos
1255 1838 1298 1878 in
1318 1837 1538 1889 aequitate.

1093 1898 1322 1939 Laetentur
1341 1896 1458 1947 coeli,
1477 1901 1521 1938 et
1540 1896 1730 1938 exsultet
1747 1900 1876 1944 terra,

1045 1955 1376 1996 commoveatur
1403 1965 1541 2002 mare,
1574 1958 1618 1994 et
1645 1950 1875 2005 plenitudo

1046 2010 1151 2061 ejus:
1169 2010 1193 2035 *
1213 2008 1467 2061 gaudebunt
1486 2008 1646 2061 campi,
1666 2013 1710 2050 et
1730 2007 1876 2052 omnia

1046 2078 1145 2118 quae
1163 2066 1209 2107 in
1228 2065 1291 2107 eis
1309 2071 1422 2107 sunt.

1097 2126 1223 2167 Tunc
1259 2125 1541 2167 exsultabunt
1578 2124 1725 2166 omnia
1760 2123 1876 2173 ligna

1046 2181 1254 2223 silvarum
1279 2194 1304 2222 a
1329 2182 1442 2223 facie
1460 2181 1655 2230 Domini,
1681 2179 1782 2231 quia
1805 2191 1875 2220 ve-

1044 2237 1121 2279 nit:
1140 2238 1164 2263 *
1189 2237 1396 2290 quoniam
1424 2237 1546 2278 venit
1571 2235 1765 2289 judicare
1792 2239 1875 2276 ter-

1045 2305 1149 2334 ram.

1096 2353 1122 2394 J
1123 2353 1322 2395 udicabit
1348 2352 1502 2394 orbem
1525 2357 1656 2394 terrae
1680 2352 1724 2392 in
1744 2351 1876 2404 aequi-

1044 2411 1146 2458 tate,
1165 2409 1189 2435 *
1209 2413 1253 2450 et
1268 2408 1460 2461 populos
1478 2408 1523 2448 in
1541 2407 1726 2449 veritate
1746 2420 1834 2449 sua.

1096 2471 1196 2510 Ant.
1231 2467 1460 2520 Templum
1478 2467 1656 2508 Domini
1677 2472 1876 2509 sanctum

1046 2528 1123 2574 est,
1140 2524 1225 2565 Dei
1245 2526 1464 2565 structura
1483 2528 1561 2572 est,
1585 2523 1670 2565 Dei
1688 2523 1876 2565 aedifica-

1044 2579 1108 2620 tio
1129 2585 1207 2621 est.

1096 2642 1195 2681 Ant.
1225 2638 1468 2681 Benedicta
1486 2639 1509 2664 *
1528 2638 1668 2689 gloria
1685 2639 1876 2690 Domini,

984 2719 986 2723 ·
1045 2694 1101 2737 de
1119 2695 1220 2737 loco
1240 2699 1392 2737 sancto
1411 2707 1503 2746 suo,
1522 2694 1706 2749 alleluja.
