2066 2904
601 178 672 211 Die
701 178 748 212 17.
775 178 876 218 Maii.
923 179 957 211 S.
985 177 1188 211 I’uschalis
1215 177 1363 221 Baylon
1391 177 1500 211 Conf.

198 275 314 315 nium
334 286 459 315 suum
480 273 750 325 pauperibus
775 279 818 315 et
833 273 1027 315 ecclesiis

199 329 435 378 distribuit,
460 334 503 370 et
525 330 836 370 canonicerum
860 329 1027 379 regula-

198 386 309 426 rium
341 384 507 426 ordinis
536 386 676 426 sancti
703 385 937 435 Augustini
967 386 1026 425 in-

198 442 398 482 stitutum
431 441 691 493 suscipiens,
732 441 839 482 illud
874 442 917 481 in
951 444 1026 494 ρά-

197 497 327 538 triam
355 497 595 546 transtulit,
627 503 759 548 atque
790 498 833 537 in
867 510 920 538 eo
954 498 1026 538 ali-

199 552 407 604 quamdiu
434 554 706 595 sanctissime
735 554 853 594 vixit.
896 554 1026 604 Cujus

198 608 441 650 sanctitatis
474 609 680 661 opiniene
712 609 931 659 evulgata,
970 609 1025 650 ab

199 664 398 705 Honorio
437 664 631 706 seeundo
667 665 846 706 Summo
881 666 1026 720 Ponti-

199 719 280 760 fice
330 720 527 760 ecelesiae
572 721 815 770 Eugubinae
863 721 1024 762 invitus

198 775 454 826 praefieitur,
496 782 539 817 et
577 776 842 828 episcopalis
874 789 1025 817 conse-

199 831 404 872 crationis
425 835 604 872 munere
627 831 870 873 decoretur.

248 901 298 951 R.
327 900 477 941 Inveni
502 900 645 941 David
671 914 844 943 servum
869 915 1025 951 meum,

200 955 299 996 oleo
346 961 498 997 sancto
544 970 643 997 meo
689 958 792 998 unxi
841 971 957 999 eum:
998 958 1020 980 *

198 1010 352 1051 Manus
386 1013 499 1052 enim
533 1025 630 1053 mea
665 1014 944 1055 auxiliabitur
976 1015 1024 1064 ei,

198 1066 377 1117 alleluja.
403 1062 451 1113 ,Υ’.
474 1068 593 1108 Nihil
609 1070 813 1120 proficiet
827 1070 1025 1111 inimicus

198 1122 240 1162 in
268 1135 339 1171 eo,
372 1128 415 1163 et
438 1123 552 1164 filius
576 1125 816 1176 iniquitatis
840 1139 927 1166 non
952 1140 1025 1167 no-

198 1177 313 1218 cebit
333 1178 382 1218 ei.
411 1178 576 1219 Manus.

504 1260 655 1299 Lectio
679 1273 712 1298 ν.

274 1318 302 1359 d
328 1331 451 1359 suam
474 1322 623 1372 itaque
643 1323 867 1363 revertens
889 1324 1023 1364 eccle-

299 1375 418 1423 siam,
439 1388 537 1416 eum
555 1375 610 1417 de
626 1379 836 1418 consueta
851 1379 1025 1420 vivendi

197 1430 365 1471 ratiene
398 1430 505 1471 nihil
533 1431 773 1473 admodum
803 1434 1024 1476 immutes-

198 1491 275 1534 set,
301 1485 344 1525 in
364 1487 482 1527 omni
502 1491 647 1528 tamen
669 1489 878 1530 virtutum
897 1493 1023 1541 gene-

195 1554 242 1582 re
271 1554 324 1582 eo
351 1543 491 1592 magis
524 1544 714 1586 eminere
743 1546 897 1598 coepit,
936 1560 1023 1599 quo

196 1597 416 1639 efficacius
454 1598 635 1641 alierum
674 1601 804 1641 etiam
837 1602 1023 1645 salutem

195 1652 331 1694 verbo
357 1658 401 1694 et
426 1655 628 1707 exemplo
653 1660 931 1708 procuraret,
965 1660 1022 1699 fa-

196 1713 291 1749 ctus
314 1709 454 1750 forma
478 1712 622 1762 gregis
641 1725 695 1754 ex
715 1714 872 1755 animo.
908 1715 1022 1756 Nam

195 1764 313 1805 victu
332 1777 484 1816 parco,
510 1770 671 1808 vestitu
690 1769 940 1821 moderato,
964 1771 1021 1811 le-

195 1819 312 1860 ctulo
333 1822 490 1872 aspero
511 1827 555 1864 et
569 1826 859 1876 pauperrimo,
879 1827 1022 1868 crucis

194 1876 574 1919 mortificationem
593 1880 750 1929 jugiter
767 1882 810 1921 in
830 1895 910 1923 suo
929 1885 1021 1924 cer-

194 1943 302 1981 pore
322 1932 672 1984 circumferebat,
700 1936 805 1977 dum
829 1938 1021 1990 inexple-

194 1986 269 2027 bili
290 1988 500 2030 orati6nis
524 1990 671 2032 studio
695 1993 894 2045 spiritum
915 2008 1020 2047 quo-

193 2042 298 2084 tidie
319 2048 548 2087 recrearet.
582 2047 696 2089 Hinc
719 2049 1019 2092 admirabilem

194 2098 311 2139 illam
331 2103 709 2145 mansuetudinem
730 2110 797 2146 est
821 2106 1020 2158 adeptus,

195 2167 279 2206 qua
302 2158 581 2205 gravissimas
605 2160 781 2212 injurias
805 2167 850 2203 et
868 2168 1019 2204 contu-

193 2210 344 2252 melias
367 2224 455 2253 non
479 2215 613 2256 modo
634 2219 938 2268 aequanimiter
955 2223 1019 2259 tu-

194 2264 260 2315 lit,
286 2279 438 2309 verum
464 2270 594 2311 etiam
618 2271 804 2314 mirifico
825 2273 1019 2316 dileetio-

194 2320 259 2361 nis
279 2321 438 2365 affectu
456 2329 764 2377 persecutores
783 2341 887 2370 suos
903 2331 1020 2371 omni

194 2375 472 2472 ssgffinitatis
488 2381 740 2424 testimonio
756 2384 1019 2436 complecte—

250 2496 299 2546 Rs.
327 2496 461 2538 Posui
492 2499 755 2551 adjuterium
785 2515 920 2554 super
943 2516 1019 2555 po-

194 2551 374 2600 tentem,
419 2559 463 2594 et
507 2556 696 2598 exaltavi
739 2557 927 2599 electum
964 2559 1019 2601 de

194 2604 324 2656 plebe
363 2620 476 2648 mea:
514 2611 535 2634 ¹*
571 2611 724 2653 Manus
765 2613 881 2654 enim
921 2627 1018 2655 mea

194 2661 471 2703 auxiliabitur
490 2665 545 2714 ei,
572 2666 756 2719 alleluja.
798 2661 847 2713 V·
868 2669 1020 2710 Inveni

1079 273 1224 315 David
1252 286 1427 315 servum
1447 286 1608 323 meum,
1638 273 1738 314 eleo
1757 279 1910 316 sancto

1079 342 1179 370 meo
1199 330 1302 371 unxi
1322 343 1433 371 eum.
1461 330 1617 371 Manus
1638 329 1764 371 enim.

1381 413 1534 454 Lectio
1555 414 1606 453 vi.

1079 475 1308 580 Biennio
1346 479 1584 529 Antequam
1621 489 1675 518 ex
1708 476 1791 517 hac
1822 476 1912 518 vita

1173 533 1392 583 migraret,
1414 546 1514 574 cum
1534 532 1712 574 diutinis
1732 532 1912 574 afflicta-

1079 589 1198 628 retur
1222 585 1566 637 infirmitatibus,
1591 589 1704 629 inter
1724 588 1910 629 acerbis-

1080 644 1215 685 simos
1235 645 1436 697 corporis
1451 644 1683 693 cruciatus,
1701 644 1821 686 velut
1839 657 1912 685 au-

1079 713 1174 740 rum
1190 699 1233 740 in
1250 700 1429 742 fornace
1444 701 1691 752 purgatum,
1705 699 1804 742 Deo
1817 702 1911 750 gra-

1079 755 1164 796 tias
1203 755 1501 797 indesinenter
1543 755 1713 807 agebat.
1767 755 1911 798 Adve-

1079 811 1225 853 niente
1266 817 1413 852 autem
1455 824 1583 853 sacro
1624 812 1912 853 Pentecostes

1080 867 1169 916 die,
1207 881 1307 909 cum
1340 868 1489 909 multis
1523 868 1647 908 annis
1680 867 1912 909 ecclesiam

1079 923 1162 964 sibi
1183 926 1463 964 commissam
1483 936 1654 964 summa
1668 936 1766 964 cum
1782 923 1912 965 laude

1078 979 1385 1030 gubernasset,
1423 981 1586 1021 sanetis
1620 979 1830 1032 operibus
1859 992 1911 1020 ac

1078 1036 1300 1077 miraculis
1339 1036 1485 1077 clarus
1517 1035 1684 1088 quievit
1715 1036 1759 1076 in
1790 1048 1912 1088 pace.

1080 1093 1220 1141 Quem
1248 1092 1512 1133 Coelestinus
1535 1093 1658 1145 Papa
1688 1092 1844 1134 tertius
1867 1091 1912 1132 in

1080 1150 1331 1188 sanctorum
1355 1151 1586 1189 numerum
1610 1147 1770 1189 retulit.
1807 1147 1911 1200 Ejus

1080 1203 1218 1244 virtus
1243 1206 1469 1256 praecipue
1493 1204 1536 1244 in
1562 1203 1807 1254 effugandis
1826 1203 1912 1256 spi-

1078 1259 1234 1300 ritibus
1260 1259 1498 1301 immundis
1526 1259 1682 1301 elucet.
1738 1259 1911 1312 Corpus

1078 1328 1184 1356 vero
1213 1328 1293 1368 per
1319 1320 1387 1356 tot
1415 1316 1577 1357 saecula
1607 1315 1912 1368 incorruptum

1078 1384 1236 1421 magna
1256 1371 1452 1412 fidelium
1470 1372 1753 1413 veneratiene
1774 1372 1818 1412 in
1837 1372 1912 1424 pa-

1078 1427 1161 1467 tria
1197 1427 1373 1477 celitur,
1420 1440 1551 1479 quam
1588 1440 1679 1469 non
1713 1426 1850 1469 semel
1885 1439 1911 1468 a

1077 1484 1286 1534 praesenti
1306 1483 1558 1525 discrimine
1576 1483 1789 1525 liberavit.

1130 1547 1182 1598 R.
1207 1548 1297 1589 Iste
1318 1553 1386 1589 est
1406 1548 1492 1600 qui.
1513 1548 1589 1600 [71]

1130 1608 1171 1641 ln
1195 1608 1258 1642 ΠΙ.
1280 1608 1481 1644 Nocturno
1505 1610 1677 1645 Homilia
1702 1611 1741 1645 in
1763 1611 1910 1656 Evang.

1080 1657 1207 1694 Homo
1244 1661 1415 1703 peregre.
1437 1657 1499 1692 -de
1537 1658 1674 1693 eodem
1706 1659 1911 1695 Communi

1079 1706 1106 1739 1.
1128 1705 1226 1738 loeo.
1255 1707 1324 1751 [73]

1128 1761 1244 1804 Vesp.
1269 1761 1316 1795 de
1339 1770 1445 1804 sequ.
1463 1771 1548 1795 eum
1567 1763 1725 1796 comem.
1744 1763 1909 1806 praeced.

1349 1858 1432 1899 Die
1451 1859 1508 1899 17.
1527 1859 1639 1911 Maji.

1076 1924 1119 1964 S.
1133 1924 1395 1966 Paschalis
1408 1925 1605 1973 Baylon
1621 1924 1909 1968 Confessoris.

1408 1988 1574 2032 Duplex.

1128 2054 1265 2088 Omnia
1298 2053 1345 2087 de
1379 2053 1525 2088 Comm.
1555 2053 1665 2088 Conf.
1693 2064 1772 2088 non
1795 2053 1906 2089 Pont.

1076 2101 1149 2144 [84]
1175 2106 1317 2146 praeter
1341 2111 1447 2144 sequ.

1409 2161 1574 2202 Oratio.

1166 2240 1261 2277 eus,
1307 2228 1382 2280 qui
1425 2228 1605 2270 beatum
1647 2228 1907 2271 Paschalem

1171 2283 1482 2325 Confessorem
1500 2290 1624 2326 tuum
1643 2285 1826 2326 mirifica
1843 2298 1906 2327 er-

1073 2351 1129 2389 ga
1149 2339 1360 2391 Corporis
1381 2345 1425 2381 et
1443 2340 1676 2391 Sanguinis
1698 2341 1762 2382 tui
1781 2353 1906 2383 sacra

1074 2395 1283 2447 mysteria
1298 2394 1533 2437 dilectiene
1550 2396 1789 2438 decorasti:
1804 2409 1905 2438 con-

1075 2450 1182 2491 cede
1202 2451 1435 2502 propitius;
1454 2458 1502 2493 ut
1518 2465 1651 2504 quam
1662 2451 1735 2494 ille
1751 2465 1805 2494 ex
1819 2452 1905 2494 hoe

1075 2505 1223 2547 divino
1256 2507 1458 2548 convivio
1494 2508 1673 2560 spiritus
1705 2509 1906 2561 percepit

1073 2560 1399 2613 pinguedinem,
1425 2563 1628 2605 eamdem
1647 2569 1690 2605 et
1709 2576 1789 2605 nos
1809 2577 1904 2616 per-

1074 2619 1221 2668 cipere
1267 2619 1529 2659 mereamur:
1582 2619 1667 2669 Qui
1708 2619 1818 2660 vivis
1860 2625 1905 2661 et

1073 2684 1241 2723 regnas.
