2066 2956
203 207 294 252 [326]

255 303 432 352 Sagittae
460 300 741 353 parvulorum
774 298 901 339 factae
930 300 1029 338 sunt

204 358 344 411 plagae
372 359 537 398 eorum:
556 357 579 382 *
604 361 647 397 et
670 355 901 396 infirmatae
930 356 1030 394 sunt

204 420 356 456 contra
375 426 452 455 eos
471 413 628 463 linguae
649 414 810 453 eorum.

257 474 513 517 Conturbati
532 479 632 515 sunt
651 485 803 515 omnes
825 471 897 524 qui
914 469 1029 511 vide-

205 531 309 573 bant
334 544 425 572 eos:
443 531 466 556 *
488 535 531 572 et
555 530 697 571 timuit
721 528 861 570 omnis
885 527 1030 568 homo.

256 593 313 634 Et
336 591 698 633 annuntiaverunt
727 591 862 642 (Spera
885 586 983 635 Dei,
1007 586 1029 611 *

205 655 248 691 et
268 649 382 689 facta
402 648 492 700 ejus
511 646 827 688 intellexerunt.

255 707 497 750 Laetabitur
520 708 657 759 justus
683 706 725 746 in
750 704 958 751 Domino,
987 707 1031 743 et

205 764 399 818 sperabit
419 764 461 804 in
481 776 550 812 eo,
569 764 592 789 *
612 767 655 804 et
675 760 968 803 laudabuntur
987 771 1031 799 o-

205 835 328 863 mnes
347 820 454 863 recti
474 819 618 861 corde.

261 893 354 931 Ant.
403 892 456 931 1-:t
492 888 764 941 respondens
801 886 1032 927 universus

206 946 407 999 pupulus,
434 945 558 986 dixit:
584 944 767 994 Sanguis
788 944 878 995 ejus
899 954 1031 994 super

205 1015 296 1052 nos,
317 1007 359 1044 et
379 1014 511 1054 super
530 1000 645 1042 filios
664 1005 853 1042 nostros.

263 1069 308 1118 Y'.
327 1071 511 1121 Sanguis
530 1071 554 1111 J
557 1083 634 1112 esu
650 1069 810 1110 Christi
825 1067 924 1108 Filii
938 1066 1032 1108 Dei.

210 1131 255 1180 lx'g.
280 1126 499 1168 Emundat
523 1140 604 1168 nos
625 1126 679 1168 ab
699 1124 817 1167 omni
835 1126 1033 1176 peccato.

358 1226 507 1262 Sermo
537 1220 677 1262 sancti
703 1220 727 1260 J
731 1219 885 1261 oannis

466 1276 776 1330 Chrysestomi.

291 1349 425 1382 Ilomil.
445 1351 498 1383 S-l.
520 1350 554 1382 in
573 1350 773 1384 Joanncm.
793 1359 873 1391 cap.
899 1351 944 1381 w.

509 1416 658 1455 Lectio
682 1417 733 1454 iv.

226 1521 241 1549 χ
255 1501 330 1541 152³:
341 1502 351 1510 ⁷
363 1486 463 1527 ultis
478 1484 699 1535 sanguinis
712 1483 874 1525 Christi
884 1482 1034 1524 audire

252 1593 261 1600 V
288 1580 291 1582 .
316 1540 347 1595 32⁴³
375 1540 600 1583 virtutem?
615 1540 867 1582 Redeamus
879 1539 935 1580 ad
945 1540 1035 1590 ejus

224 1605 235 1624 ἒ·
257 1603 279 1618 ’“’
376 1598 640 1650 exemplum,
673 1603 716 1639 et
747 1597 940 1650 prierem
971 1601 1034 1648 ty-

210 1669 313 1708 pum
324 1654 615 1703 recordemur,
632 1659 675 1695 et
687 1653 916 1706 pristinam
926 1652 1035 1694 Scri-

210 1715 383 1764 pturam
403 1712 637 1751 narremus.
664 1711 715 1751 In
734 1710 942 1762 AEgyth
961 1721 1035 1750 no-

211 1774 279 1809 cte
299 1766 454 1816 media,
480 1766 701 1819 AEgyptiis
721 1766 842 1807 Deus
860 1765 1035 1818 plagam

212 1824 423 1865 decimam
439 1823 696 1872 minabatur,
714 1828 763 1864 ut
782 1825 935 1864 eorum
952 1822 1036 1875 pri-

211 1881 429 1931 mogenita
456 1879 721 1932 deperirent,
751 1880 853 1931 quia
876 1878 1036 1931 primo-

211 1937 402 1987 genitum
427 1937 516 1987 eius
540 1936 753 1988 populum
773 1934 1038 1977 detinebant.

212 1993 298 2034 Sed
315 2005 369 2034 ne
385 1994 528 2034 amata
542 1992 668 2044 plebs
682 1992 706 2033 J
709 1991 938 2033 udaeorum
953 2004 1038 2032 una

212 2062 310 2090 cum
335 2049 419 2090 illis
443 2048 779 2101 periclitaretur,
806 2048 908 2100 quia
928 2061 1039 2089 unus

212 2105 336 2147 locus
357 2104 610 2147 continebat
633 2104 879 2154 universos,
905 2106 1039 2146 reme-

215 2161 334 2202 dium
376 2161 653 2203 discretienis
699 2161 922 2202 inventum
964 2166 1040 2202 est.

214 2217 402 2259 Proinde
445 2217 694 2270 exemplum
732 2216 947 2266 mirabile,
993 2222 1041 2258 ut

215 2273 359 2315 discas
379 2274 421 2314 in
442 2275 624 2316 veritate
644 2274 860 2315 virtutem.
888 2274 958 2314 Ira
979 2273 1039 2315 di-

218 2332 328 2371 vinae
356 2330 665 2381 indignatic'mis
693 2329 970 2382 sperabatur,
998 2334 1041 2371 et

218 2384 373 2428 domos
394 2387 584 2437 singulas
603 2387 800 2428 mertifer
820 2386 1041 2427 circuibat.

219 2442 333 2491 Quid
359 2443 488 2494 igitur
513 2443 713 2495 Moyses?
741 2442 959 2492 Occidite‚
984 2443 1041 2483 in-

221 2498 330 2549 quit,
371 2511 528 2549 agnum
562 2499 826 2548 anniculum,
869 2503 913 2540 et
949 2501 1043 2539 san-

220 2554 348 2603 guine
374 2555 463 2605 eius
488 2555 608 2597 linite
634 2556 795 2607 januas.
829 2555 944 2606 Quid
970 2555 1044 2605 ais,

220 2609 416 2660 Moyses?
453 2611 634 2661 Sanguis
663 2612 757 2653 ovis
784 2611 1043 2653 rationalem

219 2664 438 2706 huminem
457 2666 642 2709 liberare
666 2666 915 2709 consuevit?
941 2667 1042 2708 Val-

221 2720 292 2769 de,
325 2721 481 2773 inquit;
513 2735 599 2763 non
632 2735 685 2764 eo
716 2723 837 2776 quod
865 2723 1043 2774 sanguis

672 201 944 235 l'rctiosissimi
972 199 1178 239 Sanguinis
1206 198 1245 230 l).
1274 198 1316 230 N.
1341 198 1374 230 .l.
1401 198 1439 229 (ἶ.

1082 298 1167 343 est,
1199 293 1278 335 sed
1308 293 1408 345 quia
1437 291 1657 333 Dominici
1686 289 1910 340 sanguinis

1081 363 1161 404 per
1185 363 1284 392 eum
1307 349 1633 392 demonstratur
1652 345 1911 400 exemplum.

1141 423 1186 473 lig.
1229 420 1279 461 In
1319 420 1477 461 timere
1516 416 1734 459 incolatus
1777 415 1911 457 vestri

1082 475 1413 525 conversamini,
1431 480 1453 502 *
1466 474 1664 516 Scientes
1686 472 1807 525 quod
1823 484 1912 513 non

1083 532 1442 586 corruptibilibus
1468 543 1593 578 auro,
1626 530 1698 571 vel
1731 530 1912 580 argento

1083 589 1299 642 redempti
1338 589 1457 630 estis.
1511 584 1559 634 Y.
1597 585 1685 628 Sed
1716 585 1912 639 pretioso

1084 646 1311 697 sanguine,
1350 643 1475 697 quasi
1511 643 1612 694 agni
1647 641 1914 684 immaculati

1085 703 1257 746 Christi.
1285 702 1493 743 Scientes.

1400 790 1549 830 Lectio
1571 804 1607 828 v.

1086 853 1248 959 Nam
1285 858 1398 899 sicut
1434 856 1708 908 regnantium
1745 857 1916 903 statuae,
1942 860 1943 863 ’

1195 929 1295 968 quae
1329 915 1422 956 sine
1451 925 1583 955 causa
1610 916 1727 962 sunt,
1758 916 1802 952 et
1829 923 1916 952 ser-

1085 976 1232 1021 mene,
1259 974 1590 1022 nonnumquam
1615 967 1672 1010 ad
1697 980 1745 1009 se
1770 967 1917 1009 confu-

1084 1029 1303 1082 gientibus
1330 1026 1579 1069 hominibus
1605 1025 1764 1076 anima,
1790 1029 1834 1065 et
1853 1036 1917 1065 ra-

1085 1087 1203 1128 tione
1225 1084 1459 1134 decoratis,
1484 1082 1716 1124 subvenire
1737 1093 1917 1122 consue-

1086 1145 1253 1191 verunt,
1267 1154 1355 1183 non
1369 1140 1471 1192 quia
1482 1144 1583 1180 sunt
1593 1137 1917 1187 aere'confectae,

1087 1199 1166 1240 sed
1187 1199 1289 1251 quia
1308 1197 1495 1239 retinent
1512 1195 1747 1246 imaginem
1762 1193 1918 1246 princi-

1087 1256 1247 1309 palem:
1273 1255 1333 1296 ita
1353 1259 1397 1295 et
1416 1252 1592 1303 sanguis
1610 1250 1695 1300 ille,
1722 1249 1797 1302 qui
1815 1250 1917 1291 irra-

1086 1311 1262 1354 tionalis
1289 1311 1384 1358 fuit,
1414 1309 1580 1350 animas
1605 1306 1820 1348 habentes
1843 1306 1918 1348 he-

1087 1369 1225 1410 mines
1251 1366 1468 1408 liberavit:
1498 1377 1587 1406 non
1616 1363 1718 1416 quia
1743 1362 1919 1414 sanguis

1089 1425 1178 1474 fuit,
1194 1423 1274 1466 sed
1290 1423 1390 1475 quia
1404 1422 1531 1473 hujus
1545 1419 1769 1472 sanguinis
1784 1424 1920 1461 osten-

1090 1481 1223 1523 debat
1241 1480 1490 1522 adventum.
1522 1478 1580 1519 Et
1598 1482 1703 1519 tunc
1723 1475 1919 1527 Angelus

1088 1538 1160 1579 ille
1191 1539 1407 1586 vastator,
1441 1549 1540 1577 cum
1573 1534 1725 1575 linitos
1755 1537 1920 1586 postes,

1089 1599 1220 1647 atque
1241 1593 1387 1635 aditus
1405 1590 1673 1646 pervideret,
1697 1589 1920 1641 transjecit

1088 1665 1281 1702 gressus,
1310 1656 1354 1692 et
1382 1662 1471 1691 non
1496 1654 1563 1690 est
1589 1660 1722 1689 ausus
1746 1647 1920 1688 intrare.

1088 1709 1216 1750 Nunc
1236 1720 1342 1758 ergo
1362 1707 1398 1747 si
1417 1705 1577 1747 viderit
1595 1704 1813 1753 inimicus,
1830 1715 1919 1744 non

1088 1764 1292 1818 postibus
1310 1763 1565 1816 impositum
1585 1761 1842 1812 sanguinem
1856 1764 1920 1812 ty-

1088 1821 1151 1874 pi,
1176 1820 1255 1863 sed
1275 1820 1472 1862 fidelium
1491 1831 1568 1861 ore
1586 1818 1807 1859 lucentem
1824 1819 1920 1858 san·
1991 1854 1993 1856 .

1088 1878 1263 1928 guinem
1304 1875 1503 1918 veritatis
1545 1874 1724 1924 Christi,
1766 1873 1920 1926 templi

1088 1934 1292 1987 pestibus
1318 1932 1588 1982 dedicatum,
1613 1930 1753 1972 multo
1778 1929 1920 1982 magis

1089 2004 1136 2032 se
1155 1989 1395 2032 subtrahet.
1422 1989 1468 2030 Si
1486 1988 1602 2030 enim
1615 1986 1811 2038 Angelus
1828 1998 1919 2028 ces·

1089 2047 1145 2089 sit
1164 2046 1381 2099 exemplo,
1401 2050 1565 2098 quanto
1584 2044 1723 2095 magis
1740 2042 1919 2085 terrebi-

1088 2110 1158 2146 tur
1177 2104 1393 2152 inimicus,
1420 2102 1457 2143 si
1481 2102 1624 2155 ipsam
1642 2099 1920 2154 perspexerit

1090 2159 1344 2202 veritatem?
1364 2159 1446 2201 Vis
1465 2164 1510 2200 et
1528 2158 1660 2200 aliam
1678 2157 1805 2208 hujus
1824 2158 1918 2197 san-

1089 2217 1229 2267 guinis
1275 2215 1460 2257 scrutari
1504 2213 1732 2256 virtutem?
1789 2212 1919 2255 Volo.

1089 2273 1215 2315 Unde
1252 2273 1442 2325 primum
1480 2271 1673 2326 cucurrit
1702 2269 1920 2322 inspicias,

1090 2335 1133 2371 et
1159 2328 1214 2371 de
1241 2341 1328 2381 quo
1358 2328 1478 2370 fonte
1497 2327 1701 2369 manavit.
1737 2326 1805 2368 De
1823 2326 1921 2379 ipsa

1090 2386 1278 2438 primurn
1306 2397 1435 2426 cruce
1463 2384 1696 2436 processit:
1731 2382 1846 2424 latus
1874 2381 1919 2422 il-

1090 2441 1166 2483 lud
1185 2441 1464 2483 Dominicum
1487 2440 1658 2482 initium
1680 2439 1772 2481 fuit.
1806 2439 1920 2480 Mor-

1090 2504 1165 2540 tuo
1199 2498 1330 2547 enim,
1363 2496 1439 2545 ait,
1471 2496 1593 2546 Jesu,
1626 2501 1670 2538 et
1703 2495 1847 2537 adhuc
1877 2495 1921 2535 in

1092 2567 1220 2596 cruce
1240 2552 1473 2606 pendente,
1492 2553 1772 2605 appreximat
1786 2551 1922 2601 miles,

1091 2611 1205 2652 latus
1236 2610 1390 2651 lancea
1421 2609 1656 2661 percussit,
1689 2614 1734 2650 et
1765 2607 1922 2650 exinde

1093 2679 1208 2718 aqua
1227 2666 1368 2714 fluxit,
1394 2670 1438 2706 et
1463 2665 1650 2715 sanguis.
1684 2665 1830 2706 Unum
1848 2663 1921 2705 ba-

1093 2723 1310 2776 ptismatis
1339 2720 1603 2774 symbolum,
1636 2721 1756 2763 aliud
1783 2733 1922 2762 sacra-
