2066 2956
552 196 621 229 Dic
650 195 695 228 ll.
723 194 829 227 Febr.
878 194 943 226 Bb.
971 193 1038 226 Vn
1064 193 1183 225 Fund.
1209 192 1295 225 (lrd.
1322 193 1425 225 serv.
1454 192 1491 225 Η,
1516 192 1563 225 M.
1589 192 1630 224 V.

540 288 693 330 Lectio
715 289 767 327 vi.

246 343 548 448 AEgrorum
563 343 606 383 in
621 342 896 391 nosocomiis,
911 355 961 383 ac
975 346 1072 395 pau-

398 411 552 451 perum
584 398 891 451 patrocinium,
925 412 1070 451 quam-

247 470 378 510 quam
396 456 540 507 inops,
565 455 682 497 omni
701 454 848 496 studio
870 452 1071 507 suscepit,

247 519 290 555 et
314 518 362 555 ut
387 510 543 553 iisdem
571 514 862 560 succurreret,
890 523 976 552 non
1004 524 1070 552 so-

245 570 334 611 lum
354 568 546 622 prdpriis
571 568 666 620 ipsa
685 566 884 609 manibus
903 567 1070 608 labora-

245 626 337 674 bat,
381 630 424 667 et
458 624 762 676 quotidianum
794 622 876 665 sibi
908 624 1071 664 victum

246 680 549 730 subtrahebat,
585 679 780 721 frustulis
812 680 939 732 panis
972 692 1071 721 con-

245 740 380 788 tenta3
409 736 488 778 sed
515 736 726 777 moniales
752 737 882 777 etiam
907 748 958 776 ac
985 749 1070 776 ma-

245 797 396 836 tronas
429 793 635 842 civitatis,
676 793 882 844 virosque
915 791 1071 833 divites

246 851 302 892 ad
322 850 367 892 id
387 849 533 902 operis
559 848 794 897 alliciebat,
821 853 969 900 atque,
997 862 1071 889 un-

247 907 479 958 dequaque
498 907 686 958 poterat,
715 904 911 946 subsidia
929 917 1071 946 corro-

247 962 393 1014 gabat3
423 962 633 1014 quinimo,
658 965 706 1002 ut
728 974 858 1013 quam
876 974 958 1013 pro
979 962 1073 1012 ege-

247 1020 313 1060 nis
342 1024 385 1060 et
411 1016 614 1058 invalidis
642 1016 979 1059 sollicitudinem
1007 1030 1073 1058 os-

247 1074 462 1123 tenderat,
488 1074 705 1126 perpetuo
728 1073 936 1123 firmaret,
965 1073 1073 1115 duas

249 1130 518 1180 sodalitates,
538 1142 636 1181 quae
656 1128 909 1171 eorumdem
926 1142 1075 1170 curam

248 1189 466 1238 gererent,
511 1186 677 1227 institui
722 1186 899 1227 curavit.
960 1186 1074 1236 Erga

249 1243 571 1284 sanctissimum
608 1242 895 1283 Eucharistiae
935 1254 1074 1283 sacra-

248 1302 443 1341 mentum
478 1299 557 1340 fuit
589 1298 870 1340 vehementer
905 1298 1075 1339 affecta:

249 1357 370 1407 cujus
406 1355 570 1397 cultum
604 1360 653 1396 ut
687 1355 731 1395 in
767 1355 861 1395 aliis
899 1367 1075 1406 quoque

249 1414 550 1465 promoveret,
593 1411 650 1452 ad
686 1411 794 1452 illud
826 1411 1075 1463 frequenter

251 1481 330 1521 per
363 1481 523 1509 annum
555 1480 654 1509 cum
686 1467 869 1509 solemni
900 1480 1075 1520 pompa,

251 1538 383 1577 quam
401 1524 498 1565 Deo
523 1529 691 1576 gratam
716 1523 849 1565 fuisse
867 1523 1075 1565 nonnulla

219 1588 222 1591 ’
250 1580 451 1634 prodigia
488 1580 849 1632 comprobetrunt,
886 1579 1075 1633 publicae

251 1637 519 1679 venerati6ni
555 1635 865 1689 exponendum
903 1648 1077 1677 omnem

251 1696 432 1746 operam
465 1692 673 1734 adhibuit.
713 1692 951 1745 Deiparam
980 1692 1076 1733 Vir-

251 1751 396 1802 ginem
423 1754 514 1791 tam
541 1750 738 1802 impense
766 1748 917 1798 coluit,
944 1753 992 1790 ut
1017 1748 1076 1789 di-

250 1819 335 1857 gna
359 1806 509 1848 habita
531 1806 676 1855 fuerit,
704 1818 803 1858 quae
830 1806 920 1857 ejus
945 1818 1076 1857 appa-

251 1863 408 1904 ritione
462 1864 742 1904 recrearetur.
810 1861 1078 1914 Prophetiae,

251 1919 643 1972 contemplationis,
658 1918 934 1960 lacrimarum
950 1917 1078 1967 dono,

251 1976 434 2028 aliisque
454 1975 787 2017 charismatibus
806 1974 963 2016 floruit.
991 1974 1078 2014 An-

251 2045 308 2074 no
338 2032 526 2084 denique
552 2031 783 2072 millesimo
817 2031 1077 2072 sexcentesi-

251 2102 324 2130 mo
341 2088 678 2141 quadragesimo
693 2088 838 2129 aetatis
853 2100 944 2128 suae
959 2087 1077 2139 quin-

254 2145 508 2197 quagesimo
530 2145 682 2197 quinto
697 2143 915 2193 inchoato,
935 2144 978 2184 in
994 2156 1078 2185 coe-

252 2201 342 2242 lum
371 2203 554 2243 evocata
583 2205 666 2249 est,
700 2201 820 2252 cujus
850 2212 1011 2253 corpus
1035 2200 1078 2240 in

255 2258 439 2299 ecclesia
474 2258 614 2299 sancti
645 2255 906 2298 Bernardini
936 2256 1078 2297 Viter-

254 2314 315 2355 bii
334 2314 502 2364 celitur,
521 2316 706 2366 eamque
721 2311 988 2354 Benedictus
1007 2312 1078 2353 de-

256 2370 391 2411 cimus
416 2370 572 2412 tertius
595 2370 762 2411 meritis
788 2374 831 2410 et
858 2368 1079 2409 miraculis

256 2425 418 2467 claram
437 2427 481 2467 in
499 2426 744 2475 beatarum,
769 2426 872 2466 Pius
890 2437 996 2466 vero
1017 2426 1079 2465 se-

255 2482 417 2533 ptimus
436 2483 480 2523 in
500 2484 750 2524 sanctarum
759 2482 990 2532 Virginum
1006 2484 1079 2521 nu-

255 2550 422 2579 merum
442 2538 691 2580 retulerunt.

313 2599 361 2649 R·-
385 2598 635 2640 Afferentur
654 2599 775 2650 Regi.
795 2597 904 2651 [108]

313 2667 353 2701 In
380 2667 442 2701 III.
465 2669 661 2702 Noc-turno
688 2669 856 2703 Homiliu
882 2669 918 2701 in
937 2668 1078 2709 Evang.

262 2714 393 2750 Simile
410 2714 490 2749 erit.
509 2717 554 2750 de
573 2718 654 2750 eod.
670 2718 812 2751 Comm.
831 2718 855 2750 1.
871 2717 966 2750 loco.
981 2712 1079 2756 [110]

1171 286 1302 320 Lectio
1327 287 1375 320 ix.
1398 287 1443 319 de
1470 286 1637 319 Homilia
1659 285 1788 318 Furiae.

1173 339 1212 372 In
1244 339 1360 373 Laud.
1392 349 1585 374 commem.
1616 338 1747 371 Fcriae.
1797 338 1940 371 Deinde

1123 398 1317 421 commem.
1349 389 1383 421 S.
1414 387 1636 424 Dorothetc.
1668 387 1752 419 Ant.
1783 390 1819 419 et
1851 380 1891 426 ,V
1923 396 1939 419 c

1124 436 1146 469 I.
1172 435 1286 478 Vesp.

1335 519 1417 562 Die
1436 521 1487 561 11.
1506 520 1742 562 Februarii.

1191 584 1277 625 Bb.
1305 585 1507 635 Septem
1534 585 1878 627 Fundatorum

1235 639 1337 681 Ord.
1358 641 1474 681 Serv.
1496 641 1542 681 B.
1563 641 1616 681 M.
1637 641 1687 682 V.
1708 641 1828 681 Cons.

1455 705 1617 749 Duplex.

1175 761 1310 795 Omnia
1340 762 1386 795 de
1417 761 1559 796 Comm.
1591 762 1697 797 Conf.
1732 772 1806 797 non
1837 762 1943 797 Pont.

1126 811 1367 857 [84]‚przcter
1391 820 1496 853 sequ.

1339 876 1400 915 In
1425 875 1461 916 1.
1481 875 1731 925 vesperis.

1176 938 1262 970 Ant.
1288 943 1323 970 et
1349 937 1471 981 Capit.
1498 937 1543 971 de
1571 937 1775 971 Laudibus.
1801 937 1898 982 [288]

1435 998 1643 1047 Hymnus.

1126 1056 1200 1161 F
1212 1058 1361 1100 estivis
1384 1060 1589 1100 resonent
1607 1060 1776 1101 cantica
1792 1059 1951 1112 plausi-

1436 1114 1530 1164 bus,

1178 1171 1234 1212 Et
1260 1183 1390 1222 quam
1413 1170 1551 1222 Virgo
1576 1171 1739 1212 Parens
1765 1171 1951 1224 provida

1436 1226 1637 1277 destinat,

1177 1283 1398 1324 Illustrem
1443 1282 1655 1325 sobolem:
1698 1283 1860 1325 lumine
1903 1288 1953 1326 ut

1435 1339 1616 1392 impleat
1724 1387 1731 1395 ⁸

1233 1396 1407 1447 Orbem,
1426 1396 1628 1438 laudibus
1648 1396 1841 1439 efferant.

1132 1471 1190 1511 Hi
1217 1475 1335 1520 sunt,
1363 1470 1437 1522 qui
1461 1470 1617 1522 patriae
1641 1469 1758 1512 sedis
1780 1469 1951 1512 honori-

1182 1582 1389 1633 Calcatis,
1426 1526 1635 1647 giilpserant
1670 1581 1808 1624 ardua
1833 1584 1952 1625 men-

1181 1696 1240 1738 Ut
1257 1644 1687 1748 ωγῑῑίιεεῒῖιάῗιῖἰῐηειε,
1713 1700 1844 1747 atque
1868 1693 1953 1735 ani-

1439 1764 1511 1793 mo
1531 1752 1672 1793 ferant
1876 1758 1877 1762 ’

1232 1808 1438 1850 Moestam
1455 1808 1596 1850 thuris
1613 1808 1857 1859 imaginem.

1136 1884 1227 1924 llos
1251 1882 1354 1923 atris
1378 1882 1558 1923 decorat
1577 1881 1772 1923 vestibus
1795 1880 1956 1933 inclyta

1181 1939 1337 1990 Virgo,
1369 1943 1434 1988 ut,
1468 1951 1597 1991 quam
1630 1937 1778 1987 subiit,
1815 1939 1955 1990 perni-

1441 1994 1551 2036 ciem
1570 1995 1713 2044 fleant,

1184 2051 1292 2092 Cum
1328 2050 1433 2092 Nati
1471 2051 1680 2101 ingemuit
1718 2050 1860 2093 tristia
1895 2050 1956 2092 fu-

1235 2163 1387 2205 Crucis
1406 2120 1607 2216 pngiilma
1626 2163 1774 2216 stipiti.

1134 2239 1369 2279 Servorum
1386 2237 1514 2279 titulo
1535 2237 1675 2288 signat
1693 2237 1748 2279 ab
1769 2236 1932 2278 aethere

1185 2293 1386 2335 Coelestis
1411 2293 1627 2358 Genitrix‚
1660 2298 1704 2335 et
1728 2306 1843 2335 nova
1864 2294 1956 2344 ger-

1183 2408 1235 2448 In
1265 2362 1611 2459 partemuslggliat
1640 2405 1784 2447 luctus
1812 2410 1855 2447 et
1882 2407 1956 2446 im-

1186 2519 1359 2561 Coetum
1385 2467 1693 2569 hilpeersag}gere
1718 2519 1956 2571 perpetem.

1140 2592 1267 2643 Regis
1287 2592 1360 2644 qui
1380 2595 1587 2644 superum
1606 2590 1783 2632 volvere
1801 2590 1957 2642 jugiter

1185 2648 1315 2690 Curet
1334 2648 1605 2745 suppiliiiffzissm'
1624 2648 1830 2698 saevaque
1846 2648 1954 2699 prae-

1560 2734 1568 2753 2
