2066 2904
748 134 960 168 Commune
986 143 1064 167 non
1088 132 1304 175 Virgilium.

155 230 289 272 tionis
315 230 566 272 erudiamur
585 227 755 270 affectu.
789 228 874 269 Per
900 228 989 268 Do-

158 287 325 328 minum
351 291 561 328 nostrum.

211 359 251 394 Si
275 359 416 394 fuerint
432 359 563 402 plures
580 368 657 392 non
673 356 866 400 Virgines,
884 356 987 390 idem

158 408 199 442 fit
217 407 328 446 Offic.
354 411 395 441 ut
419 416 545 450 supra.
571 406 662 449 [116]

366 488 781 515 „m-affinm

396 574 459 614 11.
488 572 750 614 Lectiones

254 644 353 686 pro
391 631 637 682 Martyre
673 635 896 672 tantum.

389 711 439 750 In
462 710 513 749 ΙΙ.
539 709 762 748 Nocturno.

159 778 314 819 Sermo
330 777 469 819 sancti
478 777 503 818 J
505 777 659 818 oannis
675 776 989 828 Chrysestomi.

180 844 298 880 Serm.
311 844 363 879 67.
379 844 425 879 de
441 843 608 878 diversis
621 843 715 878 novi
728 840 967 876 Testamenti

519 891 627 925 loeis.

459 947 612 988 Lectio
633 947 685 987 iv.

187 1013 329 1074 jssgo
343 1009 533 1051 maxime
549 1010 988 1052 commemorationes

166 1110 169 1113 ,
197 1061 268 1125 ,ll—,23:222
291 1065 425 1117 diligo
458 1066 720 1119 Martyrum,
760 1066 912 1117 diligo,
946 1070 990 1108 et

163 1144 178 1145 θ
202 1123 268 1146 ³2
292 1122 550 1175 amplector3
573 1127 704 1175 atque
725 1135 876 1164 omnes
899 1123 988 1174 qui-

158 1177 274 1228 dem,
327 1178 407 1220 sed
455 1183 549 1220 tum
596 1181 836 1232 praecipue,
888 1191 988 1220 cum

157 1234 388 1276 mulierum
412 1235 651 1277 certamina
669 1238 990 1288 proponuntur.

159 1291 333 1341 Quanto
378 1291 492 1332 enim
532 1291 746 1333 infirmius
788 1296 856 1333 est
896 1304 988 1342 vaS,

157 1351 281 1388 tanto
306 1348 444 1399 major
470 1352 537 1389 est
562 1348 718 1398 gratia,
747 1352 870 1389 tanto
895 1347 988 1388 illu-

158 1403 289 1445 strius
322 1408 389 1445 est
421 1403 686 1456 trophaeum,
728 1408 851 1446 tanto
890 1404 989 1444 insi-

157 1459 283 1511 gnior
303 1464 369 1501 est
388 1459 587 1509 victoria,
611 1473 701 1501 non
720 1459 778 1501 ob
798 1460 989 1502 imbecil-

157 1514 325 1557 litatem
339 1528 470 1557 sexus
486 1515 759 1566 athletarum,
774 1516 854 1558 sed
871 1515 990 1568 quod

157 1584 238 1624 per
274 1583 341 1621 ea,
388 1571 545 1624 quibus
582 1573 748 1614 vicerat
778 1572 989 1621 inimicus,

157 1640 273 1668 nunc
292 1627 425 1668 etiam
443 1627 654 1670 vincatur.

214 1692 265 1744 Rz.
297 1691 487 1744 Propter
514 1692 763 1743 veritatem,
797 1697 840 1735 et
871 1707 988 1735 man-

159 1746 451 1799 suetudinem,
480 1753 524 1790 et
543 1749 768 1800 justitiam:
789 1747 812 1772 *
832 1750 889 1791 Et
917 1749 988 1791 de-

159 1803 292 1845 ducet
323 1808 367 1845 te
401 1804 657 1846 mirabiliter
690 1805 872 1847 dextera
903 1811 989 1847 tua.

162 1855 214 1908 V.
237 1860 393 1912 Specie
412 1865 488 1915 tua
507 1865 551 1902 et
569 1861 896 1914 pulchritudine
914 1866 989 1904 tua

158 1915 352 1966 intende,
379 1919 593 1970 prespere
617 1917 827 1970 procede,
856 1923 900 1960 et
924 1931 988 1960 re-

159 1984 255 2022 gna.
291 1972 349 2013 Et
367 1972 569 2015 deducet.

469 2040 623 2081 Lectio
644 2055 681 2081 v.

163 2100 291 2206 Per
317 2109 545 2151 mulierem
572 2110 692 2159 vicit,
729 2124 810 2163 per
842 2112 989 2154 mulie-

255 2179 348 2207 rem
377 2167 608 2218 superatus
636 2170 713 2207 est.
749 2167 849 2209 Hoc
875 2167 990 2209 illius

162 2224 291 2264 antea
317 2221 454 2263 telum
482 2226 593 2263 erat:
621 2221 706 2263 hoc
732 2222 847 2264 illius
875 2237 990 2266 nunc

162 2278 295 2320 caedis
331 2278 495 2319 factum
537 2283 604 2319 est
638 2278 990 2328 instrumentum,

318 2786 382 2812 Pars
397 2788 491 2814 Verna.

1782 128 1875 172 [129]
1892 103 1895 104 ⁷

1042 226 1128 269 hoc
1181 239 1259 268 vas
1310 227 1518 279 apparuit
1567 225 1875 279 insuperabile.

1041 283 1249 325 Peccavit
1269 282 1343 324 illa
1363 283 1500 336 prior,
1529 287 1573 324 et
1595 285 1770 324 mertua
1795 287 1876 324 est:

1041 339 1127 382 ista
1153 341 1329 381 mortua
1350 344 1432 389 est,
1461 352 1516 381 ne
1540 341 1759 392 peccaret.
1795 338 1877 380 Illa

1042 400 1135 438 tum
1176 395 1311 437 futilis
1351 396 1558 448 promissi
1595 409 1674 448 spe
1713 395 1876 445 inflata,

1041 451 1126 494 Dei
1144 451 1266 503 leges
1284 451 1481 493 violavit:
1499 451 1596 493 haec
1612 452 1748 493 vitam
1765 464 1876 504 prae-

1042 510 1212 550 sentem
1248 508 1528 560 contempsit,
1571 521 1626 550 ne
1663 508 1798 550 fidem
1833 508 1877 548 in

1042 577 1169 606 suum
1179 564 1508 606 benefactorem
1520 565 1717 616 ejuraret.
1735 565 1877 615 Quam

1041 621 1173 672 igitur
1206 621 1416 674 deinceps
1454 623 1634 674 sperare
1666 623 1877 673 peterunt

1043 678 1373 719 excusationem
1397 677 1495 727 viri,
1529 677 1567 718 si
1594 677 1751 718 molles
1780 677 1877 726 sint,

1043 738 1087 775 et
1105 733 1266 784 ignavi3
1291 747 1423 786 quam
1441 746 1547 776 vero
1567 733 1756 784 veniam,
1777 746 1877 774 cum

1042 790 1214 831 fortiter
1238 803 1290 832 ac
1316 790 1497 832 viriliter
1529 803 1576 832 se
1603 795 1759 841 gerant
1786 803 1877 831 mu-

1041 846 1187 896 lieres,
1224 860 1324 888 cum
1357 847 1469 888 adeo
1498 859 1546 888 se
1577 849 1792 898 generose
1820 846 1878 888 ad

1042 903 1283 945 certamina
1301 904 1477 956 pietatis
1498 903 1750 954 accingant?

1095 966 1146 1017 R.
1180 964 1384 1006 Dilexisti
1411 964 1634 1016 justitiam,
1672 969 1716 1005 et
1744 963 1877 1005 odisti

1041 1019 1332 1072 iniquitatem:
1360 1019 1383 1044 *
1412 1021 1655 1073 Propterea
1682 1021 1807 1061 unxit
1833 1024 1877 1061 te

1041 1076 1181 1126 Deus,
1236 1077 1358 1118 Deus
1403 1081 1504 1118 tuus
1555 1077 1654 1118 oleo
1700 1076 1877 1118 laetitiae.

1043 1127 1094 1180 V.
1119 1133 1307 1185 Propter
1336 1134 1579 1183 veritatem,
1609 1138 1652 1174 et
1679 1145 1877 1174 mansue-

1042 1188 1251 1239 tudinem,
1274 1194 1318 1231 et
1335 1189 1553 1242 justitiam.
1580 1188 1834 1242 Propterea.

1346 1256 1499 1296 Lectio
1520 1255 1572 1294 vi.
1761 1287 1765 1290 .

1044 1313 1188 1418 Fuit
1220 1318 1281 1359 illi
1315 1331 1475 1371 corpus
1508 1319 1793 1368 imbecillum,
1833 1323 1876 1360 et

1131 1374 1349 1416 obnoxius
1365 1389 1495 1417 sexus
1508 1376 1692 1427 injuriae,
1707 1378 1876 1416 verum-

1042 1436 1189 1472 tamen
1209 1432 1404 1472 emnium
1428 1431 1586 1473 horum
1605 1431 1876 1472 imbecillita-

1042 1492 1133 1528 tem
1169 1487 1406 1529 adveniens
1447 1489 1589 1539 gratia
1627 1487 1876 1529 occultavit.

1042 1543 1161 1584 Nihil
1186 1544 1302 1584 enim
1327 1549 1409 1594 est,
1438 1544 1544 1585 nihil
1568 1543 1698 1596 plane
1723 1545 1875 1596 poten-

1042 1600 1128 1641 tius
1148 1605 1214 1641 est
1234 1612 1303 1649 eo,
1330 1600 1403 1652 qui
1426 1613 1587 1652 magno
1607 1613 1708 1641 cum
1727 1599 1873 1641 studio

1041 1655 1125 1697 Dei
1149 1656 1354 1697 timorem
1378 1656 1541 1698 habeat
1564 1657 1609 1697 in
1632 1661 1777 1698 mente
1803 1655 1875 1698 de-

1042 1712 1193 1763 fixum3
1213 1711 1293 1754 sed
1310 1713 1508 1765 quamvis
1523 1713 1658 1765 ignes,
1676 1713 1875 1765 quamvis

1042 1769 1220 1819 ferrum,
1248 1770 1448 1821 quamvis
1467 1769 1647 1819 bestias,
1676 1770 1876 1821 quamvis

1043 1824 1162 1866 aliud
1191 1825 1364 1878 quidvis
1393 1826 1611 1867 minentur
1634 1825 1802 1875 hostes,
1832 1827 1875 1866 ό-

1042 1882 1160 1922 mnia
1171 1881 1290 1922 nullo
1300 1882 1478 1932 negotio
1488 1882 1744 1932 contemnit3
1755 1881 1876 1933 quod

1042 1938 1194 1990 utique
1214 1938 1354 1979 Beata
1372 1938 1457 1979 ista
1475 1939 1607 1979 etiam
1627 1939 1740 1980 fecit.

1099 1997 1149 2047 R.
1162 1998 1314 2040 Fallax
1332 1999 1485 2050 gratia,
1506 2004 1550 2040 et
1564 2012 1677 2040 vana
1697 2002 1764 2039 est
1781 1998 1875 2051 pul-

1043 2054 1263 2096 chritudo:
1298 2052 1319 2076 *
1346 2055 1505 2097 Mulier
1532 2056 1691 2096 timens
1719 2056 1874 2103 Deum,

1042 2111 1141 2163 ipsa
1159 2110 1421 2153 laudabitur.
1453 2104 1504 2156 V.
1518 2112 1634 2152 Date
1655 2111 1695 2152 ei
1716 2111 1771 2152 de
1790 2111 1874 2152 fru-

1043 2173 1118 2208 ctu
1145 2169 1354 2208 manuum
1387 2170 1580 2217 suarum,
1617 2171 1660 2208 et
1694 2166 1875 2209 laudent

1044 2235 1141 2266 eam
1164 2223 1208 2263 in
1232 2224 1375 2275 portis
1401 2226 1538 2277 (Spera
1566 2225 1668 2276 ejus.
1704 2223 1874 2264 Mulier.

1047 2277 1199 2320 Gloria
1225 2279 1357 2321 Patri.
1402 2280 1571 2322 Mulier.
