2066 2956
524 230 595 263 Die
619 232 670 263 ΞΓ).
696 230 854 273 Aprilis.
903 231 941 264 B.
971 231 1014 264 M.
1040 231 1083 264 Y.
1110 232 1155 264 dc
1182 233 1289 266 Bono
1316 235 1500 267 Consilio.

159 328 467 378 arrogantiam,
483 331 527 369 et
541 327 801 380 superbiam⁷
817 334 860 369 et
874 328 989 368 viam

158 395 360 434 pravam,
393 389 438 425 et
470 396 521 424 os
553 383 746 435 bilingue
781 384 989 425 detestor.

158 439 306 480 Meum
339 444 405 481 est
437 440 684 489 consilium,
717 445 762 481 et
792 441 988 491 aequitas,

158 507 257 536 mea
281 500 348 536 est
371 495 622 548 prudentia,
650 509 749 537 mea
777 501 843 537 est
868 496 987 538 forti-

157 550 278 593 tudo.
306 552 388 593 Per
407 565 477 593 me
498 565 624 603 reges
644 557 843 604 regnant,
868 557 911 593 et
930 552 987 593 le-

156 620 261 658 gum
297 607 551 650 conditores
589 609 701 660 justa
738 607 988 649 decernunt.

157 663 242 704 Per
267 677 338 705 me
363 665 585 717 principes
610 667 828 717 imperant
848 670 891 705 et
911 677 986 716 po-

157 721 300 762 tentes
337 720 577 762 decernunt
613 721 832 772 justitiam.
891 721 986 771 Ego

158 775 389 826 diligentes
413 790 484 818 me
508 777 663 832 diligo:
696 782 740 818 et
763 777 835 829 qui
860 789 987 817 mane

157 833 338 883 vigilant
358 832 415 875 ad
432 847 514 883 me,
533 835 754 875 invenient
772 846 854 874 me.

211 893 261 944 R.
286 894 450 936 Beatus
476 894 609 936 homo
638 895 711 946 qui
735 894 899 935 invenit
923 906 986 934 sa-

156 949 366 1002 pientiam
386 956 430 992 et
450 951 523 1003 qui
543 951 682 992 affluit
701 951 948 1003 prudentia:
962 952 984 975 *

155 1005 290 1046 Primi
310 1011 353 1048 et
404 1008 594 1048 urissimi
612 1008 780 1049 fructus
800 1009 906 1059 ejus,
929 1006 986 1047 al-

155 1062 296 1113 leluja.
350 1021 401 1107 ff
436 1064 678 1106 Pretiosior
715 1069 782 1105 est
818 1063 986 1105 cunctis

158 1118 333 1171 cipibus,
363 1124 407 1162 et
437 1120 583 1161 omnia
611 1133 709 1172 quae
736 1119 987 1161 desideran-

156 1179 227 1216 tur
272 1174 374 1216 huic
418 1189 505 1216 non
542 1176 689 1218 valent
729 1175 988 1228 comparari.

154 1231 302 1272 Primi.
332 1231 483 1273 Gloria
500 1232 632 1274 Patri.
664 1232 809 1273 Primi.

380 1308 429 1345 In
457 1308 507 1346 ΙΙ.
535 1308 570 1346 N
572 1309 758 1347 oeturno.

211 1375 309 1414 Ant.
336 1375 447 1416 Justi
468 1381 568 1416 sunt
588 1387 741 1416 omnes
762 1376 987 1415 sermones

156 1431 259 1479 mei,
291 1443 379 1472 non
405 1436 472 1472 est
497 1432 541 1472 in
567 1432 630 1472 eis
655 1443 840 1483 pravum
867 1429 986 1482 quid,

157 1499 300 1538 neque
318 1489 586 1539 perversum,
606 1486 787 1538 alleluja.

209 1542 259 1594 V.
294 1547 425 1588 Viam
462 1547 691 1600 sapientiae
728 1546 985 1587 monstrabo

155 1603 253 1653 tibi,
279 1602 463 1654 alleluja.
493 1604 545 1655 Rz.
569 1603 741 1644 Ducam
759 1606 803 1643 te
823 1615 903 1654 per
923 1603 985 1642 se-

155 1659 284 1701 mitas
305 1659 538 1712 aequitatis,
558 1658 740 1710 alleluja.

281 1732 433 1773 Sermo
462 1732 602 1774 sancti
629 1731 863 1782 Augustini

463 1788 686 1841 Episcopi.

301 1850 343 1883 In
367 1850 487 1884 natali
512 1849 547 1883 S.
571 1849 709 1883 Joann.
733 1848 843 1893 Bapt.

458 1902 610 1943 Lectio
631 1902 682 1942 iv.

165 1960 282 1963 *V*
292 1956 483 1997 eminem
516 1955 719 2007 concepit
750 1954 986 2004 Elisabeth,

169 2017 175 2051 ἵ
209 2014 246 2063 1}
276 2027 277 2040 ¹
306 2012 529 2054 hominem
554 2011 708 2052 Maria:
745 2010 823 2051 sed
850 2010 985 2051 Elisa-

208 2061 217 2072 ί
306 2067 413 2110 beth
432 2067 575 2109 solum
593 2067 830 2114 hominem,
850 2066 987 2107 Maria

157 2124 302 2165 Deum
329 2129 373 2165 et
398 2124 631 2165 hominem.
676 2123 787 2163 Mira
812 2134 882 2162 res
909 2127 986 2170 est,

160 2179 384 2232 quomodo
403 2180 600 2233 potuerit
618 2181 849 2230 concipere
870 2190 985 2218 crea-

157 2240 256 2278 tura
277 2236 546 2277 Creat6rem.
581 2235 696 2285 Quid
715 2238 781 2275 est
801 2246 905 2284 ergo
925 2234 986 2273 in-

158 2291 462 2342 telligendum,
482 2292 639 2333 fratres
659 2291 760 2339 mei,
783 2290 866 2330 nisi
887 2289 987 2340 quia

157 2348 252 2400 ipse
276 2347 362 2389 sibi
383 2348 488 2389 fecit
512 2360 688 2388 carnem
712 2346 767 2387 de
787 2345 881 2386 sola
898 2357 986 2385 ma-

157 2409 236 2453 tre,
252 2404 326 2455 qui
341 2404 445 2444 fecit
459 2404 647 2455 primum
660 2402 881 2443 heminem
893 2400 986 2440 sine

158 2465 284 2512 patre
305 2464 348 2500 et
366 2459 527 2500 matre?
555 2459 727 2499 Primus
745 2457 817 2498 ille
837 2460 987 2497 noster

160 2528 287 2556 casus
332 2515 429 2564 fuit,
476 2514 652 2567 quando
690 2513 863 2561 femina,
907 2523 987 2563 per

161 2583 292 2622 quam
309 2571 471 2612 mortui
491 2580 651 2620 sumu'S,
670 2570 715 2609 in
735 2568 869 2609 corde
886 2579 985 2608 con-

160 2627 279 2679 cepit
303 2628 473 2668 venena
498 2625 726 2678 serpentis.
763 2622 987 2664 Persuasit

161 2683 274 2723 enim
294 2694 476 2734 serpens
495 2683 742 2734 peccatum,
766 2684 809 2720 et
829 2678 986 2719 admis-

160 2750 235 2778 sus
266 2742 333 2779 est
363 2738 477 2779 male
509 2736 709 2778 suadens.
750 2735 795 2776 Si
822 2734 987 2786 primus

1040 334 1190 370 noster
1210 343 1338 371 casus
1358 331 1452 381 fuit,
1473 344 1568 372 cum
1591 332 1748 372 femina
1769 344 1869 373 con-

1041 385 1160 436 cepit
1180 386 1312 427 corde
1332 388 1500 428 venena
1520 389 1753 439 serpentis;
1781 400 1868 428 non

1040 441 1296 489 mirandum,
1318 443 1436 494 quod
1456 443 1573 484 salus
1590 449 1739 489 nostra
1755 443 1870 486 facta

1041 502 1123 546 est,
1149 510 1248 538 cum
1272 498 1431 539 femina
1456 500 1659 551 concepit
1677 499 1721 539 in
1740 503 1867 540 utero

1041 565 1215 594 carnem
1233 554 1568 606 Omnipotentis.
1592 556 1786 606 Uterque
1803 568 1869 596 ce-

1042 608 1209 649 ciderat
1223 622 1364 657 sexus,
1383 612 1567 662 uterque
1589 611 1729 652 fuerat
1748 624 1869 663 repa-

1040 663 1214 706 randus.
1242 666 1327 707 Per
1346 666 1572 707 mulierem
1590 667 1633 706 in
1649 667 1870 708 interitum

1040 721 1162 762 missi
1183 724 1372 771 eramus,
1397 735 1477 774 per
1495 722 1722 764 mulierem
1742 723 1869 764 nobis

1040 777 1212 819 reddita
1233 784 1298 819 est
1316 779 1444 820 salus.

1095 834 1144 885 Rg.
1160 834 1241 874 Fili
1262 834 1436 876 custodi
1455 835 1597 885 legem
1618 840 1750 886 atque
1770 847 1869 876 con-

1040 889 1183 930 silium
1209 892 1230 914 ¹⁸¹
1258 891 1314 932 Et
1348 891 1429 931 erit
1461 892 1549 931 vita
1582 891 1739 931 animae
1771 895 1870 940 tuae,

1041 950 1084 986 et
1123 947 1262 996 gratia
1300 946 1499 988 faucibus
1540 947 1643 995 tuis,
1689 946 1870 998 alleluja.

1041 997 1091 1048 V.
1118 1002 1244 1043 Tunc
1272 1002 1518 1044 ambulabis
1539 1002 1800 1044 fiducialiter
1826 1003 1869 1042 in

1039 1058 1111 1099 via
1130 1063 1221 1107 tua,
1249 1065 1292 1100 et
1315 1072 1394 1111 pes
1417 1064 1517 1100 tuus
1541 1072 1629 1100 non
1648 1059 1870 1110 impinget.

1040 1114 1097 1155 Et
1117 1114 1209 1155 erit.

1173 1178 1326 1219 Sermo
1355 1179 1495 1220 sancti
1521 1179 1739 1229 Fulgentii

1347 1235 1568 1286 Episcopi.

1094 1290 1150 1324 De
1176 1292 1277 1325 laud.
1303 1290 1435 1324 Mariae
1461 1300 1505 1323 cx
1533 1295 1643 1337 partu
1669 1289 1810 1323 Salx'at.

1354 1338 1503 1378 Lectio
1526 1352 1561 1377 v.

1048 1380 1306 1502 Queniam
1344 1393 1549 1434 diabolus
1583 1406 1662 1444 per
1695 1396 1870 1445 serpen-

1143 1454 1233 1491 tem
1261 1449 1368 1490 Evae
1396 1449 1628 1500 loquutus,
1655 1462 1735 1500 per
1762 1450 1868 1490 Evae

1040 1519 1168 1547 aures
1186 1505 1351 1546 mundo
1370 1505 1514 1545 intulit
1531 1510 1729 1554 mortem,
1747 1505 1868 1546 Deus

1038 1575 1118 1614 per
1146 1561 1365 1612 Angelum
1393 1560 1450 1602 ad
1477 1561 1660 1601 Mariam
1689 1561 1869 1612 pertulit

1038 1618 1222 1659 verbum
1256 1623 1298 1659 et
1330 1617 1499 1658 cunctis
1533 1617 1705 1657 saeculis
1734 1617 1868 1657 vitam

1041 1674 1205 1715 effudit.
1240 1673 1436 1723 Angelus
1464 1674 1711 1713 sermonem
1732 1674 1868 1723 ejecit,

1040 1734 1084 1771 et
1109 1730 1331 1771 Christum
1350 1729 1489 1779 Virgo
1516 1728 1730 1780 concepit.
1767 1729 1867 1769 Hoc

1039 1785 1276 1838 splendore
1320 1784 1564 1836 concipitur
1600 1784 1684 1824 Dei
1722 1784 1868 1833 Filius,

1038 1841 1121 1882 hac
1139 1841 1352 1882 munditia
1371 1842 1616 1891 generatur.
1651 1840 1719 1880 De
1744 1840 1866 1881 coelis

1037 1897 1233 1939 medicus
1270 1896 1488 1952 transiens
1523 1908 1604 1947 per
1640 1895 1868 1945 Virginem

1038 1958 1142 2005 post
1162 1952 1394 1994 transitum
1418 1964 1544 1992 suum
1563 1951 1746 1991 illaesam
1766 1951 1868 1992 fecit

1038 2009 1266 2059 Virginem
1302 2009 1572 2060 permanere.
1633 2007 1716 2056 Qui
1754 2007 1867 2047 enim

1039 2064 1240 2116 disrupta
1255 2067 1491 2116 corporum
1505 2062 1701 2103 membra
1716 2062 1758 2102 in
1771 2062 1867 2102 aliis

1038 2122 1214 2172 p6terat
1231 2121 1450 2170 integrare
1468 2117 1706 2168 tangendo,
1732 2130 1864 2169 quan-

1037 2181 1085 2217 to
1104 2177 1241 2227 magis
1260 2177 1304 2216 in
1323 2188 1401 2216 sua
1420 2175 1577 2222 Matre,
1609 2172 1727 2225 quod
1751 2174 1865 2214 inve-

1038 2231 1101 2272 nit
1132 2234 1367 2282 integrum‚
1404 2229 1549 2283 petuit
1580 2241 1668 2269 non
1700 2228 1863 2270 violare

1038 2285 1284 2329 nascendo?
1315 2286 1462 2328 Crevit
1486 2284 1601 2325 enim
1626 2285 1717 2335 ejus
1736 2289 1867 2336 partu

1037 2343 1264 2393 integritas
1302 2341 1501 2394 corporis
1533 2340 1697 2394 petius,
1736 2352 1866 2391 quam

1039 2397 1243 2447 decrevit,
1263 2402 1307 2439 et
1326 2396 1552 2448 virginitas
1572 2395 1781 2447 ampliata
1800 2400 1867 2436 est

1037 2455 1196 2505 petius,
1217 2466 1347 2505 quam
1366 2452 1525 2503 fugata.

1091 2512 1142 2563 R.
1162 2508 1276 2550 Audi
1295 2508 1359 2548 fili
1377 2507 1450 2556 mi,
1471 2511 1514 2547 et
1534 2506 1710 2558 suscipe
1730 2505 1865 2547 verba

1037 2579 1135 2607 mea
1163 2570 1185 2593 *
1204 2565 1263 2606 Ut
1288 2562 1630 2614 multiplicentur
1659 2561 1739 2602 tibi
1763 2562 1864 2602 anni

1037 2622 1156 2670 vitae,
1183 2619 1364 2670 alleluja.
1403 2617 1454 2668 V.
1480 2618 1610 2658 Viam
1637 2617 1864 2669 sapientiae

1037 2675 1293 2718 monstrabo
1319 2673 1414 2724 tibi,
1443 2673 1601 2714 ducam
1625 2677 1669 2713 te
1696 2685 1776 2725 per
1801 2674 1863 2713 se-

1037 2733 1166 2773 mitas
1186 2729 1415 2781 aequitatis.
1442 2728 1512 2770 Ut.
