2066 2956
764 204 805 236 111
832 203 1084 237 Dedicatione
1111 202 1305 236 Ecclesiae.

459 297 658 336 Psalmus
677 298 743 336 98.

274 360 445 401 ominus
460 358 670 409 regnavit,
680 358 925 399 irascantur
937 359 1014 409 po-

293 415 399 468 puli:
417 416 441 440 *
462 415 536 467 qui
556 414 681 456 sedet
700 426 833 466 super
854 413 1014 455 Cheru-

170 473 283 521 ·bim,
310 473 542 513 moveatur
561 475 690 512 terra.

233 528 451 569 Dominus
481 527 525 568 in
553 527 658 568 Sion
685 538 885 576 magnus:
917 525 940 550 *
972 529 1016 566 et

184 583 383 626 excelsus
403 596 536 635 super
556 595 708 624 omnes
727 581 931 635 populos.

237 640 541 682 Confiteantur
561 638 726 680 nomini
744 643 821 679 tuo
841 649 1016 687 magno:

185 697 392 749 quoniam
410 695 622 744 terribile,
651 699 694 736 et
714 699 914 735 sanctum
933 697 1015 734 est:
1075 683 1117 713 ¹³3

183 754 206 779 *
227 758 271 794 et
288 752 431 793 honor
451 752 566 802 regis
588 751 794 803 judicium
814 749 965 801 diligit.

236 809 305 850 Tu
338 808 505 861 parasti
540 807 822 849 directiones:
853 806 877 831 *
909 805 1016 857 judi-

186 866 300 907 cium
316 870 360 906 et
373 865 580 916 justitiam
594 864 638 904 in
648 862 786 904 Jacob
802 867 850 903 tu
865 861 1016 903 fecisti.

236 920 439 962 Exaltate
479 920 717 961 Dominum
756 919 900 960 Deum
941 930 1016 959 no-

184 983 333 1026 strum,
345 981 389 1018 et
401 976 582 1018 adorate
599 975 839 1017 scabellum
853 974 1018 1027 pedum

186 1034 290 1086 ejus:
308 1034 332 1059 *
353 1033 562 1084 quoniam
582 1037 784 1073 sanctum
803 1036 880 1073 est.

236 1089 414 1141 Moyses
429 1094 472 1130 et
486 1089 638 1129 Aaron
652 1089 696 1129 in
711 1087 1017 1129 sacerdotibus

186 1147 291 1197 ejus:
310 1146 333 1171 *
353 1150 398 1187 et
416 1145 591 1186 Samuel
610 1145 722 1186 inter
742 1157 835 1193 eos,
865 1144 940 1196 qui
957 1145 1018 1183 in-

186 1206 347 1243 vocant
365 1214 526 1242 nomen
546 1202 653 1252 ejus:

237 1257 510 1299 Invocabant
544 1257 803 1306 Dominum,
845 1260 889 1297 et
922 1255 1017 1308 ipse

187 1313 450 1355 exaudiebat
465 1325 555 1354 eos:
571 1313 595 1338 *
611 1313 654 1353 in
671 1312 875 1354 columna
889 1311 1017 1353 nubis

185 1369 449 1422 loquebatur
468 1369 526 1411 ad
547 1382 636 1411 008.

239 1425 558 1467 Custodiebant
583 1425 835 1466 testimonia
863 1425 970 1476 eius,
995 1424 1018 1449 *

187 1487 231 1523 et
249 1484 524 1534 praeceptum
544 1481 666 1533 quod
686 1480 808 1523 dedit
826 1480 922 1522 illis.

238 1539 426 1580 Domine
441 1539 563 1579 Deus
580 1542 731 1579 noster
749 1542 798 1578 tu
817 1535 1019 1578 exaudie-

185 1594 266 1636 bas
291 1607 382 1636 eos:
401 1595 425 1620 *
444 1595 566 1636 Deus
584 1599 633 1635 tu
655 1594 874 1646 propitius
900 1593 1019 1634 fuisti

187 1651 260 1700 eis,
278 1655 322 1692 et
340 1651 557 1692 ulciscens
577 1651 621 1691 in
641 1663 794 1692 omnes
814 1649 1018 1692 adinven-

187 1707 331 1749 tiones
350 1709 515 1748 eorum.

239 1763 443 1805 Exaltate
485 1763 725 1805 Dominum
760 1763 905 1804 Deum
944 1774 1018 1802 no-

188 1824 338 1868 strum,
367 1824 410 1860 et
430 1819 613 1861 adorate
632 1820 676 1861 in
695 1823 845 1861 monte
866 1822 1019 1859 sancto

189 1876 295 1927 ejus:
323 1876 347 1900 *
377 1876 586 1927 quoniam
605 1881 784 1917 sanctus
802 1873 1020 1915 Dominus

188 1931 311 1973 Deus
330 1935 493 1973 noster.

243 1992 338 2032 Ant.
385 1987 622 2029 Benedicta
652 1988 794 2039 gloria
824 1986 1020 2036 Domini,

190 2043 246 2085 de
264 2043 365 2085 loco
385 2047 539 2085 sancto
559 2056 651 2093 suo,
671 2043 853 2095 alleluja.

240 2100 289 2146 V.
323 2100 434 2141 Haec
464 2104 531 2141 est
559 2099 716 2141 domus
743 2099 923 2140 Domini
950 2099 1019 2140 fir-

190 2156 318 2197 miter
341 2155 571 2198 aedificata.
608 2157 657 2196 R.
685 2154 810 2197 Bene
839 2155 1021 2197 fundata

190 2217 257 2254 est
277 2225 410 2265 supra
429 2212 600 2253 firmam
618 2216 800 2265 petram.

242 2270 368 2311 Pater
394 2272 556 2310 noster.

244 2324 489 2365 Absolutio.
520 2328 556 2366 A
578 2324 773 2366 vinculis.

242 2376 289 2426 δ”.
320 2381 432 2423 Jube
456 2381 628 2423 domne,

247 2437 400 2477 Bened.
435 2437 699 2488 Evangelica
716 2436 860 2478 lectio.

192 2497 346 2538 Lectio
370 2498 509 2539 sancti
527 2497 756 2550 Evangelii
780 2495 1022 2539 secundum

519 2549 696 2591 Lucam.

297 2606 444 2646 Lectio
468 2608 531 2646 vii.
734 2607 836 2657 Cap.
859 2607 914 2645 19.

193 2654 270 2761 In
296 2659 372 2700 illo
399 2662 613 2714 tempore:
641 2663 870 2712 Ingressus
894 2663 918 2703 J
922 2675 1022 2703 esus

259 2714 593 2768 perambulabat
616 2718 639 2758 J
643 2718 802 2759 ericho.
838 2718 895 2760 Et
919 2731 1022 2760 ecce

1066 299 1132 340 vir
1157 300 1333 342 nomine
1358 301 1588 342 Zachaeus:
1617 306 1661 343 et
1687 301 1760 343 hic
1782 301 1898 354 prin-

1067 368 1172 408 ceps
1210 361 1304 398 erat
1334 357 1688 409 publicanorum,
1727 361 1771 399 et
1802 357 1898 410 ipse

1068 411 1203 453 dives.
1239 413 1297 454 Et
1315 413 1495 466 reliqua.

1179 473 1372 515 Homilia
1400 474 1539 515 sancti
1567 473 1793 515 Ambrosii

1375 530 1597 583 Episcopi.

1194 588 1276 623 Lib.
1294 591 1326 623 ὃ.
1346 589 1384 622 111
1400 589 1500 627 Luc„
1518 600 1641 634 prope
1658 590 1781 624 finem.

1082 671 1083 674 ,
1104 673 1171 697 s
1201 637 1375 679 achaeus
1397 641 1566 679 statura
1589 638 1790 691 pusillus,
1816 640 1902 681 hoc

1072 684 1192 755 4³³
1212 699 1290 743 est,
1307 694 1424 735 nulla
1439 694 1683 736 nobilitatis
1697 695 1902 746 ingenitae

1072 764 1073 768 ¹
1099 749 1191 766 Λ·
1212 749 1425 800 dignitate
1464 750 1680 801 sublimis,
1720 754 1903 802 exiguus

1068 806 1237 848 meritis
1280 807 1393 848 sicut
1433 806 1625 859 populus
1660 807 1903 857 nationum,

1070 862 1221 904 audito
1242 863 1423 904 Domini
1440 863 1680 904 Salvatoris
1700 863 1903 914 adventu,

1072 932 1203 972 quem
1230 920 1297 960 sui
1323 931 1412 960 non
1439 921 1715 972 receperant,
1753 919 1903 961 videre

1071 975 1288 1028 cupiebat.
1329 975 1418 1017 Sed
1446 988 1576 1017 nemo
1602 975 1729 1017 facile
1753 976 1778 1016 J
1781 988 1904 1017 esum

1070 1031 1207 1073 videt:
1239 1044 1368 1073 nemo
1397 1037 1548 1084 potest
1574 1032 1726 1073 Jesum
1754 1031 1904 1074 videre

1071 1089 1336 1129 constitutus
1363 1088 1408 1128 in
1436 1093 1565 1129 terra.
1605 1088 1662 1129 Et
1691 1088 1792 1141 quia
1816 1101 1905 1130 non

1070 1144 1331 1197 prophetas,
1381 1157 1470 1185 non
1514 1144 1657 1195 legem
1701 1144 1905 1195 habebat,

1071 1205 1297 1252 tamquam
1327 1201 1482 1242 formae
1514 1200 1701 1251 gratiam
1732 1203 1905 1242 natura-

1071 1256 1135 1306 lis,
1155 1256 1354 1298 ascendit
1370 1257 1415 1297 in
1429 1258 1722 1308 sycomorum,
1740 1257 1905 1298 vanita-

1071 1317 1162 1354 tem
1177 1312 1345 1354 scilicet
1354 1313 1379 1353 J
1380 1312 1611 1354 udaeorum
1621 1313 1807 1364 vestigio
1824 1325 1905 1354 suo

1071 1371 1314 1421 proterens,
1331 1371 1476 1410 errata
1490 1381 1667 1421 quoque
1679 1369 1905 1420 corrigens

1072 1425 1312 1478 superioris
1332 1425 1491 1466 aetatis:
1515 1429 1559 1467 et
1577 1424 1678 1466 ideo
1697 1425 1722 1465 J
1724 1435 1847 1467 esum
1862 1425 1906 1466 in

1072 1481 1292 1523 interioris
1322 1480 1480 1523 domus
1507 1481 1677 1533 recepit
1701 1480 1906 1533 hospitio.

1124 1540 1174 1591 R.
1196 1538 1367 1578 Domus
1385 1550 1494 1586 mea,
1515 1536 1674 1579 domus
1694 1537 1906 1579 orationis

1072 1593 1320 1643 vocabitur,
1345 1593 1451 1635 dicit
1469 1593 1701 1635 Dominus:
1727 1593 1772 1634 in
1791 1605 1843 1635 ea
1862 1605 1906 1634 o-

1052 1650 1185 1703 1111118
1202 1650 1277 1701 qui
1291 1650 1415 1702 petit,
1435 1650 1612 1702 accipit;
1632 1654 1676 1691 et
1696 1649 1771 1701 qui
1790 1662 1906 1701 quae·

1052 1705 1057 1711 '
1073 1706 1139 1755 rit,
1158 1706 1337 1747 invenit:
1349 1707 1371 1730 *
1388 1706 1446 1747 Et
1464 1705 1656 1758 pulsanti
1673 1705 1906 1758 aperietur.

1072 1758 1123 1809 V.
1143 1762 1297 1811 Petite,
1318 1766 1363 1803 et
1380 1761 1621 1814 accipietis:
1642 1761 1837 1814 quaerite,
1862 1766 1906 1803 et

1073 1818 1314 1860 invenietis.
1367 1818 1424 1859 Et
1442 1817 1647 1870 pulsanti.

1125 1875 1286 1917 Bened.
1316 1874 1528 1926 Diyinum
1546 1872 1769 1915 auxilium.

1360 1930 1512 1971 Lectio
1533 1930 1618 1970 viii.

1156 1991 1175 2029 t
1192 1987 1305 2029 bene
1329 1985 1527 2028 ascendit
1549 1986 1593 2026 in
1611 1986 1832 2036 arborem,
1858 1990 1907 2028 ut

1160 2043 1293 2085 arbor
1311 2042 1429 2085 bona
1444 2042 1588 2084 bonos
1607 2042 1775 2084 fructus
1793 2042 1907 2084 face-

1077 2106 1157 2143 ret:
1176 2112 1227 2141 ac
1246 2099 1434 2140 naturali
1451 2100 1623 2140 excisus
1641 2098 1845 2148 oleastro,
1864 2102 1908 2140 et

1074 2162 1230 2199 contra
1248 2159 1450 2198 naturam
1469 2155 1659 2196 insertus
1678 2155 1721 2195 in
1744 2154 1908 2196 bonam

1075 2213 1248 2262 olivam,
1257 2212 1447 2254 fructum
1456 2216 1611 2271 posset
1621 2211 1729 2261 legis
1740 2210 1908 2252 afferre.

1075 2269 1221 2311 Radix
1241 2269 1356 2310 enim
1373 2272 1536 2316 sancta,
1557 2267 1639 2309 etsi
1657 2267 1766 2308 rami
1780 2266 1907 2308 inuti·

1074 2326 1153 2367 les:
1177 2337 1364 2377 quorum
1387 2323 1704 2365 infructuosam
1721 2322 1908 2373 gloriam

1075 2381 1202 2434 plebs
1222 2380 1431 2422 Gentium
1453 2379 1542 2421 fide
1561 2378 1908 2428 resurrectionis,

1076 2438 1201 2490 quasi
1226 2436 1417 2489 quadam
1440 2436 1640 2488 corporis
1663 2434 1908 2476 elevatione

1075 2492 1355 2535 transcendit.
1391 2491 1607 2532 Zachaeus
1636 2503 1740 2541 ergo
1769 2491 1813 2531 in
1841 2503 1907 2542 sy-

1075 2552 1275 2599 comoro,
1303 2561 1448 2590 caecus
1467 2548 1511 2588 in
1530 2548 1614 2588 via:
1643 2559 1829 2599 quorum
1850 2546 1907 2587 al-

1075 2611 1219 2648 terum
1229 2605 1445 2646 Dominus
1455 2604 1741 2644 miseraturus
1755 2604 1907 2655 exspe-

1076 2667 1182 2711 ctat,
1207 2661 1392 2702 alterum
1414 2659 1653 2700 mansionis
1673 2671 1765 2699 suae
1786 2658 1907 2699 clari-

1075 2721 1166 2760 tate
1196 2716 1412 2759 nobilitat:
1454 2715 1642 2757 alterum
1674 2717 1906 2756 sanaturus
