2028 2892
461 169 529 202 llic
554 171 604 202 235,
635 169 741 203 Febr.

188 257 370 299 dioecesi
401 270 489 299 non
517 271 605 300 uno
633 259 808 300 nemine
835 260 1017 311 profuit:

186 313 415 354 Theuzoni
446 317 659 366 episcopo
691 315 734 355 in
762 327 895 356 causa
921 328 1015 366 gra-

185 369 364 410 vissima
383 369 562 419 assedit,
582 371 815 422 ipsumque
834 371 877 411 in
897 376 1017 412 recte

186 424 535 467 administrando
555 426 816 479 episcopatu
833 427 1016 468 consilio

186 486 231 522 et
250 483 387 533 opera
406 482 523 533 juvit.
550 482 809 523 Divinorum
825 488 1015 524 contem-

185 537 396 589 platione,
417 539 618 590 corporis
636 539 1016 588 macerationibus,

186 595 433 644 ceterisque
470 596 683 645 spectatae
716 595 1016 636 sanctimoniae

186 648 399 700 exemplis
419 649 634 691 excelluit.
661 650 744 690 His
763 655 910 691 motus
925 651 1016 692 Ste-

184 703 356 756 phanus
389 717 531 745 nonus
563 706 767 747 Pentifex
797 706 1015 748 Maximus

186 772 287 800 eum
315 759 420 801 licet
448 761 632 802 invitum
658 766 702 802 et
727 762 1016 803 reluctantem

185 819 351 856 sanctae
383 816 599 857 Romanae
627 817 838 858 Ecclesiae
867 818 1015 859 Cardi-

185 870 329 912 nalem
363 872 546 921 creavit,
580 877 624 913 et
651 873 901 914 Ostiensem
929 876 1016 926 epi-

186 938 380 978 scopum.
435 928 554 977 Quas
586 928 744 969 Petrus
781 928 1017 979 dignitates

187 982 553 1034 splendidissimis
572 984 824 1034 virtutibus,
849 990 893 1026 et
916 998 1016 1026 con-

186 1038 408 1079 sentaneis
469 1039 712 1092 episcopali
775 1041 1017 1082 ministerio

187 1093 396 1146 operibus
415 1095 563 1144 gessit.

240 1154 289 1204 Ra
322 1149 458 1190 Posui
485 1149 751 1200 adjutorium
780 1163 913 1202 super
940 1163 1017 1203 po-

186 1206 369 1253 tentem,
415 1210 459 1246 et
501 1206 693 1247 exaltavi
733 1206 922 1247 electum
963 1205 1018 1247 de

185 1259 317 1312 plebe
335 1273 448 1301 mea:
467 1269 490 1291 *
511 1260 667 1302 Manus
691 1262 807 1303 enim
828 1274 928 1303 mea
947 1275 1017 1303 au-

185 1315 409 1357 xiliabitur
430 1316 480 1357 ei.
517 1315 565 1365 V.
590 1317 744 1358 Inveni
761 1317 907 1358 David
931 1330 1018 1358 ser-

185 1384 289 1412 vum
306 1384 467 1422 meum,
495 1372 595 1414 oleo
619 1378 772 1414 sancto
794 1385 894 1414 meo
914 1373 1017 1414 unxi

185 1439 295 1468 eum.
323 1427 490 1468 Manus.

488 1491 641 1531 Lectio
662 1491 714 1529 vi.

274 1542 501 1584 ifficillimo
551 1545 754 1596 tempore
801 1545 1016 1585 Romanae

284 1598 512 1648 Ecclesiae,
541 1601 809 1651 summisque
836 1601 1015 1641 Pontifi-

186 1655 309 1696 cibus
329 1653 543 1704 doctrina‚
570 1655 878 1706 legationibus,
902 1655 1015 1696 aliis-

186 1723 271 1762 que
313 1710 530 1762 susceptis
570 1710 798 1752 laboribus
832 1711 1015 1753 mirifice

184 1766 336 1807 adfuit.
371 1765 600 1807 Adversus
625 1766 946 1808 Nicolaitarum
971 1772 1016 1808 et

185 1821 469 1863 simoniacam
503 1821 697 1863 haereses
733 1822 791 1863 ad
826 1827 1015 1864 mortem

184 1890 325 1929 usque
352 1878 529 1918 strenue
558 1877 814 1919 decertavit.
857 1878 1015 1929 Hujus-

183 1932 306 1974 modi
333 1932 530 1984 depulsis
551 1933 693 1982 malis,
721 1933 1015 1975 Mediolanen-

185 2001 279 2030 sem
311 1988 524 2029 Ecclesiae
559 1989 773 2029 Romanae
811 1989 1014 2031 concilia-

184 2045 257 2086 vit.
310 2043 565 2094 Benedicto,
595 2049 639 2085 et
668 2044 865 2086 Cadaloo
893 2045 1014 2086 falsis

183 2100 467 2153 pontificibus
493 2100 666 2141 fertiter
692 2101 868 2142 restitit:
896 2102 1013 2143 Hen-

183 2158 323 2197 ricum
356 2160 558 2208 quartum
587 2155 837 2197 Germaniae
866 2169 1015 2207 regem

185 2211 240 2253 ab
273 2213 424 2263 iniquo
462 2211 612 2252 uxoris
650 2210 842 2253 divertio
874 2212 1013 2253 deter-

184 2268 285 2309 ruit:
308 2268 589 2308 Ravennates
608 2265 665 2307 ad
684 2265 834 2308 debita
853 2268 1013 2308 Roma-

183 2335 242 2363 no
282 2322 486 2364 Pontifici
526 2322 740 2374 obsequia
779 2325 1013 2364 revocatos

185 2378 321 2418 sacris
340 2379 539 2420 restituit.
568 2378 815 2419 Canonicos
829 2379 1014 2420 Veliter-

185 2446 266 2474 nos
293 2433 349 2475 ad
375 2434 608 2475 sanctiOris
627 2434 730 2474 vitae
754 2433 875 2484 leges
899 2447 1014 2475 com-

186 2489 348 2540 posuit.
401 2490 451 2529 In
495 2490 724 2541 provincia
767 2491 1015 2541 praesertim

186 2543 397 2585 Urbinate
424 2545 498 2585 vix
526 2545 613 2585 ulla
641 2545 722 2586 fuit
750 2545 1015 2597 episcopalis

187 2598 383 2648 ecclesia,
403 2599 458 2640 de
479 2613 563 2651 qua
583 2601 739 2642 Petrus
758 2613 847 2641 non
868 2601 924 2642 sit
943 2600 1015 2642 be-

790 172 823 203 S.
853 170 950 204 Petri
978 170 1155 204 Dumiani
1179 170 1305 213 Episc.
1332 171 1439 204 (lons.
1467 176 1501 204 ct
1526 171 1634 204 Doct.

1070 273 1125 301 ne
1142 259 1338 309 meritus;
1361 259 1652 310 Eugubinam,
1677 271 1808 311 quam
1826 260 1899 302 ali-

1072 315 1247 367 quando
1290 314 1502 356 creditam
1536 314 1708 364 habuit,
1750 315 1899 357 multis

1070 371 1232 413 levavit
1275 370 1582 412 incemmodis:
1630 370 1737 412 alias
1783 371 1899 421 alibi,

1072 426 1249 479 quando
1273 427 1486 479 oportuit,
1509 426 1692 478 perinde
1718 427 1899 477 curavit,

1071 496 1123 524 ac
1153 495 1244 524 suae
1277 487 1424 524 essent
1458 482 1609 523 tutelae
1640 485 1899 524 commissae.

1072 538 1371 586 Cardinalatu,
1412 541 1456 579 et
1488 538 1730 591 episcopali
1764 538 1899 590 digni-

1070 597 1162 637 tate
1183 594 1413 647 depositis,
1438 593 1545 634 nihil
1563 593 1619 635 de
1638 595 1823 646 pristina
1841 596 1899 646 ju-

1072 650 1206 691 vandi
1223 650 1451 702 preximos
1471 649 1705 691 sedulitate
1724 650 1900 692 remisit.

1071 707 1095 747 J
1098 706 1287 758 ejunium
1308 710 1445 747 sextae
1463 705 1604 746 Feriae
1622 705 1667 746 in
1685 705 1900 747 honerem

1072 767 1237 803 sanctae
1265 761 1407 802 crucis
1435 761 1460 802 J
1462 773 1540 802 esu
1569 760 1747 803 Christi:
1773 761 1900 803 hora-

1071 818 1158 859 rias
1184 818 1330 859 beatae
1358 817 1442 858 Dei
1470 817 1705 858 Genitricis
1732 830 1900 870 preces,

1072 875 1252 926 ejusque
1280 873 1351 914 die
1378 872 1574 915 Sabbato
1604 873 1770 915 cultum
1800 886 1900 926 pro-

1071 930 1261 982 pagavit.
1319 928 1567 970 Inserendae
1604 941 1782 981 quoque
1818 930 1900 972 sibi

1071 985 1391 1027 verberationis
1422 997 1593 1026 morem
1624 984 1681 1027 ad
1706 987 1901 1038 patrato-

1071 1055 1169 1082 rum
1188 1041 1403 1082 scelerum
1426 1041 1724 1094 expiatienem
1747 1043 1902 1094 prove-

1072 1098 1146 1138 xit.
1186 1098 1377 1138 Demum
1411 1097 1660 1147 sanctitate,
1692 1097 1904 1147 doctrina,

1072 1153 1311 1202 miraculis,
1344 1157 1388 1194 et
1419 1153 1634 1205 praeclare
1667 1153 1779 1194 actis
1809 1153 1902 1194 iHu-

1073 1209 1194 1258 stris,
1223 1208 1328 1250 dum
1354 1221 1377 1250 e
1400 1209 1658 1250 Ravennate
1682 1209 1903 1259 legatione

1073 1265 1253 1314 rediret,
1289 1265 1515 1306 Faventiae
1549 1267 1709 1306 octavo
1741 1265 1902 1306 Kalen—

1072 1320 1152 1361 das
1180 1320 1325 1361 Martii
1352 1320 1558 1371 migravit
1587 1320 1644 1362 ad
1670 1320 1902 1362 Christum.

1071 1377 1175 1427 Ejus
1208 1388 1369 1428 corpus
1400 1375 1566 1417 ibidem
1593 1376 1714 1430 apud
1743 1376 1902 1418 Cister-

1071 1432 1240 1473 cienses
1275 1431 1425 1473 multis
1460 1432 1682 1474 miraculis
1719 1433 1902 1483 clarum,

1070 1487 1290 1539 frequenti
1320 1487 1589 1540 populorum
1618 1489 1901 1531 veneratiene

1072 1543 1242 1584 colitur.
1284 1544 1436 1595 Ipsum
1463 1545 1694 1586 Faventini
1720 1557 1810 1586 non
1836 1557 1901 1586 se-

1070 1599 1158 1640 mel
1182 1599 1226 1639 in
1252 1600 1463 1652 praesenti
1487 1599 1736 1642 discrimine
1755 1603 1901 1654 propi-

1070 1656 1180 1696 tium
1195 1655 1367 1707 experti
1380 1656 1747 1709 patrenumapud
1756 1657 1901 1698 Deum

1073 1711 1344 1761 delegerunt:
1368 1711 1461 1752 Leo
1481 1724 1587 1753 vero
1612 1711 1900 1754 duodecimus

1071 1767 1275 1808 Pentifex
1307 1767 1526 1808 Maximus
1563 1767 1768 1809 Officium
1798 1769 1900 1809 Mis-

1071 1826 1253 1874 samque
1272 1823 1317 1863 in
1337 1823 1427 1874 ejus
1445 1822 1659 1865 honerem
1674 1828 1901 1876 tamquam

1071 1879 1348 1920 confessoris
1366 1880 1608 1929 Pontificis,
1633 1892 1731 1932 quae
1751 1879 1899 1932 aliqui-

1068 1934 1152 1976 bus
1170 1935 1215 1976 in
1235 1934 1514 1985 dioecesibus,
1534 1940 1667 1988 atque
1686 1936 1731 1976 in
1746 1935 1900 1978 ordine

1070 1990 1470 2032 Camaldulensium
1501 1992 1587 2043 jam
1619 1991 1899 2034 celebraban-

1068 2051 1155 2096 tur,
1184 2060 1239 2088 ex
1263 2049 1490 2088 sacretum
1507 2047 1690 2088 Rituum
1709 2048 1897 2098 Congre-

1067 2104 1256 2154 gationis
1277 2103 1496 2152 consulto,
1520 2102 1671 2144 addita
1688 2104 1897 2146 Doctoris

1069 2159 1297 2210 qualitate,
1331 2159 1389 2200 ad
1419 2159 1669 2200 universam
1701 2160 1899 2202 extendit

1068 2215 1322 2256 Ecclesiam.
1379 2216 1429 2266 R.
1455 2215 1547 2256 Iste
1566 2220 1634 2257 est
1654 2216 1739 2267 qui.
1757 2215 1833 2269 [71]

1124 2275 1164 2307 In
1188 2274 1251 2307 111.
1274 2274 1474 2308 Nocturno
1500 2275 1670 2309 Homilia
1693 2276 1729 2309 in
1753 2276 1898 2317 Evang.

1072 2323 1145 2357 Vos
1172 2323 1266 2357 estis
1297 2323 1356 2357 sal
1382 2326 1505 2358 terrae.
1548 2323 1595 2356 de
1621 2322 1765 2357 Comm.
1791 2323 1899 2358 Doct.

1075 2374 1098 2403 1.
1126 2370 1222 2402 loco.
1246 2370 1318 2413 [81]

1125 2420 1254 2454 Lectio
1282 2420 1329 2452 ix.
1362 2420 1408 2452 dc
1439 2420 1609 2453 Homilia
1637 2420 1757 2454 Fcriae
1787 2426 1823 2454 et
1852 2421 1898 2454 de

1071 2479 1114 2502 ca
1140 2468 1178 2501 fit
1204 2476 1399 2502 commem.
1426 2467 1462 2499 in
1488 2466 1606 2500 Laud.

1125 2514 1233 2548 Nihil
1258 2514 1297 2546 fit
1323 2514 1369 2546 de
1395 2514 1550 2555 Vigilia,
1576 2514 1649 2547 nisi
1676 2514 1713 2546 in
1740 2513 1868 2548 Missa.

1123 2562 1249 2603 Vesp..
1268 2561 1300 2594 si
1320 2571 1394 2593 non
1415 2567 1472 2594 cst
1487 2560 1713 2598 bissextilis,
1731 2561 1776 2595 (lc
1792 2572 1896 2605 sequ.

1071 2620 1156 2642 cum
1175 2618 1370 2642 commem.
1389 2608 1553 2650 praeced.
1573 2612 1609 2641 et
1626 2607 1757 2641 Feriae.

834 2678 1126 2704 ——4084204-
