2028 2892
696 167 900 203 Dominica
923 169 950 204 I.
976 169 1301 213 Quadragesimae.

145 269 242 297 mus
266 255 357 297 tibi.
395 256 446 309 V,
474 255 647 307 Adjuva
670 270 751 298 nos
770 257 890 299 Deus
910 270 974 298 sa-

146 311 299 353 lutaris
317 317 479 363 noster,
500 317 543 354 et
559 317 743 365 propter
762 313 974 355 honorem

146 367 335 409 nominis
374 368 439 410 tui
474 368 662 410 Domine
703 369 842 411 libera
882 383 974 411 nos.

147 423 349 466 Attende.

193 519 195 521 .
454 481 606 524 Lectio
627 497 663 524 v.

144 531 450 638 Debebatur
467 532 645 584 quidem
663 533 797 574 tantis
817 536 974 585 myste-

250 588 327 629 riis
347 588 407 630 ita
425 588 698 630 incessabilis
718 589 908 638 devotio,
932 595 975 631 et

146 644 400 686 continuata
418 645 674 695 reverentia,
694 650 741 687 ut
755 645 865 687 tales
879 659 974 698 per-

144 702 421 742 maneremus
439 701 483 741 in
503 702 744 753 conspectu
758 702 853 751 Dei,
874 715 974 754 qua-

146 757 211 798 les
237 769 319 798 nos
346 757 390 797 in
417 757 516 809 ipso
543 757 745 798 Paschali
772 758 886 799 festo
915 758 974 799 di-

145 825 280 864 gnum
308 818 375 855 est
402 813 597 854 inveniri.
639 813 727 855 Sed
754 814 855 866 quia
879 814 976 855 haec

146 869 358 911 fortitudo
391 871 634 921 paucorum
670 874 751 920 est;
796 875 839 912 et
872 870 976 911 dum

147 925 290 967 carnis
318 925 554 976 fragilitate
583 926 799 968 austerior
828 926 975 968 obser-

146 982 294 1024 vantia
320 981 552 1032 relaxatur,
581 982 773 1035 dumque
800 995 880 1034 per
905 985 975 1023 va-

144 1038 232 1079 rias
251 1039 447 1080 actiones
462 1038 565 1080 vitae
580 1037 705 1090 hujus
725 1039 975 1081 sollicitudo

146 1094 424 1144 distenditur,
460 1096 642 1136 necesse
671 1100 738 1136 est
770 1095 825 1137 de
856 1109 975 1136 mun-

147 1150 263 1193 dano
278 1151 461 1204 pulvere
476 1151 607 1192 etiam
621 1151 827 1202 religiosa
841 1151 977 1192 corda

147 1207 420 1249 sordescere:
447 1220 606 1258 magna
624 1207 785 1249 divinae
809 1208 975 1250 institu-

145 1264 276 1306 tionis
296 1263 554 1305 salubritate
572 1266 800 1316 provisum
819 1268 901 1313 est,
929 1269 977 1305 ut

146 1319 204 1362 ad
237 1319 531 1373 reparandam
568 1320 780 1361 mentium
815 1321 976 1372 purita-

146 1381 237 1418 tem
288 1375 578 1428 quadraginta
628 1375 756 1417 nobis
809 1376 977 1417 dierum

148 1432 404 1474 exercitatio
437 1431 707 1482 mederetur,
747 1433 792 1472 in
820 1432 977 1483 quibus

147 1489 332 1530 aliorum
358 1489 608 1540 temporum
636 1488 804 1540 culpas,
834 1492 878 1529 et
904 1489 978 1540 pia

148 1547 286 1598 opera
305 1544 588 1594 redimerent,
617 1548 661 1586 et
681 1544 838 1596 jejunia
857 1549 977 1586 casta

148 1601 458 1653 decoquerent.
727 1601 729 1604 ⁴

195 1659 247 1711 R.
299 1657 590 1709 Derelinquat
642 1657 802 1708 impius
863 1657 978 1698 viam

147 1726 288 1764 suam,
323 1718 367 1755 et
394 1714 461 1755 vir
486 1714 661 1765 iniquus
690 1712 977 1764 cogitationes

147 1782 266 1820 suaS,
303 1774 346 1811 et
371 1771 618 1811 revertatur
645 1768 702 1810 ad
729 1769 978 1817 Dominum,

149 1830 193 1868 et
223 1825 502 1867 miserebitur
536 1826 642 1877 ejus:
662 1829 685 1853 *
722 1825 834 1875 Quia
859 1824 977 1866 beni-

148 1895 258 1934 gnus
296 1886 339 1924 et
374 1882 626 1923 misericors
664 1886 745 1930 est,
790 1885 834 1922 et
868 1893 978 1933 prae-

151 1938 320 1980 stabilis
366 1951 499 1991 super
547 1937 714 1978 malitia
762 1937 978 1978 Dominus

148 1995 271 2036 Deus
288 1999 451 2037 noster.
467 1989 518 2041 V.
540 1994 642 2035 Non
656 1993 750 2034 vult
763 1993 977 2034 Dominus

149 2056 338 2092 mortem
356 2050 615 2103 peccatoris,
638 2048 717 2091 sed
735 2053 783 2090 ut
800 2061 977 2090 conver-

149 2108 267 2149 tatur
286 2111 330 2149 et
348 2107 478 2149 vivat.
509 2106 621 2156 Quia
637 2104 862 2156 benignus.

446 2167 598 2208 Lectio
617 2166 669 2207 vi.

196 2222 420 2273 ngressuri
433 2222 574 2274 igitur,
590 2220 869 2269 dilectissimi,
885 2219 978 2261 dies

215 2279 438 2331 mysticos,
457 2283 501 2319 et
519 2276 805 2330 purificandis
824 2275 978 2316 animis

150 2341 282 2387 atque
311 2334 574 2387 corporibus
611 2333 824 2374 sacratius
861 2332 977 2372 insti-

148 2394 289 2441 tutos,
330 2390 567 2443 praeceptis
607 2388 863 2442 apostolicis
904 2386 978 2428 ob-

151 2447 271 2489 edire
308 2448 529 2495 curemuS,
577 2444 863 2486 emundantes
899 2454 979 2483 nos

150 2502 205 2544 ab
238 2503 357 2544 omni
390 2502 716 2554 inquinamento
753 2499 894 2541 carnis
928 2510 980 2539 ac

150 2559 344 2611 spiritus:
379 2562 427 2599 ut
461 2557 684 2607 castigatis
712 2554 978 2597 colluctatio-

150 2615 296 2664 nibus,
341 2627 439 2666 quae
471 2618 571 2655 sunt
602 2613 715 2654 inter
750 2612 979 2661 utramque

151 2670 457 2719 substantiam,
499 2669 685 2718 animus,
730 2679 858 2719 quem
899 2664 979 2706 sub

1794 162 1856 197 133

1026 257 1110 298 Dei
1128 257 1431 308 gubernaculis
1451 259 1744 309 constitutum,
1762 262 1854 300 cor-

1027 313 1148 365 poris
1174 314 1239 355 sui
1263 313 1389 355 decet
1409 327 1505 355 esse
1523 317 1751 364 rectorem,
1780 315 1854 356 do-

1026 369 1274 410 minationis
1311 382 1401 411 suae
1444 370 1637 412 obtineat
1673 371 1854 423 dignita-

1026 429 1130 466 tem:
1158 430 1205 466 ut
1223 426 1384 466 nemini
1401 426 1554 467 dantes
1571 426 1703 467 ullam
1722 427 1853 468 offen-

1027 481 1217 531 sionem,
1284 482 1674 534 vituperationibus
1735 483 1853 524 oblo-

1029 538 1253 589 quentium
1281 551 1369 579 non
1396 539 1528 579 simus
1558 538 1745 580 obnoxii.
1780 539 1853 579 Di-

1027 606 1113 643 gna
1134 594 1248 635 enim
1267 593 1322 635 ab
1350 594 1595 635 infidelibus
1623 595 1853 647 reprehen-

1028 650 1151 691 sione
1190 652 1437 702 carpemur,
1483 655 1526 692 et
1561 655 1711 692 nostro
1748 651 1852 692 vitio

1028 705 1186 756 linguae
1215 707 1360 758 impiae
1388 706 1431 746 in
1454 706 1650 757 injuriam
1683 719 1729 747 se
1759 706 1853 747 reli-

1028 762 1168 812 gionis
1210 762 1459 811 armabunt,
1506 762 1542 802 si
1577 763 1853 814 jejunantium

1027 831 1173 859 mores
1210 831 1235 859 a
1268 819 1459 871 puritate
1487 818 1693 870 perfectae
1722 819 1853 860 eonti-

1027 874 1186 915 nentiae
1206 874 1506 926 discreparint.
1543 874 1644 915 Non
1673 874 1785 915 enim
1812 875 1854 914 in

1028 930 1122 971 sola
1164 930 1425 972 abstinentia
1466 929 1551 971 cibi
1592 935 1678 971 stat
1717 931 1854 971 nostri

1028 998 1196 1027 summa
1223 987 1380 1038 jejunii:
1417 991 1491 1027 aut
1517 986 1738 1027 fructuose
1763 988 1853 1027 cor-

1027 1043 1126 1094 pori
1161 1055 1261 1090 esca
1293 1042 1580 1092 subtrahitur,
1618 1042 1699 1083 nisi
1732 1055 1853 1083 mens

1029 1098 1083 1139 ab
1111 1098 1339 1150 iniquitate
1366 1100 1608 1139 revocetur.

1078 1165 1130 1215 R.
1153 1158 1351 1200 Paradisi
1369 1156 1519 1211 porta's
1542 1158 1710 1210 aperuit
1729 1158 1854 1199 nobis

1028 1215 1171 1266 jejunii
1203 1219 1391 1267 tempus:
1428 1214 1713 1265 suscipiamus
1748 1214 1855 1255 illud

1030 1273 1216 1321 orantes,
1232 1276 1275 1313 et
1290 1271 1593 1323 deprecantes:
1606 1277 1627 1299 *
1646 1270 1704 1311 Ut
1723 1270 1767 1310 in
1785 1269 1854 1310 die

1029 1327 1358 1368 resurrectionis
1378 1340 1477 1367 cum
1494 1326 1684 1367 Domino
1703 1326 1853 1376 glorie-

1028 1396 1134 1423 mur.
1171 1379 1219 1431 Χῖ.
1257 1383 1307 1423 In
1341 1382 1540 1423 omnibus
1573 1381 1854 1423 exhibeamus

1027 1441 1322 1490 nosmetipsos
1362 1438 1474 1479 sicut
1508 1438 1591 1478 Dei
1633 1437 1854 1490 ministros

1029 1495 1073 1535 in
1091 1494 1227 1536 multa
1246 1494 1466 1546 patientia.
1498 1493 1566 1534 Ut.
1596 1492 1757 1535 Gloria.
1784 1493 1854 1534 Ut.

1249 1575 1299 1614 In
1316 1574 1387 1613 111.
1405 1573 1627 1614 Nocturno.

1025 1637 1180 1679 Lectio
1204 1637 1342 1678 sancti
1366 1635 1591 1686 Evangelii
1615 1635 1853 1677 secundum

1304 1692 1572 1734 Matthaeum.

1130 1756 1281 1797 Lectio
1303 1755 1370 1796 vii.
1591 1754 1693 1804 Cap.
1713 1754 1751 1792 4.

1027 1809 1105 1914 In
1122 1813 1197 1854 illo
1216 1815 1432 1865 tempore:
1457 1812 1626 1853 Ductus
1645 1815 1711 1852 est
1729 1811 1753 1851 J
1756 1823 1854 1852 esus

1094 1869 1138 1909 in
1158 1869 1378 1911 desertum
1398 1881 1424 1909 a
1442 1868 1619 1920 Spiritu,
1651 1872 1699 1908 ut
1719 1871 1853 1907 tenta-

1028 1927 1147 1967 retur
1166 1938 1191 1966 a
1211 1924 1399 1966 diabolo.
1434 1924 1490 1965 Et
1510 1936 1608 1965 cum
1625 1924 1854 1974 jejunasset

1031 1981 1318 2034 quadraginta
1337 1980 1490 2022 diebus
1508 1984 1552 2021 et
1570 1978 1854 2031 quadraginta

1028 2037 1241 2088 noctibus,
1259 2039 1416 2089 postea
1432 2035 1590 2078 esuriit.
1609 2035 1665 2076 Et
1679 2033 1853 2085 reliqua.

1071 2105 1264 2151 Homilia
1288 2105 1426 2147 sancti
1450 2103 1651 2154 Gregorii
1671 2103 1814 2153 Papae.

1167 2167 1337 2202 Homilia
1356 2167 1405 2201 16.
1422 2167 1460 2201 in
1477 2164 1696 2207 Evangelia.

1066 2217 1373 2287 {3453j²·÷51ss)1tau·1a
1393 2213 1651 2268 quibusdam
1679 2212 1800 2262 solet,
1829 2224 1853 2252 a

1066 2274 1130 2322 {513⁹
1150 2290 1155 2317 ,ff
1188 2286 1275 2325 quo
1300 2272 1454 2325 spiritu
1477 2270 1532 2310 sit
1548 2269 1573 2309 J
1575 2281 1673 2310 esus
1698 2267 1853 2309 ductus

1061 2324 1154 2356 Ἀ
1187 2331 1231 2370 in
1264 2328 1502 2374 desertum,
1550 2329 1732 2376 propter
1769 2323 1854 2364 hoc

1031 2385 1151 2438 quod
1192 2384 1409 2426 subditur:
1464 2379 1714 2431 Assumpsit
1755 2391 1853 2420 eum

1031 2441 1232 2483 diabolus
1259 2441 1303 2481 in
1331 2443 1524 2480 sanctam
1547 2436 1782 2476 civitatem:
1810 2439 1854 2475 et

1030 2510 1220 2538 rursum:
1254 2492 1504 2545 Assumpsit
1531 2504 1629 2533 eum
1660 2491 1705 2531 in
1734 2502 1852 2530 mon-

1029 2558 1120 2595 tem
1147 2551 1365 2594 excelsum
1391 2548 1529 2590 valde.
1565 2546 1651 2588 Sed
1678 2558 1781 2587 vere
1810 2550 1853 2586 et

1031 2609 1196 2660 absque
1222 2607 1309 2648 ulla
1333 2603 1573 2657 quaestione
1596 2601 1851 2644 convenien-

1030 2669 1097 2706 ter
1124 2662 1349 2715 accipitur,
1386 2665 1433 2702 ut
1461 2672 1486 2701 a
1513 2663 1664 2700 sancto
1690 2657 1851 2709 Spiritu
