2066 2956
472 176 646 210 Officium
672 177 845 211 votivum
869 176 916 211 de
941 176 997 211 Ss.
1019 177 1273 211 Eucharistiae
1298 178 1554 211 Sacrumcnto.

217 269 535 311 Testimenium
567 269 612 309 in
642 268 991 322 Joseph-pesuit

165 326 284 376 illud,
306 336 408 367 cum·
426 327 564 367 exiret
582 325 637 367 de
657 330 774 367 terra
793 326 991 378 AEgypti:

165 385 189 411 *
207 383 414 434 linguam,
439 395 569 435 quam
588 395 676 423 non
695 384 894 432 neverat,
919 395 990 423 au·

165 439 282 482 divit.

215 495 403 537 Divertit
450 495 506 537 ab
557 494 763 536 oneribus
811 494 991 535 dorsum

166 553 270 604 ejus:
292 554 316 579 *
339 565 492 593 manus
514 553 605 604 ejus
624 552 668 592 in
691 550 883 604 ceph'ino
904 564 990 592 ser-

165 609 346 651 vierunt.

216 666 267 706 In
290 664 571 706 tribulatiene
596 664 814 705 invocasti
835 676 922 712 me,
949 668 991 704 et

164 722 348 764 liberavi
377 727 439 763 te:
470 723 494 748 *
523 720 725 762 exaudivi
751 725 796 761 te
824 721 868 760 in
896 719 990 761 abs-

166 777 346 821 cendito
386 778 682 830 tempestatis:
725 776 912 829 probavi
948 781 991 817 te

166 835 284 889 apud
308 847 467 887 aquam
491 833 856 876 contradictienis.

219 891 335 933 Audi
368 890 560 943 pepulus
593 903 736 940 meus,
770 894 813 931 et
846 893 991 930 eonte-

166 947 318 990 stabor
343 952 402 989 te:
426 948 449 972 *
473 946 612 988 Israel
636 947 673 988 si
697 945 886 987 audieris
910 958 992 994 me,

166 1017 254 1046 non
280 1004 361 1045 erit
384 1004 428 1044 in
453 1008 497 1045 te
522 1003 631 1045 deus
655 1015 824 1052 recens,
849 1015 992 1054 neque

166 1060 372 1103 adorabis
392 1059 523 1101 deum
542 1059 740 1100 alienum.

215 1117 311 1168 Ego
341 1116 455 1158 enim
487 1129 583 1156 sum
610 1116 704 1156 Dfis
731 1115 853 1156 Deus
880 1120 992 1164 tuus,

157 1173 242 1227 ,qui
269 1173 401 1215 eduxi
430 1178 475 1216 te
503 1171 559 1214 de
590 1177 709 1214 terra
735 1172 937 1224 AEgypti:
969 1172 992 1197 *

169 1230 303 1272 dilata
321 1242 372 1271 os
390 1234 523 1279 tuum,
543 1233 587 1271 et
605 1227 797 1281 implebo
817 1228 935 1269 illud.

216 1287 273 1328 Et
310 1299 398 1328 non
439 1285 606 1328 audivit
641 1285 834 1338 pepulus
870 1297 992 1326 meus

166 1355 321 1385 vocem
346 1355 505 1384 meam:
533 1344 557 1370 *
585 1346 628 1384 et
654 1341 791 1383 Israel
818 1354 907 1383 non
933 1341 992 1382 in-

166 1398 306 1441 tendit
326 1399 443 1440 mihi.

218 1456 277 1497 Et
313 1455 457 1497 dimisi
493 1467 571 1497 eos
606 1454 847 1496 secundum
883 1453 994 1496 desi-

168 1512 289 1553 deria
310 1511 456 1554 cordis
482 1514 644 1561 eerum,
668 1512 692 1538 *
715 1511 840 1552 ibunt
859 1511 903 1551 in
921 1510 994 1552 ad-

167 1568 490 1611 inventienibus
511 1568 611 1609 suis.

219 1625 264 1667 Si
287 1625 478 1678 pepulus
502 1637 625 1666 meus
650 1624 845 1666 audisset
862 1636 947 1665 me:
971 1626 994 1650 *

168 1681 306 1723 Israel
324 1682 361 1723 si
379 1682 423 1722 in
442 1682 524 1723 viis
543 1681 652 1723 meis
673 1680 955 1722 ambulasset:

219 1739 306 1780 Pro
333 1738 468 1780 nihilo
493 1738 676 1780 fersitan
701 1738 900 1778 inimicos
925 1739 994 1778 ee-

169 1807 265 1835 rum
278 1794 593 1836 humiliassem:
611 1795 636 1820 *
655 1799 699 1836 et
713 1806 845 1846 super
861 1793 994 1834 tribu-

169 1850 310 1893 lantes
328 1863 405 1893 eos
421 1851 640 1892 misissem
653 1863 829 1891 manum
843 1861 996 1891 meam.

221 1907 391 1949 Inimici
413 1907 592 1949 Demini
616 1906 787 1948 mentiti
816 1911 917 1947 sunt
942 1906 996 1946 ei:

172 1967 196 1991 *
215 1968 260 2005 et
279 1963 362 2005 erit
384 1968 560 2017 tempus
585 1965 737 2004 eerum
759 1963 803 2003 in
825 1962 997 2003 saecula.

223 2020 280 2061 Et
294 2019 458 2062 cibavit
471 2032 549 2061 eos
564 2032 619 2062 ex
634 2018 766 2072 adipe
779 2018 997 2060 frumenti:

172 2077 196 2103 *
216 2080 259 2117 et
279 2075 335 2118 de
354 2080 496 2128 petra,
519 2075 648 2117 melle
674 2075 887 2117 saturavit
908 2087 997 2116 eos.

225 2135 324 2173 Ant.
360 2131 537 2174 Cibavit
571 2144 654 2173 nos
690 2132 907 2173 Deminus
945 2144 998 2172 ex

174 2187 304 2240 adipe
323 2188 541 2230 frumenti:
567 2192 610 2230 et
630 2187 685 2230 de
703 2193 846 2241 petra,
870 2187 998 2229 melle

174 2244 387 2286 saturavit
405 2257 495 2286 nos.

223 2301 321 2343 Ant.
349 2302 419 2342 Ex
438 2301 564 2343 altari
580 2306 668 2343 tuo.

442 2356 641 2397 Psalmus
668 2358 733 2397 83.

258 2425 358 2454 uam
402 2413 562 2455 dilecta
601 2413 885 2455 tabernacula
925 2417 1000 2454 tua

279 2470 468 2511 Demine
494 2471 720 2512 virtutum:
746 2470 770 2495 *
798 2471 999 2520 eoncupi-

175 2525 272 2575 scit,
299 2531 343 2568 et
365 2526 512 2568 deficit
538 2526 681 2568 anima
703 2538 801 2567 mea
823 2525 867 2565 in
891 2525 1000 2566 atria

174 2582 363 2623 Demini.

230 2639 316 2680 Cor
334 2652 494 2689 meum,
514 2644 558 2681 et
578 2652 680 2681 earo
699 2650 799 2680 mea
817 2638 840 2663 *
860 2637 999 2679 exsul-

176 2696 378 2736 taverunt
396 2696 439 2736 in
458 2696 602 2737 Deum
619 2696 775 2737 vivum.

1778 169 1871 212 [249]

1096 269 1270 310 Etenim
1301 281 1454 321 passer
1484 267 1648 308 invenit
1681 266 1763 307 sibi
1797 265 1870 307 do-

1045 339 1178 366 mum:
1201 326 1225 350 *
1249 330 1292 366 et
1318 330 1462 366 turtur
1490 324 1639 366 nidum
1665 323 1764 372 sibi,
1797 322 1872 363 ubi

1044 386 1182 434 ponat
1200 381 1345 434 pullos
1365 394 1478 422 suos.

1097 438 1266 479 Altaria
1289 443 1365 480 tua
1383 438 1573 479 Demine
1598 437 1824 478 virtutum:
1849 436 1871 461 *

1044 495 1142 536 Rex
1161 508 1294 544 meus
1315 499 1358 536 et
1376 494 1496 535 Deus
1515 507 1650 535 meus.

1097 551 1239 601 Beati,
1268 551 1341 603 qui
1360 550 1559 592 habitant
1579 551 1622 590 in
1645 549 1777 591 domo
1797 554 1872 590 tua

1045 608 1246 649 Demine:
1278 609 1301 633 *
1334 608 1377 648 in
1415 607 1575 648 saecula
1610 606 1872 647 saeculerum

1045 664 1285 706 laudabunt
1303 669 1358 706 te.

1096 722 1261 762 Beatus
1293 721 1378 769 vir,
1412 721 1532 771 cujus
1565 725 1631 761 est
1666 718 1872 759 auxilium

1046 777 1124 819 abs
1143 782 1202 819 te:
1221 778 1244 803 *
1265 778 1544 818 ascensienes
1567 777 1610 816 in
1635 776 1769 825 eorde
1793 787 1871 815 suo

1047 834 1283 886 dispesuit‚
1311 834 1355 874 in
1383 833 1496 875 valle
1523 833 1802 874 lacrimarum
1829 832 1871 872 in

1045 890 1156 940 loeo,
1177 903 1307 942 quem
1326 890 1486 942 pesuit.

1096 946 1271 987 Etenim
1293 945 1645 987 benedictionem
1672 944 1793 986 dabit
1816 944 1872 985 le-

1045 1002 1243 1053 gislator,
1272 1002 1396 1044 ibunt
1420 1002 1476 1043 de
1494 1002 1655 1043 virtute
1679 1001 1723 1041 in
1742 1001 1872 1042 virtu-

1044 1064 1148 1100 tem:
1172 1060 1196 1085 *
1221 1059 1441 1100 videbitur
1468 1059 1589 1100 Deus
1619 1057 1802 1099 deerum
1830 1057 1873 1097 in

1045 1116 1160 1157 Sion.

1097 1172 1285 1212 Demine
1316 1171 1438 1212 Deus
1471 1171 1681 1211 virtutum
1715 1169 1873 1211 exaudi

1047 1228 1290 1269 oratienem
1315 1240 1471 1268 meam:
1491 1227 1515 1252 *
1535 1226 1712 1267 auribus
1736 1226 1873 1278 perei-

1046 1297 1102 1336 pe
1121 1285 1242 1325 Deus
1261 1283 1411 1325 Jacob.

1098 1341 1330 1382 Protector
1353 1344 1503 1381 noster
1527 1339 1674 1391 aspice
1697 1339 1831 1379 Deus:
1851 1339 1874 1365 *

1048 1402 1091 1439 et
1109 1397 1278 1449 respice
1297 1397 1340 1437 in
1359 1396 1515 1437 faeiem
1536 1395 1695 1437 Christi
1713 1395 1791 1436 tui:

1100 1454 1210 1504 Quia
1228 1453 1383 1494 melior
1401 1458 1468 1494 est
1483 1453 1577 1494 dies
1594 1464 1678 1492 una
1694 1452 1737 1491 in
1753 1450 1874 1492 atriis

1046 1510 1144 1559 tuis,
1163 1511 1187 1535 *
1207 1522 1339 1561 super
1358 1509 1503 1549 millia.

1097 1566 1222 1616 Elegi
1242 1565 1436 1617 abjectus
1456 1577 1552 1606 esse
1575 1565 1618 1605 in
1638 1564 1771 1605 domo
1791 1563 1873 1603 Dei

1047 1623 1148 1664 mei:
1166 1623 1189 1647 *
1209 1622 1346 1673 magis
1372 1634 1502 1673 quam
1526 1621 1723 1662 habitare
1747 1620 1789 1660 in
1814 1624 1875 1659 ta-

1047 1678 1295 1720 bernaculis
1315 1679 1610 1730 peccaterum.

1101 1735 1212 1784 Quia
1221 1733 1577 1783 misericerdiam,
1593 1738 1635 1774 et
1647 1732 1876 1773 veritatem

1050 1790 1188 1841 diligit
1205 1791 1341 1832 Deus:
1360 1791 1383 1815 *
1401 1790 1602 1841 gratiam,
1627 1794 1670 1830 et
1693 1788 1877 1839 gleriam

1050 1846 1171 1888 dabit
1189 1847 1416 1888 Deminus.

1100 1903 1202 1945 Non
1220 1902 1410 1955 privabit
1428 1902 1558 1944 bonis
1578 1914 1670 1950 eos,
1697 1901 1770 1953 qui
1790 1902 1875 1940 am-

1049 1960 1201 2001 bulant
1227 1960 1270 2000 in
1293 1959 1554 2000 innocentia:
1578 1958 1602 1984 *
1625 1958 1722 1998 Dfie
1746 1956 1876 1997 virtu-

1049 2021 1153 2066 tum,
1166 2016 1323 2058 beatus
1339 2015 1483 2066 homo,
1503 2014 1577 2067 qui
1597 2018 1746 2066 sperat
1764 2012 1807 2052 in
1823 2016 1877 2052 te.

1103 2078 1201 2118 Ant.
1222 2079 1290 2118 Ex
1310 2076 1437 2118 altari
1454 2081 1531 2117 tuo
1552 2075 1738 2116 Demine
1758 2072 1877 2112 Chri-

1051 2138 1166 2175 stum
1203 2133 1431 2174 sumimus:
1472 2133 1515 2172 in
1553 2144 1684 2183 quem
1720 2142 1797 2171 cor
1834 2133 1877 2169 et

1051 2202 1154 2231 caro
1180 2194 1334 2244 nostra
1360 2188 1588 2231 exsultant.

1103 2246 1153 2298 V.
1180 2249 1357 2291 Educas
1384 2261 1543 2301 panem
1571 2247 1625 2289 de
1654 2251 1782 2288 terra.
1826 2250 1876 2299 R».

1051 2307 1108 2347 Et
1134 2307 1283 2347 vinum
1309 2305 1503 2346 laetificet
1529 2316 1606 2345 cor
1631 2302 1830 2344 heminis.

1262 2396 1402 2436 Mense
1429 2393 1665 2434 Februario.

1054 2466 1206 2507 Lectio
1232 2464 1371 2505 sancti
1390 2462 1614 2513 Evangelii
1640 2460 1879 2503 secundum

1355 2520 1379 2560 J
1381 2521 1577 2560 oannem.

1157 2583 1307 2624 Lectio
1332 2582 1399 2621 vii.
1571 2582 1673 2632 Cap.
1694 2583 1731 2621 6.
1751 2581 1775 2620 f.

1100 2651 1128 2678 n
1152 2638 1227 2678 illo
1252 2639 1468 2688 ternpore:
1496 2636 1618 2677 Dixit
1642 2636 1666 2676 J
1670 2648 1769 2677 esus
1794 2640 1879 2676 tur-

1122 2693 1189 2735 bis
1207 2693 1475 2734 Judaeorum:
1503 2692 1615 2733 Caro
1640 2704 1752 2741 mea,
1776 2703 1878 2732 vere
