2066 2904
686 178 752 210 lm
779 179 806 209 ⁷1.
836 176 932 212 Maii.
980 175 1014 205 S.
1040 171 1203 205 Moniczc
1232 170 1376 202 X'iduze.

182 278 270 318 suis
291 278 493 323 viverem,
513 284 599 313 non
618 270 813 312 irrideat:
834 267 914 309 sed
933 269 1008 319 po·

179 334 275 381 tius,
295 331 331 372 si
349 335 416 372 est
430 327 585 380 grandi
600 327 792 375 caritate,
811 337 893 377 pro
909 335 1007 376 pec-

179 388 288 430 catis
310 386 421 427 meis
446 386 550 426 fleat
573 384 669 436 ipse
695 380 751 423 ad
770 386 813 422 te
832 381 1009 421 Patrem

180 443 373 484 omnium
392 442 576 482 fratrum
596 438 759 480 Christi
778 437 854 478 tui.

236 500 284 550 R3.
298 498 451 539 Fallax
470 496 623 548 gratia,
643 501 686 536 et
700 506 812 535 vana
832 496 899 533 est
915 490 1008 543 pul-

180 554 398 597 chritudo:
428 556 449 577 *
475 552 632 594 Mulier
663 551 821 592 timens
853 548 1007 595 Deum,

179 612 274 664 ipsa
296 609 560 659 laudabitur,
588 606 769 658 alleluja.
820 602 867 652 Υ.
887 603 1001 644 Date

180 668 220 709 ei
249 667 304 709 de
331 667 475 708 fructu
502 667 709 706 manuum
738 663 932 707 suarum,
964 663 1008 699 et

179 724 358 766 laudent
387 736 483 765 eam
510 723 554 763 in
579 720 720 774 portis
747 720 883 770 opera
907 716 1009 767 ejus.

179 781 346 822 Mulier,
377 779 529 822 Gloria
546 776 678 818 Patri.
706 774 874 816 Mulier.

405 866 454 903 In
473 864 543 902 ΙΙΙ.
563 862 785 900 Nocturno.

184 923 334 968 Lectio
365 921 505 963 sancti
523 917 751 970 Evangelii
768 915 1011 958 secundum

505 977 683 1017 Lucam.

284 1040 435 1080 Lectio
458 1039 524 1078 vii.
690 1036 791 1087 Cap.
812 1035 846 1074 7.
868 1034 906 1073 b.

181 1092 256 1198 In
279 1095 355 1136 illo
379 1097 593 1147 tempore:
617 1093 717 1135 Ibat
735 1093 759 1133 J
763 1104 862 1133 esus
886 1090 930 1130 in
949 1089 1004 1130 ci-

246 1152 442 1199 vitatem,
470 1163 568 1203 quae
587 1152 768 1191 vocatur
786 1148 933 1189 Na'im:
962 1153 1004 1189 et

183 1209 303 1250 ibant
324 1221 423 1249 cum
443 1219 496 1248 eo
516 1205 718 1259 discipuli
739 1207 841 1257 ejus,
863 1209 906 1246 et
925 1209 1010 1245 tur-

182 1265 239 1306 ba
258 1264 450 1317 copiosa.
478 1263 534 1304 Et
552 1262 730 1314 reliqua.

294 1332 478 1375 Homilia
509 1332 647 1373 sancti
675 1331 908 1383 Augustini

486 1388 708 1441 Episcopi.

183 1453 298 1485 Scrm.
317 1451 367 1483 44.
392 1450 437 1483 dc
456 1448 595 1483 Verbis
616 1447 784 1481 Domini.
811 1445 912 1479 circa
931 1444 1008 1477 init.

198 1519 295 1556 ,πῃ
318 1515 341 1544 0
367 1503 520 1554 juvene
545 1500 621 1542 illo
650 1500 912 1542 resuscitato
940 1511 1011 1550 ga-

198 1551 286 1612 {lgf‘l
334 1561 428 1599 visa
448 1562 515 1599 est
533 1562 672 1598 mater
692 1556 838 1598 vidua:
862 1555 918 1597 de
936 1555 1011 1597 ho-

198 1615 202 1628 ¹
244 1617 246 1619 ’
335 1614 523 1656 minibus
551 1614 595 1654 in
625 1614 781 1665 spiritu
815 1611 1012 1664 quotidie

185 1672 404 1713 suscitatis
437 1670 599 1722 gaudet
630 1675 772 1711 mater
803 1668 1013 1710 Ecclesia.

185 1727 264 1769 Ille
286 1727 463 1779 quidem
481 1728 678 1767 mortuus
700 1731 792 1767 erat
811 1728 1013 1778 corpore:

185 1783 247 1824 illi
270 1789 415 1824 autem
433 1787 589 1824 mente.
625 1782 747 1823 Illius
771 1795 890 1823 mors
914 1781 1012 1822 visi-

185 1839 286 1881 bilis
318 1839 546 1880 visibiliter
580 1838 884 1890 plangebatur:
919 1837 1013 1878 illo-

185 1908 282 1936 rum
300 1907 420 1936 mors
439 1893 664 1935 invisibilis
687 1907 769 1935 nec
789 1893 1012 1946 quaereba-

185 1956 270 2001 tur,
302 1963 383 1992 nec
411 1950 651 1992 videbatur.
692 1950 903 2000 Quaesivit
930 1949 1014 1998 ille,

188 2008 263 2060 qui
298 2009 483 2048 noverat
519 2008 729 2048 mortuos.
781 2006 862 2047 Ille
894 2006 1014 2048 solus

187 2066 370 2105 noverat
396 2066 613 2112 mortuos,
646 2063 720 2114 qui
753 2065 928 2115 poterat
956 2063 1014 2103 fa-

189 2133 287 2162 cere
307 2122 442 2162 vivos.
479 2119 575 2160 Nisi
599 2120 713 2160 enim
738 2119 794 2160 ad
816 2121 1015 2161 mortuos

189 2175 466 2218 suscitandos
511 2178 717 2225 venisset,
771 2175 1015 2228 Apostolus

189 2245 275 2274 non
297 2233 479 2275 diceret:
504 2232 653 2283 Surge,
679 2232 754 2284 qui
773 2231 949 2282 dormiS,
974 2237 1017 2273 et

191 2292 377 2339 exsurge
405 2301 431 2330 a
458 2288 660 2337 mortuis,
690 2293 733 2329 et
757 2287 1018 2329 illuminabit

190 2350 235 2386 te
254 2344 461 2387 Christus.

249 2401 295 2450 R.
327 2400 389 2442 Os
421 2414 546 2442 suum
578 2400 749 2453 aperuit
779 2400 1017 2452 sapientiae,

194 2460 238 2497 et
269 2456 339 2497 lex
377 2456 618 2498 clementiae
655 2457 699 2497 in
730 2456 877 2507 lingua
909 2457 1018 2507 ejus:

194 2511 487 2554 consideravit
506 2513 685 2554 semitas
705 2511 863 2554 domus
881 2525 984 2561 suae,
997 2514 1017 2535 *

194 2567 250 2609 Et
273 2580 431 2619 panem
454 2569 596 2610 otiosa
614 2582 702 2610 non
725 2567 934 2617 comedit,
961 2568 1018 2609 al-

194 2622 332 2675 leluja.
382 2619 433 2671 V.
463 2625 666 2667 Gustavit
700 2630 743 2666 et
774 2624 884 2666 vidit
919 2625 1019 2675 quia

195 2679 310 2721 bona
337 2684 403 2722 est
428 2682 666 2731 negotiatio
693 2682 798 2732 ejus:
833 2693 919 2722 non
950 2694 1019 2721 ex-

1063 264 1307 314 stinguetur
1338 262 1382 302 in
1414 263 1544 301 nocte
1580 257 1760 298 lucerna
1791 256 1893 307 ejus.

1063 320 1119 362 Et
1138 331 1308 372 panem.

1348 369 1499 410 Lectio
1521 367 1603 407 viii.

1062 424 1216 529 Tres
1249 435 1395 471 autem
1422 429 1623 468 mortuos
1650 425 1895 466 invenimus

1159 500 1184 528 a
1201 486 1393 528 Domino
1412 482 1700 525 resuscitatos
1719 478 1895 522 visibili-

1063 549 1147 593 ter,
1178 543 1314 583 millia
1341 538 1625 582 invisibiliter.
1678 538 1797 587 Quot
1824 548 1895 576 au-

1063 605 1155 640 tem
1178 601 1376 640 mortuos
1400 594 1629 637 visibiliter
1658 592 1895 635 suscitave-

1063 656 1136 703 rit,
1166 655 1263 707 quis
1289 652 1434 695 novit?
1470 651 1574 692 Non
1599 650 1714 691 enim
1739 647 1897 696 omnia,

1065 724 1164 763 quae
1196 711 1317 759 fecit,
1351 709 1517 760 scripta
1549 711 1660 748 sunt.
1704 705 1898 746 Joannes

1063 768 1149 810 hoc
1182 767 1306 809 dixit:
1339 764 1479 806 Multa
1511 763 1597 804 alia
1624 762 1728 804 fecit
1754 760 1898 802 Jesus:

1065 837 1164 877 quae
1185 823 1221 865 si
1241 822 1407 875 scripta
1427 824 1591 870 essent,
1618 818 1810 860 arbitror
1832 821 1897 858 to-

1063 886 1157 922 tum
1175 878 1387 921 mundum
1411 890 1500 918 non
1517 888 1652 929 posse
1670 874 1809 916 libros
1829 875 1897 915 ca-

1064 949 1181 990 pere.
1213 935 1340 977 Multi
1364 946 1470 985 ergo
1495 936 1597 974 sunt
1615 931 1688 973 alii
1707 930 1800 972 sine
1821 929 1897 972 du-

1063 993 1137 1035 bio
1158 991 1374 1041 suscitati,
1403 989 1483 1032 sed
1505 1002 1595 1031 non
1619 994 1710 1030 tres
1736 987 1899 1028 frustra

1066 1047 1409 1091 commemorati.
1442 1046 1661 1087 Dominus
1685 1044 1801 1086 enim
1822 1055 1898 1084 no-

1066 1111 1156 1147 ster
1180 1106 1307 1147 Jesus
1335 1103 1535 1145 Christus
1565 1114 1617 1144 ea
1650 1114 1749 1154 quae
1771 1099 1898 1141 facie-

1065 1162 1140 1204 bat
1161 1160 1466 1214 corporaliter,
1494 1159 1627 1200 etiam
1644 1156 1899 1210 spiritaliter

1065 1218 1240 1260 volebat
1259 1217 1455 1268 intelligi.
1488 1215 1647 1267 Neque
1672 1214 1786 1256 enim
1804 1218 1896 1255 tan-

1063 1280 1157 1316 tum
1175 1273 1388 1315 miracula
1405 1276 1591 1325 propter
1610 1269 1822 1312 miracula
1840 1269 1898 1310 fa-

1065 1330 1223 1372 ciebat:
1255 1329 1335 1372 sed
1366 1335 1415 1371 ut
1447 1328 1538 1377 illa,
1572 1340 1671 1379 quae
1699 1324 1899 1374 faciebat,

1063 1388 1174 1428 mira
1188 1392 1336 1428 essent
1352 1384 1617 1434 videntibus,
1631 1396 1738 1425 vera
1752 1386 1900 1424 essent

1063 1442 1419 1494 intelligentibus.

1118 1500 1169 1552 R.
1208 1500 1411 1550 Regnum
1444 1497 1612 1547 mundi,
1648 1501 1692 1538 et
1725 1507 1900 1538 omnem

1065 1558 1269 1598 ornatum
1309 1555 1461 1597 saeculi
1497 1552 1761 1606 contempsi,
1800 1564 1900 1605 pro-

1064 1619 1163 1666 pter
1203 1614 1398 1654 amorem
1439 1610 1621 1652 Domini
1667 1609 1755 1651 mei
1794 1609 1902 1651 Jesu

1065 1669 1241 1710 Christi:
1261 1670 1284 1694 *
1304 1669 1445 1718 Quem
1462 1665 1571 1716 vidi,
1597 1678 1729 1718 quem
1746 1665 1900 1715 amavi,

1065 1727 1109 1766 in
1129 1738 1261 1778 quem
1280 1723 1460 1774 credidi,
1486 1735 1618 1775 quem
1637 1721 1780 1772 dilexi,
1799 1721 1900 1763 alle-

1064 1782 1162 1834 luja.
1200 1776 1251 1827 V.
1277 1779 1506 1822 Eructavit
1531 1791 1610 1820 cor
1634 1790 1782 1820 meum
1807 1789 1900 1819 ver-

1066 1838 1171 1880 bum
1193 1837 1374 1880 bonum:
1401 1835 1503 1878 dico
1530 1847 1614 1886 ego
1641 1837 1779 1887 opera
1803 1845 1902 1875 mea

1067 1895 1170 1946 regi.
1198 1894 1351 1944 Quem.
1378 1892 1532 1934 Gloria
1550 1891 1684 1933 Patri.
1713 1890 1865 1940 Quem.

1372 1951 1524 1992 Lectio
1546 1951 1598 1990 ix.

1071 1988 1498 2111 Quemadmodum
1531 2004 1606 2057 qui
1636 2003 1760 2045 videt
1790 2002 1903 2045 litte-

1179 2076 1250 2105 ras
1277 2063 1321 2103 in
1348 2061 1502 2104 codice
1528 2060 1695 2113 optime
1723 2060 1903 2112 scripto,

1068 2125 1112 2162 et
1130 2132 1219 2161 non
1238 2119 1363 2160 novit
1379 2117 1539 2170 legere,
1556 2116 1709 2158 laudat
1725 2115 1903 2168 quidem

1068 2175 1303 2228 antiquarii
1334 2187 1528 2223 manum,
1562 2172 1785 2214 admirans
1813 2171 1902 2223 api-

1069 2245 1168 2274 cum
1185 2229 1574 2284 pulchritudinem:
1595 2228 1676 2270 sed
1695 2226 1801 2280 quid
1819 2226 1903 2268 sibi

1069 2288 1221 2337 velint,
1269 2286 1374 2339 quid
1411 2285 1607 2327 indicent
1641 2284 1706 2326 illi
1741 2283 1903 2336 apices,

1069 2344 1218 2392 nescit,
1244 2349 1288 2385 et
1308 2348 1375 2384 est
1394 2342 1533 2384 oculis
1551 2340 1768 2390 laudator,
1786 2352 1903 2381 men-

1069 2406 1114 2442 te
1145 2412 1234 2441 non
1263 2399 1475 2449 cognitor.
1515 2398 1643 2439 Alius
1679 2401 1827 2439 autem
1859 2401 1904 2437 et

1069 2455 1221 2498 laudat
1246 2454 1495 2503 artificium,
1524 2459 1568 2496 et
1594 2453 1714 2506 capit
1738 2451 1903 2493 intelle-

1071 2517 1205 2554 ctum:
1240 2510 1312 2552 ille
1341 2511 1514 2563 utique,
1543 2510 1619 2563 qui
1644 2522 1735 2551 non
1761 2508 1906 2550 solum

1071 2568 1219 2610 videre
1254 2565 1374 2620 quod
1408 2570 1640 2607 commune
1674 2569 1742 2607 est
1770 2563 1904 2606 omni-

1070 2624 1164 2673 bus,
1183 2628 1344 2676 potest,
1363 2622 1443 2664 sed
1456 2623 1589 2664 etiam
1602 2622 1763 2674 legere;
1784 2619 1907 2673 quod

1073 2681 1147 2732 qui
1166 2693 1254 2722 non
1271 2678 1436 2729 didicit,
1455 2691 1542 2720 non
1557 2682 1719 2731 potest.
1746 2678 1816 2719 Ita
1830 2675 1909 2729 qui
