<?xml version="1.0" encoding="UTF-8"?>
<!DOCTYPE html PUBLIC "-//W3C//DTD XHTML 1.0 Transitional//EN"
    "http://www.w3.org/TR/xhtml1/DTD/xhtml1-transitional.dtd">
<html xmlns="http://www.w3.org/1999/xhtml" xml:lang="en" lang="en">
 <head>
  <title>
</title>
<meta http-equiv="Content-Type" content="text/html;charset=utf-8" />
  <meta name='ocr-system' content='tesseract 3.04.00' />
  <meta name='ocr-capabilities' content='ocr_page ocr_carea ocr_par ocr_line ocrx_word'/>
</head>
<body>
  <div class='ocr_page' id='page_1' title='image "./p2breviariumroma00cathuoft_0986.png"; bbox 0 0 2066 2956; ppageno 0'>
   <div class='ocr_carea' id='block_1_1' title="bbox 188 145 2013 266">
    <p class='ocr_par' dir='ltr' id='par_1_1' title="bbox 188 145 2013 266">
     <span class='ocr_line' id='line_1_1' title="bbox 188 145 2013 266; baseline 0 -85"><span class='ocrx_word' id='word_1_1' title='bbox 188 145 2013 266; x_wconf 95' lang='lat' dir='ltr'><strong>  </strong></span> 
     </span>
    </p>
   </div>
   <div class='ocr_carea' id='block_1_2' title="bbox 187 278 298 448">
    <p class='ocr_par' dir='ltr' id='par_1_2' title="bbox 187 278 298 448">
     <span class='ocr_line' id='line_1_2' title="bbox 188 278 298 380; baseline 0 -1"><span class='ocrx_word' id='word_1_2' title='bbox 188 278 298 380; x_wconf 95' lang='lat' dir='ltr'><strong>   </strong></span> 
     </span>
     <span class='ocr_line' id='line_1_3' title="bbox 187 380 203 448; baseline -0.25 0"><span class='ocrx_word' id='word_1_3' title='bbox 187 380 203 448; x_wconf 95' lang='lat' dir='ltr'><strong>  </strong></span> 
     </span>
    </p>
   </div>
   <div class='ocr_carea' id='block_1_3' title="bbox 192 303 1100 1435">
    <p class='ocr_par' dir='ltr' id='par_1_3' title="bbox 245 303 1071 527">
     <span class='ocr_line' id='line_1_4' title="bbox 298 303 1071 354; baseline -0.004 -7"><span class='ocrx_word' id='word_1_4' title='bbox 298 308 347 354; x_wconf 64' lang='lat' dir='ltr'><strong>Y.</strong></span> <span class='ocrx_word' id='word_1_5' title='bbox 391 306 451 346; x_wconf 93' lang='lat' dir='ltr'><strong>Hi</strong></span> <span class='ocrx_word' id='word_1_6' title='bbox 485 305 566 346; x_wconf 89' lang='lat' dir='ltr'><strong>viri</strong></span> <span class='ocrx_word' id='word_1_7' title='bbox 603 303 920 345; x_wconf 71' lang='lat' dir='ltr'><strong>misericordiae</strong></span> <span class='ocrx_word' id='word_1_8' title='bbox 957 308 1071 353; x_wconf 90' lang='lat' dir='ltr'><strong>sunt,</strong></span> 
     </span>
     <span class='ocr_line' id='line_1_5' title="bbox 247 360 1071 416; baseline -0.005 -11"><span class='ocrx_word' id='word_1_9' title='bbox 247 376 432 416; x_wconf 92' lang='lat' dir='ltr'><strong>quorum</strong></span> <span class='ocrx_word' id='word_1_10' title='bbox 473 362 661 415; x_wconf 79' lang='lat' dir='ltr'><strong>pietates</strong></span> <span class='ocrx_word' id='word_1_11' title='bbox 704 373 793 402; x_wconf 92' lang='lat' dir='ltr'><strong>non</strong></span> <span class='ocrx_word' id='word_1_12' title='bbox 829 360 1071 403; x_wconf 88' lang='lat' dir='ltr'><strong>defuerunt.</strong></span> 
     </span>
     <span class='ocr_line' id='line_1_6' title="bbox 251 416 1071 470; baseline -0.002 -11"><span class='ocrx_word' id='word_1_13' title='bbox 251 421 295 470; x_wconf 66' lang='lat' dir='ltr'><strong>R&#39;·</strong></span> <span class='ocrx_word' id='word_1_14' title='bbox 320 419 477 461; x_wconf 91' lang='lat' dir='ltr'><strong>Semen</strong></span> <span class='ocrx_word' id='word_1_15' title='bbox 497 420 666 466; x_wconf 66' lang='lat' dir='ltr'><strong>eorum,</strong></span> <span class='ocrx_word' id='word_1_16' title='bbox 695 422 738 459; x_wconf 88' lang='lat' dir='ltr'><strong>et</strong></span> <span class='ocrx_word' id='word_1_17' title='bbox 760 416 900 468; x_wconf 78' lang='lat' dir='ltr'><strong>gleria</strong></span> <span class='ocrx_word' id='word_1_18' title='bbox 919 419 1071 459; x_wconf 82' lang='lat' dir='ltr'><strong>eorum</strong></span> 
     </span>
     <span class='ocr_line' id='line_1_7' title="bbox 245 474 693 527; baseline -0.002 -11"><span class='ocrx_word' id='word_1_19' title='bbox 245 488 333 517; x_wconf 93' lang='lat' dir='ltr'><strong>non</strong></span> <span class='ocrx_word' id='word_1_20' title='bbox 353 474 693 527; x_wconf 87' lang='lat' dir='ltr'><strong>derelinquetur.</strong></span> 
     </span>
    </p>

    <p class='ocr_par' dir='ltr' id='par_1_4' title="bbox 242 535 1100 855">
     <span class='ocr_line' id='line_1_8' title="bbox 301 535 1071 583; baseline 0.001 -8"><span class='ocrx_word' id='word_1_21' title='bbox 301 535 366 575; x_wconf 66' lang='lat' dir='ltr'><strong>Ad</strong></span> <span class='ocrx_word' id='word_1_22' title='bbox 402 536 574 583; x_wconf 62' lang='lat' dir='ltr'><strong>Magnis.</strong></span> <span class='ocrx_word' id='word_1_23' title='bbox 619 536 716 576; x_wconf 77' lang='lat' dir='ltr'><strong>Ant.</strong></span> <span class='ocrx_word' id='word_1_24' title='bbox 763 536 861 577; x_wconf 91' lang='lat' dir='ltr'><strong>Non</strong></span> <span class='ocrx_word' id='word_1_25' title='bbox 893 535 1071 577; x_wconf 92' lang='lat' dir='ltr'><strong>recedet</strong></span> 
     </span>
     <span class='ocr_line' id='line_1_9' title="bbox 244 568 1100 644; baseline -0.002 -10"><span class='ocrx_word' id='word_1_26' title='bbox 244 593 338 634; x_wconf 91' lang='lat' dir='ltr'><strong>laus</strong></span> <span class='ocrx_word' id='word_1_27' title='bbox 356 598 447 644; x_wconf 90' lang='lat' dir='ltr'><strong>tua,</strong></span> <span class='ocrx_word' id='word_1_28' title='bbox 475 593 616 644; x_wconf 91' lang='lat' dir='ltr'><strong>Virgo</strong></span> <span class='ocrx_word' id='word_1_29' title='bbox 635 592 790 642; x_wconf 87' lang='lat' dir='ltr'><strong>Maria,</strong></span> <span class='ocrx_word' id='word_1_30' title='bbox 820 592 874 633; x_wconf 93' lang='lat' dir='ltr'><strong>de</strong></span> <span class='ocrx_word' id='word_1_31' title='bbox 899 605 976 634; x_wconf 93' lang='lat' dir='ltr'><strong>ore</strong></span> <span class='ocrx_word' id='word_1_32' title='bbox 995 591 1070 633; x_wconf 81' lang='lat' dir='ltr'><strong>ho-</strong></span> <span class='ocrx_word' id='word_1_33' title='bbox 1096 568 1100 632; x_wconf 68' lang='lat' dir='ltr'><strong>i</strong></span> 
     </span>
     <span class='ocr_line' id='line_1_10' title="bbox 243 648 1070 702; baseline -0.001 -12"><span class='ocrx_word' id='word_1_34' title='bbox 243 649 422 699; x_wconf 90' lang='lat' dir='ltr'><strong>minum,</strong></span> <span class='ocrx_word' id='word_1_35' title='bbox 454 650 527 702; x_wconf 93' lang='lat' dir='ltr'><strong>qui</strong></span> <span class='ocrx_word' id='word_1_36' title='bbox 554 651 772 691; x_wconf 90' lang='lat' dir='ltr'><strong>memores</strong></span> <span class='ocrx_word' id='word_1_37' title='bbox 800 648 960 690; x_wconf 80' lang='lat' dir='ltr'><strong>fuerint</strong></span> <span class='ocrx_word' id='word_1_38' title='bbox 987 648 1070 689; x_wconf 93' lang='lat' dir='ltr'><strong>vir-</strong></span> 
     </span>
     <span class='ocr_line' id='line_1_11' title="bbox 242 705 1069 759; baseline -0.001 -12"><span class='ocrx_word' id='word_1_39' title='bbox 242 705 347 747; x_wconf 73' lang='lat' dir='ltr'><strong>tutis</strong></span> <span class='ocrx_word' id='word_1_40' title='bbox 366 706 543 747; x_wconf 76' lang='lat' dir='ltr'><strong>Demini</strong></span> <span class='ocrx_word' id='word_1_41' title='bbox 564 706 607 747; x_wconf 92' lang='lat' dir='ltr'><strong>in</strong></span> <span class='ocrx_word' id='word_1_42' title='bbox 627 708 852 756; x_wconf 87' lang='lat' dir='ltr'><strong>aeternum,</strong></span> <span class='ocrx_word' id='word_1_43' title='bbox 876 717 957 759; x_wconf 89' lang='lat' dir='ltr'><strong>pro</strong></span> <span class='ocrx_word' id='word_1_44' title='bbox 979 705 1069 758; x_wconf 92' lang='lat' dir='ltr'><strong>qui—</strong></span> 
     </span>
     <span class='ocr_line' id='line_1_12' title="bbox 244 762 983 855; baseline -0.001 -51"><span class='ocrx_word' id='word_1_45' title='bbox 244 762 326 804; x_wconf 93' lang='lat' dir='ltr'><strong>bus</strong></span> <span class='ocrx_word' id='word_1_46' title='bbox 344 775 432 808; x_wconf 87' lang='lat' dir='ltr'><strong>non</strong></span> <span class='ocrx_word' id='word_1_47' title='bbox 451 763 696 855; x_wconf 60' lang='lat' dir='ltr'><strong>pepergisti</strong></span> <span class='ocrx_word' id='word_1_48' title='bbox 709 762 866 803; x_wconf 81' lang='lat' dir='ltr'><strong>animae</strong></span> <span class='ocrx_word' id='word_1_49' title='bbox 884 768 983 804; x_wconf 85' lang='lat' dir='ltr'><strong>tuae.</strong></span> 
     </span>
    </p>

    <p class='ocr_par' dir='ltr' id='par_1_5' title="bbox 619 821 741 855">
     <span class='ocr_line' id='line_1_13' title="bbox 619 821 741 855; baseline -0.008 -1"><span class='ocrx_word' id='word_1_50' title='bbox 619 821 741 855; x_wconf 79' lang='lat' dir='ltr'><strong>ratio.</strong></span> 
     </span>
    </p>

    <p class='ocr_par' dir='ltr' id='par_1_6' title="bbox 332 875 1070 927">
     <span class='ocr_line' id='line_1_14' title="bbox 332 875 1070 927; baseline 0 -10"><span class='ocrx_word' id='word_1_51' title='bbox 332 876 475 918; x_wconf 76' lang='lat' dir='ltr'><strong>emine</strong></span> <span class='ocrx_word' id='word_1_52' title='bbox 494 876 519 916; x_wconf 89' lang='lat' dir='ltr'><strong>J</strong></span> <span class='ocrx_word' id='word_1_53' title='bbox 521 888 598 918; x_wconf 88' lang='lat' dir='ltr'><strong>esu</strong></span> <span class='ocrx_word' id='word_1_54' title='bbox 618 875 807 925; x_wconf 84' lang='lat' dir='ltr'><strong>Christe,</strong></span> <span class='ocrx_word' id='word_1_55' title='bbox 834 876 908 927; x_wconf 86' lang='lat' dir='ltr'><strong>qui</strong></span> <span class='ocrx_word' id='word_1_56' title='bbox 930 875 988 917; x_wconf 89' lang='lat' dir='ltr'><strong>ad</strong></span> <span class='ocrx_word' id='word_1_57' title='bbox 1006 888 1070 917; x_wconf 92' lang='lat' dir='ltr'><strong>re-</strong></span> 
     </span>
    </p>

    <p class='ocr_par' dir='ltr' id='par_1_7' title="bbox 192 931 1097 1324">
     <span class='ocr_line' id='line_1_15' title="bbox 344 931 1070 974; baseline -0.001 0"><span class='ocrx_word' id='word_1_58' title='bbox 344 932 573 974; x_wconf 90' lang='lat' dir='ltr'><strong>colendam</strong></span> <span class='ocrx_word' id='word_1_59' title='bbox 592 933 847 974; x_wconf 75' lang='lat' dir='ltr'><strong>memeriam</strong></span> <span class='ocrx_word' id='word_1_60' title='bbox 867 931 1070 974; x_wconf 83' lang='lat' dir='ltr'><strong>dolorum</strong></span> 
     </span>
     <span class='ocr_line' id='line_1_16' title="bbox 244 989 1070 1041; baseline 0.001 -12"><span class='ocrx_word' id='word_1_61' title='bbox 244 989 532 1030; x_wconf 89' lang='lat' dir='ltr'><strong>sanctissimae</strong></span> <span class='ocrx_word' id='word_1_62' title='bbox 570 989 806 1031; x_wconf 87' lang='lat' dir='ltr'><strong>Genitricis</strong></span> <span class='ocrx_word' id='word_1_63' title='bbox 842 994 946 1038; x_wconf 80' lang='lat' dir='ltr'><strong>tuae,</strong></span> <span class='ocrx_word' id='word_1_64' title='bbox 989 1001 1070 1041; x_wconf 91' lang='lat' dir='ltr'><strong>per</strong></span> 
     </span>
     <span class='ocr_line' id='line_1_17' title="bbox 243 1044 1070 1097; baseline -0.001 -10"><span class='ocrx_word' id='word_1_65' title='bbox 243 1044 421 1097; x_wconf 87' lang='lat' dir='ltr'><strong>Septem</strong></span> <span class='ocrx_word' id='word_1_66' title='bbox 439 1045 595 1087; x_wconf 78' lang='lat' dir='ltr'><strong>beatos</strong></span> <span class='ocrx_word' id='word_1_67' title='bbox 610 1046 766 1087; x_wconf 91' lang='lat' dir='ltr'><strong>Patres</strong></span> <span class='ocrx_word' id='word_1_68' title='bbox 786 1058 902 1087; x_wconf 90' lang='lat' dir='ltr'><strong>nova</strong></span> <span class='ocrx_word' id='word_1_69' title='bbox 917 1046 1070 1087; x_wconf 80' lang='lat' dir='ltr'><strong>Serve-</strong></span> 
     </span>
     <span class='ocr_line' id='line_1_18' title="bbox 244 1102 1070 1154; baseline 0.001 -12"><span class='ocrx_word' id='word_1_70' title='bbox 244 1114 340 1142; x_wconf 88' lang='lat' dir='ltr'><strong>rum</strong></span> <span class='ocrx_word' id='word_1_71' title='bbox 364 1102 454 1154; x_wconf 91' lang='lat' dir='ltr'><strong>ejus</strong></span> <span class='ocrx_word' id='word_1_72' title='bbox 479 1102 661 1144; x_wconf 81' lang='lat' dir='ltr'><strong>Familia</strong></span> <span class='ocrx_word' id='word_1_73' title='bbox 681 1102 925 1144; x_wconf 85' lang='lat' dir='ltr'><strong>Ecclesiam</strong></span> <span class='ocrx_word' id='word_1_74' title='bbox 949 1107 1070 1144; x_wconf 89' lang='lat' dir='ltr'><strong>tuam</strong></span> 
     </span>
     <span class='ocr_line' id='line_1_19' title="bbox 244 1157 1070 1211; baseline 0.001 -13"><span class='ocrx_word' id='word_1_75' title='bbox 244 1157 520 1200; x_wconf 81' lang='lat' dir='ltr'><strong>foecundasti:</strong></span> <span class='ocrx_word' id='word_1_76' title='bbox 540 1158 734 1201; x_wconf 86' lang='lat' dir='ltr'><strong>concede</strong></span> <span class='ocrx_word' id='word_1_77' title='bbox 753 1159 987 1211; x_wconf 80' lang='lat' dir='ltr'><strong>propitius3</strong></span> <span class='ocrx_word' id='word_1_78' title='bbox 1010 1159 1070 1200; x_wconf 88' lang='lat' dir='ltr'><strong>ita</strong></span> 
     </span>
     <span class='ocr_line' id='line_1_20' title="bbox 192 1215 1097 1277; baseline 0.002 -23"><span class='ocrx_word' id='word_1_79' title='bbox 192 1241 197 1266; x_wconf 57' lang='lat'><strong>9</strong></span> <span class='ocrx_word' id='word_1_80' title='bbox 244 1226 325 1255; x_wconf 93' lang='lat' dir='ltr'><strong>nos</strong></span> <span class='ocrx_word' id='word_1_81' title='bbox 353 1216 506 1256; x_wconf 79' lang='lat' dir='ltr'><strong>eerum</strong></span> <span class='ocrx_word' id='word_1_82' title='bbox 534 1216 778 1257; x_wconf 78' lang='lat' dir='ltr'><strong>consociari</strong></span> <span class='ocrx_word' id='word_1_83' title='bbox 802 1215 993 1265; x_wconf 88' lang='lat' dir='ltr'><strong>fletibus,</strong></span> <span class='ocrx_word' id='word_1_84' title='bbox 1022 1220 1071 1256; x_wconf 91' lang='lat' dir='ltr'><strong>ut</strong></span> <span class='ocrx_word' id='word_1_85' title='bbox 1095 1224 1097 1277; x_wconf 60' lang='grc' dir='ltr'>ξ</span> 
     </span>
     <span class='ocr_line' id='line_1_21' title="bbox 193 1270 1097 1324; baseline -0.001 -11"><span class='ocrx_word' id='word_1_86' title='bbox 193 1273 197 1313; x_wconf 76' lang='lat' dir='ltr'><strong>s»</strong></span> <span class='ocrx_word' id='word_1_87' title='bbox 248 1270 521 1322; x_wconf 83' lang='lat' dir='ltr'><strong>perfruamur</strong></span> <span class='ocrx_word' id='word_1_88' title='bbox 552 1278 596 1314; x_wconf 93' lang='lat' dir='ltr'><strong>et</strong></span> <span class='ocrx_word' id='word_1_89' title='bbox 626 1272 811 1324; x_wconf 81' lang='lat' dir='ltr'><strong>gaudiis:</strong></span> <span class='ocrx_word' id='word_1_90' title='bbox 845 1271 928 1323; x_wconf 92' lang='lat' dir='ltr'><strong>Qui</strong></span> <span class='ocrx_word' id='word_1_91' title='bbox 959 1271 1070 1313; x_wconf 89' lang='lat' dir='ltr'><strong>vivis</strong></span> <span class='ocrx_word' id='word_1_92' title='bbox 1095 1285 1097 1292; x_wconf 93' lang='lat'>·</span> 
     </span>
    </p>

    <p class='ocr_par' dir='ltr' id='par_1_8' title="bbox 245 1300 1098 1435">
     <span class='ocr_line' id='line_1_22' title="bbox 245 1300 1098 1381; baseline 0.005 -13"><span class='ocrx_word' id='word_1_93' title='bbox 245 1332 289 1369; x_wconf 93' lang='lat' dir='ltr'><strong>et</strong></span> <span class='ocrx_word' id='word_1_94' title='bbox 307 1340 464 1379; x_wconf 86' lang='lat' dir='ltr'><strong>regnas</strong></span> <span class='ocrx_word' id='word_1_95' title='bbox 484 1342 583 1370; x_wconf 91' lang='lat' dir='ltr'><strong>cum</strong></span> <span class='ocrx_word' id='word_1_96' title='bbox 601 1329 698 1372; x_wconf 93' lang='lat' dir='ltr'><strong>Deo</strong></span> <span class='ocrx_word' id='word_1_97' title='bbox 717 1330 858 1372; x_wconf 89' lang='lat' dir='ltr'><strong>Patre.</strong></span> <span class='ocrx_word' id='word_1_98' title='bbox 1094 1300 1098 1381; x_wconf 75' lang='grc' dir='ltr'>Ι</span> 
     </span>
     <span class='ocr_line' id='line_1_23' title="bbox 299 1391 934 1435; baseline 0.005 -11"><span class='ocrx_word' id='word_1_99' title='bbox 299 1391 340 1425; x_wconf 77' lang='lat' dir='ltr'><strong>In</strong></span> <span class='ocrx_word' id='word_1_100' title='bbox 366 1392 556 1435; x_wconf 64' lang='lat' dir='ltr'><strong>Quudrag.</strong></span> <span class='ocrx_word' id='word_1_101' title='bbox 583 1403 777 1426; x_wconf 77' lang='lat' dir='ltr'><strong>commem.</strong></span> <span class='ocrx_word' id='word_1_102' title='bbox 802 1393 934 1427; x_wconf 70' lang='lat' dir='ltr'><strong>Fcriae.</strong></span> 
     </span>
    </p>
   </div>
   <div class='ocr_carea' id='block_1_4' title="bbox 406 1463 906 1505">
    <p class='ocr_par' dir='ltr' id='par_1_9' title="bbox 406 1463 906 1505">
     <span class='ocr_line' id='line_1_24' title="bbox 406 1463 906 1505; baseline 0.002 -1"><span class='ocrx_word' id='word_1_103' title='bbox 406 1463 493 1504; x_wconf 85' lang='lat' dir='ltr'><strong>Ad</strong></span> <span class='ocrx_word' id='word_1_104' title='bbox 518 1463 906 1505; x_wconf 66' lang='lat' dir='ltr'><strong>matutinum.</strong></span> 
     </span>
    </p>
   </div>
   <div class='ocr_carea' id='block_1_5' title="bbox 244 1525 1071 2083">
    <p class='ocr_par' dir='ltr' id='par_1_10' title="bbox 244 1525 1071 2083">
     <span class='ocr_line' id='line_1_25' title="bbox 297 1525 1069 1577; baseline 0.003 -13"><span class='ocrx_word' id='word_1_105' title='bbox 297 1526 466 1567; x_wconf 75' lang='lat' dir='ltr'><strong>Invitat.</strong></span> <span class='ocrx_word' id='word_1_106' title='bbox 490 1528 649 1577; x_wconf 81' lang='lat' dir='ltr'>Regem</span> <span class='ocrx_word' id='word_1_107' title='bbox 660 1525 972 1568; x_wconf 75' lang='lat' dir='ltr'><strong>Confesserum</strong></span> <span class='ocrx_word' id='word_1_108' title='bbox 981 1525 1069 1566; x_wconf 78' lang='lat' dir='ltr'><strong>De-</strong></span> 
     </span>
     <span class='ocr_line' id='line_1_26' title="bbox 244 1579 892 1625; baseline 0.003 -4"><span class='ocrx_word' id='word_1_109' title='bbox 244 1579 408 1622; x_wconf 87' lang='lat' dir='ltr'><strong>minum</strong></span> <span class='ocrx_word' id='word_1_110' title='bbox 425 1586 445 1606; x_wconf 83' lang='lat'>*</span> <span class='ocrx_word' id='word_1_111' title='bbox 468 1583 627 1625; x_wconf 90' lang='lat' dir='ltr'><strong>Venite</strong></span> <span class='ocrx_word' id='word_1_112' title='bbox 646 1583 892 1625; x_wconf 88' lang='lat' dir='ltr'><strong>adoremus.</strong></span> 
     </span>
     <span class='ocr_line' id='line_1_27' title="bbox 295 1639 838 1683; baseline 0.009 -6"><span class='ocrx_word' id='word_1_113' title='bbox 295 1639 362 1678; x_wconf 82' lang='lat' dir='ltr'><strong>Ps.</strong></span> <span class='ocrx_word' id='word_1_114' title='bbox 386 1640 539 1682; x_wconf 71' lang='lat' dir='ltr'><strong>Venite</strong></span> <span class='ocrx_word' id='word_1_115' title='bbox 560 1641 838 1683; x_wconf 81' lang='lat' dir='ltr'><strong>exsultemus.</strong></span> 
     </span>
     <span class='ocr_line' id='line_1_28' title="bbox 554 1702 763 1753; baseline 0.01 -12"><span class='ocrx_word' id='word_1_116' title='bbox 554 1702 763 1753; x_wconf 76' lang='lat' dir='ltr'><strong>Hymnus,</strong></span> 
     </span>
     <span class='ocr_line' id='line_1_29' title="bbox 247 1750 1071 1856; baseline 0.005 -60"><span class='ocrx_word' id='word_1_117' title='bbox 247 1750 355 1856; x_wconf 84' lang='lat' dir='ltr'><strong>Sic</strong></span> <span class='ocrx_word' id='word_1_118' title='bbox 403 1762 551 1809; x_wconf 87' lang='lat' dir='ltr'><strong>patres</strong></span> <span class='ocrx_word' id='word_1_119' title='bbox 596 1758 731 1800; x_wconf 88' lang='lat' dir='ltr'><strong>vitam</strong></span> <span class='ocrx_word' id='word_1_120' title='bbox 771 1760 986 1811; x_wconf 89' lang='lat' dir='ltr'><strong>peragunt</strong></span> <span class='ocrx_word' id='word_1_121' title='bbox 1027 1760 1071 1800; x_wconf 93' lang='lat' dir='ltr'><strong>in</strong></span> 
     </span>
     <span class='ocr_line' id='line_1_30' title="bbox 553 1814 717 1866; baseline 0.006 -11"><span class='ocrx_word' id='word_1_122' title='bbox 553 1814 717 1866; x_wconf 83' lang='lat' dir='ltr'><strong>umbra,</strong></span> 
     </span>
     <span class='ocr_line' id='line_1_31' title="bbox 296 1867 1002 1923; baseline 0.007 -14"><span class='ocrx_word' id='word_1_123' title='bbox 296 1867 407 1910; x_wconf 89' lang='lat' dir='ltr'><strong>Lilia</strong></span> <span class='ocrx_word' id='word_1_124' title='bbox 427 1875 474 1911; x_wconf 91' lang='lat' dir='ltr'><strong>ut</strong></span> <span class='ocrx_word' id='word_1_125' title='bbox 493 1876 665 1923; x_wconf 83' lang='lat' dir='ltr'><strong>septem</strong></span> <span class='ocrx_word' id='word_1_126' title='bbox 681 1872 798 1913; x_wconf 89' lang='lat' dir='ltr'><strong>nivei</strong></span> <span class='ocrx_word' id='word_1_127' title='bbox 817 1871 1002 1922; x_wconf 80' lang='lat' dir='ltr'><strong>deceris,</strong></span> 
     </span>
     <span class='ocr_line' id='line_1_32' title="bbox 297 1925 1070 1979; baseline 0.006 -13"><span class='ocrx_word' id='word_1_128' title='bbox 297 1925 468 1977; x_wconf 87' lang='lat' dir='ltr'><strong>Virgini</strong></span> <span class='ocrx_word' id='word_1_129' title='bbox 488 1927 674 1969; x_wconf 74' lang='lat' dir='ltr'><strong>excelsae</strong></span> <span class='ocrx_word' id='word_1_130' title='bbox 697 1928 809 1971; x_wconf 92' lang='lat' dir='ltr'><strong>bene</strong></span> <span class='ocrx_word' id='word_1_131' title='bbox 828 1933 968 1979; x_wconf 88' lang='lat' dir='ltr'><strong>grata,</strong></span> <span class='ocrx_word' id='word_1_132' title='bbox 993 1929 1070 1971; x_wconf 91' lang='lat' dir='ltr'><strong>Pe-</strong></span> 
     </span>
     <span class='ocr_line' id='line_1_33' title="bbox 555 1988 624 2025; baseline -0.014 0"><span class='ocrx_word' id='word_1_133' title='bbox 555 1988 624 2025; x_wconf 88' lang='lat' dir='ltr'><strong>tro</strong></span> 
     </span>
     <span class='ocr_line' id='line_1_34' title="bbox 400 2039 676 2083; baseline 0.007 -4"><span class='ocrx_word' id='word_1_134' title='bbox 400 2039 509 2081; x_wconf 88' lang='lat' dir='ltr'><strong>Visa</strong></span> <span class='ocrx_word' id='word_1_135' title='bbox 526 2039 676 2083; x_wconf 78' lang='lat' dir='ltr'><strong>nitere.</strong></span> 
     </span>
    </p>
   </div>
   <div class='ocr_carea' id='block_1_6' title="bbox 252 2104 1072 2374">
    <p class='ocr_par' dir='ltr' id='par_1_11' title="bbox 252 2104 1072 2374">
     <span class='ocr_line' id='line_1_35' title="bbox 252 2104 1019 2160; baseline 0.009 -17"><span class='ocrx_word' id='word_1_136' title='bbox 252 2105 431 2156; x_wconf 86' lang='lat' dir='ltr'><strong>Jamque</strong></span> <span class='ocrx_word' id='word_1_137' title='bbox 451 2104 598 2148; x_wconf 86' lang='lat' dir='ltr'><strong>divina</strong></span> <span class='ocrx_word' id='word_1_138' title='bbox 616 2107 814 2160; x_wconf 75' lang='lat' dir='ltr'><strong>rapiente</strong></span> <span class='ocrx_word' id='word_1_139' title='bbox 834 2107 1019 2158; x_wconf 88' lang='lat' dir='ltr'><strong>flamma,</strong></span> 
     </span>
     <span class='ocr_line' id='line_1_36' title="bbox 300 2160 1072 2217; baseline 0.006 -16"><span class='ocrx_word' id='word_1_140' title='bbox 300 2160 520 2204; x_wconf 77' lang='lat' dir='ltr'><strong>Cursitant</strong></span> <span class='ocrx_word' id='word_1_141' title='bbox 557 2162 705 2213; x_wconf 92' lang='lat' dir='ltr'><strong>urbes,</strong></span> <span class='ocrx_word' id='word_1_142' title='bbox 748 2163 848 2206; x_wconf 91' lang='lat' dir='ltr'><strong>loca</strong></span> <span class='ocrx_word' id='word_1_143' title='bbox 885 2177 1072 2217; x_wconf 81' lang='lat' dir='ltr'><strong>quaeque</strong></span> 
     </span>
     <span class='ocr_line' id='line_1_37' title="bbox 555 2218 771 2271; baseline 0.009 -11"><span class='ocrx_word' id='word_1_144' title='bbox 555 2218 771 2271; x_wconf 88' lang='lat' dir='ltr'><strong>oberrant,</strong></span> 
     </span>
     <span class='ocr_line' id='line_1_38' title="bbox 261 2272 1070 2324; baseline 0.007 -12"><span class='ocrx_word' id='word_1_145' title='bbox 261 2283 269 2290; x_wconf 63' lang='grc'><em>“</em></span> <span class='ocrx_word' id='word_1_146' title='bbox 299 2272 344 2313; x_wconf 93' lang='lat' dir='ltr'><strong>Si</strong></span> <span class='ocrx_word' id='word_1_147' title='bbox 376 2280 538 2324; x_wconf 89' lang='lat' dir='ltr'><strong>queant</strong></span> <span class='ocrx_word' id='word_1_148' title='bbox 570 2276 737 2318; x_wconf 89' lang='lat' dir='ltr'><strong>cunctis</strong></span> <span class='ocrx_word' id='word_1_149' title='bbox 766 2277 921 2319; x_wconf 82' lang='lat' dir='ltr'><strong>animis</strong></span> <span class='ocrx_word' id='word_1_150' title='bbox 950 2276 1070 2319; x_wconf 79' lang='lat' dir='ltr'><strong>dole-</strong></span> 
     </span>
     <span class='ocr_line' id='line_1_39' title="bbox 556 2345 627 2374; baseline 0.028 -2"><span class='ocrx_word' id='word_1_151' title='bbox 556 2345 627 2374; x_wconf 88' lang='lat' dir='ltr'><strong>res</strong></span> 
     </span>
    </p>
   </div>
   <div class='ocr_carea' id='block_1_7' title="bbox 186 386 1101 652">
    <p class='ocr_par' dir='ltr' id='par_1_12' title="bbox 186 386 1101 652">
     <span class='ocr_line' id='line_1_40' title="bbox 1096 386 1101 448; baseline 0 -2"><span class='ocrx_word' id='word_1_152' title='bbox 1096 386 1101 448; x_wconf 95' lang='lat' dir='ltr'><strong>  </strong></span> 
     </span>
     <span class='ocr_line' id='line_1_41' title="bbox 187 448 202 607; baseline 0 -109"><span class='ocrx_word' id='word_1_153' title='bbox 187 448 202 607; x_wconf 95' lang='lat' dir='ltr'><strong>   </strong></span> 
     </span>
     <span class='ocr_line' id='line_1_42' title="bbox 186 607 201 652; baseline 0 2304"><span class='ocrx_word' id='word_1_154' title='bbox 186 607 201 652; x_wconf 95' lang='lat' dir='ltr'><strong> </strong></span> 
     </span>
    </p>
   </div>
   <div class='ocr_carea' id='block_1_8' title="bbox 1096 448 1101 577">
    <p class='ocr_par' dir='ltr' id='par_1_13' title="bbox 1096 448 1101 577">
     <span class='ocr_line' id='line_1_43' title="bbox 1096 448 1101 553; baseline 0 -55"><span class='ocrx_word' id='word_1_155' title='bbox 1096 448 1101 553; x_wconf 95' lang='lat' dir='ltr'><strong>    </strong></span> 
     </span>
     <span class='ocr_line' id='line_1_44' title="bbox 1100 553 1101 577; baseline 0 2379"><span class='ocrx_word' id='word_1_156' title='bbox 1100 553 1101 577; x_wconf 95' lang='lat' dir='ltr'><strong> </strong></span> 
     </span>
    </p>
   </div>
   <div class='ocr_carea' id='block_1_9' title="bbox 187 736 200 984">
    <p class='ocr_par' dir='ltr' id='par_1_14' title="bbox 187 736 200 984">
     <span class='ocr_line' id='line_1_45' title="bbox 187 736 200 875; baseline 0 -32"><span class='ocrx_word' id='word_1_157' title='bbox 187 736 200 875; x_wconf 95' lang='lat' dir='ltr'><strong>    </strong></span> 
     </span>
     <span class='ocr_line' id='line_1_46' title="bbox 187 875 200 984; baseline 0 -31"><span class='ocrx_word' id='word_1_158' title='bbox 187 875 200 984; x_wconf 95' lang='lat' dir='ltr'><strong>  </strong></span> 
     </span>
    </p>
   </div>
   <div class='ocr_carea' id='block_1_10' title="bbox 1094 1384 1098 1569">
    <p class='ocr_par' dir='ltr' id='par_1_15' title="bbox 1094 1384 1098 1569">
     <span class='ocr_line' id='line_1_47' title="bbox 1094 1384 1098 1569; baseline 0 1387"><span class='ocrx_word' id='word_1_159' title='bbox 1094 1384 1098 1569; x_wconf 95' lang='lat' dir='ltr'><strong> </strong></span> 
     </span>
    </p>
   </div>
   <div class='ocr_carea' id='block_1_11' title="bbox 402 2385 739 2437">
    <p class='ocr_par' dir='ltr' id='par_1_16' title="bbox 402 2385 739 2437">
     <span class='ocr_line' id='line_1_48' title="bbox 402 2385 739 2437; baseline 0.018 -12"><span class='ocrx_word' id='word_1_160' title='bbox 402 2385 556 2437; x_wconf 83' lang='lat' dir='ltr'><strong>Figere</strong></span> <span class='ocrx_word' id='word_1_161' title='bbox 575 2388 739 2431; x_wconf 89' lang='lat' dir='ltr'><strong>Matris.</strong></span> 
     </span>
    </p>
   </div>
   <div class='ocr_carea' id='block_1_12' title="bbox 254 2449 1074 2784">
    <p class='ocr_par' dir='ltr' id='par_1_17' title="bbox 254 2449 1074 2672">
     <span class='ocr_line' id='line_1_49' title="bbox 254 2449 1047 2506; baseline 0.013 -18"><span class='ocrx_word' id='word_1_162' title='bbox 254 2449 364 2490; x_wconf 90' lang='lat' dir='ltr'><strong>Hinc</strong></span> <span class='ocrx_word' id='word_1_163' title='bbox 382 2450 528 2492; x_wconf 91' lang='lat' dir='ltr'><strong>valent</strong></span> <span class='ocrx_word' id='word_1_164' title='bbox 545 2452 632 2494; x_wconf 90' lang='lat' dir='ltr'><strong>iras</strong></span> <span class='ocrx_word' id='word_1_165' title='bbox 652 2453 875 2497; x_wconf 85' lang='lat' dir='ltr'><strong>domuisse</strong></span> <span class='ocrx_word' id='word_1_166' title='bbox 895 2469 1047 2506; x_wconf 83' lang='lat' dir='ltr'><strong>caecaS,</strong></span> 
     </span>
     <span class='ocr_line' id='line_1_50' title="bbox 301 2504 1074 2563; baseline 0.013 -19"><span class='ocrx_word' id='word_1_167' title='bbox 301 2504 460 2547; x_wconf 87' lang='lat' dir='ltr'><strong>Nescia</strong></span> <span class='ocrx_word' id='word_1_168' title='bbox 488 2512 531 2549; x_wconf 90' lang='lat' dir='ltr'><strong>et</strong></span> <span class='ocrx_word' id='word_1_169' title='bbox 557 2509 680 2561; x_wconf 88' lang='lat' dir='ltr'><strong>pacis</strong></span> <span class='ocrx_word' id='word_1_170' title='bbox 707 2510 800 2552; x_wconf 85' lang='lat' dir='ltr'><strong>fera</strong></span> <span class='ocrx_word' id='word_1_171' title='bbox 827 2511 960 2554; x_wconf 88' lang='lat' dir='ltr'><strong>corda</strong></span> <span class='ocrx_word' id='word_1_172' title='bbox 987 2514 1074 2563; x_wconf 85' lang='lat' dir='ltr'><strong>iun-</strong></span> 
     </span>
     <span class='ocr_line' id='line_1_51' title="bbox 303 2571 1074 2672; baseline 0.017 -17"><span class='ocrx_word' id='word_1_173' title='bbox 303 2615 485 2667; x_wconf 87' lang='lat' dir='ltr'><strong>Erigunt</strong></span> <span class='ocrx_word' id='word_1_174' title='bbox 516 2571 719 2672; x_wconf 49' lang='lat' dir='ltr'><strong>mgoeusliii&amp;</strong></span> <span class='ocrx_word' id='word_1_175' title='bbox 760 2625 970 2667; x_wconf 88' lang='lat' dir='ltr'><strong>revocant</strong></span> <span class='ocrx_word' id='word_1_176' title='bbox 1000 2638 1074 2667; x_wconf 95' lang='lat' dir='ltr'><strong>no-</strong></span> 
     </span>
    </p>

    <p class='ocr_par' dir='ltr' id='par_1_18' title="bbox 405 2679 734 2784">
     <span class='ocr_line' id='line_1_52' title="bbox 558 2679 707 2719; baseline 0.013 -2"><span class='ocrx_word' id='word_1_177' title='bbox 558 2679 707 2719; x_wconf 81' lang='lat' dir='ltr'><strong>centes</strong></span> 
     </span>
     <span class='ocr_line' id='line_1_53' title="bbox 405 2729 734 2784; baseline 0.018 -14"><span class='ocrx_word' id='word_1_178' title='bbox 405 2729 534 2772; x_wconf 86' lang='lat' dir='ltr'><strong>Dicta</strong></span> <span class='ocrx_word' id='word_1_179' title='bbox 552 2732 734 2784; x_wconf 84' lang='lat' dir='ltr'><strong>piorum.</strong></span> 
     </span>
    </p>
   </div>
   <div class='ocr_carea' id='block_1_13' title="bbox 196 2784 405 2811">
    <p class='ocr_par' dir='ltr' id='par_1_19' title="bbox 196 2784 405 2811">
     <span class='ocr_line' id='line_1_54' title="bbox 196 2784 405 2811; baseline 0 145"><span class='ocrx_word' id='word_1_180' title='bbox 196 2784 405 2811; x_wconf 95' lang='lat' dir='ltr'><strong> </strong></span> 
     </span>
    </p>
   </div>
   <div class='ocr_carea' id='block_1_14' title="bbox 837 202 1362 245">
    <p class='ocr_par' dir='ltr' id='par_1_20' title="bbox 837 202 1362 245">
     <span class='ocr_line' id='line_1_55' title="bbox 837 202 1362 245; baseline -0.002 -9"><span class='ocrx_word' id='word_1_181' title='bbox 837 205 892 236; x_wconf 64' lang='lat' dir='ltr'><strong>Ss.</strong></span> <span class='ocrx_word' id='word_1_182' title='bbox 920 204 1072 245; x_wconf 70' lang='lat' dir='ltr'><strong>Septem</strong></span> <span class='ocrx_word' id='word_1_183' title='bbox 1099 202 1362 237; x_wconf 62' lang='lat' dir='ltr'><strong>Fundanorum</strong></span> 
     </span>
    </p>
   </div>
   <div class='ocr_carea' id='block_1_15' title="bbox 734 2784 1128 2811">
    <p class='ocr_par' dir='ltr' id='par_1_21' title="bbox 734 2784 1128 2811">
     <span class='ocr_line' id='line_1_56' title="bbox 734 2784 1128 2811; baseline 0 145"><span class='ocrx_word' id='word_1_184' title='bbox 734 2784 1128 2811; x_wconf 95' lang='lat' dir='ltr'><strong> </strong></span> 
     </span>
    </p>
   </div>
   <div class='ocr_carea' id='block_1_16' title="bbox 188 181 2013 379">
    <p class='ocr_par' dir='ltr' id='par_1_22' title="bbox 188 181 2013 379">
     <span class='ocr_line' id='line_1_57' title="bbox 188 181 2013 379; baseline 0 -103"><span class='ocrx_word' id='word_1_185' title='bbox 188 266 2013 379; x_wconf 95' lang='lat' dir='ltr'><strong>    </strong></span> <span class='ocrx_word' id='word_1_186' title='bbox 1362 181 2013 266; x_wconf 95' lang='lat' dir='ltr'><strong> </strong></span> 
     </span>
    </p>
   </div>
   <div class='ocr_carea' id='block_1_17' title="bbox 1868 276 2013 331">
    <p class='ocr_par' dir='ltr' id='par_1_23' title="bbox 1868 276 2013 331">
     <span class='ocr_line' id='line_1_58' title="bbox 1868 276 2013 331; baseline 0 -53"><span class='ocrx_word' id='word_1_187' title='bbox 1868 276 2013 331; x_wconf 95' lang='lat' dir='ltr'><strong>  </strong></span> 
     </span>
    </p>
   </div>
   <div class='ocr_carea' id='block_1_18' title="bbox 1133 302 1951 572">
    <p class='ocr_par' dir='ltr' id='par_1_24' title="bbox 1133 302 1951 470">
     <span class='ocr_line' id='line_1_59' title="bbox 1133 302 1868 354; baseline 0.003 -11"><span class='ocrx_word' id='word_1_188' title='bbox 1133 305 1184 344; x_wconf 84' lang='lat' dir='ltr'><strong>At</strong></span> <span class='ocrx_word' id='word_1_189' title='bbox 1204 315 1308 344; x_wconf 92' lang='lat' dir='ltr'><strong>suos</strong></span> <span class='ocrx_word' id='word_1_190' title='bbox 1326 302 1465 354; x_wconf 86' lang='lat' dir='ltr'><strong>Virgo</strong></span> <span class='ocrx_word' id='word_1_191' title='bbox 1485 303 1694 344; x_wconf 78' lang='lat' dir='ltr'><strong>comitata</strong></span> <span class='ocrx_word' id='word_1_192' title='bbox 1713 315 1868 345; x_wconf 87' lang='lat' dir='ltr'><strong>servos</strong></span> 
     </span>
     <span class='ocr_line' id='line_1_60' title="bbox 1172 358 1951 413; baseline 0 -13"><span class='ocrx_word' id='word_1_193' title='bbox 1172 358 1331 401; x_wconf 89' lang='lat' dir='ltr'><strong>Evehit</strong></span> <span class='ocrx_word' id='word_1_194' title='bbox 1349 358 1528 401; x_wconf 88' lang='lat' dir='ltr'><strong>tandem</strong></span> <span class='ocrx_word' id='word_1_195' title='bbox 1553 362 1739 413; x_wconf 70' lang='lat' dir='ltr'><strong>superas</strong></span> <span class='ocrx_word' id='word_1_196' title='bbox 1759 358 1817 402; x_wconf 87' lang='lat' dir='ltr'><strong>ad</strong></span> <span class='ocrx_word' id='word_1_197' title='bbox 1837 372 1951 402; x_wconf 88' lang='lat' dir='ltr'><strong>oras:</strong></span> 
     </span>
     <span class='ocr_line' id='line_1_61' title="bbox 1172 414 1950 470; baseline 0.001 -13"><span class='ocrx_word' id='word_1_198' title='bbox 1172 415 1396 458; x_wconf 86' lang='lat' dir='ltr'><strong>Gemmeis</strong></span> <span class='ocrx_word' id='word_1_199' title='bbox 1421 416 1550 458; x_wconf 86' lang='lat' dir='ltr'><strong>sertis</strong></span> <span class='ocrx_word' id='word_1_200' title='bbox 1578 414 1760 458; x_wconf 89' lang='lat' dir='ltr'><strong>decorat</strong></span> <span class='ocrx_word' id='word_1_201' title='bbox 1789 429 1870 470; x_wconf 93' lang='lat' dir='ltr'><strong>per</strong></span> <span class='ocrx_word' id='word_1_202' title='bbox 1895 429 1950 458; x_wconf 90' lang='lat' dir='ltr'><strong>ae-</strong></span> 
     </span>
    </p>

    <p class='ocr_par' dir='ltr' id='par_1_25' title="bbox 1278 486 1645 572">
     <span class='ocr_line' id='line_1_62' title="bbox 1278 486 1645 572; baseline -0.003 0"><span class='ocrx_word' id='word_1_203' title='bbox 1278 529 1418 572; x_wconf 90' lang='lat' dir='ltr'><strong>Omne</strong></span> <span class='ocrx_word' id='word_1_204' title='bbox 1433 486 1606 572; x_wconf 46' lang='grc' dir='ltr'><strong>ἷιέἓῖοε.</strong></span> <span class='ocrx_word' id='word_1_205' title='bbox 1644 519 1645 522; x_wconf 30' lang='grc'><strong>“</strong></span> 
     </span>
    </p>
   </div>
   <div class='ocr_carea' id='block_1_19' title="bbox 1128 604 1952 874">
    <p class='ocr_par' dir='ltr' id='par_1_26' title="bbox 1128 604 1952 771">
     <span class='ocr_line' id='line_1_63' title="bbox 1128 604 1952 658; baseline 0 -13"><span class='ocrx_word' id='word_1_206' title='bbox 1128 605 1203 656; x_wconf 83' lang='lat' dir='ltr'><strong>Eja</strong></span> <span class='ocrx_word' id='word_1_207' title='bbox 1219 617 1335 646; x_wconf 91' lang='lat' dir='ltr'><strong>nunc</strong></span> <span class='ocrx_word' id='word_1_208' title='bbox 1352 610 1494 646; x_wconf 91' lang='lat' dir='ltr'><strong>coetus</strong></span> <span class='ocrx_word' id='word_1_209' title='bbox 1507 604 1717 655; x_wconf 89' lang='lat' dir='ltr'><strong>gemitum</strong></span> <span class='ocrx_word' id='word_1_210' title='bbox 1730 604 1952 658; x_wconf 74' lang='lat' dir='ltr'><strong>precantis</strong></span> 
     </span>
     <span class='ocr_line' id='line_1_64' title="bbox 1174 660 1952 711; baseline 0 -9"><span class='ocrx_word' id='word_1_211' title='bbox 1174 660 1385 711; x_wconf 79' lang='lat' dir='ltr'><strong>Audiant,</strong></span> <span class='ocrx_word' id='word_1_212' title='bbox 1410 660 1545 703; x_wconf 87' lang='lat' dir='ltr'><strong>duros</strong></span> <span class='ocrx_word' id='word_1_213' title='bbox 1564 660 1743 703; x_wconf 87' lang='lat' dir='ltr'><strong>videant</strong></span> <span class='ocrx_word' id='word_1_214' title='bbox 1762 660 1952 704; x_wconf 69' lang='lat' dir='ltr'><strong>labores:</strong></span> 
     </span>
     <span class='ocr_line' id='line_1_65' title="bbox 1173 716 1952 771; baseline -0.003 -11"><span class='ocrx_word' id='word_1_215' title='bbox 1173 718 1356 771; x_wconf 92' lang='lat' dir='ltr'><strong>Semper</strong></span> <span class='ocrx_word' id='word_1_216' title='bbox 1381 723 1425 760; x_wconf 90' lang='lat' dir='ltr'><strong>et</strong></span> <span class='ocrx_word' id='word_1_217' title='bbox 1446 718 1610 760; x_wconf 90' lang='lat' dir='ltr'><strong>nostris</strong></span> <span class='ocrx_word' id='word_1_218' title='bbox 1633 718 1810 760; x_wconf 79' lang='lat' dir='ltr'><strong>faveant</strong></span> <span class='ocrx_word' id='word_1_219' title='bbox 1833 716 1952 760; x_wconf 87' lang='lat' dir='ltr'><strong>beni-</strong></span> 
     </span>
    </p>

    <p class='ocr_par' dir='ltr' id='par_1_27' title="bbox 1275 788 1607 874">
     <span class='ocr_line' id='line_1_66' title="bbox 1275 788 1607 874; baseline 0 -2"><span class='ocrx_word' id='word_1_220' title='bbox 1275 788 1607 874; x_wconf 43' lang='lat' dir='ltr'><strong>Luminffsotis.</strong></span> 
     </span>
    </p>
   </div>
   <div class='ocr_carea' id='block_1_20' title="bbox 1124 905 1953 1233">
    <p class='ocr_par' dir='ltr' id='par_1_28' title="bbox 1124 905 1953 1086">
     <span class='ocr_line' id='line_1_67' title="bbox 1124 905 1905 958; baseline 0 -12"><span class='ocrx_word' id='word_1_221' title='bbox 1124 905 1186 946; x_wconf 86' lang='lat' dir='ltr'><strong>Sit</strong></span> <span class='ocrx_word' id='word_1_222' title='bbox 1206 905 1341 947; x_wconf 90' lang='lat' dir='ltr'><strong>decus</strong></span> <span class='ocrx_word' id='word_1_223' title='bbox 1359 906 1490 956; x_wconf 87' lang='lat' dir='ltr'><strong>Patri,</strong></span> <span class='ocrx_word' id='word_1_224' title='bbox 1509 906 1757 958; x_wconf 82' lang='lat' dir='ltr'><strong>genitaeque</strong></span> <span class='ocrx_word' id='word_1_225' title='bbox 1773 905 1905 956; x_wconf 80' lang='lat' dir='ltr'><strong>Proli‚</strong></span> 
     </span>
     <span class='ocr_line' id='line_1_68' title="bbox 1173 962 1953 1016; baseline 0.001 -13"><span class='ocrx_word' id='word_1_226' title='bbox 1173 962 1230 1003; x_wconf 90' lang='lat' dir='ltr'><strong>Et</strong></span> <span class='ocrx_word' id='word_1_227' title='bbox 1245 962 1336 1013; x_wconf 89' lang='lat' dir='ltr'><strong>tibi,</strong></span> <span class='ocrx_word' id='word_1_228' title='bbox 1357 975 1539 1016; x_wconf 89' lang='lat' dir='ltr'><strong>compar</strong></span> <span class='ocrx_word' id='word_1_229' title='bbox 1552 962 1784 1015; x_wconf 78' lang='lat' dir='ltr'><strong>utriusque</strong></span> <span class='ocrx_word' id='word_1_230' title='bbox 1798 962 1953 1004; x_wconf 92' lang='lat' dir='ltr'><strong>Virtus</strong></span> 
     </span>
     <span class='ocr_line' id='line_1_69' title="bbox 1173 1019 1952 1086; baseline 0 -26"><span class='ocrx_word' id='word_1_231' title='bbox 1173 1019 1362 1072; x_wconf 86' lang='lat' dir='ltr'><strong>Spiritus</strong></span> <span class='ocrx_word' id='word_1_232' title='bbox 1390 1032 1581 1086; x_wconf 38' lang='lat' dir='ltr'><strong>semp-er,</strong></span> <span class='ocrx_word' id='word_1_233' title='bbox 1617 1021 1740 1061; x_wconf 92' lang='lat' dir='ltr'><strong>Deus</strong></span> <span class='ocrx_word' id='word_1_234' title='bbox 1768 1031 1880 1060; x_wconf 89' lang='lat' dir='ltr'><strong>unus</strong></span> <span class='ocrx_word' id='word_1_235' title='bbox 1909 1030 1952 1060; x_wconf 94' lang='lat' dir='ltr'><strong>o-</strong></span> 
     </span>
    </p>

    <p class='ocr_par' dir='ltr' id='par_1_29' title="bbox 1276 1091 1638 1233">
     <span class='ocr_line' id='line_1_70' title="bbox 1276 1091 1638 1187; baseline 0 -13"><span class='ocrx_word' id='word_1_236' title='bbox 1276 1091 1522 1187; x_wconf 55' lang='lat' dir='ltr'><strong>Temptiilitsl</strong></span> <span class='ocrx_word' id='word_1_237' title='bbox 1530 1147 1638 1175; x_wconf 85' lang='lat' dir='ltr'><strong>aevo.</strong></span> 
     </span>
     <span class='ocr_line' id='line_1_71' title="bbox 1435 1190 1590 1233; baseline 0.006 -2"><span class='ocrx_word' id='word_1_238' title='bbox 1435 1190 1590 1233; x_wconf 92' lang='lat' dir='ltr'><strong>Amen.</strong></span> 
     </span>
    </p>
   </div>
   <div class='ocr_carea' id='block_1_21' title="bbox 1124 1272 1979 1356">
    <p class='ocr_par' dir='ltr' id='par_1_30' title="bbox 1124 1272 1979 1356">
     <span class='ocr_line' id='line_1_72' title="bbox 1176 1272 1979 1315; baseline 0.004 -11"><span class='ocrx_word' id='word_1_239' title='bbox 1176 1272 1414 1315; x_wconf 78' lang='lat' dir='ltr'><strong>Antiphonae</strong></span> <span class='ocrx_word' id='word_1_240' title='bbox 1440 1278 1475 1306; x_wconf 82' lang='lat' dir='ltr'><strong>et</strong></span> <span class='ocrx_word' id='word_1_241' title='bbox 1493 1272 1637 1306; x_wconf 82' lang='lat' dir='ltr'><strong>Psalmi</strong></span> <span class='ocrx_word' id='word_1_242' title='bbox 1659 1273 1774 1307; x_wconf 90' lang='lat' dir='ltr'><strong>trium</strong></span> <span class='ocrx_word' id='word_1_243' title='bbox 1790 1272 1953 1307; x_wconf 80' lang='lat' dir='ltr'><strong>Noctur-</strong></span> <span class='ocrx_word' id='word_1_244' title='bbox 1976 1305 1979 1308; x_wconf 87' lang='lat'>.</span> 
     </span>
     <span class='ocr_line' id='line_1_73' title="bbox 1124 1320 1952 1356; baseline 0.002 -4"><span class='ocrx_word' id='word_1_245' title='bbox 1124 1329 1260 1353; x_wconf 81' lang='lat' dir='ltr'><strong>norum</strong></span> <span class='ocrx_word' id='word_1_246' title='bbox 1290 1320 1336 1354; x_wconf 84' lang='lat' dir='ltr'><strong>de</strong></span> <span class='ocrx_word' id='word_1_247' title='bbox 1361 1320 1565 1354; x_wconf 85' lang='lat' dir='ltr'><strong>Communi</strong></span> <span class='ocrx_word' id='word_1_248' title='bbox 1583 1320 1691 1355; x_wconf 87' lang='lat' dir='ltr'><strong>Conf.</strong></span> <span class='ocrx_word' id='word_1_249' title='bbox 1717 1331 1793 1355; x_wconf 85' lang='lat' dir='ltr'><strong>non</strong></span> <span class='ocrx_word' id='word_1_250' title='bbox 1812 1320 1952 1356; x_wconf 82' lang='lat' dir='ltr'><strong>Pontif.</strong></span> 
     </span>
    </p>
   </div>
   <div class='ocr_carea' id='block_1_22' title="bbox 1123 1379 1954 1470">
    <p class='ocr_par' dir='ltr' id='par_1_31' title="bbox 1123 1379 1954 1470">
     <span class='ocr_line' id='line_1_74' title="bbox 1179 1379 1954 1418; baseline 0.004 -5"><span class='ocrx_word' id='word_1_251' title='bbox 1179 1379 1220 1413; x_wconf 84' lang='lat' dir='ltr'><strong>In</strong></span> <span class='ocrx_word' id='word_1_252' title='bbox 1254 1380 1278 1413; x_wconf 86' lang='grc' dir='ltr'><strong>Ι.</strong></span> <span class='ocrx_word' id='word_1_253' title='bbox 1308 1380 1507 1416; x_wconf 78' lang='lat' dir='ltr'><strong>Nocturno</strong></span> <span class='ocrx_word' id='word_1_254' title='bbox 1541 1381 1746 1416; x_wconf 80' lang='lat' dir='ltr'><strong>Lectiones</strong></span> <span class='ocrx_word' id='word_1_255' title='bbox 1778 1382 1825 1417; x_wconf 90' lang='lat' dir='ltr'><strong>de</strong></span> <span class='ocrx_word' id='word_1_256' title='bbox 1855 1382 1954 1418; x_wconf 89' lang='lat' dir='ltr'><strong>Scri-</strong></span> 
     </span>
     <span class='ocr_line' id='line_1_75' title="bbox 1123 1433 1495 1470; baseline 0.008 -9"><span class='ocrx_word' id='word_1_257' title='bbox 1123 1433 1235 1470; x_wconf 80' lang='lat' dir='ltr'><strong>ptura</strong></span> <span class='ocrx_word' id='word_1_258' title='bbox 1262 1434 1495 1464; x_wconf 83' lang='lat' dir='ltr'><strong>occurrente.</strong></span> 
     </span>
    </p>
   </div>
   <div class='ocr_carea' id='block_1_23' title="bbox 1175 1489 1924 1537">
    <p class='ocr_par' dir='ltr' id='par_1_32' title="bbox 1175 1489 1924 1537">
     <span class='ocr_line' id='line_1_76' title="bbox 1175 1489 1924 1537; baseline 0.007 -15"><span class='ocrx_word' id='word_1_259' title='bbox 1175 1489 1217 1522; x_wconf 88' lang='lat' dir='ltr'><strong>In</strong></span> <span class='ocrx_word' id='word_1_260' title='bbox 1243 1490 1549 1535; x_wconf 76' lang='lat' dir='ltr'><strong>Quudragesima</strong></span> <span class='ocrx_word' id='word_1_261' title='bbox 1574 1502 1667 1527; x_wconf 79' lang='lat' dir='ltr'><strong>vero</strong></span> <span class='ocrx_word' id='word_1_262' title='bbox 1692 1492 1793 1527; x_wconf 88' lang='lat' dir='ltr'><strong>Leet.</strong></span> <span class='ocrx_word' id='word_1_263' title='bbox 1818 1503 1924 1537; x_wconf 92' lang='lat' dir='ltr'><strong>sequ.</strong></span> 
     </span>
    </p>
   </div>
   <div class='ocr_carea' id='block_1_24' title="bbox 1226 1571 1875 1697">
    <p class='ocr_par' dir='ltr' id='par_1_33' title="bbox 1226 1571 1875 1697">
     <span class='ocr_line' id='line_1_77' title="bbox 1271 1571 1807 1617; baseline 0.007 -4"><span class='ocrx_word' id='word_1_264' title='bbox 1271 1574 1338 1614; x_wconf 89' lang='lat' dir='ltr'><strong>De</strong></span> <span class='ocrx_word' id='word_1_265' title='bbox 1361 1571 1475 1614; x_wconf 92' lang='lat' dir='ltr'><strong>libro</strong></span> <span class='ocrx_word' id='word_1_266' title='bbox 1494 1573 1807 1617; x_wconf 75' lang='lat' dir='ltr'><strong>Ecclesiastici.</strong></span> 
     </span>
     <span class='ocr_line' id='line_1_78' title="bbox 1226 1643 1875 1697; baseline 0.005 -14"><span class='ocrx_word' id='word_1_267' title='bbox 1226 1643 1377 1685; x_wconf 85' lang='lat' dir='ltr'><strong>Lectio</strong></span> <span class='ocrx_word' id='word_1_268' title='bbox 1398 1644 1422 1684; x_wconf 92' lang='lat' dir='ltr'><strong>i.</strong></span> <span class='ocrx_word' id='word_1_269' title='bbox 1685 1645 1789 1697; x_wconf 88' lang='lat' dir='ltr'><strong>Cap.</strong></span> <span class='ocrx_word' id='word_1_270' title='bbox 1807 1645 1875 1686; x_wconf 90' lang='grc'><strong>44.</strong></span> 
     </span>
    </p>
   </div>
   <div class='ocr_carea' id='block_1_25' title="bbox 1170 1710 1955 1826">
    <p class='ocr_par' dir='ltr' id='par_1_34' title="bbox 1130 1710 1955 1826">
     <span class='ocr_line' id='line_1_79' title="bbox 1171 1710 1955 1763; baseline 0.002 -10.901"><span class='ocrx_word' id='word_1_271' title='bbox 1171 1710 1454 1763; x_wconf 52' lang='grc' dir='ltr'>κ</span> <span class='ocrx_word' id='word_1_272' title='bbox 1486 1711 1605 1752; x_wconf 87' lang='lat' dir='ltr'><strong>viros</strong></span> <span class='ocrx_word' id='word_1_273' title='bbox 1637 1710 1876 1762; x_wconf 72' lang='lat' dir='ltr'><strong>gloriosos,</strong></span> <span class='ocrx_word' id='word_1_274' title='bbox 1910 1716 1955 1754; x_wconf 88' lang='lat' dir='ltr'><strong>et</strong></span> 
     </span>
     <span class='ocr_line' id='line_1_80' title="bbox 1170 1762 1954 1826; baseline 0.003 -18"><span class='ocrx_word' id='word_1_275' title='bbox 1170 1762 1232 1826; x_wconf 52' lang='lat' dir='ltr'><strong>fg?</strong></span> <span class='ocrx_word' id='word_1_276' title='bbox 1259 1769 1466 1820; x_wconf 88' lang='lat' dir='ltr'><strong>parentes</strong></span> <span class='ocrx_word' id='word_1_277' title='bbox 1498 1772 1677 1809; x_wconf 89' lang='lat' dir='ltr'><strong>nostros</strong></span> <span class='ocrx_word' id='word_1_278' title='bbox 1703 1768 1749 1808; x_wconf 91' lang='lat' dir='ltr'><strong>in</strong></span> <span class='ocrx_word' id='word_1_279' title='bbox 1775 1778 1954 1819; x_wconf 83' lang='lat' dir='ltr'><strong>genera-</strong></span> 
     </span>
    </p>
   </div>
   <div class='ocr_carea' id='block_1_26' title="bbox 1127 1711 1242 1850">
    <p class='ocr_par' dir='ltr' id='par_1_35' title="bbox 1127 1711 1242 1850">
     <span class='ocr_line' id='line_1_81' title="bbox 1127 1711 1242 1850; baseline 0 1106"><span class='ocrx_word' id='word_1_280' title='bbox 1127 1711 1242 1850; x_wconf 95' lang='lat' dir='ltr'><strong> </strong></span> 
     </span>
    </p>
   </div>
   <div class='ocr_carea' id='block_1_27' title="bbox 1259 1823 2019 1876">
    <p class='ocr_par' dir='ltr' id='par_1_36' title="bbox 1182 1822 2019 1876">
     <span class='ocr_line' id='line_1_82' title="bbox 1259 1823 2019 1876; baseline 0.005 -10.632"><span class='ocrx_word' id='word_1_281' title='bbox 1259 1824 1380 1866; x_wconf 79' lang='lat' dir='ltr'><strong>tiene</strong></span> <span class='ocrx_word' id='word_1_282' title='bbox 1412 1837 1501 1866; x_wconf 86' lang='lat' dir='ltr'><strong>sua.</strong></span> <span class='ocrx_word' id='word_1_283' title='bbox 1553 1823 1739 1866; x_wconf 90' lang='lat' dir='ltr'><strong>Multam</strong></span> <span class='ocrx_word' id='word_1_284' title='bbox 1769 1823 1956 1876; x_wconf 76' lang='lat' dir='ltr'><strong>gleriam</strong></span> <span class='ocrx_word' id='word_1_285' title='bbox 2018 1867 2019 1870; x_wconf 75' lang='grc'>,</span> 
     </span>
    </p>
   </div>
   <div class='ocr_carea' id='block_1_28' title="bbox 1123 1880 1955 2490">
    <p class='ocr_par' dir='ltr' id='par_1_37' title="bbox 1123 1880 1955 2490">
     <span class='ocr_line' id='line_1_83' title="bbox 1123 1880 1955 1932; baseline 0.004 -12"><span class='ocrx_word' id='word_1_286' title='bbox 1123 1880 1227 1922; x_wconf 89' lang='lat' dir='ltr'><strong>fecit</strong></span> <span class='ocrx_word' id='word_1_287' title='bbox 1245 1880 1462 1922; x_wconf 82' lang='lat' dir='ltr'><strong>Dominus</strong></span> <span class='ocrx_word' id='word_1_288' title='bbox 1484 1880 1808 1932; x_wconf 87' lang='lat' dir='ltr'><strong>magnificentia</strong></span> <span class='ocrx_word' id='word_1_289' title='bbox 1831 1893 1910 1923; x_wconf 91' lang='lat' dir='ltr'><strong>sua</strong></span> <span class='ocrx_word' id='word_1_290' title='bbox 1929 1895 1955 1923; x_wconf 91' lang='lat' dir='ltr'><strong>a</strong></span> 
     </span>
     <span class='ocr_line' id='line_1_84' title="bbox 1125 1936 1953 1990; baseline 0.002 -12"><span class='ocrx_word' id='word_1_291' title='bbox 1125 1936 1301 1979; x_wconf 81' lang='lat' dir='ltr'><strong>saeculo.</strong></span> <span class='ocrx_word' id='word_1_292' title='bbox 1336 1937 1627 1979; x_wconf 80' lang='lat' dir='ltr'><strong>Dominantes</strong></span> <span class='ocrx_word' id='word_1_293' title='bbox 1655 1938 1699 1979; x_wconf 94' lang='lat' dir='ltr'><strong>in</strong></span> <span class='ocrx_word' id='word_1_294' title='bbox 1725 1938 1953 1990; x_wconf 79' lang='lat' dir='ltr'><strong>potestati-</strong></span> 
     </span>
     <span class='ocr_line' id='line_1_85' title="bbox 1123 1993 1954 2047; baseline 0.001 -11"><span class='ocrx_word' id='word_1_295' title='bbox 1123 1993 1206 2036; x_wconf 91' lang='lat' dir='ltr'><strong>bus</strong></span> <span class='ocrx_word' id='word_1_296' title='bbox 1240 1993 1345 2043; x_wconf 90' lang='lat' dir='ltr'><strong>suis,</strong></span> <span class='ocrx_word' id='word_1_297' title='bbox 1381 1993 1582 2036; x_wconf 74' lang='lat' dir='ltr'><strong>hemines</strong></span> <span class='ocrx_word' id='word_1_298' title='bbox 1609 1995 1756 2047; x_wconf 86' lang='lat' dir='ltr'><strong>magni</strong></span> <span class='ocrx_word' id='word_1_299' title='bbox 1782 1995 1954 2046; x_wconf 81' lang='lat' dir='ltr'><strong>virtute,</strong></span> 
     </span>
     <span class='ocr_line' id='line_1_86' title="bbox 1126 2049 1953 2104; baseline 0.001 -12"><span class='ocrx_word' id='word_1_300' title='bbox 1126 2055 1170 2092; x_wconf 94' lang='lat' dir='ltr'><strong>et</strong></span> <span class='ocrx_word' id='word_1_301' title='bbox 1187 2049 1423 2103; x_wconf 90' lang='lat' dir='ltr'><strong>prudentia</strong></span> <span class='ocrx_word' id='word_1_302' title='bbox 1441 2064 1522 2093; x_wconf 91' lang='lat' dir='ltr'><strong>sua</strong></span> <span class='ocrx_word' id='word_1_303' title='bbox 1539 2050 1732 2104; x_wconf 84' lang='lat' dir='ltr'><strong>praediti,</strong></span> <span class='ocrx_word' id='word_1_304' title='bbox 1757 2051 1953 2094; x_wconf 78' lang='lat' dir='ltr'><strong>nuntian-</strong></span> 
     </span>
     <span class='ocr_line' id='line_1_87' title="bbox 1123 2107 1953 2160; baseline 0.002 -12"><span class='ocrx_word' id='word_1_305' title='bbox 1123 2112 1192 2149; x_wconf 90' lang='lat' dir='ltr'><strong>tes</strong></span> <span class='ocrx_word' id='word_1_306' title='bbox 1224 2107 1268 2148; x_wconf 92' lang='lat' dir='ltr'><strong>in</strong></span> <span class='ocrx_word' id='word_1_307' title='bbox 1294 2107 1530 2160; x_wconf 88' lang='lat' dir='ltr'><strong>Prophetis</strong></span> <span class='ocrx_word' id='word_1_308' title='bbox 1562 2107 1822 2159; x_wconf 79' lang='lat' dir='ltr'><strong>dignitatem</strong></span> <span class='ocrx_word' id='word_1_309' title='bbox 1847 2108 1953 2150; x_wconf 93' lang='lat' dir='ltr'><strong>Pro-</strong></span> 
     </span>
     <span class='ocr_line' id='line_1_88' title="bbox 1124 2165 1953 2219; baseline 0.002 -13"><span class='ocrx_word' id='word_1_310' title='bbox 1124 2165 1370 2218; x_wconf 77' lang='lat' dir='ltr'><strong>phetarum,</strong></span> <span class='ocrx_word' id='word_1_311' title='bbox 1405 2170 1449 2208; x_wconf 92' lang='lat' dir='ltr'><strong>et</strong></span> <span class='ocrx_word' id='word_1_312' title='bbox 1475 2165 1745 2219; x_wconf 65' lang='lat' dir='ltr'><strong>imperentes</strong></span> <span class='ocrx_word' id='word_1_313' title='bbox 1771 2166 1817 2207; x_wconf 92' lang='lat' dir='ltr'><strong>in</strong></span> <span class='ocrx_word' id='word_1_314' title='bbox 1843 2179 1953 2219; x_wconf 84' lang='lat' dir='ltr'><strong>prae-</strong></span> 
     </span>
     <span class='ocr_line' id='line_1_89' title="bbox 1125 2221 1955 2277; baseline 0 -13"><span class='ocrx_word' id='word_1_315' title='bbox 1125 2223 1237 2264; x_wconf 90' lang='lat' dir='ltr'><strong>senti</strong></span> <span class='ocrx_word' id='word_1_316' title='bbox 1255 2222 1441 2275; x_wconf 77' lang='lat' dir='ltr'><strong>pepulo,</strong></span> <span class='ocrx_word' id='word_1_317' title='bbox 1460 2227 1505 2264; x_wconf 89' lang='lat' dir='ltr'><strong>et</strong></span> <span class='ocrx_word' id='word_1_318' title='bbox 1523 2223 1687 2266; x_wconf 77' lang='lat' dir='ltr'><strong>virtute</strong></span> <span class='ocrx_word' id='word_1_319' title='bbox 1705 2221 1955 2277; x_wconf 75' lang='lat' dir='ltr'><strong>prudentiae</strong></span> 
     </span>
     <span class='ocr_line' id='line_1_90' title="bbox 1125 2279 1954 2334; baseline 0.002 -13"><span class='ocrx_word' id='word_1_320' title='bbox 1125 2279 1303 2332; x_wconf 78' lang='lat' dir='ltr'><strong>pepulis</strong></span> <span class='ocrx_word' id='word_1_321' title='bbox 1327 2280 1605 2322; x_wconf 88' lang='lat' dir='ltr'><strong>sanctissima</strong></span> <span class='ocrx_word' id='word_1_322' title='bbox 1623 2280 1770 2323; x_wconf 89' lang='lat' dir='ltr'><strong>verba.</strong></span> <span class='ocrx_word' id='word_1_323' title='bbox 1806 2282 1857 2322; x_wconf 90' lang='lat' dir='ltr'><strong>In</strong></span> <span class='ocrx_word' id='word_1_324' title='bbox 1880 2293 1954 2334; x_wconf 92' lang='lat' dir='ltr'><strong>pe-</strong></span> 
     </span>
     <span class='ocr_line' id='line_1_91' title="bbox 1124 2336 1953 2389; baseline 0.001 -12"><span class='ocrx_word' id='word_1_325' title='bbox 1124 2337 1224 2378; x_wconf 86' lang='lat' dir='ltr'><strong>ritia</strong></span> <span class='ocrx_word' id='word_1_326' title='bbox 1250 2348 1329 2378; x_wconf 88' lang='lat' dir='ltr'><strong>sua</strong></span> <span class='ocrx_word' id='word_1_327' title='bbox 1352 2336 1627 2389; x_wconf 86' lang='lat' dir='ltr'><strong>requirentes</strong></span> <span class='ocrx_word' id='word_1_328' title='bbox 1646 2337 1806 2379; x_wconf 91' lang='lat' dir='ltr'><strong>modos</strong></span> <span class='ocrx_word' id='word_1_329' title='bbox 1824 2337 1953 2379; x_wconf 81' lang='lat' dir='ltr'><strong>musi-</strong></span> 
     </span>
     <span class='ocr_line' id='line_1_92' title="bbox 1126 2394 1955 2446; baseline 0.002 -12"><span class='ocrx_word' id='word_1_330' title='bbox 1126 2405 1219 2443; x_wconf 89' lang='lat' dir='ltr'><strong>cos,</strong></span> <span class='ocrx_word' id='word_1_331' title='bbox 1248 2398 1291 2434; x_wconf 90' lang='lat' dir='ltr'><strong>et</strong></span> <span class='ocrx_word' id='word_1_332' title='bbox 1309 2394 1538 2435; x_wconf 79' lang='lat' dir='ltr'><strong>narrantes</strong></span> <span class='ocrx_word' id='word_1_333' title='bbox 1558 2394 1753 2435; x_wconf 79' lang='lat' dir='ltr'><strong>carmina</strong></span> <span class='ocrx_word' id='word_1_334' title='bbox 1772 2394 1955 2446; x_wconf 87' lang='lat' dir='ltr'><strong>scriptu-</strong></span> 
     </span>
     <span class='ocr_line' id='line_1_93' title="bbox 1125 2451 1591 2490; baseline 0.004 -1"><span class='ocrx_word' id='word_1_335' title='bbox 1125 2451 1284 2490; x_wconf 79' lang='lat' dir='ltr'><strong>rarum.</strong></span> <span class='ocrx_word' id='word_1_336' title='bbox 1588 2455 1591 2458; x_wconf 73' lang='grc'>“</span> 
     </span>
    </p>
   </div>
   <div class='ocr_carea' id='block_1_29' title="bbox 1126 2514 1955 2792">
    <p class='ocr_par' dir='ltr' id='par_1_38' title="bbox 1126 2514 1955 2792">
     <span class='ocr_line' id='line_1_94' title="bbox 1172 2514 1955 2566; baseline 0 -10"><span class='ocrx_word' id='word_1_337' title='bbox 1172 2516 1222 2566; x_wconf 72' lang='lat' dir='ltr'><strong>R.</strong></span> <span class='ocrx_word' id='word_1_338' title='bbox 1262 2515 1386 2565; x_wconf 89' lang='lat' dir='ltr'><strong>Euge</strong></span> <span class='ocrx_word' id='word_1_339' title='bbox 1419 2527 1545 2556; x_wconf 89' lang='lat' dir='ltr'><strong>serve</strong></span> <span class='ocrx_word' id='word_1_340' title='bbox 1578 2514 1694 2557; x_wconf 91' lang='lat' dir='ltr'><strong>bone</strong></span> <span class='ocrx_word' id='word_1_341' title='bbox 1729 2520 1772 2557; x_wconf 90' lang='lat' dir='ltr'><strong>et</strong></span> <span class='ocrx_word' id='word_1_342' title='bbox 1800 2514 1955 2565; x_wconf 83' lang='lat' dir='ltr'><strong>fidelis,</strong></span> 
     </span>
     <span class='ocr_line' id='line_1_95' title="bbox 1128 2571 1955 2624; baseline 0 -12"><span class='ocrx_word' id='word_1_343' title='bbox 1128 2571 1230 2622; x_wconf 92' lang='lat' dir='ltr'><strong>quia</strong></span> <span class='ocrx_word' id='word_1_344' title='bbox 1256 2571 1300 2612; x_wconf 93' lang='lat' dir='ltr'><strong>in</strong></span> <span class='ocrx_word' id='word_1_345' title='bbox 1327 2583 1469 2624; x_wconf 90' lang='lat' dir='ltr'><strong>pauca</strong></span> <span class='ocrx_word' id='word_1_346' title='bbox 1495 2571 1614 2613; x_wconf 85' lang='lat' dir='ltr'><strong>fuisti</strong></span> <span class='ocrx_word' id='word_1_347' title='bbox 1635 2571 1793 2621; x_wconf 91' lang='lat' dir='ltr'><strong>fidelis,</strong></span> <span class='ocrx_word' id='word_1_348' title='bbox 1821 2584 1955 2624; x_wconf 91' lang='lat' dir='ltr'><strong>supra</strong></span> 
     </span>
     <span class='ocr_line' id='line_1_96' title="bbox 1126 2627 1955 2669; baseline 0.001 -2"><span class='ocrx_word' id='word_1_349' title='bbox 1126 2627 1263 2668; x_wconf 91' lang='lat' dir='ltr'><strong>multa</strong></span> <span class='ocrx_word' id='word_1_350' title='bbox 1298 2632 1343 2669; x_wconf 88' lang='lat' dir='ltr'><strong>te</strong></span> <span class='ocrx_word' id='word_1_351' title='bbox 1380 2629 1663 2669; x_wconf 85' lang='lat' dir='ltr'><strong>constituam:</strong></span> <span class='ocrx_word' id='word_1_352' title='bbox 1690 2631 1712 2654; x_wconf 77' lang='lat'><strong>¹⁸¹</strong></span> <span class='ocrx_word' id='word_1_353' title='bbox 1754 2628 1875 2669; x_wconf 89' lang='lat' dir='ltr'><strong>Intra</strong></span> <span class='ocrx_word' id='word_1_354' title='bbox 1910 2627 1955 2668; x_wconf 91' lang='lat' dir='ltr'><strong>in</strong></span> 
     </span>
     <span class='ocr_line' id='line_1_97' title="bbox 1126 2675 1955 2734; baseline 0.001 -10"><span class='ocrx_word' id='word_1_355' title='bbox 1126 2683 1334 2734; x_wconf 77' lang='lat' dir='ltr'><strong>gaudium</strong></span> <span class='ocrx_word' id='word_1_356' title='bbox 1363 2683 1528 2725; x_wconf 77' lang='lat' dir='ltr'><strong>demini</strong></span> <span class='ocrx_word' id='word_1_357' title='bbox 1554 2683 1630 2724; x_wconf 88' lang='lat' dir='ltr'><strong>tui.</strong></span> <span class='ocrx_word' id='word_1_358' title='bbox 1677 2675 1727 2728; x_wconf 60' lang='lat' dir='ltr'><strong>Y.</strong></span> <span class='ocrx_word' id='word_1_359' title='bbox 1765 2683 1955 2725; x_wconf 76' lang='lat' dir='ltr'><strong>Demine</strong></span> 
     </span>
     <span class='ocr_line' id='line_1_98' title="bbox 1128 2738 1955 2792; baseline 0 -12"><span class='ocrx_word' id='word_1_360' title='bbox 1128 2740 1321 2792; x_wconf 91' lang='lat' dir='ltr'><strong>quinque</strong></span> <span class='ocrx_word' id='word_1_361' title='bbox 1364 2739 1529 2781; x_wconf 84' lang='lat' dir='ltr'><strong>talenta</strong></span> <span class='ocrx_word' id='word_1_362' title='bbox 1571 2738 1791 2782; x_wconf 84' lang='lat' dir='ltr'><strong>tradidisti</strong></span> <span class='ocrx_word' id='word_1_363' title='bbox 1838 2739 1955 2789; x_wconf 82' lang='lat' dir='ltr'><strong>mihi,</strong></span> 
     </span>
    </p>
   </div>
   <div class='ocr_carea' id='block_1_30' title="bbox 239 2784 2004 2832">
    <p class='ocr_par' dir='ltr' id='par_1_39' title="bbox 239 2784 2004 2832">
     <span class='ocr_line' id='line_1_99' title="bbox 239 2784 2004 2832; baseline 0 -13"><span class='ocrx_word' id='word_1_364' title='bbox 239 2784 2004 2832; x_wconf 95' lang='lat' dir='ltr'><strong>    </strong></span> 
     </span>
    </p>
   </div>
  </div>
 </body>
</html>
