2028 2892
630 162 738 196 Feria
767 164 813 197 iv.
839 165 1009 204 Quattuor
1033 167 1162 210 Tcmp.
1189 170 1376 210 Quwsslrag.

1784 170 1846 205 143

154 308 442 413 Ascendant
466 255 797 356 agrigigemine
822 328 976 368 preces

256 371 435 408 nostrae·
451 373 494 409 et
508 368 562 410 ab
578 370 773 411 Ecclesia
788 329 861 413 tulii
878 385 975 414 cun-

153 426 268 463 ctam
291 423 455 475 repelle
471 427 722 501 nequitiam.
750 428 834 469 Per
851 429 975 470 Dnm.

409 533 536 570 Feria
560 533 720 581 Quarta

278 592 514 640 Quatuor
537 592 847 645 Temporum.

203 661 330 695 Hodie
355 662 533 696 dicuntur
557 662 701 696 Psalmi
727 664 950 699 Gruduulc&

152 719 304 760 Lectio
327 719 467 760 sancti
491 720 717 770 Evangelii
737 723 975 764 secundum

434 775 701 818 Matthaeum.

252 839 403 880 Lectio
424 840 446 879 i.
639 843 738 893 Cap.
761 844 814 882 12.
836 857 867 882 0.

198 909 226 936 11
263 895 338 937 illo
379 898 594 949 tempore:
634 898 974 951 Responderunt

217 952 241 992 J
244 965 320 993 esu
347 952 523 1005 quidam
548 953 602 995 de
627 954 780 996 scribis
806 960 848 997 et
872 955 974 1008 pha-

150 1008 297 1058 risaeis,
313 1008 522 1051 dicentes:
539 1010 756 1061 Magister,
773 1011 973 1053 volumus

150 1077 174 1106 a
202 1070 245 1106 te
273 1066 443 1117 signum
471 1065 629 1108 videre.
676 1067 732 1108 Et
759 1067 935 1120 reliqua.

151 1139 339 1181 Homilia
358 1140 497 1182 sancti
511 1140 734 1183 Ambrosii
752 1141 972 1196 Episcopi.

300 1202 381 1237 Lib.
405 1203 434 1236 7.
461 1203 498 1237 in
523 1203 636 1237 Lucae
663 1215 743 1248 cap.
768 1205 815 1239 11.

159 1268 215 1310 2²:
229 1256 458 1299 udaeorum
485 1258 615 1311 plebe
644 1259 866 1310 damnata,
893 1261 971 1302 Ec-

151 1310 220 1349 ’ῑῘι-’Ᾰῢ
260 1314 405 1356 clesiae
450 1316 704 1367 mysterium
750 1317 973 1359 evidenter

147 1371 418 1423 exprimitur,
453 1384 551 1423 quae
584 1372 627 1412 in
658 1372 860 1415 Ninivitis
893 1387 972 1426 per

146 1427 463 1479 poenitentiam,
497 1432 540 1468 et
571 1427 615 1468 in
646 1431 793 1479 regina
822 1430 971 1471 Austri

146 1495 224 1534 per
258 1481 450 1523 studium
480 1483 775 1536 percipiendae
804 1486 970 1538 sapien-

145 1538 234 1588 tiae,
267 1537 323 1580 de
356 1541 492 1580 totius
526 1538 644 1580 orbis
678 1539 837 1582 finibus
871 1554 969 1582 con-

145 1596 367 1646 gregatur,
416 1600 464 1637 ut
510 1595 681 1648 pacifici
725 1597 970 1639 Salomonis

145 1650 279 1693 verba
319 1654 567 1702 cognoscat.
623 1653 791 1703 Regina
831 1653 969 1706 plane,

146 1707 266 1759 cujus
299 1720 480 1759 regnum
520 1713 587 1750 est
627 1708 874 1759 indivisum,
914 1710 969 1752 de

146 1761 329 1804 diversis
357 1769 401 1805 et
427 1764 690 1807 distantibus
718 1765 893 1818 populis
926 1767 968 1807 in

145 1832 278 1860 unum
305 1833 466 1873 corpus
490 1824 733 1872 assurgens

195 1881 245 1933 R.
273 1876 476 1919 Scindite.
504 1878 590 1918 134.

452 1946 602 1987 Lectio
623 1946 661 1985 ii.

190 2006 323 2054 taque
358 2002 686 2045 Sacramentum
731 2003 837 2045 illud
880 2017 966 2046 ma-

212 2071 344 2109 gnum
381 2063 447 2100 est
484 2059 538 2100 de
574 2059 763 2110 Christo,
805 2066 848 2102 et
887 2061 966 2102 Ec-

144 2114 286 2156 clesia.
326 2115 413 2157 Sed
440 2120 586 2157 tamen
614 2115 697 2157 hoc
724 2117 860 2168 majus
890 2122 966 2167 est,

144 2171 244 2222 quia
262 2171 371 2213 illud
388 2172 432 2212 in
450 2172 591 2222 figura
609 2177 709 2214 ante
730 2173 965 2225 praecessit,

142 2241 257 2269 nunc
297 2233 442 2270 autem
482 2228 659 2281 plenum
701 2229 744 2269 in
785 2229 965 2271 veritate

142 2285 396 2335 mysterium
410 2290 486 2326 est.
514 2284 609 2325 Illic
628 2286 742 2326 enim
758 2284 965 2326 Salomon

142 2345 290 2393 typus,
317 2339 388 2382 hic
414 2345 560 2382 autem
589 2340 786 2382 Christus
814 2341 856 2381 in
885 2354 964 2382 suo

142 2398 328 2450 corpore
373 2402 450 2439 est.
504 2397 572 2437 Ex
617 2396 788 2438 duobus
835 2397 965 2447 igitur

142 2458 315 2495 constat
347 2454 558 2495 Ecclesia:
592 2458 640 2494 ut
674 2458 748 2494 aut
780 2455 963 2505 peccare

141 2510 315 2560 nesciat,
343 2515 418 2551 aut
446 2511 630 2562 peccare
657 2508 836 2550 desinat.
869 2509 963 2549 Poe-

140 2565 320 2608 nitentia
346 2566 460 2608 enim
484 2565 690 2608 defletum
714 2564 871 2614 abolet,
899 2576 962 2605 sa-

140 2622 304 2674 pientia
330 2627 466 2670 cavet.

193 2682 242 2733 R.
268 2678 437 2731 Frange
465 2679 680 2721 esurienti.
709 2678 794 2718 134.

1014 2675 1152 2717 denis.

1335 264 1366 303 Ι
1372 267 1481 305 ectio
1504 268 1554 306 iii

1032 317 1272 424 Ceterum
1290 322 1412 363 Jonae
1439 324 1615 391 signum,
1641 331 1688 367 ut
1714 331 1844 379 typus

1130 376 1371 419 Dominicae
1390 380 1612 430 passionis,
1636 382 1695 423 ita
1715 383 1842 423 etiam

1027 433 1234 482 gravium,
1264 447 1360 486 quae
1379 435 1519 476 Judaei
1542 439 1843 488 commiserint,
1898 478 1900 482 ,

1027 464 1274 530 testificatio
1300 494 1579 542 peccatorum
1602 499 1676 535 est.
1710 470 1843 536 Simul

1028 544 1255 587 advertere
1288 546 1388 588 licet
1421 553 1463 589 et
1490 549 1723 600 majestatis
1751 553 1842 591 ora-

1028 600 1181 649 culum,
1206 607 1249 643 et
1272 603 1447 654 pietatis
1470 604 1683 646 indicium.
1715 606 1842 647 Nam-

1029 669 1112 708 que
1139 657 1427 700 Ninivitarum
1462 661 1662 713 exemplo
1697 667 1739 703 et
1772 662 1841 704 de-

1027 714 1246 755 nuntiatur
1260 716 1530 768 supplicium,
1550 722 1592 758 et
1606 718 1841 759 remedium

1028 768 1359 812 demonstratur.
1394 772 1520 814 Unde
1549 774 1676 814 etiam
1703 773 1841 815 Judaei

1028 824 1189 867 debent
1229 840 1315 868 non
1356 827 1587 880 desperare
1623 829 1841 880 indulgen-

1027 882 1141 931 tiam,
1166 883 1202 923 si
1227 883 1360 925 velint
1384 887 1510 935 agere
1535 886 1841 937 poenitentiam.

1081 955 1130 1005 R.
1155 951 1436 994 Abscondite.
1464 954 1549 994 134.

1080 1031 1149 1071 Ad
1172 1032 1330 1075 Bencd.
1355 1034 1448 1073 Ant.
1467 1033 1695 1072 Generatio
1711 1034 1733 1058 *
1748 1032 1841 1073 haec

1026 1099 1160 1138 prava
1185 1091 1227 1128 et
1250 1089 1455 1139 perversa
1481 1088 1646 1139 signum
1673 1089 1841 1140 quaerit:

1026 1147 1069 1183 et
1097 1143 1266 1194 signum
1292 1156 1379 1183 non
1408 1143 1580 1184 dabitur
1605 1144 1653 1192 ei,
1681 1145 1761 1184 nisi
1789 1145 1838 1184 si-

1024 1211 1157 1249 gnum
1184 1199 1306 1240 Jonae
1335 1199 1572 1252 prophetae.

1359 1276 1518 1317 Oratio.

1105 1347 1226 1375 reces
1259 1339 1445 1383 nostras,
1479 1336 1726 1386 quaesumus
1753 1335 1838 1375 Do-

1124 1391 1253 1440 mine,
1299 1391 1531 1432 clementer
1576 1389 1746 1431 exaudi:
1796 1395 1839 1431 et

1023 1451 1173 1487 contra
1207 1452 1361 1488 cuncta
1394 1446 1520 1487 nobis
1554 1446 1837 1496 adversantia,

1022 1501 1245 1544 dexteram
1272 1508 1358 1545 tuae
1382 1503 1618 1554 majestatis
1643 1502 1837 1544 extende.

1021 1559 1105 1600 Per
1131 1560 1374 1601 Deminum.

1076 1636 1146 1676 Ad
1167 1636 1335 1683 Magnif.
1358 1636 1453 1675 Ant.
1474 1636 1592 1677 Sicut
1610 1636 1688 1677 fuit
1705 1636 1837 1677 Jonas

1022 1696 1044 1721 *
1071 1694 1115 1734 in
1143 1699 1294 1735 ventre
1324 1694 1407 1735 ceti
1439 1693 1577 1734 tribus
1611 1692 1762 1733 diebus
1795 1697 1837 1733 et

1021 1750 1158 1792 tribus
1182 1750 1393 1799 noctibus,
1418 1750 1477 1790 ita
1503 1750 1583 1791 erit
1606 1748 1739 1789 Filius
1763 1748 1835 1788 ho-

1021 1807 1146 1848 minis
1173 1807 1214 1847 in
1244 1807 1375 1848 corde
1402 1811 1542 1847 terrae.

1354 1882 1516 1921 Oratio.

1124 1947 1245 1984 entes
1273 1946 1454 1990 nostras,
1483 1942 1728 1992 quaesumus
1749 1939 1833 1978 Do-

1149 1998 1278 2047 mine,
1313 1997 1474 2038 lumine
1508 2002 1595 2038 tuae
1627 1994 1833 2036 claritatis

1019 2055 1200 2096 illustra:
1233 2059 1280 2095 ut
1311 2053 1458 2095 videre
1488 2054 1702 2105 possimus
1736 2061 1832 2101 quae

1019 2110 1186 2162 agenda
1218 2114 1330 2159 sunt;
1363 2114 1407 2151 et
1441 2121 1538 2161 quae
1573 2112 1691 2148 recta
1723 2109 1831 2154 sunt,

1018 2169 1147 2218 agere
1174 2166 1404 2208 valeamus.
1453 2165 1537 2206 Per
1563 2162 1806 2203 Dominum.

1225 2303 1383 2340 Feria
1416 2302 1626 2348 Quinta.

1019 2374 1170 2416 Lectio
1195 2372 1331 2414 sancti
1349 2368 1569 2420 Evangelii
1593 2368 1830 2410 secundum

1287 2426 1550 2468 Matthaeum.

1122 2499 1154 2538 l
1159 2499 1270 2539 ectio
1292 2499 1312 2537 i.
1499 2496 1599 2547 Cap.
1622 2498 1677 2536 15.
1697 2512 1728 2537 0.

1013 2559 1089 2665 In
1116 2563 1191 2604 illo
1218 2564 1427 2612 tempore:
1455 2559 1666 2609 Egressus
1693 2559 1826 2607 JesuS,

1087 2618 1265 2660 secessit
1300 2617 1342 2656 in
1377 2620 1524 2667 partes
1555 2615 1659 2667 Tyri
1693 2620 1736 2656 et
1767 2614 1824 2655 Si-

1205 2674 1260 2715 Et
1287 2671 1462 2724 reliqua.
