2028 2892
175 212 252 247 100

765 200 1267 236 Subbun›;stl)hnuffinunm

174 250 1881 278 ff

226 306 282 346 Et
298 302 489 346 comedit
504 312 634 341 omne
647 299 810 339 foenum
826 297 868 336 in
881 300 997 336 terra

176 364 340 403 eorum:
368 361 391 385 *
420 363 463 400 et
492 354 685 398 comedit
713 364 885 394 omnem
915 350 998 390 fru-

176 423 294 458 ctum
313 421 443 456 terrae
461 414 624 454 eorum.

228 473 283 513 Et
316 469 535 524 percussit
572 479 700 508 omne
737 461 999 517 primogeni-

177 536 269 571 tum
305 528 348 567 in
382 532 500 567 terra
534 526 703 565 eorum:
732 522 755 546 *
783 518 999 572 primitias

177 584 316 625 omnis
340 581 506 623 laboris
535 582 695 621 eo'rum.

228 640 284 680 Et
317 638 467 679 eduxit
502 649 578 677 eos
611 648 709 676 cum
746 633 927 682 argento
957 634 1001 669 et

178 708 303 737 auro:
331 697 353 720 *
383 699 427 735 et
462 705 550 733 non
589 696 681 732 erat
718 690 761 729 in
797 685 1000 728 tribubus

178 754 329 793 eerum
357 750 564 791 infirmus.

230 808 400 848 Laetata
429 811 496 846 est
523 805 742 855 AEgyptus
780 801 824 840 in
861 797 1001 851 profe-

181 864 325 905 ctione
354 864 518 903 eo'rum:
546 862 569 886 *
598 859 699 910 quia
728 855 925 897 incubuit
953 853 1002 894 ti-

179 932 273 960 mor
301 920 453 960 eurum
481 928 612 968 super
641 927 729 955 eos.

231 973 454 1027 Expendit
490 971 649 1013 nubem
690 970 733 1010 in
766 965 1003 1021 protectio-

181 1044 280 1072 nem
303 1032 464 1077 eorum,
485 1031 507 1054 *
528 1032 570 1068 et
592 1028 735 1078 ignem
764 1030 811 1065 ut
838 1023 1004 1064 luceret

183 1087 245 1128 eis
272 1099 351 1138 per
380 1090 565 1126 noctem.

181 1145 213 1188 ’ζὲῖ
234 1142 475 1190 Petierunt,
510 1145 553 1181 et
586 1138 705 1180 venit
738 1134 954 1177 coturnix:
982 1135 1005 1159 *

184 1204 228 1239 et
255 1210 368 1250 pane
396 1196 497 1237 coeli
526 1194 739 1236 saturavit
768 1205 856 1233 eos.

234 1253 410 1306 Dirupit
435 1257 616 1304 petram,
645 1255 688 1292 et
719 1250 938 1289 fluxerunt
965 1258 1006 1285 a·

183 1323 297 1362 quae:
319 1312 342 1336 *
362 1308 562 1350 abierunt
591 1308 633 1347 in
662 1307 781 1347 sicco
812 1303 1006 1351 flumina;

235 1365 450 1416 Queniam
478 1376 645 1405 memor
670 1362 751 1403 fuit
769 1359 893 1401 verbi
913 1371 1007 1399 san-

183 1422 241 1463 cti
277 1421 358 1469 sui,
385 1421 408 1445 *
437 1419 556 1471 quod
590 1418 743 1459 habuit
779 1415 836 1471 ad
870 1415 1007 1455 Abra-

182 1478 282 1518 ham
311 1480 494 1529 puerum
522 1488 659 1516 suum.

234 1534 290 1574 Et
315 1532 466 1574 eduxit
488 1531 700 1584 pupulum
725 1541 852 1570 suum
872 1527 916 1567 in
938 1540 1008 1568 ex-

184 1589 436 1637 sultatione,
472 1590 494 1614 *
530 1593 573 1628 et
617 1587 782 1627 electos
821 1596 925 1624 suos
965 1583 1008 1623 in

182 1645 345 1687 laetitia.

236 1702 292 1742 Et
314 1701 435 1742 dedit
455 1701 541 1741 illis
563 1701 765 1751 regiones
787 1698 1010 1741 Gentium:

186 1760 209 1784 *
234 1763 278 1799 et
306 1757 480 1798 labores
510 1757 774 1810 populorum
802 1753 1011 1808 possede-

187 1818 305 1854 runt:

240 1868 300 1910 Ut
311 1869 561 1911 cust6diant
572 1867 903 1920 iustificationes
912 1868 1013 1919 ejus,

189 1927 212 1952 *
231 1930 275 1966 et
293 1925 433 1977 legem
453 1926 543 1977 ejus
563 1927 798 1976 requirant.

233 1985 330 2024 Ant.
350 1981 542 2023 Benedic
554 1981 696 2021 anima
704 1979 1011 2022 meaDomino.

241 2041 340 2080 Ant.
369 2037 507 2078 Visita
523 2049 614 2078 nos.

452 2095 646 2134 Psalmus
667 2095 757 2133 105.

194 2147 263 2252 C
277 2147 518 2189 onfitemini
528 2147 718 2188 Domino
728 2147 934 2199 quoniam
942 2147 1015 2188 bo-

276 2217 372 2244 nus:
388 2206 411 2230 *
427 2204 633 2255 queniam
652 2204 693 2243 in
715 2202 923 2244 saeculum
942 2203 1015 2243 mi-

195 2259 432 2300 sericordia
452 2260 553 2310 ejus.

247 2315 353 2364 Quis
372 2315 577 2367 loquetur
591 2315 814 2367 potentias
829 2314 1017 2362 Domini,

195 2371 219 2396 *
239 2370 407 2411 auditas
428 2371 557 2412 faciet
573 2383 724 2411 omnes
739 2370 890 2411 laudes
906 2368 1017 2421 ejus?

249 2425 392 2474 Beuti,
421 2427 493 2477 qui
523 2426 777 2468 cust6diunt
803 2426 1019 2477 judicium,

198 2482 221 2507 *
242 2485 285 2521 et
303 2481 465 2522 faciunt
485 2482 691 2533 justitiam
710 2483 754 2523 in
774 2482 891 2523 omni
914 2484 1018 2523 tem-

198 2547 315 2587 pore.

251 2591 469 2632 Memento
499 2594 637 2634 nostri
661 2593 849 2634 Domine
878 2593 921 2633 in
948 2593 1020 2634 be-

201 2646 418 2710 neplacito
447 2649 598 2699 populi
626 2650 705 2690 tui:
733 2650 755 2674 *
784 2649 913 2689 visita
939 2662 1020 2689 nos

199 2716 242 2742 1n
263 2702 442 2743 salutari
461 2709 552 2743 tuo:

1103 291 1174 332 Ad
1188 288 1428 331 videndum
1444 287 1488 327 in
1502 285 1703 327 bonitate
1720 282 1880 324 electo-

1051 361 1147 388 rum
1167 348 1355 394 tuOrum,
1375 343 1432 384 ad
1451 340 1692 383 laetandum
1711 339 1755 380 in
1774 338 1880 380 laeti—

1051 405 1112 445 tia
1139 403 1282 453 gentis
1309 407 1413 441 tuae:
1437 401 1460 425 *
1483 403 1532 439 ut
1559 396 1752 438 lauderis
1781 407 1882 436 cum

1052 458 1314 500 haereditate
1334 462 1419 498 tua.

1104 519 1389 561 Peccavimus
1430 529 1530 557 cum
1564 512 1766 566 patribus
1806 523 1882 552 no-

1054 577 1172 618 stris:
1190 575 1388 626 *injuste
1408 572 1586 624 egimus,
1605 569 1884 621 iniquitatem

1054 633 1245 674 fecimus.
1823 668 1830 675 ,

1105 694 1261 734 Patres
1281 690 1422 732 nostri
1442 689 1486 729 in
1502 688 1700 739 AEgtho
1716 698 1806 726 non
1824 684 1885 725 in-

1056 750 1319 792 tellexerunt
1363 744 1581 787 mirabilia
1625 748 1718 784 tua:
1744 742 1768 767 ²*
1796 753 1886 782 non

1056 807 1230 847 fuerunt
1251 806 1468 845 memores
1490 797 1784 842 multitudinis
1809 797 1885 838 mi-

1057 860 1312 904 sericordiae
1332 865 1433 901 tuae.

1108 924 1165 964 Et
1198 922 1482 962 irritaverunt
1517 915 1807 958 ascendentes
1842 913 1887 954 in

1057 992 1188 1027 mare,
1207 979 1231 1004 *
1250 978 1371 1018 Mare
1391 974 1584 1016 rubrum.

1109 1041 1165 1081 Et
1194 1038 1381 1080 salvavit
1410 1048 1487 1077 eos
1515 1037 1702 1087 propter
1726 1043 1888 1072 nomen

1059 1110 1200 1138 suum:
1228 1096 1250 1119 *
1279 1099 1327 1135 ut
1361 1098 1513 1134 notam
1540 1090 1706 1130 faceret
1733 1088 1887 1140 poten-

1058 1154 1165 1194 tiam
1189 1164 1323 1192 suam.

1111 1214 1168 1254 Et
1200 1210 1417 1263 increpuit
1448 1209 1571 1250 Mare
1605 1205 1802 1254 rubrum,
1846 1207 1889 1245 et

1061 1270 1330 1311 exsiccatum
1359 1271 1439 1308 est:
1467 1267 1491 1292 *
1520 1269 1565 1305 et
1599 1262 1784 1304 deduxit
1813 1271 1890 1302 eos

1060 1327 1104 1366 in
1122 1325 1294 1377 abyssis
1315 1323 1429 1364 sicut
1449 1322 1494 1362 in
1514 1321 1703 1362 deserto.

1112 1388 1169 1428 Et
1191 1385 1378 1426 salvavit
1403 1395 1480 1424 eos
1506 1381 1562 1423 de
1585 1391 1718 1420 manu
1741 1377 1891 1419 odien-

1060 1443 1186 1484 tium:
1215 1444 1238 1468 *
1268 1446 1311 1482 et
1342 1438 1530 1481 redemit
1563 1449 1641 1478 eos
1673 1434 1728 1476 de
1760 1445 1893 1474 manu

1061 1499 1235 1540 inimici.
1455 1510 1459 1514 ’

1113 1561 1170 1601 Et
1190 1557 1365 1611 operuit
1386 1567 1502 1607 aqua
1520 1551 1786 1595 tribulantes
1801 1561 1894 1591 eos:

1062 1618 1085 1642 *
1103 1629 1214 1657 unus
1235 1628 1289 1656 ex
1309 1614 1371 1655 eis
1390 1624 1480 1653 non
1499 1608 1721 1651 remensit.

1114 1678 1171 1718 Et
1196 1674 1481 1717 crediderunt
1504 1669 1652 1712 verbis
1679 1669 1784 1720 ejus:
1805 1667 1830 1694 ¹⁸¹
1849 1670 1895 1707 et

1064 1733 1353 1774 laudaverunt
1369 1728 1547 1770 laudem
1567 1727 1669 1778 ejus.

1117 1794 1215 1834 Cito
1230 1793 1439 1840 fecerunt,
1454 1779 1580 1830 obliti
1595 1789 1697 1828 sunt
1712 1785 1898 1836 operum

1066 1850 1174 1901 ejus:
1193 1851 1217 1876 *
1237 1854 1281 1890 et
1308 1860 1397 1889 non
1425 1845 1728 1887 sustinuerunt
1755 1839 1896 1881 consi-

1065 1906 1171 1947 lium
1196 1906 1297 1957 eius.

1118 1967 1175 2007 Et
1221 1963 1540 2016 concupierunt
1585 1957 1897 2010 concupiscen-

1066 2023 1172 2063 tiam
1198 2022 1242 2062 in
1272 2021 1465 2062 deserto:
1491 2018 1515 2044 *
1545 2021 1589 2058 et
1615 2013 1898 2058 tentaverunt

1066 2079 1209 2119 Deum
1229 2078 1273 2118 in
1291 2077 1519 2128 inaqueso.

1119 2139 1176 2180 Et
1192 2138 1315 2179 dedit
1331 2137 1394 2178 eis
1410 2134 1671 2188 petitionem
1686 2133 1899 2186 ipsorum:

1068 2195 1091 2219 *
1119 2200 1162 2236 et
1194 2194 1314 2234 misit
1347 2191 1625 2233 saturitatem
1657 2189 1702 2229 in
1730 2189 1898 2230 animas

1070 2253 1232 2291 eorum.

1122 2307 1178 2347 Et
1215 2306 1507 2348 irritaverunt,
1531 2301 1717 2354 Moysen
1753 2301 1797 2341 in
1832 2313 1899 2342 ca-

1070 2363 1188 2403 stris:
1207 2364 1231 2388 *
1251 2361 1401 2402 Aaron
1419 2363 1619 2400 sanctum
1641 2357 1830 2398 Demini.

1122 2422 1290 2474 Aperta
1318 2426 1385 2462 est
1412 2426 1550 2469 terra,
1588 2422 1632 2459 et
1667 2416 1900 2469 deglutivit

1071 2478 1261 2519 Dathan:
1277 2478 1301 2503 *
1317 2482 1360 2518 et
1380 2475 1555 2529 operuit
1571 2487 1704 2526 super
1720 2485 1900 2525 congre-

1071 2534 1290 2584 gationem
1311 2533 1492 2574 Abiron.

1122 2594 1179 2635 Et
1199 2593 1365 2634 exarsit
1385 2593 1496 2643 ignis
1515 2593 1560 2633 in
1582 2594 1806 2644 synagoga
1831 2592 1901 2632 eo-

1074 2663 1184 2690 rum:
1212 2651 1236 2676 *
1265 2649 1440 2689 flamma
1475 2648 1721 2689 combussit
1746 2659 1901 2701 pecca-

1072 2707 1203 2746 tores.
