2028 2892
148 257 263 298 ravit
282 270 394 299 eum:
423 263 466 300 et
487 263 592 300 tunc
615 261 844 312 apparebit
868 262 972 315 quid

149 313 211 354 illi
228 313 401 366 prosint
419 316 588 356 somnia
607 329 695 357 sua.

199 388 248 440 R.
293 383 414 426 Dixit
449 385 586 427 Judas
622 386 827 429 fratribus
866 390 971 431 suis:

147 439 263 481 Ecce
277 440 542 484 Ismahelitae
556 444 798 494 transeunt3
817 448 971 495 venite,

147 496 447 548 venumdetur,
468 502 511 539 et
528 511 682 540 manus
701 506 864 542 nostrae
883 515 971 543 non

146 552 413 605 polluantur:
434 559 457 581 *
486 555 597 609 Caro
627 557 741 597 enim
768 562 810 599 et
838 558 971 600 frater

146 614 296 651 noster
315 615 392 651 est.
424 609 473 660 Y.
505 612 620 662 Quid
643 613 757 654 enim
779 614 970 666 prodest,

147 665 183 706 si
220 665 510 708 occiderimus
547 668 727 710 fratrem
763 675 970 723 nostrum,

147 726 191 763 et
219 722 503 765 celaverimus
532 726 786 776 sanguinem
812 726 970 779 ipsius?

146 779 300 820 melius
320 785 387 821 est
404 786 452 822 ut
470 781 770 824 venumdetur.
800 783 921 824 Caro.

445 865 595 906 Lectio
617 867 668 906 iii.

222 939 377 981 udiens
396 945 542 982 autem
560 940 646 983 hoc
665 943 838 994 Ruben,
864 945 969 986 nite—

247 995 377 1037 batur
408 996 593 1039 liberare
626 1011 724 1040 eum
753 1000 808 1042 de
835 1002 968 1042 mani-

143 1050 225 1094 bus
246 1054 413 1102 eorum,
438 1057 482 1095 et
502 1052 692 1096 dicebat:
719 1056 818 1098 Non
841 1057 969 1099 inter-

142 1108 299 1150 ficiatis
325 1109 513 1151 animam
537 1111 644 1162 ejus,
672 1125 753 1154 nec
779 1113 968 1155 effunda—

142 1165 198 1206 tis
223 1167 492 1217 sanguinem:
526 1167 605 1209 sed
637 1170 837 1221 projicite
871 1183 969 1212 eum

142 1221 186 1263 in
206 1222 438 1264 cisternam
457 1223 584 1273 hanc,
606 1237 704 1276 quae
723 1230 790 1267 est
808 1227 852 1267 in
871 1227 968 1268 soli-

142 1278 310 1329 tudine,
335 1282 578 1332 mansisque
603 1286 771 1323 vestras
796 1285 967 1326 servate

142 1334 357 1376 innoxias:
391 1336 476 1377 hoc
501 1342 648 1378 autem
674 1337 863 1389 dicebat,
894 1353 967 1381 vo-

141 1390 236 1433 lens
264 1394 434 1444 eripere
463 1405 562 1434 eum
590 1393 645 1435 de
673 1395 872 1437 manibus
897 1399 966 1438 eo-

142 1460 254 1497 rum,
280 1452 324 1489 et
341 1447 528 1490 reddere
546 1450 661 1501 patri
685 1463 776 1492 suo.
815 1452 966 1494 Confe-

141 1503 243 1545 stim
270 1504 400 1555 igitur
428 1509 476 1546 ut
502 1507 701 1557 pervenit
727 1507 783 1549 ad
810 1508 965 1551 fratres

142 1572 257 1611 suos,
275 1560 550 1603 nudaverunt
565 1574 663 1603 eum
678 1564 825 1606 tunica
839 1565 965 1606 talari

141 1620 186 1658 et
212 1617 440 1670 polymita:
467 1618 767 1672 miseruntque
796 1633 895 1662 eum
921 1622 964 1663 in

141 1672 373 1715 cisternam
387 1675 591 1725 veterem,
613 1688 710 1727 quae
729 1689 817 1718 non
836 1677 964 1719 habe-

139 1728 217 1771 bat
248 1742 418 1782 aquam.
458 1731 515 1772 Et
545 1731 749 1774 sedentes
775 1738 824 1775 ut
849 1747 962 1775 com-

140 1785 321 1828 ederent
344 1799 521 1839 panem,
549 1787 751 1831 viderunt
774 1789 963 1832 Ismahe-

141 1841 240 1883 litas
277 1843 470 1885 viatores
506 1846 653 1886 venire
692 1845 747 1887 de
783 1846 962 1896 Galaad,

139 1902 183 1940 et
211 1899 402 1940 camelos
435 1901 586 1941 eorum
612 1904 841 1954 portantes
868 1905 961 1944 aro-

138 1959 271 2005 mata,
290 1960 334 1997 et
351 1958 554 2007 resinam,
579 1963 623 1998 et
642 1963 810 2000 stacten
826 1959 870 1999 in
887 1960 961 2000 AE-

138 2013 332 2064 gyptum.
374 2013 499 2055 Dixit
526 2026 630 2065 ergo
657 2014 794 2056 Judas
821 2014 960 2057 fratri-

138 2066 220 2108 bus
253 2068 358 2109 suis:
390 2069 505 2120 Quid
536 2069 664 2111 nobis
695 2070 893 2123 prodest,
925 2072 960 2113 si

139 2123 429 2166 occiderimus
461 2126 638 2168 fratrem
669 2132 883 2177 nostrum,
917 2133 961 2170 et

137 2179 422 2223 celaverimus
437 2183 690 2234 sanguinem
700 2183 858 2236 ipsius?
873 2184 959 2225 Me-

137 2235 219 2278 lius
239 2242 306 2278 est
323 2242 373 2279 ut
388 2238 675 2281 venumdetur
688 2239 959 2290 Ismahelitis,

138 2298 183 2334 et
209 2306 363 2335 manus
389 2300 554 2337 nostrae
581 2308 666 2337 non
694 2296 959 2348 polluantur:

137 2348 270 2391 frater
289 2351 404 2391 enim
423 2356 467 2392 et
487 2364 589 2393 caro
608 2358 758 2393 nostra
774 2357 849 2394 est.
875 2353 957 2394 Ae-

139 2405 396 2457 quieverunt
426 2407 581 2449 fratres
614 2408 885 2450 sermonibus
911 2408 957 2449 il·

136 2461 230 2503 lius.
256 2462 313 2503 Et
330 2464 694 2515 praetereuntibus
710 2464 957 2505 Madianitis

135 2518 500 2569 negotiatoribus,
545 2520 822 2561 extrahentes
860 2532 957 2561 eum

135 2630 351 2672 mahelitis
370 2632 521 2683 viginti
539 2633 769 2682 argenteis:
789 2632 862 2684 qui
882 2631 955 2673 du-

136 2687 292 2728 xerunt
311 2699 410 2729 eum
427 2688 472 2728 in
490 2688 743 2741 AEgyptum.

674 167 875 203 Dominica
901 170 963 203 Ill.
989 172 1310 215 Quadragesimae.

137 2573 192 2615 de
220 2575 427 2625 cisterna,
455 2575 743 2617 vendiderunt
772 2589 869 2618 eum
896 2577 955 2616 Is·
983 2619 986 2624 ,

1076 270 1125 321 R.
1151 266 1438 310 Extrahentes
1461 270 1624 323 Joseph
1649 271 1703 312 de
1729 271 1840 321 lacu,

1024 322 1313 365 vendiderunt
1331 326 1589 367 Ismahelitis
1608 328 1758 378 viginti
1777 341 1839 369 ar-

1023 379 1205 428 genteis:
1229 387 1250 409 *
1275 381 1580 435 Reversusque
1604 384 1759 425 Ruben
1784 384 1840 426 ad

1023 437 1219 487 puteum,
1248 449 1346 478 cum
1369 451 1455 479 non
1479 439 1711 481 invenisset
1732 453 1839 490 eum,

1024 491 1154 533 scidit
1172 493 1428 535 vestimenta
1447 508 1523 536 sua
1543 508 1639 536 cum
1658 497 1776 546 fietu,
1796 502 1839 538 et

1024 547 1147 589 dixit:
1165 553 1186 575 *
1206 549 1320 591 Puer
1341 564 1427 592 non
1446 554 1678 604 comparet,
1698 558 1740 594 et
1758 566 1837 604 ego

1025 617 1112 657 quo
1129 604 1225 646 ibo?
1260 603 1309 654 V.
1335 607 1395 648 At
1418 607 1479 648 illi
1499 608 1676 649 intincta
1694 610 1838 650 tunica

1022 661 1047 701 J
1049 661 1187 714 oseph
1201 662 1244 702 in
1261 664 1468 714 sanguine
1483 664 1613 714 hoedi,
1631 665 1839 706 miserunt

1024 718 1098 769 qui
1117 718 1249 760 ferret
1269 732 1365 760 eam
1384 719 1440 761 ad
1457 725 1640 772 patrem,
1666 727 1708 763 et
1728 721 1837 763 dice—

1023 779 1105 815 ret:
1132 775 1260 824 Vide,
1290 776 1326 816 si
1344 777 1490 817 tunica
1510 777 1586 817 filii
1604 777 1667 818 tui
1687 778 1756 826 sit,
1785 790 1837 818 an

1021 843 1120 871 non.
1166 832 1483 884 Reversusque.
1528 833 1678 875 Gloria
1708 834 1836 875 Patri.

1021 887 1146 928 Puer.

1241 969 1288 1006 In
1316 969 1364 1006 Π.
1394 968 1612 1007 Nocturno.

1022 1038 1087 1077 Ex
1107 1034 1218 1076 libro
1240 1036 1376 1077 sancti
1390 1036 1612 1078 Ambrosii
1632 1038 1836 1090 Episcopi

1278 1091 1332 1133 de
1353 1091 1392 1133 S.
1410 1093 1431 1133 J
1437 1094 1584 1145 oseph.

1123 1164 1271 1204 Lectio
1293 1164 1345 1203 iv.
1584 1164 1683 1215 Cap.
1703 1166 1731 1204 1.

1043 1224 1348 1280 &anctorum
1380 1223 1466 1263 vita
1500 1224 1654 1265 ceteris
1686 1237 1836 1266 norma

1030 1268 1110 1351 ἐξ
1138 1278 1311 1319 vivendi
1355 1284 1431 1321 est.
1489 1280 1684 1332 Ideoque
1722 1280 1835 1331 dige-

1139 1340 1250 1376 stam
1286 1335 1455 1387 plenius
1491 1337 1736 1389 accepimus
1773 1338 1834 1377 se-

1019 1391 1126 1432 riem
1147 1392 1482 1444 Scripturarum3
1507 1398 1555 1434 ut
1579 1393 1681 1434 dum
1699 1393 1833 1434 Abra-

1019 1447 1134 1497 ham,
1162 1449 1302 1498 Isaac,
1330 1453 1372 1489 et
1398 1449 1551 1498 Jacob,
1579 1451 1832 1500 ceterosque

1019 1505 1154 1556 justos
1172 1504 1356 1555 legendo
1376 1506 1692 1555 cognoscimus,
1715 1505 1833 1546 velut

1019 1560 1251 1612 quemdam
1269 1561 1394 1602 nobis
1413 1562 1670 1603 innocentiae
1691 1562 1831 1602 trami-

1018 1622 1107 1659 tem
1126 1618 1284 1658 virtl'ite
1309 1619 1458 1659 eorum
1482 1620 1719 1659 reseratum
1742 1617 1831 1657 imi-

1016 1673 1209 1716 tantibus
1262 1674 1456 1725 vestigiis
1511 1675 1830 1726 persequamur.

1015 1731 1082 1772 De
1107 1730 1262 1782 quibus
1285 1730 1390 1771 mihi
1413 1743 1511 1771 cum
1528 1730 1730 1781 frequens
1747 1734 1828 1770 tra-

1016 1789 1159 1828 ctatus
1183 1786 1326 1836 fuerit,
1352 1786 1482 1827 hodie
1507 1787 1644 1827 sancti
1666 1786 1690 1826 J
1693 1785 1827 1838 oseph

1014 1843 1196 1884 historia
1215 1843 1418 1884 occurrit:
1442 1843 1485 1883 in
1510 1855 1595 1895 quo
1619 1855 1715 1883 cum
1738 1842 1827 1894 plu-

1014 1900 1123 1940 rima
1141 1899 1300 1940 fuerint
1314 1901 1473 1950 genera
1487 1899 1703 1947 virttitum,
1720 1910 1826 1950 prae-

1014 1957 1140 2008 cipue
1164 1959 1309 1997 tamen
1332 1955 1497 2006 insigne
1521 1954 1680 1996 effulsit
1705 1953 1826 1994 casti-

1012 2012 1183 2053 moniae.
1214 2012 1385 2053 Justum
1403 2016 1470 2053 est
1492 2011 1637 2062 igitur,
1663 2015 1712 2051 ut
1730 2022 1825 2050 cum

1012 2068 1056 2108 in
1083 2067 1303 2109 Abraham
1334 2067 1569 2108 didiceritis
1599 2066 1824 2117 impigram

1013 2123 1116 2165 fidei
1134 2123 1422 2173 devotionem,
1442 2124 1485 2164 in
1505 2124 1627 2163 Isaac
1645 2121 1822 2162 sincerae

1011 2180 1168 2221 mentis
1191 2180 1442 2232 puritatem,
1466 2179 1509 2219 in
1527 2177 1661 2219 Jacob
1684 2177 1822 2240 singu-

1011 2236 1148 2277 larem
1183 2236 1313 2276 animi
1347 2235 1629 2285 laborumque
1661 2234 1822 2284 patien-

1011 2293 1130 2333 tiam:
1155 2305 1209 2333 ex
1227 2292 1300 2332 illa
1318 2290 1598 2342 generalitate
1617 2289 1822 2329 virtutum

1010 2349 1054 2389 in
1079 2348 1198 2400 ipsas
1226 2348 1392 2400 species
1418 2345 1740 2397 disciplinarum
1763 2344 1821 2385 in-

1010 2404 1198 2446 tendatis
1218 2404 1415 2444 animum.

1056 2469 1106 2508 R·.
1137 2464 1302 2505 Videns
1321 2460 1456 2503 Jacob
1480 2461 1734 2502 vestimenta
1751 2462 1775 2502 J
1778 2474 1820 2502 o-

1010 2510 1132 2572 seph,
1174 2519 1301 2560 scidit
1330 2517 1585 2558 vestimenta
1616 2530 1693 2557 sua
1724 2530 1820 2558 cum

1009 2576 1128 2626 fletu,
1157 2580 1201 2616 et
1226 2574 1348 2615 dixit:
1363 2574 1386 2598 *
1408 2573 1519 2613 Fera
1541 2573 1729 2625 pessima
1749 2573 1819 2614 de-

1008 2632 1177 2673 voravit
1187 2630 1319 2670 filium
1330 2641 1474 2669 meum
1482 2629 1506 2668 J
1508 2629 1655 2681 oseph.
1671 2625 1722 2676 V.
1735 2629 1819 2669 Tu-

1007 2687 1151 2729 lerunt
1172 2690 1317 2727 autem
1341 2685 1496 2727 fratres
1519 2685 1608 2737 ejus
1629 2685 1817 2726 tunicam
