2066 2956
211 214 304 258 [218]

212 323 310 360 suo,
329 311 353 336 *
374 311 448 363 qui
478 323 566 351 non
595 310 684 362 egit
713 309 864 352 dolum
891 311 935 351 in
963 311 1039 352 lin-

211 380 296 418 gua
315 380 408 408 sua:

262 424 357 465 Nec
377 423 480 466 fecit
499 423 703 475 proximo
723 436 803 465 suo
824 424 998 474 malum,
1016 426 1039 451 *

211 486 254 523 et
274 480 565 534 opprobrium
584 493 672 522 non
696 481 869 534 accepit
888 480 1038 523 adver-

209 551 282 579 sus
301 537 530 590 preximos
549 550 664 579 suos.

260 594 332 636 Ad
352 593 534 635 nihilum
553 593 772 636 deductus
793 599 860 636 est
881 594 924 635 in
939 607 1039 636 con·

211 653 366 704 spectu
399 651 490 702 ejus
522 650 756 702 malignus:
783 653 807 679 *
834 651 1039 692 timentes

209 713 357 749 autem
375 707 615 749 Deminum
631 708 867 758 glorificat:

262 765 347 815 Qui
373 765 486 817 jurat
513 764 718 817 proximo
747 777 846 814 suo,
879 769 924 806 et
951 777 1039 805 non

211 821 389 874 decipit,
408 822 432 848 *
452 821 526 874 qui
549 821 783 873 pecliniam
807 834 931 862 suam
952 834 1041 862 non

211 878 334 919 dedit
353 877 410 919 ad
428 881 617 928 usuram,
641 882 685 919 et
705 881 887 920 munera
907 891 1041 931 super

211 935 487 976 innocentem
504 947 592 976 non
612 935 797 988 accepit:

262 992 347 1042 Qui
371 991 476 1032 facit
501 991 614 1041 haec,
634 993 657 1017 *
677 1004 765 1033 non
790 991 1040 1033 movebitur

210 1048 252 1089 in
273 1050 496 1089 aeternum.

270 1114 363 1150 Ant.
435 1104 683 1147 lssenedieite
734 1105 878 1146 Deum
930 1105 1042 1155 coeli,

210 1160 319 1202 dixit
345 1161 540 1213 Angelus
569 1161 787 1214 Raphael,
819 1167 862 1203 et
892 1174 1041 1203 coram

210 1217 412 1259 Omnibus
431 1217 678 1259 viventibus
705 1217 972 1259 confitemini
991 1218 1041 1267 ei,

211 1274 313 1326 quia
333 1274 435 1315 fecit
451 1273 681 1315 vobiscum
695 1273 1042 1316 misericerdiam

212 1343 345 1371 suam.

269 1388 316 1438 Y.
357 1387 486 1429 Stetit
527 1386 723 1438 Angelus
764 1388 883 1439 juxta
924 1400 1042 1428 aram

211 1443 374 1496 templi.
411 1448 459 1500 Ru
479 1443 661 1486 Habens
680 1443 950 1485 thuribulum
970 1447 1042 1485 au-

211 1512 333 1541 reum
352 1514 395 1541 m
414 1513 545 1542 manu
566 1513 654 1541 sua.

271 1567 472 1600 Lectiones
505 1566 551 1599 de
582 1564 780 1607 Scriptura
810 1568 1043 1597 occurrente.

269 1620 317 1671 lx’g.
338 1619 360 1658 i.
379 1614 513 1656 Venit
533 1613 720 1655 Michael
739 1614 1043 1666 Archangelus

213 1683 311 1710 cum
342 1669 620 1712 multitudine
652 1670 938 1722 Angelorum,
973 1671 1043 1712 cui

213 1726 394 1768 tradidit
414 1727 535 1768 Deus
555 1727 722 1768 animas
742 1730 1003 1777 sanctorum,
1022 1731 1043 1754 *

213 1782 272 1824 Ut
295 1782 510 1835 perducat
537 1796 611 1824 eas
635 1784 679 1824 in
698 1783 952 1836 paradisum
972 1797 1042 1825 ex-

214 1838 471 1881 sultati6nis.
502 1839 549 1889 Y'.
567 1840 731 1882 Emitte
747 1841 935 1882 D6mine
950 1841 1043 1893 Spi-

213 1896 344 1937 ritum
364 1901 562 1937 sanctum
580 1902 703 1938 tuum
724 1896 779 1938 de
799 1897 940 1946 coelis,
953 1899 1043 1950 'spi-

214 1952 343 1994 ritum
368 1952 594 2005 sapientiae
619 1958 662 1994 et
685 1953 943 1995 intellectus.
975 1953 1045 1995 Ut.

273 2014 318 2064 lq„
338 2013 373 2051 ii.
392 2008 639 2062 Respondit
650 2009 846 2060 Angelus
857 2010 1044 2060 Domini,

216 2073 259 2109 et
279 2066 402 2109 dixit:
422 2066 609 2108 Domine
630 2068 912 2118 exercituum,
927 2069 947 2090 *
965 2067 1044 2108 Us-

217 2136 393 2176 quequo
412 2129 460 2165 tu
478 2136 566 2164 non
580 2122 859 2165 misereberis
873 2123 898 2164 J
901 2127 1043 2165 erasa-

215 2180 302 2222 lem
321 2185 365 2222 et
384 2180 557 2222 arbium
575 2179 600 2221 J
602 2179 704 2229 uda,
731 2179 889 2231 quibus
907 2181 1045 2222 iratus

218 2236 287 2278 es?
340 2233 388 2283 Υ.
423 2238 513 2279 Iste
550 2236 664 2278 enim
697 2237 1046 2289 septuagesimus

218 2307 354 2335 annus
374 2299 451 2335 est.
481 2294 735 2346 Usquequo.

275 2354 321 2404 li'·
343 2354 392 2392 iii.
415 2351 466 2391 In
485 2351 727 2403 conspectu
747 2349 954 2391 Gentium
973 2363 1046 2391 no·

218 2407 292 2448 lite
319 2408 487 2449 timere:
517 2420 597 2449 vos
626 2407 740 2448 enim
767 2406 811 2446 in
838 2406 1045 2448 cerdibus

220 2464 375 2505 vestris
413 2463 596 2506 adorate
637 2470 681 2506 et
717 2464 867 2505 timete
899 2463 1046 2504 Domi-

220 2533 339 2560 num:
370 2525 388 2544 '⁴
418 2520 613 2572 Angelus
641 2521 756 2562 enim
785 2521 875 2572 eius
904 2519 1047 2561 vobis-

221 2588 320 2616 cum
352 2583 428 2618 est.
472 2574 520 2624 V.
553 2577 682 2619 Stetit
707 2576 903 2628 Angelus
930 2577 1048 2628 iuxta

221 2644 340 2672 aram
371 2633 540 2685 templi,
578 2634 744 2676 habens
779 2632 1048 2675 thuribulum

222 2691 401 2729 aureum
417 2689 459 2729 in
474 2703 603 2731 manu
619 2704 708 2732 sua.
729 2690 933 2742 Angelus.
956 2689 1051 2730 Glo-

223 2745 286 2786 ria
305 2745 434 2788 Patri.
462 2746 668 2797 Angelus.

659 214 834 248 Officium
862 214 1034 247 votivum
1059 213 1106 246 de
1131 213 1282 246 Sanctis
1308 213 1478 254 Angelis.

1153 311 1192 343 ln
1211 309 1516 350 Quadi-agesimn
1545 319 1651 343 vero.
1679 316 1713 342 et
1736 309 1845 343 Feria
1870 320 1925 341 sc-

1100 359 1224 392 cundu
1244 358 1501 401 Rogationum
1525 357 1704 391 dicuntur
1721 361 1926 400 sequentes

1101 408 1312 442 Lectiones.

1330 474 1392 513 De
1411 471 1524 513 libro
1544 470 1698 513 Exodi.

1204 538 1355 579 Lectio
1376 538 1398 577 i.
1588 535 1689 586 Cap.
1705 535 1768 574 23.
1785 533 1823 574 d.

1137 603 1195 661 {js-7,
1210 612 1286 641 cce
1306 612 1388 651 ego
1408 599 1580 640 mittam
1598 598 1818 649 Angelum
1836 610 1923 639 me-

1102 700 1105 703 ,
1134 655 1156 707 ,ἐξ
1169 657 1199 715 32
1226 670 1316 707 um,
1343 656 1418 709 qui
1443 655 1670 709 praecedat
1694 659 1755 705 te,
1784 659 1829 697 et
1853 667 1923 696 cu-

1099 733 1202 736 h
1226 713 1392 756 stodiat
1418 713 1463 754 in
1487 712 1575 763 via,
1603 717 1648 755 et
1673 711 1925 754 introducat

1094 769 1137 809 in
1170 769 1317 811 locum
1352 783 1483 823 quem
1514 769 1679 822 paravi.
1725 767 1925 810 Observa

1095 839 1209 876 eum,
1235 832 1279 869 et
1298 826 1399 869 audi
1419 839 1575 868 vocem
1595 826 1701 878 ejus,
1723 837 1806 867 nec
1824 837 1925 866 con—

1094 883 1377 926 temnendum
1392 888 1537 936 putes:
1558 883 1660 936 quia
1678 894 1767 924 non
1783 881 1924 924 dimit·

1094 944 1159 981 tet
1185 953 1285 981 cum
1310 940 1585 994 peccaveris,
1613 944 1657 982 et
1676 943 1744 981 est
1765 951 1925 980 nomen

1094 1009 1239 1039 meum
1258 998 1301 1039 in
1321 997 1408 1040 illo.
1438 996 1569 1048 Quod
1587 997 1625 1038 si
1644 995 1835 1038 audieris
1850 1008 1924 1036 vo-

1095 1066 1191 1095 cem
1211 1055 1316 1107 ejus,
1343 1060 1386 1097 et
1406 1054 1562 1096 feceris
1580 1053 1725 1095 emnia
1745 1065 1844 1105 quae
1862 1051 1924 1093 lo-

1096 1123 1218 1162 quor,
1237 1112 1438 1154 inimicus
1458 1124 1534 1154 ero
1555 1110 1739 1152 inimicis
1758 1109 1856 1159 tuis,
1881 1113 1925 1150 et

1095 1168 1286 1220 affligam
1314 1169 1558 1220 affligentes
1585 1173 1640 1209 te.
1678 1165 1925 1208 Praeeedet-

1096 1238 1180 1276 que
1200 1230 1243 1267 te
1263 1225 1458 1276 Angelus
1476 1238 1611 1267 meus.

1155 1287 1204 1337 Ru
1225 1283 1359 1324 Venit
1379 1281 1576 1323 Michael.
1601 1291 1646 1323 ut
1667 1295 1808 1334 supra.

1241 1360 1305 1398 Ex
1325 1356 1538 1398 Zacharia
1557 1355 1792 1409 Propheta.

1155 1425 1305 1466 Lectio
1327 1424 1363 1464 ii.
1675 1422 1777 1474 Cap.
1796 1423 1823 1462 1.
1839 1420 1878 1462 b.

1185 1490 1331 1527 actum
1363 1489 1430 1525 est
1459 1482 1643 1525 verbum
1667 1483 1844 1525 Demini
1870 1482 1928 1526 ad

1197 1540 1474 1590 Zachariam,
1516 1539 1655 1581 filium
1687 1539 1928 1590 Barachiae,

1098 1599 1175 1640 filii
1190 1597 1335 1648 Addo,
1350 1596 1627 1650 prophetam,
1643 1596 1809 1639 dicens:
1823 1596 1927 1639 Vidi

1097 1669 1176 1709 per
1196 1659 1387 1703 noctem,
1413 1658 1456 1695 et
1476 1666 1579 1695 ecce
1600 1653 1667 1694 vir
1686 1653 1928 1696 ascendens

1099 1725 1230 1765 super
1251 1724 1413 1764 equum
1431 1710 1586 1760 rufum,
1606 1715 1650 1752 et
1669 1710 1764 1763 ipse
1784 1709 1930 1753 stabat

1099 1770 1213 1811 inter
1244 1769 1434 1820 myrteta
1466 1779 1565 1819 quae
1599 1772 1723 1809 erant
1753 1767 1798 1808 in
1829 1779 1929 1821 pro—

1098 1825 1251 1867 fundo:
1271 1829 1314 1866 et
1332 1829 1437 1878 post
1456 1836 1555 1866 eum
1574 1823 1677 1876 equi
1696 1823 1791 1874 rufi,
1810 1824 1929 1873 varii,

1099 1887 1142 1924 et
1161 1881 1258 1924 albi.
1286 1881 1343 1922 Et
1361 1880 1465 1922 dixi:
1485 1879 1601 1930 Quid
1620 1885 1722 1922 sunt
1738 1880 1822 1931 isti,
1840 1881 1928 1922 Do-

1098 1940 1213 1981 mine
1237 1936 1320 1979 mi?
1348 1938 1406 1979 Et
1426 1936 1537 1979 dixit
1556 1936 1614 1979 ad
1633 1949 1704 1979 me
1722 1937 1930 1989 Angelus,

1100 1996 1174 2048 qui
1199 1993 1466 2048 loquebatur
1480 1994 1534 2035 in
1554 2006 1638 2035 me:
1670 1994 1765 2045 Ego
1787 1996 1929 2036 osten·

1100 2052 1200 2095 dam
1219 2051 1299 2094 tibi
1319 2050 1426 2104 quid
1445 2051 1531 2093 sint
1546 2050 1653 2092 haec.
1678 2050 1736 2093 Et
1750 2053 1928 2104 respen-

1101 2110 1165 2152 dit
1179 2109 1255 2159 vir,
1276 2108 1350 2161 qui
1371 2107 1517 2150 stabat
1535 2107 1650 2149 inter
1668 2109 1867 2160 myrteta,
1887 2113 1930 2150 et

1101 2166 1226 2208 dixit:
1256 2165 1337 2207 Isti
1365 2169 1467 2206 sunt
1495 2177 1608 2216 quos
1636 2164 1754 2206 misit
1780 2164 1929 2206 Domi-

1099 2236 1180 2264 nus
1199 2228 1248 2264 ut
1267 2221 1574 2275 perambulent
1592 2226 1765 2263 terram.
1793 2221 1851 2262 Et
1866 2233 1929 2262 re-

1100 2279 1373 2333 sponderunt
1409 2277 1582 2329 Angelo
1615 2277 1811 2327 Domini,
1856 2278 1929 2330 qui

1101 2336 1247 2378 stabat
1270 2335 1384 2376 inter
1410 2336 1617 2387 myrteta,
1646 2339 1691 2376 et
1710 2333 1930 2376 dixerunt:

1100 2391 1507 2435 Perambulavimus
1535 2396 1716 2439 terram,
1748 2395 1793 2432 et
1826 2403 1929 2432 ecee

1101 2449 1241 2491 omnis
1261 2453 1379 2490 terra
1397 2446 1637 2497 habitatur,
1666 2452 1710 2489 et
1735 2447 1930 2500 quiescit.

1155 2506 1205 2555 R·-
1231 2503 1489 2558 Respbndit.
1517 2511 1559 2542 ut
1580 2514 1722 2552 supra.

1208 2573 1359 2613 Lectio
1380 2572 1432 2611 iii.
1668 2572 1770 2620 (lap.
1791 2570 1826 2609 2.

1185 2637 1202 2673 t
1220 2631 1362 2673 levavi
1381 2630 1534 2672 eculos
1553 2643 1688 2681 meos,
1708 2635 1752 2672 et
1765 2630 1870 2673 vidi:
1888 2636 1932 2673 et

1193 2701 1296 2731 ecce
1316 2689 1399 2737 vir,
1425 2692 1469 2729 et
1492 2688 1536 2728 in
1559 2700 1689 2728 manu
1714 2688 1805 2740 ejus
1825 2687 1930 2729 funi-

1103 2746 1226 2787 culus
1250 2747 1513 2787 mensorum.
1550 2744 1607 2786 Et
1626 2744 1732 2786 dixi:
1760 2745 1858 2795 Quo
1883 2749 1931 2786 tu
