2066 2904
715 155 921 189 Commune
949 155 1136 188 (Tonscsso

282 250 497 291 Dominus
524 249 636 292 dixit
662 250 719 292 ad
746 262 834 292 me:
862 250 885 276 *
918 250 1053 292 Filius

231 319 352 348 meus
373 319 419 348 es
438 311 496 357 tu,
515 319 596 358 ego
615 306 747 349 hodie
766 307 896 358 genui
914 311 969 348 te.

282 363 461 404 Postula
485 376 511 405 a
534 375 616 413 me,
641 368 684 405 et
704 362 819 405 dabo
839 363 920 405 tibi
940 363 1052 405 Gen-

229 426 296 462 tes
314 419 616 463 haereditzitem
635 425 766 470 tuam,
780 420 803 446 *
823 424 867 462 et
882 432 1052 473 posses-

229 477 398 518 sionem
416 482 536 519 tuam
555 477 765 518 terminos
783 481 923 518 terrae.

280 534 426 584 Reges
454 546 531 575 eos
558 533 602 574 in
626 534 747 585 virga
771 533 930 583 ferrea,
957 533 981 558 *
1009 538 1052 575 et

229 594 452 642 tamquam
467 603 544 631 vas
563 590 684 641 figuli
703 590 950 641 confringes
965 602 1051 631 eos.

280 647 337 689 Et
359 660 474 688 nunc
493 660 619 698 reges
638 646 880 697 intelligite:
906 646 930 672 *
958 659 1051 688 eru-

230 703 382 745 dimini
402 704 476 756 qui
495 703 695 756 judicatis
715 708 887 745 terram.

279 760 447 802 Servite
472 760 663 802 Domino
688 760 731 801 in
756 760 929 801 timore:
955 760 979 786 *
1008 764 1052 802 et

229 817 443 859 exsultate
463 817 503 859 ei
522 829 621 858 cum
639 818 840 858 tremore.

280 873 613 926 Apprehendite
659 873 945 926 disciplinam,
979 885 1050 915 ne-

229 930 405 982 quando
442 930 654 971 irascatur
686 930 919 979 Dominus,
950 930 974 956 *
1007 934 1051 971 et

227 987 417 1040 pereatis
437 986 491 1028 de
510 987 581 1028 via
599 988 720 1038 justa.

280 1043 389 1085 Cum
414 1043 625 1085 exarserit
651 1043 694 1084 in
718 1042 842 1085 brevi
865 1043 929 1084 ira
949 1044 1051 1095 ejus,

227 1101 251 1126 ¹⁶¹
274 1100 392 1142 beati
411 1113 564 1142 omnes
584 1100 658 1152 qui
678 1099 905 1141 confidunt
923 1100 967 1140 in
987 1112 1051 1141 eo.

283 1171 375 1208 Ant.
429 1167 588 1207 Beatus
625 1165 708 1207 iste
743 1170 935 1215 sanctus,
977 1164 1052 1218 qui

229 1222 418 1264 confisus
433 1227 499 1264 est
517 1222 561 1263 in
575 1222 775 1272 Domino,
794 1221 1052 1275 praedicavit

227 1281 497 1332 praeceptum
506 1278 693 1329 Domini,
707 1279 969 1320 constitutus
986 1282 1052 1320 est

227 1336 270 1376 in
289 1339 436 1378 monte
459 1340 610 1377 sancto
631 1336 732 1387 ejus.

278 1405 371 1443 ⁴int.
411 1404 478 1442 'l'u
506 1414 552 1443 es
579 1401 718 1452 gloria
745 1414 857 1451 mea,
877 1402 900 1428 *
927 1405 976 1442 tu
1004 1413 1051 1442 es

228 1458 458 1511 susceptor
479 1470 603 1499 meus
627 1457 830 1499 Domine:
862 1462 910 1499 tu
936 1457 1050 1499 exal-

227 1519 324 1556 tans
344 1518 475 1567 caput
495 1527 655 1564 meum,
684 1519 727 1556 et
747 1513 962 1556 exaudisti
981 1526 1051 1555 me

185 1618 189 1622 ¹
228 1570 283 1613 de
302 1575 450 1613 monte
469 1576 620 1614 sancto
639 1575 728 1613 tuo.

509 1651 704 1690 l'salmus
734 1652 766 1689 53.

233 1716 465 1822 Domine
500 1718 605 1771 quid
640 1719 917 1771 multiplicati
951 1724 1052 1762 sunt

333 1777 407 1828 qui
434 1776 642 1818 tribulant
668 1775 760 1817 me?
787 1777 811 1802 *
838 1777 964 1818 multi
990 1777 1051 1818 in-

230 1837 413 1884 surgunt
431 1832 663 1874 adversum
681 1845 763 1874 me.

281 1890 406 1931 Multi
421 1889 571 1931 dicunt
591 1890 747 1930 animae
762 1902 888 1931 meae:
906 1890 929 1916 *
947 1889 1050 1931 Non

230 1952 298 1989 est
316 1946 432 1988 salus
451 1946 535 1999 ipsi
553 1946 598 1986 in
617 1946 713 1987 Deo
733 1947 834 1998 ejus.

280 2003 349 2045 Tu
393 2007 539 2044 autem
583 2002 772 2044 Domine
822 2004 1052 2056 susceptor

230 2073 353 2103 meus
374 2072 431 2110 eS,
450 2059 474 2085 *
492 2059 632 2110 gloria
655 2072 763 2109 mea,
786 2064 830 2101 et
855 2059 1051 2102 exaltans

231 2122 362 2170 caput
380 2129 536 2158 meum.

281 2174 406 2216 Voce
420 2185 518 2214 mea
532 2172 588 2214 ad
603 2172 839 2214 Dominum
855 2172 1051 2215 clamavi:

230 2230 254 2255 *
282 2235 326 2272 et
353 2229 574 2272 exaudivit
600 2242 671 2271 me
699 2228 754 2271 de
779 2234 929 2271 monte
957 2242 1050 2271 san-

231 2290 303 2328 cto
331 2299 422 2328 suo.

282 2343 376 2394 Ego
396 2342 600 2394 dormivi,
625 2347 669 2385 et
687 2344 920 2395 sopor-etus
940 2355 1050 2384 sum:

231 2398 255 2424 *
278 2404 321 2441 et
344 2399 583 2450 exsurrexi,
607 2399 709 2452 quia
726 2399 941 2440 Dominus
961 2412 1051 2441 sus-

234 2455 350 2507 cepit
367 2468 448 2497 me.

285 2510 385 2552 Non
420 2511 583 2553 timebo
619 2511 753 2553 millia
788 2511 941 2564 populi
973 2512 1049 2554 cir-

236 2567 478 2609 cumdantis
501 2582 585 2610 me:
603 2568 626 2594 *
647 2572 832 2619 exsurge
852 2568 1050 2618 Domine,

236 2623 402 2666 salvum
420 2637 490 2666 me
509 2625 576 2666 fac
596 2625 716 2667 Deus
734 2637 868 2667 meus.

287 2680 500 2731 Quoniam
535 2686 582 2722 tu
612 2681 866 2734 percussisti
899 2693 1050 2723 omnes

1143 154 1192 187 ris
1220 154 1424 187 pontificis.

1105 250 1390 294 adversentes
1404 251 1510 293 mihi
1525 251 1618 293 sine
1631 250 1812 293 causaz*
1827 250 1929 293 den-

1104 312 1171 350 tes
1189 310 1474 361 peecatorum
1493 308 1749 350 contrivisti.

1157 365 1336 406 Domini
1355 370 1422 406 est
1441 365 1574 406 salus:
1591 365 1615 390 *
1640 369 1684 406 et
1702 377 1834 417 super
1851 366 1928 418 po-

1105 420 1257 474 pulum
1275 426 1399 463 tuum
1418 421 1669 463 benedictio
1689 426 1774 463 tua.

1156 483 1252 523 Ant.
1273 482 1338 521 Tu
1356 491 1403 520 es
1422 477 1561 528 gloria
1578 491 1686 528 mea,
1704 483 1753 520 tu
1773 491 1820 520 es
1838 491 1927 520 sus-

1103 536 1257 587 ceptor
1278 547 1402 577 meus
1424 534 1626 576 Domine:
1657 539 1706 576 tu
1731 534 1928 577 exaltans

1103 596 1235 644 caput
1261 604 1421 642 meum,
1458 595 1502 633 et
1530 590 1746 633 exaudisti
1773 604 1843 634 me
1872 590 1927 633 de

1101 652 1250 690 monte
1271 653 1423 690 sancto
1442 652 1532 690 tuo.

1155 706 1203 758 V.
1231 708 1409 750 Amavit
1428 721 1528 750 eum
1545 708 1771 759 Dominus,
1799 713 1843 751 et
1861 721 1926 751 or-

1101 765 1220 807 navit
1253 778 1363 807 eum.
1406 769 1453 820 Rg.
1490 765 1657 807 Stolam
1689 765 1841 817 gloriae
1867 767 1927 807 in-

1102 820 1196 863 duit
1224 834 1334 863 eum.

1160 887 1285 925 Pater
1303 887 1463 925 noster.

1157 947 1396 988 Absolutio.
1428 942 1597 985 Exaudi
1614 942 1813 986 Domine.

1156 1003 1204 1054 Y.
1232 1004 1257 1045 J
1259 1002 1344 1046 ube
1363 1003 1535 1045 domne.

1159 1068 1314 1109 Bened.
1351 1064 1661 1107 Benedictione
1678 1067 1903 1119 perpetua.

1109 1143 1172 1181 l)e
1188 1138 1386 1191 Epistola
1402 1138 1543 1191 prima
1551 1137 1670 1180 beati
1679 1138 1802 1180 Pauli
1810 1138 1928 1192 Apo-

1272 1195 1374 1238 stoli
1393 1194 1450 1237 ad
1468 1194 1758 1237 Timotheum.
1830 1207 1833 1211 ·

1207 1263 1356 1303 Lectio
1379 1263 1399 1302 i.
1663 1254 1763 1312 (lap.
1789 1262 1824 1301 3.

1112 1344 1115 1346 v
1141 1356 1157 1377 μή
1176 1321 1346 1372 idelis
1372 1334 1531 1363 sermo:
1567 1321 1612 1364 Si
1638 1321 1734 1374 quis
1761 1322 1928 1375 episco-

1231 1380 1383 1431 patum
1398 1377 1629 1428 desiderat,
1639 1378 1802 1420 bonum
1817 1391 1929 1432 opus

1178 1442 1194 1449 ²
1212 1438 1213 1441 ’
1232 1434 1465 1477 desiderat.
1497 1434 1686 1488 Oportet
1710 1447 1815 1486 ergo
1842 1436 1929 1488 epi-

1104 1505 1289 1545 scopum
1339 1491 1766 1545 irreprehensibilem
1821 1504 1929 1543 esse,

1103 1550 1229 1590 unius
1251 1549 1401 1590 uxoris
1420 1549 1571 1599 virum,
1599 1548 1804 1599 sobrium,
1830 1561 1929 1602 pru-

1104 1604 1289 1655 dentem,
1318 1607 1530 1656 omatum,
1548 1605 1767 1658 pudicum,
1784 1604 1930 1658 hospi-

1102 1661 1246 1712 talem,
1275 1661 1514 1712 doctorem,
1540 1674 1629 1704 non
1651 1661 1930 1711 vinolentum,

1103 1731 1191 1760 non
1215 1720 1534 1771 percussorem,
1563 1718 1643 1760 sed
1665 1717 1930 1769 modestum;

1104 1788 1191 1817 non
1209 1775 1461 1826 litigiosum,
1489 1787 1577 1817 non
1598 1774 1822 1828 cupidum,
1849 1750 1930 1816 sed

1104 1845 1195 1874 suae
1210 1831 1359 1874 domui
1372 1831 1485 1874 bene
1498 1832 1796 1885 praepositum,
1815 1831 1929 1873 filios

1103 1888 1337 1931 habentem
1362 1888 1563 1931 subditos
1589 1901 1688 1930 cum
1716 1888 1834 1930 omni
1861 1901 1929 1930 ca-

1104 1946 1263 1988 stitate.
1299 1945 1344 1987 Si
1370 1945 1466 1998 quis
1490 1950 1638 1987 autem
1663 1944 1814 1986 domui
1837 1957 1929 1986 suae

1103 2004 1295 2055 praeesse
1309 2002 1460 2052 nescit,
1481 2001 1704 2055 quomodo
1718 2001 1929 2044 Ecclesiae

1103 2059 1188 2101 Dei
1202 2059 1471 2110 diligentiam
1485 2056 1687 2100 habebit?
1707 2058 1809 2100 Non
1826 2059 1928 2100 neo-

1104 2115 1302 2169 phytum:
1337 2128 1392 2157 ne
1422 2115 1466 2156 in
1498 2114 1748 2168 superbiam
1778 2114 1929 2160 elatus,

1103 2173 1146 2214 in
1159 2172 1366 2225 judicium
1379 2171 1542 2214 incidat
1558 2171 1732 2214 diaboli.
1741 2171 1930 2225 Oportet

1103 2235 1250 2271 autem
1263 2228 1385 2270 illum
1401 2233 1444 2271 et
1456 2228 1753 2270 testimonium
1767 2227 1928 2270 habere

1103 2285 1267 2328 bonum
1287 2284 1341 2327 ab
1361 2285 1413 2326 iis
1430 2285 1503 2337 qui
1522 2284 1628 2326 foris
1648 2289 1758 2335 sunt,
1777 2289 1825 2327 ut
1840 2297 1928 2326 non

1103 2342 1147 2383 in
1179 2341 1465 2395 opprobrium
1498 2341 1677 2391 incidat,
1719 2346 1763 2383 et
1794 2341 1839 2382 in
1869 2340 1928 2382 la-

1105 2411 1264 2452 queum
1283 2397 1458 2440 diaboli.

1158 2458 1206 2507 Rg.
1241 2455 1364 2506 Euge
1396 2466 1522 2496 serve
1553 2453 1668 2496 bone
1701 2458 1745 2496 et
1774 2452 1928 2503 fidelis,

1104 2512 1206 2564 quia
1229 2511 1273 2553 in
1297 2523 1438 2564 pauca
1461 2510 1579 2552 fuisti
1603 2509 1761 2559 fidelis,
1796 2522 1929 2562 supra

1103 2569 1239 2611 multa
1272 2573 1316 2610 te
1350 2569 1628 2609 constituam.
1668 2570 1688 2591 ¹·
1728 2566 1849 2607 Intra
1883 2565 1928 2606 in

1103 2624 1310 2677 gaudium
1347 2623 1511 2666 domini
1546 2623 1620 2665 tui.
1671 2620 1715 2671 E.
1740 2622 1928 2664 Domine

1105 2681 1296 2735 quinque
1339 2680 1502 2723 talenta
1549 2678 1767 2722 tradidisti
1812 2678 1927 2729 mihi,
