2066 2956
607 198 783 232 Officium
808 198 982 232 votivum
1009 198 1054 231 dc
1082 197 1269 230 Passione
1294 196 1336 230 D.
1359 196 1402 230 N.
1425 197 1457 230 .J.
1479 196 1518 230 C.

254 299 304 338 In
326 298 424 339 Deo
448 294 640 337 laudabo
665 295 858 344 verbum,
883 295 1032 343 immo-

201 354 318 395 mino
338 351 528 394 laudabo
549 354 810 394 sermonem:
829 353 852 377 *
870 351 915 392 in
934 351 1031 392 Deo

202 410 396 464 speravi,
433 422 521 450 non
557 408 723 451 timebo
762 407 868 460 quid
902 408 1033 449 faciat

201 466 305 508 mihi
332 466 477 508 homo.

252 524 302 564 In
338 536 408 564 me
446 527 547 564 sunt
579 523 701 564 Deus
736 527 842 564 vota
877 527 972 571 tua,
1009 522 1033 548 *

202 592 300 632 quae
329 578 523 629 reddam,
550 579 827 621 laudationes
854 578 945 620 tibi.

253 636 469 687 Quoniam
499 636 698 689 eripuisti
729 636 919 677 animam
945 648 1032 676 me-

200 706 271 734 am
300 693 354 734 de
382 698 543 742 morte,
581 698 625 734 et
658 690 796 745 pedes
823 704 947 733 meos
977 691 1032 733 de

199 750 341 803 lapsu:
366 751 390 777 *
413 754 461 791 ut
481 750 681 803 placeam
703 762 852 791 coram
870 749 969 790 Deo
988 748 1031 789 in

199 806 362 848 lumine
390 807 637 848 viventium.

256 864 352 903 Ant.
382 863 763 905 Conculcaverunt
781 875 851 904 me
871 861 1033 903 inimici

198 920 284 962 mei
306 925 402 963 tota
421 920 505 970 die3
532 919 766 961 adversum
783 932 856 960 me
880 931 1031 960 omnes

200 977 489 1040 cogitationes
510 979 663 1018 eorum
681 976 725 1017 in
743 975 917 1017 malum.

253 1034 302 1079 Y.
327 1034 515 1087 Proprio
535 1033 648 1075 Filio
668 1046 749 1075 suo
769 1046 857 1074 non
876 1034 1031 1086 peper-

199 1091 258 1132 cit
276 1091 409 1132 Deus.
447 1091 495 1142 Ru
523 1090 610 1132 Sed
636 1104 718 1143 pro
745 1090 872 1132 nobis
898 1089 1030 1131 omni-

199 1147 281 1189 bus
300 1147 481 1189 tradidit
501 1147 632 1189 illum.

225 1216 379 1258 Sermo
403 1216 543 1258 sancti
562 1215 779 1258 Bernardi
798 1215 998 1257 Abbatis.

199 1271 310 1306 Furia
332 1273 361 1306 4.
380 1273 568 1308 Hebdom.
588 1274 622 1308 S.
641 1273 757 1308 Sei-m.
777 1274 823 1307 de
841 1273 1029 1308 Passione

531 1323 697 1356 Domini.

492 1376 644 1416 Lectio
674 1376 727 1415 iv.
878 1417 882 1420 ,

270 1440 347 1488 fian
372 1434 577 1487 passione
603 1433 837 1483 dominica,
863 1433 1030 1483 fratres,

208 1483 246 1547 {53³
270 1489 313 1552 ῑῖζέῐἸ
337 1492 421 1533 tria
454 1490 703 1544 specialiter
736 1490 942 1532 convenit
970 1490 1031 1531 in-

211 1548 226 1565 ²
336 1548 463 1590 tueri:
488 1561 611 1600 opus,
630 1546 822 1597 modum,
842 1559 1030 1588 causam.

197 1604 312 1646 Nam
331 1605 375 1646 in
395 1607 530 1658 opere
549 1604 726 1657 quidem
745 1603 967 1657 patientia,
986 1603 1030 1644 in

198 1661 332 1703 modo
361 1661 601 1711 humilitas,
637 1661 681 1702 in
709 1673 842 1702 causa
871 1661 1030 1702 caritas

199 1718 496 1760 comendatur.
535 1718 753 1759 Patientia
777 1723 924 1759 autem
948 1717 1029 1758 sin-

198 1775 372 1825 gularis,
393 1775 512 1827 quod
532 1775 752 1816 videlicet:
777 1787 876 1816 cum
897 1787 1031 1827 supra

199 1831 379 1873 dorsum
413 1833 503 1884 ejus
535 1831 799 1874 fabricarent
825 1832 1029 1884 peccato-

198 1902 283 1939 res;
306 1902 405 1930 cum
424 1889 488 1930 sic
508 1887 818 1930 extenderetur
836 1888 880 1928 in
899 1887 1030 1938 ligno,

197 1951 246 1987 ut
259 1944 639 1987 dinumerarentur
653 1945 799 1986 omnia
811 1957 914 1986 ossa
925 1945 1030 1996 ejus,

199 2015 297 2043 curn
324 2002 611 2043 fortissimum
642 2001 752 2043 illud
780 2003 1028 2054 propugna-

199 2058 353 2109 culum,
379 2058 500 2110 quod
524 2057 717 2100 custodit
735 2058 883 2108 Israel,
908 2057 1029 2099 undi-

201 2128 285 2167 que
306 2115 536 2165 foraretur3
556 2128 655 2157 cum
673 2114 928 2156 foderentur
941 2127 1028 2155 ma-

199 2185 280 2213 nus
307 2173 398 2225 ejus
424 2177 467 2213 et
492 2171 646 2225 pedes,
675 2171 789 2213 sicut
811 2184 948 2223 agnus
973 2171 1030 2212 ad

200 2229 466 2270 occisionem
486 2227 644 2271 ductus
665 2230 722 2270 sit
741 2233 784 2270 et
804 2233 1030 2280 tamquam

200 2285 295 2326 ovis
323 2297 470 2326 coram
503 2285 714 2327 tondente
746 2297 832 2326 non
861 2285 1031 2337 aperuit

200 2353 251 2381 os
285 2354 422 2382 suum.
475 2342 577 2383 Non
610 2341 821 2384 adversus
852 2341 1030 2383 Patrem

199 2400 492 2447 murmurans,
522 2412 547 2439 a
573 2411 661 2451 quo
686 2399 846 2439 missus
873 2398 1030 2448 fuerat3

200 2466 287 2494 non
305 2453 514 2496 adversus
529 2454 767 2496 humanum
781 2467 928 2505 genuS,
948 2467 1030 2507 pro

203 2521 305 2560 quo,
332 2523 430 2562 quae
455 2524 541 2552 non
568 2512 727 2565 rapuit,
756 2510 1030 2561 exsolvebat,

202 2578 288 2606 non
317 2565 503 2619 denique
535 2568 606 2609 vel
638 2574 791 2610 contra
818 2567 1030 2620 populum

201 2621 344 2673 ipsum
366 2624 631 2674 peculiarem
657 2625 755 2675 sibi,
785 2637 809 2665 a
836 2637 924 2676 quo
947 2637 1030 2676 pro

201 2678 334 2776 tagltDis
368 2678 592 2721 beneficiis
623 2686 747 2723 tanta
780 2680 894 2721 mala
925 2681 1030 2722 reci·

202 2747 247 2786 pi
306 2740 360 2776 at.

1141 296 1192 347 Rz.
1203 294 1298 344 Ego
1314 298 1496 346 propter
1510 298 1554 334 te
1569 292 1916 334 Chananaeorum

1087 364 1213 401 reges
1245 351 1464 404 percussi,
1502 355 1545 391 et
1577 348 1680 391 dedi
1714 348 1795 390 tibi
1826 361 1916 390 sce-

1086 413 1234 460 ptrum
1253 407 1415 458 regale:
1434 412 1457 435 *
1469 407 1527 448 Et
1543 411 1592 448 tu
1608 405 1771 448 dedisti
1784 405 1917 458 capiti

1086 477 1186 506 meo
1210 467 1407 518 spineam
1428 465 1648 513 coronam,
1672 467 1716 504 et
1738 475 1914 515 percus-

1087 522 1182 563 sisti
1201 520 1413 565 arundine
1432 524 1566 573 caput
1580 533 1736 562 meum.
1764 518 1812 568 V.
1834 519 1916 560 Po-

1086 577 1189 630 pule
1216 591 1360 628 meus,
1394 575 1501 629 quid
1527 576 1611 619 feci
1636 576 1737 626 tibi,
1770 580 1846 617 aut
1872 576 1917 616 in

1088 647 1176 687 quo
1196 634 1453 676 contristavi
1471 631 1538 675 te?
1560 632 1782 687 responde
1799 632 1917 674 mihi.

1085 692 1143 733 Et
1161 696 1210 733 tu
1229 690 1400 733 dedisti.

1398 780 1549 821 Lectio
1572 795 1606 821 v.

1090 845 1330 951 Modum
1352 857 1511 909 ipsum,
1538 856 1575 897 si
1599 855 1832 907 diligenter
1856 859 1917 896 at-

1215 913 1382 963 tendaS,
1402 926 1490 955 non
1505 911 1640 954 modo
1657 912 1818 962 mitem,
1838 911 1919 954 sed

1086 977 1129 1014 et
1142 971 1350 1012 humilem
1363 969 1499 1012 corde
1514 971 1769 1020 cognosces.
1787 969 1917 1011 Nem-

1084 1041 1142 1081 pe
1160 1029 1204 1069 in
1219 1027 1461 1069 humilitate
1480 1026 1688 1079 judicium
1707 1027 1798 1078 ejus
1818 1025 1916 1068 sub-

1085 1085 1222 1127 latum
1242 1090 1319 1135 est,
1345 1098 1444 1126 cum
1463 1096 1546 1125 nec
1567 1082 1624 1125 ad
1642 1087 1786 1125 tantas
1804 1082 1917 1124 blas-

1084 1141 1302 1195 phemias,
1339 1154 1421 1182 nec
1448 1139 1505 1182 ad
1532 1139 1785 1189 falsissima,
1818 1152 1917 1192 quae

1085 1198 1168 1240 sibi
1194 1197 1509 1251 objiciebantur
1533 1196 1714 1238 crimina
1736 1209 1916 1249 respon-

1086 1254 1220 1297 deret.
1248 1254 1462 1304 Vidimus,
1481 1253 1632 1306 inquit,
1652 1265 1752 1294 eum
1770 1258 1814 1295 et
1830 1266 1918 1295 non

1085 1317 1179 1354 erat
1212 1311 1252 1353 ei
1288 1313 1513 1364 aspectus,
1549 1322 1631 1351 nec
1667 1309 1917 1363 speciosum

1084 1368 1224 1410 forma
1244 1380 1338 1421 prae
1362 1367 1462 1408 filiis
1481 1366 1717 1413 hominum,
1741 1365 1821 1408 sed
1841 1379 1917 1419 op-

1083 1424 1313 1478 probrium
1348 1423 1575 1465 hominum
1614 1427 1658 1464 et
1693 1427 1918 1475 tamquam

1083 1481 1309 1534 leprosum
1323 1513 1332 1531 ,
1382 1479 1668 1522 novissimum
1712 1479 1917 1530 virorum,

1083 1538 1213 1591 plane
1241 1538 1383 1579 virum
1411 1536 1616 1579 dolorum
1644 1549 1670 1578 a
1695 1536 1792 1582 Deo
1819 1549 1916 1589 per-

1085 1598 1261 1636 cussum
1280 1599 1325 1636 et
1342 1593 1630 1644 humiliatum3
1654 1592 1715 1635 ita
1733 1597 1781 1634 ut
1799 1592 1918 1634 nulla

1084 1657 1202 1693 esset
1231 1651 1271 1692 ei
1300 1651 1488 1704 species,
1515 1662 1658 1701 neque
1687 1648 1834 1691 decor.
1878 1649 1916 1690 O

1082 1707 1369 1750 novissimum
1393 1711 1437 1748 et
1462 1705 1737 1748 altissimum!
1778 1705 1815 1747 Ο
1838 1705 1915 1747 hu-

1082 1764 1230 1805 milem
1245 1769 1289 1805 et
1304 1762 1551 1805 sublimem!
1574 1762 1612 1804 O
1628 1761 1916 1815 opprobrium

1082 1820 1307 1862 hominum
1340 1826 1383 1862 et
1416 1819 1601 1871 gloriam
1628 1817 1916 1869 Angelorum!

1082 1877 1224 1919 Nemo
1249 1877 1324 1918 illo
1350 1876 1587 1926 sublimior,
1611 1887 1754 1927 neque
1778 1874 1913 1916 humi-

1082 1934 1176 1975 lior.
1207 1933 1408 1986 Denique
1428 1933 1568 1986 sputis
1586 1931 1722 1973 illitus
1741 1936 1819 1980 est,
1838 1944 1914 1984 op-

1082 1990 1273 2044 probriis
1301 1992 1523 2032 saturatus
1549 1993 1633 2038 est,
1660 1993 1803 2030 morte
1828 1993 1914 2029 tur-

1082 2047 1263 2100 pissima
1281 2045 1599 2088 condemnatus
1614 2050 1692 2095 est,
1711 2057 1811 2086 cum
1826 2057 1915 2086 sce-

1082 2103 1231 2145 leratis
1247 2102 1484 2156 deputatus
1502 2107 1578 2144 est.
1606 2101 1813 2153 Nihilque
1828 2113 1914 2142 me-

1082 2160 1248 2202 rebitur
1263 2159 1333 2201 vel
1348 2159 1431 2201 ista
1446 2158 1678 2207 humilitas,
1691 2170 1789 2210 quae
1800 2157 1916 2198 hunc

1082 2216 1215 2258 habet
1246 2215 1446 2266 modum3
1481 2215 1570 2257 imo
1600 2227 1699 2267 quae
1730 2219 1821 2255 tam
1849 2219 1915 2255 est

1082 2273 1196 2320 ultra
1221 2271 1425 2314 modum?
1467 2272 1588 2313 Sicut
1613 2276 1679 2312 est
1703 2270 1916 2323 patientia

1083 2329 1324 2381 singularis,
1347 2329 1411 2370 sic
1430 2334 1473 2370 et
1491 2327 1712 2369 humilitas
1732 2326 1915 2368 admira-

1083 2386 1196 2435 bilis3
1216 2389 1403 2437 utraque
1423 2385 1516 2426 sine
1537 2383 1750 2436 exemplo.

1138 2454 1188 2506 R.
1224 2455 1320 2505 Ego
1357 2453 1462 2495 duxi
1497 2459 1541 2495 te
1577 2466 1657 2506 per
1693 2451 1915 2494 desertum

1085 2510 1373 2563 quadraginta
1388 2510 1522 2559 annis,
1542 2515 1586 2551 et
1599 2522 1757 2550 manna
1772 2507 1914 2550 cibavi

1083 2573 1143 2609 te:
1173 2568 1195 2590 *
1222 2567 1279 2609 Et
1305 2572 1354 2608 tu
1380 2579 1450 2607 me
1479 2565 1677 2607 cecidisti
1705 2564 1845 2617 alapis
1871 2569 1915 2606 et

1084 2624 1277 2675 flagellis.
1305 2618 1355 2669 V.
1374 2621 1543 2675 Popule
1557 2634 1692 2670 meus,
1713 2620 1819 2674 quid
1832 2621 1916 2662 feci

1083 2680 1177 2730 tibi,
1202 2685 1276 2721 aut
1298 2680 1341 2720 in
1367 2691 1454 2730 quo
1480 2678 1734 2720 contristavi
1757 2676 1824 2719 te?
1850 2690 1913 2719 re-

1083 2736 1253 2790 sponde
1272 2736 1388 2777 mihi.
1416 2736 1472 2777 Et
1490 2741 1549 2777 tu.
