2028 2892
192 224 239 262 10
762 213 958 248 Dominica
986 209 1031 243 ad
1060 205 1291 241 Matutinum.

190 333 285 361 mor
317 331 391 360 ero
419 315 637 357 neminum
662 315 811 354 eerum
839 322 916 362 per
944 307 1001 348 la-

190 376 260 417 bia
279 387 384 416 mea.

243 431 452 472 Deminus
475 440 576 480 pars
599 422 864 467 haereditatis
882 433 1002 468 meae,

192 493 235 529 et
253 486 396 528 calicis
416 485 513 525 mei:
532 484 554 508 *
573 488 619 523 tu
640 494 696 530 es,
716 480 786 532 qui
803 480 1003 520 restitues

192 542 489 584 haereditatem
507 551 647 580 meam
666 536 779 578 mihi.

243 600 384 640 Funes
399 595 644 638 ceciderunt
658 592 760 634 mihi
775 592 817 632 in
827 588 1004 643 praecla-

193 656 265 696 ris:
288 657 311 679 *
337 653 493 695 etenim
523 649 754 692 haereditas
777 659 873 688 mea
896 658 1004 698 prae-

194 712 309 753 clatra
329 715 394 752 est
413 708 525 750 mihi.

245 765 505 808 Benedicam
540 762 791 809 Deminum‚
829 759 901 811 qui
935 758 1006 798 tri-

193 823 286 866 buit
304 822 406 863 mihi
429 820 706 862 intellectum:
725 818 747 842 *
766 819 941 868 insuper
965 818 1007 854 et

195 891 332 932 usque
351 877 406 919 ad
424 883 595 918 noctem
618 874 921 926 increpuerunt
938 882 1008 910 me

196 948 320 977 renes
338 935 432 975 mei.

247 989 533 1032 Providebam
565 986 797 1028 Deminum
833 985 876 1024 in
911 995 1008 1024 con-

198 1049 348 1100 spectu
374 1057 471 1087 meo
499 1056 683 1096 semper:
706 1044 729 1067 *
755 1040 957 1094 quoniam
985 1051 1010 1079 a

199 1103 362 1144 dextris
381 1107 446 1143 est
465 1100 578 1148 mihi,
596 1112 649 1140 ne
669 1099 954 1140 commovear.

248 1160 433 1211 Propter
473 1157 555 1198 hoc
595 1155 788 1196 laetatum
829 1158 894 1194 est
935 1164 1011 1193 cor

199 1228 356 1263 meum,
394 1219 437 1255 et
468 1212 697 1255 exsultavit
728 1211 871 1261 lingua
901 1221 1011 1250 mea:

199 1272 222 1296 *¹
250 1273 423 1323 insuper
451 1275 494 1311 et
521 1280 621 1310 caro
649 1279 744 1308 mea
772 1266 1013 1318 requiescet

200 1327 242 1367 in
262 1339 348 1379 spe.

252 1382 463 1433 Quoniam
498 1393 584 1422 non
621 1379 892 1431 derelinques
929 1378 1013 1419 ani-

201 1452 315 1480 mam
342 1451 482 1479 meam
509 1437 551 1478 in
578 1436 758 1477 inferno:
785 1436 808 1461 *
834 1447 914 1476 nec
943 1434 1013 1476 da-

202 1494 268 1536 bis
304 1499 497 1535 sanctum
534 1498 653 1534 tuum
689 1491 835 1533 videre
869 1503 1013 1532 corru-

202 1551 403 1603 ptionem.

252 1607 391 1648 Notas
413 1605 515 1646 mihi
538 1605 675 1646 fecisti
694 1605 785 1646 vias
803 1605 919 1653 vitae,
943 1603 1014 1645 ad-

203 1661 401 1715 implebis
420 1675 488 1703 me
507 1661 655 1702 laetitia
674 1674 771 1702 cum
786 1660 907 1702 vultu
925 1665 1016 1702 tuo:

204 1719 227 1744 *
253 1718 560 1760 delectatiOnes
584 1718 626 1758 in
651 1716 829 1758 dextera
852 1722 926 1758 tua
950 1729 1016 1757 us-

207 1787 290 1827 que
309 1774 351 1815 in
371 1774 509 1815 finem.

261 1844 339 1884 I’er
352 1845 530 1884 Annum.
552 1844 647 1883 Ant.
671 1843 889 1882 Bonorum
903 1842 1018 1882 meo-

207 1911 302 1939 rum
316 1910 402 1939 non
417 1897 593 1947 indiges,
608 1898 650 1938 in
665 1902 708 1938 te
724 1897 905 1950 speravi,
921 1910 1019 1938 con·

208 1955 332 1995 serva
350 1966 420 1995 me
438 1954 633 1995 Demine.

263 2023 359 2061 Ant.
388 2021 571 2071 Propter
590 2017 733 2060 verba.

484 2105 676 2144 Psalnius
699 2107 754 2143 16.

211 2161 427 2269 Exaudi
447 2162 630 2204 Demine
649 2164 851 2214 justitiam
869 2177 1024 2206 meam:

298 2220 320 2243 ¹*
331 2217 503 2259 intende
514 2218 862 2270 deprecatiOnem
873 2233 1024 2262 meam.

264 2274 452 2315 Auribus
476 2275 650 2327 percipe
674 2273 915 2314 orationem
938 2285 1023 2313 me-

213 2342 293 2378 am,
311 2331 333 2355 *
353 2342 438 2371 non
457 2330 498 2370 in
517 2329 641 2371 labiis
661 2328 836 2370 dolesis.

265 2385 331 2426 De
367 2385 486 2427 vultu
526 2391 600 2427 tuo
641 2384 843 2436 judicium
883 2397 1026 2425 meum

215 2440 413 2536 pgodeat:
435 2443 457 2466 *
481 2442 593 2483 oculi
615 2442 677 2483 tui
700 2440 875 2482 videant
897 2441 1027 2492 aequi-

215 2502 233 2537 t
263 2502 338 2537 tes.

267 2551 465 2594 Probasti
491 2565 564 2594 cor
588 2566 750 2601 meum,
780 2558 822 2594 et
846 2552 1028 2593 visitasti

217 2613 357 2650 nocte:
371 2610 393 2633 *
409 2609 504 2658 igne
519 2621 586 2649 me
602 2609 867 2657 examinasti,
886 2614 928 2649 et
943 2620 1029 2649 non

218 2669 284 2704 est
303 2664 473 2705 inventa
492 2665 533 2704 in
552 2678 620 2706 me
639 2665 851 2717 iniquitas.

270 2719 327 2761 Ut
345 2732 429 2760 non
448 2720 649 2772 loquatur
669 2733 717 2762 os
735 2734 879 2762 meum
898 2723 1031 2772 epera

1053 302 1289 345 hominum:
1316 299 1339 323 *
1368 299 1550 350 propter
1581 290 1716 334 verba
1742 287 1876 330 labio-

1054 373 1148 401 rum
1189 358 1364 399 tuorum
1406 363 1487 403 ego
1530 345 1747 391 custodivi
1783 344 1878 387 vias

1057 416 1198 458 duras.

1106 470 1272 512 Perfice
1299 478 1475 519 gressus
1498 474 1621 504 meos
1644 461 1688 501 in
1713 457 1879 500 semitis

1056 529 1154 571 tuis:
1177 528 1201 553 *
1226 531 1273 567 ut
1296 537 1383 565 non
1412 521 1668 563 moveantur
1695 513 1880 566 vestigia

1056 597 1162 626 mea.

1108 646 1202 695 Ego
1223 639 1418 689 clamavi,
1440 637 1643 691 queniam
1664 631 1882 677 exaudisti

1057 715 1126 743 me
1157 701 1296 742 Deus:
1327 699 1350 723 *
1381 695 1539 737 inclina
1579 704 1729 734 aurem
1760 694 1881 732 tuam

1058 757 1172 807 mihi,
1193 762 1235 798 et
1255 752 1413 797 exaudi
1431 749 1565 793 verba
1583 761 1691 790 mea.

1109 817 1291 860 Mirifica
1309 810 1631 856 misericordias
1645 814 1754 859 tuas,
1769 808 1792 834 *
1809 806 1884 860 qui

1060 875 1204 916 salvos
1223 873 1329 914 facis
1348 871 1575 924 sperantes
1593 867 1637 908 in
1655 871 1711 908 te.

1112 937 1151 977 A
1170 931 1472 977 resistentibus
1491 929 1684 971 dexterae
1704 931 1793 969 tuae
1812 937 1883 967 cu-

1062 991 1177 1035 stodi
1195 1004 1275 1040 me,
1294 991 1317 1015 *
1337 993 1385 1030 ut
1402 985 1612 1041 pupillam
1633 983 1759 1026 oculi.

1113 1052 1200 1095 Sub
1225 1050 1378 1093 umbra
1403 1048 1567 1090 alarum
1591 1047 1766 1088 matum
1784 1044 1884 1098 pro-

1062 1116 1160 1161 tege
1191 1122 1275 1150 me:
1298 1108 1320 1132 *
1345 1119 1370 1147 a
1402 1105 1512 1146 facie
1543 1103 1779 1156 impierum
1812 1099 1887 1154 qui

1063 1179 1132 1208 me
1152 1166 1406 1207 afflixerunt.
1874 1189 1877 1191 .

1114 1226 1281 1268 Inimici
1308 1224 1394 1265 mei
1422 1222 1609 1263 animam
1636 1233 1780 1262 meam
1807 1217 1886 1261 cir-

1065 1282 1393 1329 cumdederunt,
1427 1277 1602 1331 adipem
1630 1290 1757 1319 suum
1785 1287 1886 1318 con-

1066 1340 1298 1382 cluserunt:
1316 1339 1339 1363 *
1360 1349 1410 1379 os
1435 1337 1586 1377 eorum
1603 1334 1802 1376 locutum
1821 1335 1888 1374 est

1066 1396 1325 1450 superbiam.

1116 1457 1395 1510 Projicientes
1418 1465 1488 1494 me
1511 1466 1625 1494 nunc
1650 1449 1887 1494 circumde-

1066 1514 1222 1556 derunt
1251 1526 1335 1554 me:
1358 1512 1381 1537 *
1410 1508 1560 1551 oculos
1592 1522 1697 1551 suos
1729 1507 1889 1550 statue-

1066 1576 1166 1612 runt
1184 1569 1403 1612 declinare
1421 1568 1465 1609 in
1483 1570 1662 1608 terram
1731 1581 1739 1585 ·

1117 1632 1410 1684 Susceperunt
1432 1642 1502 1671 me
1527 1628 1640 1670 sicut
1666 1627 1737 1669 leo
1765 1625 1890 1679 para-

1068 1693 1137 1730 tus
1162 1687 1218 1728 ad
1241 1686 1452 1740 praedam:
1469 1687 1493 1712 *
1513 1690 1556 1727 et
1584 1685 1697 1727 sicut
1719 1680 1891 1725 catulus

1068 1744 1206 1786 leonis
1224 1742 1423 1785 habitans
1442 1744 1486 1784 in
1505 1741 1676 1784 abditis.

1121 1801 1318 1851 Exsurge
1335 1800 1537 1849 Domine,
1561 1796 1757 1852 praeveni
1781 1808 1892 1845 eum,

1070 1862 1113 1899 et
1132 1856 1364 1910 supplanta
1384 1869 1497 1898 eum:
1515 1856 1538 1881 *
1558 1855 1679 1908 eripe
1704 1853 1893 1895 animam

1070 1926 1211 1955 meam
1231 1912 1284 1955 ab
1304 1913 1450 1965 impio,
1469 1913 1679 1954 frameam
1697 1915 1819 1953 tuam
1837 1907 1893 1951 ab

1071 1970 1254 2011 inimicis
1272 1982 1424 2011 manus
1443 1974 1542 2010 tuae.

1122 2030 1310 2071 Domine
1329 2043 1354 2071 a
1373 2031 1524 2083 paucis
1544 2029 1600 2071 de
1614 2034 1731 2071 terra
1747 2024 1895 2069 divide

1074 2099 1150 2128 eos
1182 2087 1224 2127 in
1257 2087 1345 2128 vita
1379 2089 1545 2128 eerum:
1572 2087 1595 2111 *
1623 2084 1679 2127 de
1713 2083 1894 2126 abscon-

1075 2142 1175 2184 ditis
1215 2143 1299 2184 tuis
1341 2143 1603 2196 adimpletus
1640 2146 1707 2184 est
1742 2144 1896 2182 venter

1075 2201 1235 2240 eorum.

1125 2260 1315 2302 Saturati
1339 2265 1438 2301 sunt
1463 2259 1576 2301 filiis:
1600 2260 1623 2286 *
1649 2264 1693 2301 et
1723 2258 1896 2300 dimise-

1076 2322 1174 2357 runt
1192 2315 1397 2368 reliquias
1415 2329 1514 2357 suas
1533 2315 1726 2369 parvulis
1745 2315 1845 2356 suis.

1127 2377 1220 2427 Ego
1250 2382 1394 2418 autem
1422 2377 1465 2417 in
1489 2378 1649 2429 justitia
1673 2375 1897 2430 apparebo

1078 2433 1329 2485 conspectui
1347 2438 1437 2474 tuo:
1456 2434 1478 2459 *
1494 2433 1687 2475 satiabor
1706 2445 1806 2475 cum
1824 2445 1897 2485 ap-

1078 2489 1269 2540 paruerit
1287 2488 1426 2539 gloria
1443 2495 1528 2531 tua.

1131 2551 1211 2591 Per
1229 2552 1410 2590 Annum.
1436 2551 1533 2591 Ant.
1560 2551 1751 2603 Propter
1766 2547 1900 2591 verba

1079 2604 1291 2646 labiorum
1335 2607 1509 2647 tuorum
1555 2619 1635 2657 ego
1683 2604 1901 2648 custodivi

1080 2661 1171 2701 vias
1191 2661 1333 2702 duras.

1132 2722 1166 2760 A
1174 2727 1228 2761 nt.
1258 2721 1446 2772 Diligam
1463 2727 1518 2763 te.
