2066 2904
600 147 810 182 Commune
836 144 1083 180 Confessoris
1107 154 1185 177 non
1210 143 1419 177 Pontificis.

419 248 618 289 Psalmus
646 247 709 287 23.

151 305 373 410 Demini
404 309 471 347 est
502 308 637 353 terra,
677 308 721 344 et
750 302 979 355 plenitudo

255 363 360 414 ejus:
380 362 405 389 *
424 360 544 402 orbis
564 361 796 408 terrarum,
826 363 870 399 et
889 358 979 399 uni-

151 419 268 460 versi
289 418 364 470 qui
381 416 581 458 habitant
597 416 643 456 in
663 427 728 456 eo.

204 479 316 529 Quia
338 478 435 530 ipse
461 489 593 528 super
618 475 756 516 maria
781 473 981 515 fundavit

152 548 264 576 eum:
295 535 319 560 *
353 538 396 574 et
431 545 564 584 super
601 531 780 573 flumina
812 543 981 582 praepa-

151 590 264 631 ravit
292 602 402 630 eum.

203 646 310 695 Quis
345 643 554 685 ascendet
589 643 633 683 in
666 647 861 684 montem
894 642 981 682 Do-

151 699 278 742 mini?
314 702 338 728 *
373 704 448 742 aut
489 700 585 752 quis
626 698 759 740 stabit
798 698 842 738 in
881 698 982 739 loco

153 762 306 798 sancto
336 754 451 808 ejus?

202 814 419 854 Innocens
436 810 638 860 manibus
658 814 702 852 et
719 809 884 851 mundo
899 822 985 851 cor-

153 869 220 919 de,
239 870 264 896 *
284 869 358 920 qui
384 880 474 909 non
501 867 671 919 accepit
694 866 738 907 in
757 879 871 907 vano
897 866 982 906 ani-

151 938 269 966 mam
304 937 447 972 suam,
488 936 570 964 nec
607 922 764 974 juravit
799 922 843 962 in
879 921 982 963 dolo

151 981 354 1034 preximo
383 992 475 1021 suo.

203 1037 290 1078 Hic
335 1036 521 1088 accipiet
559 1034 914 1076 benedictionem
959 1047 984 1075 a

153 1093 358 1134 Domino:
374 1094 398 1119 *
417 1096 461 1133 et
480 1090 826 1132 misericordiam
845 1103 871 1131 a
885 1091 983 1131 Deo

154 1149 333 1191 salutari
361 1161 452 1190 suo.

205 1206 316 1246 Haec
348 1209 415 1246 est
441 1204 666 1254 generatio
697 1203 985 1255 quaerentium

156 1275 271 1312 eum,
312 1262 335 1287 *
378 1260 668 1312 quaerentium
707 1259 865 1300 faciem
900 1259 986 1300 Dei

154 1317 304 1359 Jacob.

207 1373 410 1415 Attellite
455 1376 608 1424 portas
651 1371 872 1423 principes
914 1383 984 1411 ve-

157 1435 284 1479 stras,
313 1434 356 1471 et
384 1427 615 1470 elevamini
641 1431 784 1479 portae
804 1429 985 1468 aeterna-

155 1486 238 1527 les:
266 1487 290 1512 *
318 1490 362 1526 et
388 1483 586 1525 introibit
612 1483 711 1524 Rex
737 1482 901 1533 gleriae.

209 1546 316 1596 Quis
345 1550 411 1587 est
437 1545 520 1586 iste
540 1544 639 1590 Rex
659 1542 834 1594 gloriae?
855 1545 879 1570 *
898 1543 986 1584 Do-

156 1602 298 1643 minus
330 1600 456 1643 fortis
493 1605 537 1642 et
563 1604 737 1652 potens:
772 1599 987 1640 Deminus

156 1662 316 1711 potens
342 1657 387 1698 in
414 1656 580 1709 praelio.

209 1717 412 1769 Attellite
459 1721 612 1769 portas
654 1715 875 1768 principes
917 1729 987 1757 ve-

157 1779 288 1824 stram,
316 1778 360 1815 et
388 1772 618 1814 elevamini
640 1776 783 1824 portae
806 1774 987 1813 aeterna-

156 1829 237 1871 les:
264 1831 288 1857 *
317 1834 361 1871 et
387 1827 585 1870 introibit
611 1828 710 1869 Rex
737 1827 901 1878 gleriae.

211 1889 317 1943 Quis
346 1894 413 1931 est
439 1889 522 1930 iste
542 1889 640 1929 Rex
663 1886 838 1938 gloriae?
859 1890 882 1915 *
900 1888 988 1929 Do-

87 1967 91 1968 *
157 1946 300 1986 minus
326 1945 537 1986 virtutum
563 1944 659 1996 ipse
688 1948 755 1985 est
774 1944 873 1985 Rex
899 1944 989 1994 glo-

159 2014 247 2042 r1ae.

212 2061 313 2102 Ant.
360 2061 444 2102 Hic
491 2060 680 2112 accipiet
720 2059 989 2101 benedictio-

160 2130 262 2159 nem
289 2130 314 2158 a
332 2117 541 2166 Demino,
570 2121 614 2157 et
641 2115 991 2156 misericerdiam

161 2186 186 2214 a
210 2173 307 2214 Deo
335 2172 517 2214 salutari
546 2184 643 2212 suo:
671 2171 774 2223 quia
800 2170 897 2212 haec
924 2176 991 2212 est

160 2229 386 2280 generatio
408 2228 698 2280 quaerentium
716 2227 965 2268 Deminum.

213 2288 264 2340 V.
286 2293 380 2334 Lex
398 2292 482 2334 Dei
506 2292 596 2343 ejus
619 2292 663 2332 in
686 2291 823 2333 corde
842 2291 992 2344 ipsius.

161 2350 213 2402 R.
244 2350 301 2390 Et
328 2361 417 2390 non
446 2346 846 2400 supplantabuntur
876 2360 991 2399 gres-

163 2417 237 2445 sus
260 2418 361 2456 ejus.

218 2465 348 2506 Pater
367 2465 527 2506 noster.

214 2527 461 2568 Absolutio.
489 2528 529 2567 A
548 2524 746 2566 vinculis.

214 2581 266 2631 V.
293 2584 406 2626 Jube
426 2584 599 2625 domne.

218 2645 380 2686 Bened.
407 2642 674 2694 Evangelica
696 2642 838 2683 lectio.

1035 241 1189 284 Lectio
1210 241 1351 282 sancti
1369 239 1598 291 Evangelii
1622 237 1867 280 secundum

1359 297 1536 337 Lucam.

1140 365 1292 405 Lectio
1314 364 1382 404 vii.
1533 363 1635 415 Cap.
1653 363 1709 402 12.
1730 374 1764 402 e.

1032 422 1110 527 In
1137 421 1214 462 illo
1243 423 1463 474 tempore:
1495 421 1620 461 Dixit
1647 421 1671 460 J
1675 433 1776 461 esus
1806 419 1867 460 di-

1104 477 1283 530 scipulis
1308 477 1413 518 suis:
1440 477 1537 518 Sint
1563 475 1703 516 lumbi
1731 475 1868 517 vestri

1033 534 1280 586 praecincti,
1308 538 1352 574 et
1380 533 1572 574 lucernae
1594 532 1801 573 ardentes
1823 532 1868 571 in

1034 590 1237 631 manibus
1259 589 1430 630 vestris.
1462 589 1520 630 Et
1544 588 1724 639 reliqua.

1081 667 1273 711 Homilia
1293 666 1433 708 sancti
1454 665 1660 717 Gregorii
1678 665 1825 717 Papae.

1226 734 1398 770 Homilia
1418 736 1465 770 13.
1484 735 1523 769 in
1539 736 1685 778 Evang.

1040 792 1255 854 5ΊᾶῙκ;’[ἰ
1275 791 1522 842 Evangelii,
1550 790 1708 831 fratres
1738 791 1868 830 caris-

1037 845 1124 915 ὃ
1153 848 1267 897 simi,
1301 849 1455 900 aperta
1483 846 1611 887 vobis
1641 851 1708 887 est
1735 845 1868 886 lectio

1046 909 1100 931 >U
1118 925 1123 928 2
1153 904 1349 945 recitata.
1368 903 1457 945 Sed
1470 916 1525 944 ne
1541 901 1761 954 aliquibus
1774 901 1870 953 ipsa

1037 962 1129 1012 ejus
1157 960 1363 1012 planities
1392 959 1481 1000 alta
1508 959 1698 999 fortasse
1723 957 1870 998 videa-

1036 1022 1124 1066 tur,
1153 1029 1249 1057 eam
1269 1015 1351 1056 sub
1371 1015 1591 1056 brevitate
1611 1013 1870 1055 transcurri-

1035 1086 1150 1123 mus,
1188 1074 1405 1123 quatenus
1439 1072 1530 1123 ejus
1559 1070 1781 1122 expositio
1809 1069 1871 1110 ita

1037 1127 1336 1170 nescientibus
1355 1128 1432 1168 fiat
1450 1127 1638 1178 cegnita,
1656 1131 1705 1166 ut
1723 1130 1872 1167 tamen

1038 1184 1279 1226 scientibus
1301 1196 1391 1224 non
1411 1184 1469 1224 sit
1488 1184 1689 1224 onerosa.
1722 1182 1872 1222 Domi-

1038 1254 1120 1281 nus
1148 1240 1271 1282 dicit:
1306 1240 1402 1280 Sint
1429 1239 1569 1280 lumbi
1596 1238 1734 1279 vestri
1762 1251 1872 1290 prae-

1039 1297 1183 1338 cincti.
1204 1295 1402 1337 Lumbos
1418 1296 1534 1336 enim
1549 1294 1872 1347 praecingimus,

1039 1366 1139 1394 cum
1159 1352 1303 1393 carnis
1320 1352 1540 1392 luxuriam
1554 1364 1634 1403 per
1650 1351 1873 1391 continen-

1039 1410 1146 1450 tiam
1166 1410 1457 1449 coarctamus.
1490 1407 1578 1448 Sed
1603 1407 1707 1458 quia
1729 1407 1873 1446 minus

1040 1470 1119 1514 est,
1133 1464 1249 1505 mala
1260 1477 1349 1505 non
1361 1466 1503 1515 agere,
1518 1464 1602 1504 nisi
1613 1463 1747 1504 etiam
1759 1463 1873 1513 quis-

1041 1534 1126 1573 que
1146 1520 1339 1569 studeat,
1365 1525 1408 1561 et
1432 1519 1560 1560 bonis
1582 1518 1793 1571 operibus
1813 1518 1874 1558 in-

1041 1577 1212 1626 sudare,
1231 1577 1436 1628 protinus
1451 1575 1644 1617 additur:
1662 1575 1720 1615 Et
1738 1574 1874 1615 lucer-

1039 1647 1110 1678 nae
1144 1632 1351 1674 ardentes
1381 1632 1426 1672 in
1466 1631 1669 1672 manibus
1704 1630 1875 1671 vestris.

1040 1689 1264 1730 Lucernas
1292 1688 1458 1740 quippe
1484 1687 1690 1728 ardentes
1716 1687 1761 1726 in
1786 1688 1874 1726 ma-

1041 1744 1171 1786 nibus
1182 1745 1394 1793 tenemus,
1410 1756 1510 1784 cum
1520 1756 1600 1795 per
1611 1742 1729 1784 bona
1740 1745 1877 1794 epera

1040 1801 1256 1853 preximis
1302 1800 1467 1841 nostris
1516 1799 1627 1840 lucis
1673 1798 1876 1850 exempla

1042 1859 1350 1898 monstramus.
1385 1856 1454 1896 De
1483 1855 1644 1906 quibus
1672 1854 1875 1907 profecto

1043 1912 1254 1965 operibus
1262 1912 1480 1953 Deminus
1489 1910 1612 1952 dicit:
1621 1911 1789 1951 Luceat
1800 1910 1875 1950 lux

1042 1973 1191 2010 vestra
1205 1981 1357 2009 coram
1366 1967 1631 2016 hominibus,
1639 1972 1688 2007 ut
1697 1965 1875 2006 videant

1045 2027 1182 2077 opera
1208 2030 1358 2066 vestra
1385 2023 1519 2073 bona,
1553 2028 1598 2064 et
1629 2022 1876 2074 glorificent

1042 2080 1222 2122 Patrem
1241 2084 1440 2121 vestrum
1461 2079 1536 2131 qui
1554 2079 1598 2119 in
1619 2078 1745 2119 coelis
1766 2082 1844 2118 est.

1097 2141 1150 2193 R.
1178 2141 1271 2182 Iste
1297 2145 1365 2182 est
1397 2140 1472 2191 qui
1494 2144 1596 2180 ante
1619 2139 1764 2179 Deum
1788 2150 1876 2178 ma-

1044 2209 1152 2248 gnas
1177 2197 1364 2238 virtutes
1394 2198 1604 2248 operatus
1634 2199 1718 2244 est,
1752 2198 1796 2235 et
1822 2192 1877 2234 de

1045 2252 1166 2293 omni
1203 2251 1340 2293 corde
1379 2264 1459 2293 suo
1497 2250 1695 2291 laudavit
1727 2249 1877 2290 Demi-

1044 2321 1166 2349 num:
1183 2310 1207 2333 *
1227 2308 1331 2360 Ipse
1354 2306 1601 2349 intercedat
1619 2317 1701 2358 pro
1721 2305 1877 2357 pecca-

1045 2365 1103 2404 tis
1132 2364 1329 2405 emnium
1356 2362 1634 2415 populorum.
1678 2355 1729 2407 V.
1759 2361 1876 2402 Ecce

1044 2419 1179 2461 homo
1201 2420 1295 2461 sine
1319 2418 1512 2470 querela,
1536 2430 1667 2459 verus
1686 2417 1771 2459 Dei
1791 2417 1878 2458 cul·

1045 2480 1132 2525 tor,
1164 2476 1390 2516 abstinens
1423 2487 1472 2515 se
1504 2473 1560 2515 ab
1591 2474 1711 2515 omni
1742 2475 1878 2526 opere

1045 2531 1178 2580 malo,
1205 2535 1249 2572 et
1274 2532 1539 2583 permanens
1562 2530 1607 2570 in
1626 2529 1879 2571 innocentia

1046 2599 1135 2627 sua.
1170 2588 1284 2639 Ipse.
1824 2591 1826 2593 “

1099 2643 1260 2684 Bened.
1292 2644 1424 2694 Cujus
1443 2642 1606 2683 festum
1625 2641 1822 2683 colimus.
