2028 2892
705 162 811 195 [ἔω-ιιι
837 165 968 205 quinta
994 165 1040 198 ad
1068 165 1301 201 Matutinum.
1798 162 1843 196 79

198 251 250 291 In
271 250 382 292 mari
409 250 480 292 via
507 255 593 301 tua,
622 257 666 293 et
686 253 853 295 semitae
881 259 969 295 tuae

146 307 190 347 in
218 307 344 359 aquis
371 307 536 348 multis:
565 309 588 335 *
611 313 654 349 et
683 310 867 361 vestigia
894 316 970 351 tua

145 375 232 404 non
260 365 596 414 cognoscentur.

196 423 431 466 Deduxisti
467 425 581 466 sicut
618 437 724 466 oves
758 427 969 479 p6pulum

145 485 279 530 tuum,
296 482 320 508 *
339 481 382 521 in
404 494 535 522 manu
563 481 707 534 Moysi
737 487 780 524 et
808 483 968 524 Aaron.

415 567 613 607 psalmus
643 568 704 607 77.

224 646 412 688 ttendite
457 647 622 700 p6pule
663 661 786 690 meus
827 649 968 700 legem

264 716 422 745 meam:
441 706 465 731 *
486 704 691 746 inclinate
720 718 869 746 aurem
898 719 967 747 ve-

116 765 120 770 '
143 763 279 801 stram
306 760 350 800 in
379 760 513 802 verba
542 761 632 801 oris
659 761 756 802 mei.

194 816 403 868 Aperiam
423 817 467 857 in
488 817 712 869 parabolis
733 830 782 858 os
807 831 967 859 meum:

142 872 342 924 *loquar
368 873 697 926 propositienes
726 874 780 915 ab
809 875 943 915 initio.

197 929 368 978 Quanta
403 929 648 971 audivimus
683 935 726 972 et
762 932 966 982 cognovi-

141 998 238 1026 mus
268 998 333 1027 ea:
361 987 385 1013 *
405 991 448 1027 et
475 991 625 1039 patres
653 988 794 1028 nostri
821 1001 964 1029 narra-

141 1043 297 1083 verunt
324 1042 465 1084 nobis.

190 1098 293 1140 Non
322 1104 422 1141 sunt
455 1099 675 1141 occultata
705 1113 730 1141 a
762 1100 863 1141 filiis
895 1102 964 1142 εό-

139 1167 246 1205 rum,
274 1156 298 1183 *
324 1156 369 1196 in
397 1156 681 1206 generatidne
709 1156 857 1198 altera.

190 1211 431 1254 Narrantes
447 1212 600 1254 laudes
616 1213 806 1262 Domini,
827 1218 870 1254 et
882 1214 963 1254 vir-

137 1270 255 1309 tutes
277 1269 380 1321 ejus,
400 1270 423 1295 *
443 1273 487 1310 et
506 1269 723 1310 mirabilia
741 1270 843 1321 ejus,
864 1282 963 1321 quae

136 1323 252 1366 fecit.

188 1380 245 1422 Et
265 1381 495 1423 suscitavit
514 1381 816 1423 testimenium
834 1383 877 1423 in
893 1384 918 1423 J
921 1396 960 1424 a-

136 1436 237 1478 cob:
265 1438 289 1464 *
318 1442 361 1479 et
387 1437 529 1489 legem
556 1438 707 1490 p6suit
734 1438 777 1479 in
805 1439 953 1480 Israel.

188 1493 362 1543 Quanta
391 1493 617 1535 mandavit
651 1494 851 1547 patribus
885 1508 960 1537 no-

136 1549 240 1591 stris
270 1554 377 1591 nota
410 1550 556 1592 facere
584 1563 636 1592 ea
663 1550 766 1592 filiis
803 1551 909 1593 suis:
937 1554 960 1580 *

133 1610 183 1647 ut
211 1608 451 1657 cognoscat
477 1607 704 1658 generatio
733 1607 882 1649 altera.

186 1662 286 1703 Filii
302 1663 377 1715 qui
390 1665 636 1712 nascentur,
653 1668 696 1704 et
712 1667 960 1716 exsurgent,

137 1719 161 1746 *
189 1723 233 1760 et
260 1718 501 1761 narrabunt
527 1719 630 1760 filiis
659 1720 761 1770 suis,

188 1775 249 1817 Ut
275 1780 443 1828 ponant
477 1776 522 1816 in
548 1776 645 1817 Deo
673 1789 797 1828 spem
825 1790 959 1827 suam,

137 1835 182 1873 et
207 1844 296 1872 non
317 1831 632 1874 obliviscantur
657 1834 841 1885 Operum
860 1834 959 1875 Dei:

136 1889 160 1915 *
189 1892 233 1929 et
259 1888 467 1931 mandata
495 1890 585 1942 ejus
614 1891 855 1941 exquirant.

186 1944 254 1986 Ne
280 1945 388 1987 fiant
415 1945 529 1987 sieut
556 1950 706 1998 patres
739 1947 905 1987 e6rum:
933 1947 957 1973 *

134 2002 360 2052 generatio
388 2014 525 2055 prava
554 2006 597 2043 et
626 2004 901 2054 exasperans.

187 2057 436 2108 Generatio,
465 2071 564 2110 quae
583 2070 672 2099 non
702 2057 861 2100 direxit
881 2071 958 2100 cor

134 2126 275 2154 suum:
303 2115 327 2142 *
355 2118 399 2156 et
426 2127 514 2156 non
542 2119 609 2156 est
637 2114 830 2156 creditus
859 2121 957 2156 cum

132 2169 230 2211 Deo
259 2170 439 2223 spiritus
468 2172 569 2223 ejus.

183 2226 283 2267 Filii
333 2226 528 2279 Ephrem
580 2226 856 2269 intendentes
912 2232 956 2268 et

131 2282 356 2324 mittentes
384 2296 547 2324 areum:
575 2285 599 2311 *
626 2283 827 2325 conversi
855 2288 955 2325 sunt

130 2337 175 2378 in
203 2338 274 2380 die
302 2338 418 2381 belli.

181 2394 283 2436 Non
311 2395 614 2437 custodierunt
643 2397 954 2437 testamentum

129 2450 227 2492 Dei:
260 2453 284 2479 *
313 2457 356 2494 et
389 2452 434 2492 in
466 2452 562 2503 lege
596 2453 686 2503 ejus
720 2451 953 2492 noluerunt

129 2506 364 2550 ambulare.

179 2563 236 2605 Et
247 2564 373 2606 obliti
390 2569 490 2605 sunt
507 2563 837 2605 benefactorum
849 2564 951 2614 ejus,

1075 255 1233 296 Coram
1252 256 1450 308 patribus
1470 259 1621 298 earum
1640 258 1742 299 fecit
1766 258 1841 298 mi-

1021 311 1176 352 rabilia
1198 312 1240 351 in
1255 317 1371 353 terra
1387 314 1578 365 AEgypti‚
1590 316 1613 341 *
1624 314 1667 354 in
1683 327 1838 366 eampo

1021 368 1208 409 Taneos.

1072 425 1312 476 Interrupit
1329 437 1458 474 mare,
1476 430 1518 466 et
1530 426 1734 478 perduxit
1748 439 1839 468 eos:

1021 482 1044 507 *
1073 485 1116 521 et
1144 481 1298 522 statuit
1325 494 1460 533 aquas
1490 483 1614 533 quasi
1641 483 1684 523 in
1706 488 1813 525 utre.

1071 537 1127 578 Et
1157 537 1339 579 deduxit
1367 550 1443 579 eos
1472 538 1515 578 in
1543 539 1656 580 nube
1685 539 1787 580 diei:
1815 542 1838 567 *

1021 598 1064 634 et
1079 598 1174 635 tota
1189 599 1319 635 noete
1334 594 1377 634 in
1392 594 1706 636 illuminatic'me
1716 596 1838 647 ignis.

1071 651 1310 702 Interrupit
1343 655 1514 702 petram
1547 651 1590 691 in
1627 653 1785 692 eremo:
1814 654 1836 679 *

1021 711 1064 747 et
1093 706 1328 758 adaquavit
1357 719 1434 747 eos
1462 707 1580 748 velut
1608 707 1650 747 in
1676 707 1835 760 abysso

1018 763 1165 803 multa.

1070 819 1126 860 Et
1155 819 1305 860 eduxit
1333 832 1490 871 aquam
1518 819 1573 861 de
1599 825 1736 872 petra:
1756 822 1778 847 *
1795 826 1837 861 et

1020 875 1202 916 deduxit
1229 880 1452 927 tamquam
1481 876 1657 917 flumina
1689 889 1835 928 aquas.

1070 932 1125 972 Et
1154 934 1452 984 apposuerunt
1483 932 1625 973 adhue
1652 935 1835 984 peecare

1019 988 1073 1029 ei:
1101 990 1124 1015 *
1152 988 1196 1028 in
1223 988 1331 1028 iram
1360 988 1657 1029 excitaverunt
1685 989 1834 1029 Excel—

1019 1057 1114 1085 sum
1143 1045 1186 1084 in
1213 1045 1439 1096 inaquoso.

1069 1102 1125 1142 Et
1152 1103 1430 1142 tentaverunt
1457 1102 1600 1142 Deum
1627 1102 1670 1141 in
1695 1101 1834 1142 cerdi—

1015 1157 1098 1198 bus
1127 1157 1226 1207 suis,
1250 1159 1274 1184 *
1295 1162 1343 1198 ut
1370 1159 1570 1209 peterent
1599 1171 1720 1199 escas
1748 1158 1833 1198 ani-

1015 1213 1169 1255 mabus
1200 1213 1300 1254 suis.

1067 1271 1124 1311 Et
1151 1270 1264 1311 male
1292 1270 1428 1311 locuti
1457 1275 1557 1311 sunt
1589 1270 1643 1311 de
1670 1271 1781 1311 Deo:
1810 1272 1833 1297 *

1016 1326 1235 1367 dixerunt:
1273 1326 1497 1378 Numquid
1524 1327 1687 1378 peterit
1713 1328 1831 1368 Deus

1014 1385 1170 1434 parare
1194 1395 1388 1423 mensam
1414 1383 1457 1423 in
1485 1382 1683 1424 deserto?

1067 1439 1283 1489 Qudniam
1316 1439 1533 1491 percussit
1567 1444 1751 1491 petram,
1788 1444 1831 1480 et

1013 1495 1232 1535 fluxerunt
1263 1507 1400 1546 aquae,
1420 1497 1443 1522 *
1464 1500 1507 1536 et
1534 1497 1750 1536 torrentes
1778 1495 1830 1535 in-

1012 1551 1299 1592 undaverunt.

1063 1607 1288 1659 Numquid
1304 1612 1347 1648 et
1361 1620 1518 1659 panem
1532 1608 1696 1660 peterit
1715 1608 1828 1657 dare,

1012 1666 1035 1692 *
1059 1670 1134 1706 aut
1151 1667 1307 1717 parare
1327 1677 1521 1705 mensam
1539 1664 1704 1716 populo
1726 1662 1827 1705 suo?

1062 1721 1171 1763 Ideo
1196 1720 1363 1762 audivit
1381 1721 1605 1770 D6minus‚
1634 1725 1677 1762 et
1697 1720 1827 1762 distu-

1010 1777 1076 1819 lit:
1103 1779 1126 1805 *
1150 1782 1193 1819 et
1220 1777 1332 1828 ignis
1361 1779 1569 1818 accensus
1598 1781 1664 1817 est
1691 1777 1733 1816 in
1760 1777 1826 1817 Ja-

1011 1833 1106 1883 cob,
1135 1838 1178 1875 et
1205 1833 1270 1874 ira
1297 1832 1495 1874 aseendit
1522 1833 1565 1873 in
1592 1832 1741 1873 Israel:

1062 1890 1173 1940 Quia
1200 1902 1288 1931 non
1310 1889 1589 1931 erediderunt
1616 1889 1659 1929 in
1686 1889 1826 1939 Deo,*

1009 1959 1090 1988 nec
1119 1947 1404 1999 speraverunt
1439 1946 1482 1986 in
1511 1945 1688 1986 salutari
1721 1946 1824 1996 ejus:

1059 2004 1115 2044 Et
1136 2001 1359 2043 mandavit
1380 2001 1567 2042 nubibus
1589 2001 1786 2053 desuper,
1801 2002 1823 2027 *

1009 2064 1052 2101 et
1080 2060 1229 2111 januas
1258 2058 1359 2100 eoeli
1383 2058 1563 2110 aperuit.

1058 2116 1115 2157 Et
1142 2115 1254 2168 pluit
1282 2114 1367 2155 illis
1388 2126 1543 2154 manna
1572 2112 1627 2154 ad
1646 2111 1820 2153 mandu-

1006 2171 1234 2221 candum‚*
1245 2175 1289 2215 et
1305 2183 1462 2223 panem
1482 2169 1580 2210 coeli
1601 2167 1721 2209 dedit
1749 2168 1820 2209 eis.

1056 2228 1219 2269 Panem
1251 2226 1519 2277 Angeldrum
1546 2223 1821 2265 manducavit

1004 2283 1152 2325 homo:
1184 2285 1208 2311 *
1239 2282 1403 2324 cibaria
1431 2281 1549 2322 misit
1581 2280 1642 2321 eis
1676 2279 1720 2319 in
1748 2279 1819 2321 ab·

1003 2340 1222 2381 undantia.

1054 2395 1298 2437 Tra’nstulit
1325 2394 1534 2435 Austrum
1562 2391 1616 2433 de
1641 2390 1769 2432 eoe10:
1794 2392 1818 2418 *

1002 2457 1046 2493 et
1072 2451 1242 2493 induxit
1267 2451 1309 2490 in
1328 2449 1487 2489 virtute
1509 2460 1586 2488 sua
1609 2447 1816 2488 Africum.

1052 2509 1109 2549 Et
1134 2507 1246 2560 pluit
1274 2517 1408 2568 super·
1431 2516 1507 2544 eos
1535 2503 1647 2544 sieut
1670 2502 1814 2567 pulve-

1000 2577 1093 2605 rem
1104 2575 1269 2605 carnes:
1282 2563 1305 2588 *
1316 2565 1359 2602 et
1374 2559 1487 2601 sieut
1497 2561 1671 2600 arenam
1683 2559 1814 2599 maris

128 2620 152 2646 *
172 2624 216 2661 et
234 2620 500 2662 mirabilium
521 2621 611 2672 ejus
633 2632 731 2672 quae
756 2618 950 2660 ostendit
995 2619 1192 2660 volatilia
1209 2618 1406 2670 pennata.

129 2686 203 2716 els.

1049 2675 1107 2716 Et
1134 2672 1383 2715 ceciderunt
1408 2671 1451 2711 in
1478 2670 1622 2712 medio
1651 2670 1811 2711 castro-
