2028 2892
821 200 878 233 Ad
906 197 1218 241 ‹lmmplctm-ium.

223 302 272 353 R.
299 300 358 339 br.
393 298 443 338 In
467 309 622 337 manus
645 300 744 336 tuas
768 293 955 334 Domine
974 298 994 319 *

174 352 443 395 Commendo
485 352 685 404 spiritum
723 363 879 391 meum.
938 350 999 389 In.

174 408 221 459 N'.
262 409 503 450 Redemisti
539 420 621 448 nos
655 407 845 447 Domine
878 406 999 446 Deus

173 466 378 508 veritatis.
415 463 697 506 Commendo.
742 462 893 504 Gloria
920 462 998 502 Pa-

171 523 236 563 tri.
264 522 325 562 In.

226 576 273 626 Y.
313 581 494 623 Custodi
522 594 603 622 nos
631 581 819 622 Domine
847 584 895 620 ut
922 592 998 631 pu-

172 638 321 691 pillam
337 638 463 679 oculi.
490 640 537 690 R».
559 637 647 679 Sub
664 637 817 678 umbra
831 636 998 677 alarum

171 697 344 736 tuarum
365 697 549 746 protege
568 706 660 734 nos.

222 769 242 812 3
283 771 309 801 ,Υ
339 769 523 810 complet.
551 769 707 802 &alumi
735 776 819 802 autc
848 769 995 802 nomin.

176 818 208 849 in
236 818 346 851 Albis
381 817 525 850 int-lus..
559 828 677 859 usquc
709 818 755 849 ad
788 818 995 850 sabbatum

175 873 259 907 post
289 865 437 898 Festum
459 864 605 897 I'cmcc.
630 866 782 899 exclus„
801 865 872 899 dic.
892 876 995 907 sequ.

230 922 274 972 Rv.
309 921 367 960 br.
409 922 460 962 In
491 934 645 961 manus
679 925 776 961 tuas
810 920 996 961 Domine

171 977 430 1019 commendo
452 977 651 1029 spiritum
669 989 825 1025 meum,
841 981 863 1004 *
881 975 997 1017 Alle—

170 1033 265 1085 luia,
293 1033 473 1085 alleluja.
513 1034 563 1073 In
590 1046 755 1073 manus.
799 1030 846 1080 Υ.
882 1032 996 1074 Red-

171 1090 313 1131 emisti
338 1102 419 1130 nos
443 1089 629 1130 Domine
650 1089 771 1130 Deus
791 1089 997 1130 veritatis.

172 1145 368 1196 Alleluia,
392 1145 574 1196 alleluja.
608 1145 758 1186 Gloria
783 1145 912 1185 Patri.
946 1146 997 1185 In

172 1215 335 1242 manus.

228 1255 274 1305 X'.
300 1257 481 1299 Custodi
513 1270 594 1299 nos
622 1258 810 1299 Domine
840 1263 888 1298 ut
921 1271 996 1310 pu—

170 1313 318 1365 pillam
335 1314 461 1362 oculi,
472 1314 654 1365 alleluja.
682 1319 727 1368 Rv.
738 1313 826 1355 Sub
842 1313 997 1355 umbra

170 1368 337 1410 alarum
361 1371 534 1410 tuarum
557 1372 741 1422 protege
767 1383 859 1419 nos,
886 1369 996 1411 allel.

226 1430 321 1468 Ant.
350 1429 476 1470 Salva
494 1442 586 1471 nos.

344 1502 567 1541 Canticum
598 1503 822 1542 simeonis.

486 1563 571 1596 Luc.
596 1564 625 1595 2.
653 1575 681 1598 c.

264 1627 348 1655 unc
367 1614 547 1656 dimittis
572 1628 746 1656 servum
765 1620 888 1657 tuum
906 1616 994 1657 Do-

264 1671 406 1734 ·mine‚
425 1671 448 1696 *
469 1671 708 1713 secundum
727 1671 909 1713 verbum
931 1677 994 1713 tu-

170 1739 243 1766 um
262 1739 305 1765 1n
326 1739 450 1778 pace:

223 1781 333 1831 Quia
361 1782 562 1824 viderunt
590 1784 704 1825 oculi
727 1785 812 1825 mei
837 1785 859 1809 *
886 1784 994 1826 salu-

171 1838 265 1878 tare
283 1842 416 1879 tuum.

224 1893 353 1943 Quod
385 1896 550 1947 parasti
577 1896 600 1921 *
630 1900 730 1938 ante
762 1896 918 1938 faciem
952 1899 994 1938 o-

171 1949 334 1990 mnium
352 1951 630 2003 populorum:

222 2004 388 2047 Lumen
430 2006 486 2048 ad
527 2008 838 2049 revelationem
882 2009 994 2050 Gen-

171 2061 295 2110 tium,
339 2063 362 2087 *
408 2068 451 2104 et
494 2063 677 2114 gloriam
721 2064 862 2116 plebis
906 2069 995 2106 tuae

171 2116 318 2158 Israel.
345 2141 396 2146 —
426 2119 577 2160 Gloria
595 2120 724 2161 Patri.

229 2179 323 2217 Ant
352 2178 479 2220 Salva
503 2193 583 2221 nos
608 2180 794 2223 Domine
819 2181 994 2233 vigilan-

171 2236 253 2281 tes,
272 2234 443 2276 custodi
462 2248 543 2277 nos
566 2235 846 2279 dormientes:
870 2242 919 2279 ut
937 2238 994 2279 vi-

172 2287 352 2336 gilemus
373 2303 470 2332 cum
486 2291 669 2343 Christo,
689 2298 733 2335 et
752 2294 995 2346 requiesca-

173 2355 268 2384 mus
287 2345 330 2385 in
348 2359 468 2398 pace.

228 2406 263 2443 Ι
269 2420 375 2456 emp
395 2407 424 2444 l'
428 2408 541 2446 isch
534 2408 586 2447 lli
610 2409 783 2449 additur
804 2410 996 2462 Allell'lja.

230 2471 437 2511 Sequi-ntes·
466 2472 599 2505 Preces
627 2484 777 2515 semper
809 2475 995 2508 dicuntur.

179 2523 428 2559 prictcrqtmm
451 2520 482 2551 in
501 2520 635 2553 (micio
657 2521 819 2563 Duplici.
846 2529 877 2555 ct
903 2523 994 2555 infra

177 2567 357 2597 (ῐεῐιινιιςτ
390 2577 473 2608 quac
501 2567 533 2599 in
568 2568 627 2601 ter.
657 2569 776 2602 (mm
807 2570 995 2611 Tempore

177 2611 364 2650 (madriu-t.
386 2619 420 2645 ct
445 2614 478 2646 in
502 2616 818 2659 ‹,›u·.1tu‹›1·‘l'cmp.
842 2618 995 2659 quando

177 2659 290 2692 dictae
316 2667 399 2693 sunt
429 2660 561 2695 l’rcees
595 2664 629 2696 in
659 2664 787 2707 Vcsp.,
819 2664 997 2698 dicuntur

178 2707 286 2739 nuxis
312 2708 482 2746 genibus.

1150 289 1243 342 yrie
1271 288 1447 330 eleison.
1501 285 1676 327 Christe
1708 284 1884 326 eleison.

1174 345 1304 397 Kyrie
1325 344 1501 386 eleison.

1110 404 1236 443 Pater
1255 406 1416 442 noster.
1441 406 1623 441 secreto.

1106 455 1155 506 Y.
1171 459 1229 499 Et
1247 470 1303 499 ne
1320 469 1402 498 nos
1420 455 1604 503 inducas
1622 455 1666 496 in
1681 455 1883 496 tentatio-

1050 529 1162 557 nem.
1192 517 1240 566 Rv.
1257 512 1344 555 Sed
1363 512 1501 554 libera
1518 524 1602 553 nos
1621 524 1646 552 a
1663 511 1794 552 malo.

1100 570 1246 613 Credo
1266 571 1310 611 in
1328 570 1484 610 Deum.
1507 574 1688 610 secreto.

1107 625 1154 676 X'.
1172 627 1325 668 Carnis
1346 624 1724 667 resurrectionem.
1755 626 1804 677 R.
1818 625 1885 667 Vi-

1050 691 1141 726 tam
1156 685 1379 725 aeternam.
1415 683 1570 723 Amen.

1108 738 1153 790 Υ.
1181 738 1448 781 Benedictus
1473 751 1521 779 es
1545 737 1735 779 Domine
1758 737 1882 780 Deus

1051 802 1226 850 patrum
1244 781 1508 837 nostrorum.
1548 798 1594 847 R
1612 794 1671 835 Et
1687 793 1882 836 landehi-

1050 854 1102 895 lis
1122 858 1165 895 et
1183 852 1433 904 gloriosus
1422 865 1466 892 m
1486 850 1659 892 saecula.

1107 906 1154 957 Υ.
1186 907 1506 950 Benedicamus
1537 907 1715 949 Patrem
1747 910 1792 948 et
1814 906 1882 947 Fi-

1050 967 1155 1008 lium
1180 978 1279 1007 cum
1304 969 1457 1006 sancto
1481 964 1656 1017 Spiritu.
1697 966 1747 1018 R'·
1770 963 1881 1004 Lau-

1050 1023 1219 1072 demus,
1244 1027 1288 1063 et
1312 1020 1691 1074 superexaltemus
1715 1032 1816 1061 eum
1838 1019 1882 1059 in

1051 1079 1222 1120 saecula.

1109 1133 1156 1184 V.
1195 1134 1461 1182 Benedictus
1510 1146 1557 1175 es
1600 1132 1790 1174 Domine
1836 1132 1882 1173 in

1047 1192 1323 1232 firmamento
1349 1190 1461 1231 coeli.
1497 1193 1544 1232 R
1557 1189 1615 1230 Et
1637 1187 1881 1238 laudabilis,

1050 1253 1093 1289 et
1119 1247 1354 1299 gloriosus,
1384 1251 1427 1288 et
1454 1244 1808 1299 superexaltatus
1836 1244 1881 1286 in

1049 1303 1222 1346 saecula.

1109 1359 1157 1410 V.
1188 1359 1429 1402 Benedicat
1465 1363 1510 1400 et
1546 1357 1768 1400 custodiat
1798 1370 1882 1399 nos

1050 1419 1330 1470 omnipotens
1367 1421 1411 1458 et
1445 1415 1698 1456 misericors
1730 1414 1881 1456 Domi-

1048 1486 1141 1515 nus.
1192 1475 1238 1525 R:-
1259 1474 1414 1514 Amen.

1148 1517 1380 1582 Dignare
1406 1529 1598 1571 Domine
1626 1533 1757 1570 nocte
1785 1528 1882 1570 ista.

1056 1587 1104 1637 R·
1126 1587 1228 1628 Sine
1248 1588 1434 1639 peccato
1453 1598 1536 1626 nos
1557 1584 1792 1626 custodire.

1108 1638 1144 1689 Υ
1149 1640 1884 1694 MisererenostriDomine.R1.Mi-

1050 1700 1197 1741 serere
1215 1699 1366 1740 nostri.

1106 1751 1143 1801 ,Υ’
1148 1786 1155 1794 .
1169 1755 1268 1797 Fiat
1286 1753 1590 1797 misericordia
1603 1758 1679 1795 tua
1691 1754 1882 1796 Domine

1049 1824 1183 1864 super
1201 1824 1294 1853 nos.
1324 1812 1372 1863 R.
1385 1809 1771 1861 Quemadmodum
1785 1823 1881 1863 spe-

1049 1869 1242 1909 ravimus
1260 1868 1305 1908 in
1323 1872 1379 1909 te.

1106 1920 1155 1971 V.
1195 1924 1387 1966 Domine
1433 1923 1593 1965 exaudi
1638 1923 1883 1966 orationem

1048 1993 1202 2022 meam.
1245 1981 1295 2032 R.
1321 1981 1379 2022 Et
1406 1980 1572 2022 clamor
1598 1993 1724 2022 meus
1753 1979 1810 2022 ad
1837 1984 1882 2022 te

1049 2037 1205 2078 veniat.

1106 2088 1153 2138 .Υ’.
1161 2094 1378 2135 Dominus
1389 2093 1629 2135 vobiscum.
1653 2095 1703 2146 R.
1714 2093 1772 2135 Et
1782 2105 1882 2135 cum

1049 2150 1205 2202 spiritu
1223 2155 1312 2191 tuo.

1183 2208 1379 2247 Oremus.
1592 2207 1755 2248 Oratio.

1139 2262 1249 2312 isita‚
1270 2264 1522 2314 quaesumus
1542 2263 1742 2312 Domine,
1762 2262 1881 2305 ha'bi-

1153 2319 1365 2360 tationem
1384 2319 1528 2369 istam‚
1548 2323 1592 2361 et
1611 2331 1764 2361 omnes
1782 2319 1882 2360 insi-

1050 2373 1145 2415 dias
1177 2374 1340 2415 inimici
1372 2374 1428 2416 ab
1461 2388 1514 2417 ea
1544 2375 1675 2426 longe
1703 2375 1883 2428 repelle:

1050 2430 1208 2480 Angeli
1238 2430 1302 2471 tui
1334 2431 1474 2472 sancti
1507 2431 1706 2473 habitent
1738 2432 1782 2472 in
1815 2444 1882 2481 ea,

1051 2486 1125 2537 qui
1144 2498 1225 2527 nos
1249 2486 1293 2526 in
1318 2499 1429 2539 pace
1449 2487 1715 2538 custodiant,
1741 2492 1786 2529 et
1808 2487 1881 2529 be-

1051 2541 1241 2583 nedictio
1265 2547 1341 2583 tua
1364 2543 1420 2584 sit
1444 2557 1576 2596 super
1594 2557 1677 2586 nos
1696 2556 1882 2596 semper.

1050 2597 1135 2639 Per
1152 2598 1403 2639 Dominum.

1108 2649 1150 2699 ,Υ’,
1187 2654 1405 2696 Dominus
1442 2655 1682 2698 vobiscum.
1742 2656 1790 2706 R.
1824 2656 1883 2697 Et

1050 2722 1150 2750 cum
1169 2710 1325 2763 spiritu
1345 2715 1436 2752 tuo.
