2066 2956
190 204 285 248 [228]
619 208 796 241 ‹mic-ium
821 209 995 242 votivum
1022 208 1067 242 dc
1094 208 1245 242 Sanctis
1271 207 1484 250 Apostoli&

382 302 603 353 Tempore
628 302 835 342 l'aschali.

248 356 476 402 le-.Virt1'1te
487 367 646 406 magna
656 354 903 405 reddebant
913 355 1026 408 Apo-

191 406 293 455 stoli
315 423 335 443 ¹·
354 412 674 454 Testimonium
692 412 1025 454 resurrectionis

188 470 292 511 Jesu
325 468 486 510 Christi
516 469 695 510 Domini
726 468 883 519 nostri,
924 468 1024 510 alle-

188 526 293 578 luja,
327 525 510 577 alleluja.
559 527 606 577 Y.
639 526 817 578 Repleti
847 524 1025 577 quidem

190 583 354 635 Spiritu
373 588 526 624 sancto
546 582 842 634 loquebantur
861 595 961 623 cum
979 582 1024 622 fi-

190 639 321 681 ducia
348 638 533 681 verbum
558 640 654 684 Dei.
694 639 1024 681 Testimonium.

495 700 646 740 Lectio
671 702 721 739 vi.

191 753 295 858 Isti
313 765 419 804 ergo
435 753 663 806 Principes
678 752 829 802 nostri,
849 752 893 792 in
908 753 1024 793 amo-

251 822 300 851 re
314 810 399 851 Dei
417 809 738 862 perfectissimi,
755 813 799 850 et
816 809 860 849 in
879 809 1024 861 proxi-

189 869 362 908 morum
378 866 614 908 dilectione
628 865 808 918 impleti,
827 865 928 906 hinc
947 878 1024 918 po-

188 924 367 964 tuerunt
406 922 559 964 mundi
590 924 806 975 impetum
837 924 1024 972 vincere,

190 983 233 1020 et
284 981 514 1021 cruentum
563 978 775 1020 saeculum
830 977 1024 1028 domare,

191 1036 292 1091 quia
325 1035 433 1077 nihil
460 1037 718 1077 amaverunt
746 1036 791 1076 in
819 1035 939 1077 omni
965 1047 1024 1085 re,

189 1092 271 1132 nisi
303 1092 388 1134 Dei
419 1092 704 1146 voluntatem.
757 1093 827 1133 Ita
856 1096 900 1133 et
932 1104 1024 1142 nOS,

189 1149 364 1198 fratres,
394 1148 627 1200 diligamus
654 1149 698 1189 in
727 1147 930 1190 omnibus
958 1161 1021 1189 re-

190 1205 273 1247 bus
283 1206 367 1247 Dei
382 1206 528 1247 facere
542 1205 826 1255 voluntatem,
843 1210 887 1247 et
899 1205 1024 1246 Crea-

189 1264 333 1303 torem
357 1267 559 1304 nostrum
585 1263 781 1303 amemus
805 1262 850 1302 in
869 1266 1024 1303 semet-

190 1320 304 1371 ipso,
330 1322 577 1360 creaturam
595 1331 702 1360 vero
727 1318 771 1359 in
796 1317 1025 1359 conditore

190 1387 289 1425 suo,
315 1380 359 1416 et
384 1375 447 1417 sic
470 1374 731 1416 habebimus
755 1373 1024 1416 ordinatissi-

189 1444 307 1472 mam
329 1432 573 1474 caritatem:
599 1431 702 1483 quia
719 1432 841 1472 Deus
865 1431 1046 1489 caritas.

190 1492 267 1538 est,
287 1493 332 1530 et
351 1489 426 1540 qui
446 1488 586 1539 diligit
603 1488 717 1529 hanc
733 1487 1025 1535 dilectionem,

190 1543 333 1596 diligit
347 1546 502 1586 Deum.
523 1545 581 1586 Et
600 1545 637 1586 si
655 1544 716 1586 ita
731 1543 1026 1594 dilexerimus,

190 1600 333 1653 diligit
351 1614 433 1643 nos
457 1602 554 1654 ipse
573 1602 711 1651 Deus,
738 1600 925 1651 diligunt
942 1613 1025 1641 nos

190 1663 234 1699 et
269 1658 409 1699 sancti
437 1658 646 1711 Apostoli
675 1657 843 1710 judices
875 1656 1026 1707 nostri,

190 1719 234 1755 et
253 1716 439 1755 exorant
456 1727 539 1767 pro
559 1714 705 1764 nobis,
724 1718 773 1755 ut
792 1713 837 1754 in
855 1713 1025 1755 univer-

190 1770 271 1811 sali
308 1770 468 1823 judicio
506 1770 668 1812 Christi
703 1783 803 1812 cum
837 1769 946 1822 ipsis
980 1769 1025 1810 in

189 1829 453 1879 perpetuum
473 1829 743 1869 coronemur.

250 1890 293 1938 lxffv.
327 1888 408 1929 Isti
442 1892 543 1930 sunt
576 1887 931 1940 triumphatores.
966 1887 1023 1940 [9]

191 1944 255 1984 vel
290 1945 371 1986 Isti
398 1950 499 1987 sunt
527 1945 637 1996 agni.
666 1944 746 1997 [22]

416 2024 463 2061 In
484 2023 554 2061 III.
575 2023 607 2061 N
611 2027 798 2062 octurno.

192 2088 344 2131 Lectio
370 2088 510 2130 sancti
527 2087 755 2138 Evangelii
781 2084 1024 2129 secundum

465 2143 735 2187 Matthaeum.

294 2202 445 2243 Lectio
468 2202 534 2242 vii.
686 2202 788 2253 Cap.
806 2206 862 2243 19.
879 2204 917 2244 d.

237 2280 265 2308 n
290 2267 366 2309 illo
392 2269 608 2320 tempore:
636 2266 760 2307 Dixit
782 2265 941 2306 Petrus
967 2263 1024 2306 ad

269 2324 293 2364 J
298 2336 440 2365 esum:
484 2324 601 2365 Ecce
645 2335 726 2364 nos
768 2321 1023 2373 reliquimus

192 2380 357 2430 omnia,
392 2385 436 2422 et
467 2380 609 2422 secuti
637 2392 787 2421 sumus
819 2383 884 2420 te:
918 2376 1024 2429 quid

192 2448 296 2486 ergo
314 2436 397 2478 erit
418 2434 570 2478 nobis?
598 2436 656 2479 Et
674 2436 854 2489 reliqua.

222 2505 409 2547 llomilia
433 2506 572 2548 sancti
591 2506 750 2547 Hilarii
770 2507 993 2560 Episcopi.

315 2566 458 2598 Cotum.
486 2567 521 2599 in
549 2567 678 2601 Α1131111.
729 2569 819 2601 Can.
845 2570 902 2602 20.

200 2625 331 2674 αῖ
348 2618 511 2668 postoli
548 2617 677 2660 dictis
713 2619 893 2659 Domini
928 2619 1023 2660 haec

200 2666 217 2737 3⁶>
237 2671 334 2736 J«
365 2673 569 2724 reddunt,
614 2675 844 2727 reliquisse
889 2688 937 2716 se
978 2678 1021 2716 o-

1079 297 1248 349 Quibus
1277 297 1511 347 Dominus,
1548 309 1649 338 cum
1675 296 1841 340 sederit
1867 298 1911 340 in

1077 353 1319 406 majestatis
1347 366 1439 395 suae
1467 353 1585 403 sede,
1613 356 1815 395 sessuros
1843 367 1912 396 su-

1078 423 1158 464 per
1191 409 1320 452 sedes
1354 409 1607 460 duedecim,
1644 422 1696 452 ac
1725 410 1913 452 totidem

1077 467 1219 509 tribus
1246 466 1386 508 Isra'el
1417 465 1687 518 iudicaturos
1720 469 1912 520 spopon-

1079 522 1158 575 dit;
1182 522 1475 575 omnibusque
1500 522 1576 574 qui
1593 523 1798 564 universa
1816 523 1912 565 reli-

1080 579 1254 632 querint
1283 583 1467 632 propter
1493 591 1655 621 nomen
1683 579 1791 631 ejus,
1828 579 1911 621 fru-

1079 641 1198 678 ctum
1218 635 1413 688 centupli
1432 635 1605 688 praemii
1624 637 1912 677 reservatum:

1079 692 1243 734 multos
1275 696 1423 733 autem
1459 704 1514 733 ex
1545 691 1796 733 novissimis
1827 693 1912 745 pri-

1079 762 1194 799 mos,
1220 754 1264 791 et
1288 761 1343 790 ex
1366 748 1518 801 primis
1538 748 1711 790 futuros
1730 749 1912 790 novissi-

1078 818 1187 847 mos.
1227 805 1368 847 Multa
1395 809 1496 847 sunt
1525 817 1625 857 quae
1652 817 1741 847 non
1768 804 1914 847 sinunt

1078 875 1160 904 nos
1180 861 1367 915 simplici
1386 861 1611 904 intellectu
1635 861 1755 904 dicta
1772 862 1913 904 Evan-

1078 919 1218 971 gelica
1237 921 1472 972 suscipere.

1133 991 1183 1041 R.
1199 989 1279 1031 Isti
1294 994 1394 1031 sunt
1411 989 1486 1041 qui
1498 988 1696 1030 viventes
1711 988 1756 1029 in
1771 1001 1914 1039 carne,

1078 1045 1386 1099 plantaverunt
1421 1044 1665 1087 Ecclesiam
1703 1045 1914 1096 sanguine

1079 1115 1177 1144 suo:
1212 1104 1233 1126 *
1266 1101 1459 1144 Calicem
1488 1101 1667 1143 Domini
1698 1100 1914 1151 biberunt,

1079 1163 1123 1200 et
1167 1158 1296 1200 amici
1331 1159 1415 1200 Dei
1457 1158 1560 1200 facti
1603 1163 1714 1200 sunt.
1771 1153 1821 1205 V.
1862 1158 1914 1199 In

1080 1227 1256 1256 omnem
1269 1220 1433 1256 terram
1450 1214 1586 1256 exivit
1600 1226 1735 1255 sonus
1750 1216 1914 1265 eorum,

1080 1277 1123 1313 et
1149 1271 1194 1312 in
1223 1271 1333 1313 fines
1366 1271 1487 1314 orbis
1518 1276 1651 1314 terrae
1678 1271 1815 1314 verba
1843 1273 1913 1313 eo-

1079 1340 1187 1369 rum.
1216 1328 1419 1371 Calicem.

1270 1399 1493 1451 Tempore
1514 1399 1725 1441 Paschali.

1134 1464 1182 1514 lx’f.
1219 1464 1316 1515 Ego
1349 1477 1446 1505 sum
1474 1464 1575 1507 vitis
1602 1477 1723 1516 vera,
1757 1468 1802 1506 et
1833 1476 1915 1506 vos

1078 1520 1298 1573 palmites:
1313 1523 1335 1547 *
1349 1521 1434 1571 Qui
1448 1527 1597 1564 manet
1610 1521 1655 1563 in
1667 1534 1750 1571 me,
1769 1525 1814 1563 et
1831 1533 1915 1572 ego

1079 1578 1122 1618 in
1143 1590 1212 1628 eo,
1231 1577 1303 1618 hic
1322 1577 1406 1619 fert
1425 1577 1614 1620 fructum
1632 1578 1834 1628 multum,
1856 1578 1915 1620 al-

1079 1633 1224 1686 leluja,
1251 1633 1434 1686 alleluja.
1462 1631 1513 1683 V.
1531 1635 1653 1678 Sicut
1673 1633 1828 1677 dilexit
1844 1647 1915 1676 me

1078 1690 1221 1740 Pater,
1241 1695 1285 1732 et
1299 1702 1383 1741 ego
1398 1690 1532 1733 dilexi
1547 1704 1639 1733 vos.
1659 1691 1745 1742 Qui
1758 1696 1916 1733 manet.

1368 1769 1519 1810 Lectio
1544 1769 1624 1809 viii.

1079 1829 1383 1934 Interpositis
1400 1829 1621 1871 nonnullis
1639 1829 1788 1882 rebus,
1813 1843 1914 1884 quae

1149 1899 1204 1928 ex
1242 1889 1400 1928 natura
1431 1885 1610 1927 humani
1642 1899 1799 1929 sensus
1829 1887 1913 1930 sibi

1079 1943 1312 1985 contrariae
1330 1947 1447 1993 sunt,
1471 1943 1688 1985 rationem
1713 1946 1913 1996 quaerere

1079 1999 1273 2041 coelestis
1291 1998 1592 2051 intelligentiae
1615 2000 1913 2043 admonemur.

1079 2055 1288 2108 Apostoli
1306 2055 1475 2106 dicunt,
1503 2061 1548 2098 et
1573 2056 1700 2109 sequi
1725 2069 1773 2099 se
1793 2057 1912 2099 Chri-

1079 2117 1211 2162 stum,
1231 2117 1276 2154 et
1294 2125 1342 2154 se
1361 2112 1508 2154 omnia
1526 2112 1770 2165 reliquisse.
1796 2115 1912 2165 Quo-

1077 2168 1213 2210 modo
1240 2169 1373 2220 igitur
1399 2168 1510 2211 fiunt
1535 2169 1705 2220 tristes,
1734 2174 1778 2212 et
1807 2173 1912 2223 quo-

1077 2225 1213 2267 modo
1250 2227 1451 2268 metuunt
1486 2225 1704 2276 dicentes,
1742 2227 1912 2269 salvum

1078 2294 1176 2323 esse
1200 2281 1418 2324 neminem
1441 2280 1599 2335 posse?
1635 2283 1840 2335 Namque
1868 2288 1912 2325 et

1077 2337 1133 2380 ab
1155 2338 1250 2379 aliis
1270 2338 1367 2380 fieri
1385 2341 1578 2391 poterat,
1605 2339 1643 2380 si
1663 2339 1770 2392 quid
1787 2339 1910 2382 fecis-

1077 2399 1175 2436 sent
1210 2395 1306 2447 ipsi.
1359 2395 1532 2437 Deinde
1569 2408 1670 2437 cum
1705 2396 1912 2438 fecissent

1076 2451 1176 2503 ipsi3
1204 2464 1340 2503 quare
1358 2456 1520 2502 metus,
1539 2451 1611 2493 vel
1629 2451 1746 2494 unde
1765 2454 1911 2494 susce-

1076 2512 1179 2560 ptus
1199 2505 1289 2549 est?
1309 2507 1504 2549 Additur
1523 2507 1656 2549 etiam
1673 2508 1717 2548 in
1730 2520 1910 2561 respon-

1077 2564 1200 2605 sione
1218 2563 1413 2613 Domini,
1441 2563 1538 2605 haec
1566 2562 1686 2616 apud
1710 2563 1910 2606 homines

1076 2619 1385 2672 impossibilia,
1416 2619 1647 2673 possibilia
1680 2620 1800 2673 apud
1826 2621 1910 2663 De-

1077 2689 1161 2716 um.
1197 2676 1424 2728 Numquid
1449 2675 1569 2729 apud
1592 2676 1816 2718 hominem
1834 2677 1908 2718 im-

1076 2732 1306 2784 possibilia
1331 2737 1471 2783 erant,
1507 2745 1607 2785 quae
1632 2738 1678 2775 et
1702 2733 1910 2786 Apostoli
