2028 2892
757 155 869 191 Feria
893 157 1026 201 quinta
1049 158 1099 193 ad
1119 158 1280 195 Laudes.

220 250 306 290 Pro
343 249 464 291 Conf.
504 251 629 292 Pont.
667 257 710 294 et
746 266 831 294 non
870 254 991 296 Pont.

169 306 322 360 Temp.
352 307 563 348 Paschali.
599 302 651 354 V.
682 310 859 352 Amavit
892 323 991 352 eum

166 361 391 412 Dominus,
420 368 464 405 et
483 365 654 407 ornavit
674 379 783 416 eum,
811 366 990 420 alleluja.

165 417 409 516 lllfffssastolam
427 420 579 471 gloriae
598 422 737 465 induit
756 436 864 473 eum,
890 423 990 465 alle-

211 488 307 578 lPro
335 549 418 578 una
447 538 615 580 Sancta.
661 540 811 592 Tcmp.
844 541 991 582 Pasch.

167 588 220 640 V.
259 592 415 646 Specie
460 599 535 637 tua
580 600 624 637 et
667 596 989 649 pulchritudine

164 653 250 699 tua,
277 649 459 702 alleluja.
490 653 538 704 R.
563 652 758 703 Intende,
777 656 989 707 prospere

164 705 369 758 procede,
398 712 442 750 et
459 721 604 760 regna,
633 709 814 762 alleluja.

371 795 632 818 —QW

420 867 498 908 Ad
522 868 730 910 Laudes.

210 938 317 1006 Ἀηξ
342 937 441 980 Tibi
460 938 542 1004 soli
560 939 752 992 peccavi,
763 939 786 965 *
801 940 988 983 Domine

162 1007 370 1037 miserere
386 1008 482 1037 me1.

215 1054 283 1095 Ps.
316 1054 524 1099 Miserere
542 1057 639 1099 mei.
667 1058 731 1099 52.

216 1118 316 1161 Ant.
344 1119 540 1165 Domine.

431 1193 631 1237 Psalmus
644 1250 649 1255 ἱ
660 1196 727 1235 89.

199 1276 455 1320 ‚
499 1263 715 1315 refugium
756 1263 897 1305 factus
941 1276 988 1305 es

203 1317 240 1372 εἷ
283 1346 285 1355 1
316 1319 461 1362 nobis:
497 1320 521 1346 *
557 1333 584 1362 a
622 1320 904 1372 generatione
944 1320 987 1361 in

235 1374 284 1400 *4
314 1377 651 1428 generationem.

211 1430 476 1485 Priusquam
502 1438 674 1476 montes
702 1433 872 1485 fierent,
913 1438 987 1475 aut

160 1486 423 1531 formaretur
463 1494 581 1532 terra
627 1495 671 1532 et
716 1489 853 1532 orbis:
897 1490 921 1517 *
961 1504 987 1532 a

159 1544 324 1587 saeculo
361 1550 406 1588 et
441 1559 581 1600 usque
616 1547 660 1588 in
698 1546 908 1589 saeculum
938 1552 987 1589 tu

161 1612 208 1641 es
235 1600 367 1644 Deus.

212 1656 282 1700 Ne
307 1660 481 1701 avertas
503 1659 726 1702 hominem
749 1660 793 1701 in
819 1659 985 1702 humili-

161 1714 312 1755 tatem:
343 1716 367 1743 *
399 1720 443 1758 et
475 1715 637 1759 dixisti:
673 1717 987 1759 Convertimini

161 1769 240 1811 filii
265 1770 500 1814 hominurn.

213 1827 431 1877 Quoniam
453 1829 572 1871 mille
596 1829 696 1872 anni
715 1835 815 1872 ante
834 1830 985 1872 oculos

160 1886 279 1934 tuos,
306 1884 331 1910 *
374 1890 598 1939 tamquam
638 1885 732 1928 dies
771 1886 984 1937 hesterna,

163 1951 261 1991 quae
288 1942 510 1993 praeteriit,

212 1996 269 2038 Et
288 1998 488 2040 custodia
504 1999 549 2040 in
566 2003 707 2050 nocte,
726 2000 750 2026 *
779 2011 877 2051 quae
902 2013 984 2052 pro

160 2050 295 2095 nihilo
313 2053 539 2106 habentur,
559 2057 711 2097 eorum
729 2056 829 2097 anni
848 2061 982 2098 erunt.

211 2109 341 2152 Mane
356 2110 468 2154 sicut
483 2111 620 2154 herba
633 2113 838 2163 transeat,
857 2125 984 2154 mane

161 2165 327 2217 floreat,
356 2172 400 2210 et
421 2169 630 2210 transeat:
651 2168 676 2194 *
698 2170 882 2221 vespere
911 2168 983 2210 do-

161 2221 289 2273 cidat,
316 2222 491 2267 induret
512 2230 556 2267 et
574 2227 755 2267 arescat.

213 2279 324 2329 Quia
351 2280 589 2322 defecimus
615 2282 660 2322 in
687 2282 752 2322 ira
777 2286 866 2331 tua,
889 2281 913 2307 *
940 2286 983 2323 et

158 2334 202 2376 in
228 2335 376 2378 furore
403 2342 480 2379 tuo
508 2337 682 2380 turbati·
699 2351 858 2379 sumus.

209 2391 401 2435 Posuisti
438 2394 688 2446 iniquitates
728 2399 899 2436 nostras
938 2394 982 2434 in

159 2450 399 2501 conspectu
412 2454 503 2492 tuo:
518 2450 541 2476 *
558 2450 767 2492 saeculum
785 2455 982 2492 nostrum

158 2504 202 2544 in
226 2504 539 2548 illuminatione
566 2507 712 2549 vultus
738 2507 811 2549 tui.

211 2561 426 2611 Quoniam
451 2575 602 2604 omnes
628 2563 722 2605 dies
746 2563 884 2605 nostri
909 2561 981 2604 de-

158 2616 368 2660 fecerunt:
390 2620 414 2645 *
439 2623 483 2660 et
500 2619 543 2660 in
561 2619 627 2660 ira
643 2625 718 2662 tua
736 2619 980 2661 defecimus.
995 2620 998 2625 “

211 2673 328 2716 Anni
359 2675 499 2718 nostri
525 2675 638 2718 sicut
664 2677 823 2717 aranea
848 2674 980 2717 medi-

1042 254 1263 296 tabuntur:
1290 257 1315 283 *
1342 255 1434 298 dies
1459 261 1670 301 annorum
1692 264 1860 302 nostro—

1042 323 1138 351 rum
1156 311 1199 351 in
1218 312 1335 364 ipsis,
1364 317 1637 366 septuaginta
1657 317 1767 358 anni.

1094 367 1139 409 Si
1166 373 1311 410 autem
1338 370 1380 410 in
1407 372 1715 423 potentatibus,
1743 379 1860 416 octo-

1042 425 1162 474 ginta
1194 426 1308 466 anni:
1341 426 1363 451 *
1401 432 1444 468 et
1480 428 1664 480 amplius
1700 431 1861 481 eorum,

1042 479 1167 522 labor
1195 486 1238 523 et
1266 481 1403 524 dolor.

1094 537 1309 587 Quoniam
1337 541 1586 592 supervenit
1618 546 1860 585 mansuetu·

1042 592 1116 634 do:
1139 595 1163 621 *
1191 599 1235 636 et
1262 596 1555 648 corripiemur.

1094 651 1199 700 Quis
1226 652 1347 693 novit
1373 655 1638 705 potestatem
1662 655 1737 695 irae
1759 659 1860 696 tuae:

1041 707 1065 733 *
1102 711 1146 748 et
1182 720 1274 760 prae
1307 709 1462 751 timore
1498 715 1573 751 tuo
1606 710 1713 752 iram
1742 716 1858 753 tuam

1042 762 1339 806 dinumerare?

1091 820 1329 862 Dexteram
1348 825 1467 863 tuam
1489 822 1551 863 sic
1569 827 1717 864 notam
1736 823 1817 864 fac:
1836 824 1859 851 *

1042 880 1085 917 et
1105 877 1298 919 eruditos
1320 877 1454 919 corde
1474 879 1516 919 in
1535 879 1756 931 sapientia.

1094 933 1358 976 Convertere
1389 934 1575 977 Domine
1606 934 1858 988 usquequo?

1040 989 1063 1015 *
1092 995 1135 1032 et
1162 990 1450 1043 deprecabilis
1484 997 1578 1034 esto
1611 1005 1742 1044 super
1774 1005 1858 1034 ser-

1040 1059 1120 1088 vos
1147 1052 1257 1089 tuos.

1091 1103 1269 1156 Repleti
1298 1117 1445 1145 sumus
1472 1116 1598 1146 mane
1620 1104 1858 1146 misericor-

1041 1158 1113 1201 dia
1134 1164 1223 1201 tua:
1249 1161 1272 1187 *
1300 1165 1344 1202 et
1371 1160 1689 1210 exsultavimus
1718 1166 1761 1203 et
1789 1161 1858 1203 de-

1039 1215 1187 1258 lectati
1213 1229 1360 1258 sumus
1380 1216 1578 1259 omnibus
1606 1216 1758 1259 diebus
1786 1231 1858 1259 no-

1040 1273 1151 1314 stris.

1091 1329 1250 1371 Laetati
1264 1343 1411 1372 sumus
1427 1342 1507 1383 pro
1524 1329 1687 1380 diebus
1704 1330 1857 1382 quibus

1039 1398 1119 1426 nos
1144 1385 1391 1427 humiliasti:
1414 1387 1436 1412 *
1460 1387 1596 1435 annis,
1626 1386 1780 1438 quibus
1799 1389 1857 1427 vi-

1040 1441 1180 1483 dimus
1199 1442 1324 1483 mala.

1090 1499 1277 1551 Respice
1315 1499 1359 1540 in
1395 1511 1546 1540 servos
1577 1503 1696 1549 tuos,
1738 1504 1782 1541 et
1813 1500 1856 1540 in

1039 1557 1174 1608 opera
1191 1560 1280 1597 tua:
1297 1556 1321 1581 *
1341 1560 1384 1597 et
1403 1554 1539 1606 dirige
1558 1554 1672 1597 filios
1696 1557 1855 1597 eorum.

1089 1612 1146 1654 Et
1169 1612 1225 1654 sit
1247 1611 1455 1665 splendor
1478 1612 1653 1652 Domini
1675 1612 1758 1653 Dei
1782 1625 1854 1654 no-

1038 1669 1117 1710 stri
1143 1681 1274 1721 super
1301 1681 1392 1719 nos,
1420 1673 1463 1710 et
1491 1670 1625 1721 opera
1652 1670 1855 1711 manuum

1038 1727 1286 1767 nostrarum
1313 1725 1450 1777 dirige
1477 1737 1609 1777 super
1636 1732 1733 1766 nos:
1759 1726 1782 1751 *
1813 1730 1855 1767 et

1038 1794 1150 1834 opus
1176 1783 1382 1823 manuum
1407 1783 1654 1823 nostrarum
1683 1781 1829 1832 dirige.

1097 1846 1196 1887 Ant.
1231 1846 1434 1897 Domine,
1473 1845 1685 1897 refugium
1717 1846 1854 1887 factus

1039 1917 1085 1946 es
1112 1903 1250 1945 nobis.

1094 1963 1193 2004 Ant.
1230 1964 1278 2003 In
1310 1962 1530 2004 matutinis
1556 1961 1580 1988 *
1611 1961 1853 2004 meditabor

1036 2021 1079 2061 in
1106 2025 1160 2062 te

1095 2079 1162 2120 Ps.
1185 2080 1303 2121 Deus
1321 2079 1441 2121 Deus
1460 2091 1592 2121 meus.
1619 2079 1677 2120 16.

1096 2140 1195 2181 Ant.
1216 2140 1460 2182 Cantemus.

1094 2211 1318 2253 Canticum
1334 2211 1507 2263 Moysis.
1614 2212 1735 2247 Exod.
1755 2212 1803 2245 15.

1109 2281 1304 2322 antomus
1313 2279 1516 2320 Domino:
1529 2277 1718 2328 gloriose
1736 2277 1850 2319 enim

1129 2336 1427 2388 magnificatus
1455 2338 1534 2383 est,
1562 2334 1586 2360 *
1617 2345 1777 2385 equum
1807 2338 1850 2375 et

1035 2395 1310 2435 ascensorem
1331 2390 1484 2443 dejecit
1505 2389 1549 2430 in
1566 2402 1696 2431 mare.

1085 2448 1315 2491 Fortitudo
1334 2459 1439 2495 mea,
1460 2450 1504 2487 et
1523 2444 1618 2486 laus
1635 2458 1732 2487 mea
1745 2446 1849 2495 Dfis,
1911 2457 1914 2460 ·

1033 2506 1057 2532 *
1076 2510 1120 2547 et
1138 2505 1277 2546 factus
1297 2508 1363 2545 est
1380 2501 1484 2543 mihi
1501 2501 1545 2542 in
1565 2501 1764 2543 salutem:

1084 2563 1174 2603 Iste
1200 2561 1320 2602 Deus
1346 2570 1484 2607 meuS‚
1520 2561 1564 2598 et
1594 2557 1848 2608 glorificabo

1034 2631 1146 2660 eum:
1175 2617 1199 2642 *
1225 2617 1344 2657 Deus
1369 2613 1506 2667 patris
1532 2613 1633 2663 mei,
1667 2619 1710 2655 et
1737 2613 1848 2655 exal-

1033 2674 1138 2716 tabo
1166 2685 1274 2714 eum.
