2066 2904
532 156 604 190 Die
628 155 684 189 28.
709 155 810 197 Maji.
857 154 892 189 S.
917 153 1126 197 Augustini
1152 153 1279 196 Episc.
1306 159 1342 186 ct
1367 153 1476 187 Conf.

143 251 332 302 fecisset,
346 252 371 292 J
372 255 520 293 ustum
535 250 744 300 Roffensi,
760 263 851 291 suae
861 250 973 290 Lau·
1026 247 1148 289 navit
1168 260 1279 296 eum,
1298 246 1482 298 alleluja.
1524 246 1574 297 V.
1593 245 1743 287 Induit
1762 258 1863 287 eum

144 308 348 358 rentium,
372 307 417 348 in
442 306 604 348 coelum
621 306 825 357 migravit
845 306 974 359 septi·
1027 304 1245 345 Dominus
1263 303 1446 344 loricam
1470 303 1593 352 fidei,
1622 307 1666 343 et
1690 302 1863 343 ornavit

142 376 216 405 mo
249 363 475 405 Kalendas
507 363 675 412 Junias,
713 362 974 404 Ethelberto
1029 373 1140 402 eum.
1166 360 1224 400 Et
1243 359 1301 400 ad
1319 364 1484 411 portas.

143 422 371 471 regnante,
391 432 443 461 ac
462 419 662 472 sepultus
682 424 748 461 est
765 419 808 459 in
827 431 975 460 mona-

145 476 278 517 sterio
314 476 454 517 sancti
485 476 624 526 Petri,
661 474 782 527 quod
818 475 975 516 exinde

144 531 522 572 Cantuariensium
548 532 806 573 Antistitum
830 536 873 572 et
902 531 975 571 ali-

145 592 254 640 quot
272 599 425 638 regum
445 587 738 629 conditorium
751 587 844 628 fuit.
870 587 976 639 Ejus

144 642 310 684 cultum
328 643 513 685 ferventi
528 643 675 685 studio
689 646 975 696 prosequutae

144 704 246 741 sunt
265 699 508 750 Anglorum
527 705 695 751 gentes,
720 713 772 741 ac
790 700 883 741 Leo
904 698 975 740 de-

146 755 283 797 cimus
324 756 479 798 tertius
517 757 721 798 Pontifex
757 756 976 797 Maximus

146 811 236 863 ejus
252 811 456 853 Officium
475 817 519 859 et
532 812 712 854 Missam
732 812 788 854 ad
807 812 976 853 univer-

145 880 239 908 sam
257 867 454 909 extendit
471 868 726 910 Ecclesiam.

202 924 253 976 Rz.
273 924 364 966 Iste
384 929 452 966 est
471 925 556 977 qui.
576 925 651 977 [71]

362 997 413 1037 In
439 997 512 1036 ΠΙ.
539 997 574 1036 N
577 996 765 1036 octurno.

146 1059 299 1101 Lectio
325 1059 464 1101 sancti
485 1058 711 1110 Evangelii
736 1057 978 1099 secundum

474 1115 649 1156 Lucam.

251 1176 404 1217 Lectio
424 1175 494 1216 vii.
689 1175 792 1226 Cap.
811 1175 875 1214 10.

192 1245 222 1272 n
248 1231 325 1273 illo
354 1234 570 1284 tempore:
603 1230 863 1282 Designavit
889 1230 978 1271 Do-

207 1288 351 1329 minus
367 1293 411 1329 et
428 1287 538 1329 alios
557 1289 836 1341 septuaginta
852 1285 979 1327 duos:

147 1349 192 1386 et
206 1344 325 1385 misit
341 1344 441 1386 illos
459 1344 589 1386 binos
612 1349 713 1386 ante
732 1343 890 1384 faciem
911 1355 978 1383 su-

148 1413 233 1450 am,
257 1400 301 1440 in
321 1412 497 1442 omnem
517 1401 741 1442 civitatem
760 1404 803 1441 et
822 1399 978 1447 locum,

149 1469 237 1509 quo
258 1460 351 1497 erat
369 1457 465 1509 ipse
481 1459 702 1498 venturus.
727 1456 785 1496 Et
799 1455 979 1507 reliqua.

197 1531 389 1573 Homilia
409 1531 548 1572 sancti
567 1530 773 1582 Gregorii
790 1529 937 1581 Papae.

324 1593 497 1628 Homilia
522 1592 572 1628 17.
596 1592 637 1627 in
660 1592 806 1636 Evang.

497 1655 541 1692 et
575 1650 777 1693 Salvator
817 1654 979 1699 noster,

193 1708 251 1753 ,Τθ
274 1737 275 1746 ,
299 1707 455 1749 fratres
483 1706 712 1755 carissimi,
742 1705 979 1758 aliquando

299 1777 381 1805 nos
414 1762 705 1812 sermonibus,
742 1761 979 1814 aliquando

149 1832 256 1862 vero
285 1819 494 1873 operibus
523 1819 744 1861 admonet.
788 1819 893 1871 Ipsa
922 1820 980 1859 et-

151 1876 266 1917 enim
305 1876 422 1918 facta
463 1876 554 1928 ejus
594 1876 822 1928 praecepta
864 1879 981 1915 sunt:

151 1931 253 1984 quia
267 1930 372 1973 dum
387 1931 552 1984 aliquid
568 1931 730 1973 tacitus
745 1931 860 1980 facit,
877 1929 983 1981 quid

153 1989 282 2038 agere
311 1987 551 2029 debeamus
579 1986 824 2028 innotescit.
865 1986 981 2026 Ecce

151 2043 266 2084 enim
279 2042 407 2084 binos
421 2043 466 2084 in
480 2043 840 2096 praedicationem
855 2042 981 2083 disci-

150 2099 280 2152 pulos
299 2099 445 2141 mittit:
469 2100 573 2152 quia
592 2098 680 2141 duo
699 2103 800 2140 sunt
817 2100 981 2151 praece-

151 2160 230 2208 pta
257 2155 470 2204 caritatis,
503 2156 589 2197 Dei
615 2154 821 2196 videlicet
849 2167 983 2204 amor,

152 2216 196 2253 et
222 2211 427 2264 proximi:
462 2216 506 2253 et
537 2212 680 2252 minus
710 2224 842 2263 quam
869 2211 984 2252 inter

152 2267 265 2309 duos
307 2268 468 2309 caritas
508 2267 661 2309 haberi
700 2279 788 2308 non
823 2271 983 2319 potest.

150 2323 294 2365 Nemo
328 2323 444 2365 enim
476 2324 658 2376 proprie
691 2323 748 2364 ad
781 2325 982 2374 semetip-

152 2393 249 2420 sum
266 2379 430 2421 habere
454 2380 684 2421 caritatem
706 2378 879 2421 dicitur:
905 2377 984 2419 sed

153 2435 331 2477 dilectio
351 2436 396 2476 in
415 2435 601 2477 alterum
618 2435 777 2485 tendit,
804 2439 853 2476 ut
877 2434 983 2475 cari-

153 2495 221 2533 tas
242 2504 339 2533 esse
357 2492 510 2544 possit.

204 2552 258 2604 R.
282 2552 461 2593 Amavit
480 2565 580 2594 eum
599 2552 832 2600 Dominus,
855 2555 899 2592 et
919 2562 984 2591 or-

154 2608 276 2649 navit
312 2620 425 2649 eum:
468 2608 628 2650 stolam
659 2607 812 2658 gloriae
844 2606 984 2647 induit

156 2669 266 2713 eum,
284 2663 308 2688 *
326 2664 384 2705 Et
402 2664 460 2706 ad
476 2669 630 2716 portas
649 2663 843 2715 paradisi
861 2674 984 2703 coro·

311 2803 375 2828 Pars
390 2803 484 2828 Verna.

1322 422 1475 463 Lectio
1496 423 1580 462 viii.

1032 466 1193 571 Ecce
1221 472 1336 514 enim
1369 471 1498 512 binos
1531 470 1588 512 ad
1619 470 1863 523 praedican-

1126 528 1231 570 dum
1257 527 1367 570 disci
1402 527 1501 568 ulos
1526 527 1744 568 Dominus
1768 527 1863 567 mit-

1030 581 1098 623 tit:
1124 583 1340 633 quatenus
1396 592 1449 621 oc
1472 579 1600 620 nobis
1624 579 1784 620 tacitus
1804 581 1863 618 in-

1031 643 1152 687 nuat,
1173 638 1274 689 quia
1293 637 1367 688 qui
1387 637 1618 678 caritatem
1637 648 1742 687 erga
1762 634 1864 676 alte-

1031 708 1128 735 rum
1146 707 1235 736 non
1253 693 1398 744 habet,
1422 692 1752 746 praedicationis
1773 691 1864 732 offi-

1032 751 1147 792 cium
1179 753 1404 803 suscipere
1436 748 1686 790 nullatenus
1723 747 1866 789 debet.

1031 808 1152 849 Bene
1172 812 1319 848 autem
1339 806 1508 855 dicitur,
1530 806 1632 857 quia
1650 804 1770 846 misit
1790 817 1867 845 eos

1032 869 1133 905 ante
1161 864 1319 904 faciem
1346 875 1471 903 suam
1498 862 1542 902 in
1571 874 1746 902 omnem
1766 861 1866 901 civi-

1031 923 1170 962 tatem
1190 924 1234 961 et
1253 920 1410 968 locum,
1432 931 1520 971 quo
1542 923 1636 959 erat
1654 918 1750 970 ipse
1766 930 1866 958 ven-

1031 980 1168 1018 turus.
1191 975 1516 1017 Praedicatores
1533 975 1649 1016 enim
1662 987 1767 1015 suos
1779 974 1867 1014 Do-

1030 1033 1174 1073 minus
1212 1033 1425 1084 sequitur:
1469 1032 1570 1084 quia
1606 1030 1867 1083 praedicatio

1031 1088 1258 1142 praevenit,
1279 1094 1322 1130 et
1341 1094 1445 1130 tunc
1461 1087 1517 1129 ad
1530 1087 1688 1128 mentis
1703 1091 1867 1127 nostrae

1031 1145 1332 1187 habitaculum
1346 1144 1563 1185 Dominus
1582 1143 1713 1193 venit,
1734 1155 1868 1194 quan-

1032 1202 1090 1243 do
1133 1201 1270 1243 verba
1310 1200 1633 1243 exhortationis
1675 1202 1867 1252 praecur-

1031 1264 1146 1300 runt:
1193 1263 1326 1310 atque
1371 1270 1452 1309 per
1493 1257 1579 1298 hoc
1620 1256 1784 1297 veritas
1825 1255 1869 1295 in

1031 1320 1177 1356 mente
1198 1313 1445 1365 suscipitur.

1086 1370 1137 1421 R.
1170 1370 1266 1412 Sint
1294 1368 1433 1410 lumbi
1460 1368 1599 1410 vestri
1627 1368 1868 1420 praecincti,

1034 1432 1078 1476 et
1112 1427 1305 1468 lucernae
1339 1425 1547 1466 ardentes
1583 1425 1628 1464 in
1666 1424 1869 1465 manibus

1034 1483 1211 1524 vestris:
1230 1482 1253 1506 *
1264 1482 1322 1523 Et
1335 1494 1416 1523 vos
1437 1481 1602 1522 similes
1618 1480 1869 1521 hominibus

1034 1538 1400 1592 exspectantibus
1451 1537 1679 1578 dominum
1731 1550 1870 1586 suum,

1035 1595 1212 1648 quando
1234 1596 1486 1636 revertatur
1513 1607 1538 1635 a
1561 1594 1746 1646 nuptiis,
1769 1593 1869 1634 alle-

1033 1653 1130 1705 luja.
1152 1647 1204 1700 V.
1219 1651 1415 1703 Vigilate
1436 1663 1553 1702 ergo,
1570 1651 1673 1702 quia
1690 1650 1869 1691 nescitis

1035 1722 1123 1762 qua
1151 1708 1262 1750 hora
1290 1707 1508 1749 Dominus
1542 1712 1690 1748 vester
1718 1709 1869 1748 ventu-

1034 1779 1109 1807 rus
1127 1766 1195 1807 sit.
1232 1766 1302 1806 Et.
1337 1763 1492 1805 Gloria
1510 1764 1643 1805 Patri.
1680 1763 1750 1804 Et.

1338 1819 1493 1860 Lectio
1513 1818 1568 1858 ix.
1688 1867 1691 1870 y

1033 1872 1201 1980 Hinc
1220 1889 1409 1929 namque
1427 1875 1594 1918 eisdem
1609 1874 1869 1928 praedicato-

1139 1933 1261 1975 ribus
1275 1934 1414 1974 Isaias
1435 1932 1556 1974 dicit:
1574 1932 1734 1973 Parate
1755 1931 1871 1972 viam

1035 1989 1232 2039 Domini,
1261 1994 1406 2030 rectas
1432 1988 1563 2030 facite
1588 1988 1767 2029 semitas
1787 1986 1871 2027 Dei

1035 2046 1187 2087 nostri.
1241 2045 1357 2086 Hinc
1392 2045 1494 2086 filiis
1527 2044 1763 2085 Psalmista
1796 2042 1871 2083 ait:

1035 2103 1126 2144 Iter
1155 2101 1285 2144 facite
1317 2102 1373 2152 ei,
1407 2101 1483 2153 qui
1511 2098 1711 2142 ascendit
1739 2111 1872 2150 super

1038 2160 1257 2199 occasum.
1289 2159 1431 2210 Super
1455 2158 1663 2198 occasum
1682 2167 1872 2206 namque

1037 2214 1253 2256 Dominus
1284 2213 1498 2255 ascendit:
1535 2212 1637 2264 quia
1677 2210 1796 2252 unde
1828 2211 1872 2250 in

1038 2271 1244 2323 passione
1273 2269 1498 2318 occubuit,
1531 2268 1634 2309 inde
1661 2267 1873 2318 majorem

1038 2339 1163 2368 suam
1190 2326 1375 2378 gloriam
1402 2323 1673 2375 resurgendo
1694 2323 1872 2364 manife-

1038 2383 1182 2424 stavit.
1238 2383 1379 2434 Super
1420 2382 1627 2422 occasum
1668 2378 1874 2421 videlicet

1038 2438 1250 2488 ascendit3
1279 2438 1383 2490 quia
1409 2442 1598 2478 mortem
1622 2448 1754 2488 quam
1775 2437 1871 2488 per-

1037 2494 1153 2544 tulit,
1173 2492 1444 2544 resurgendo
1464 2492 1660 2534 calcavit.
1692 2492 1747 2532 Ei
1767 2504 1872 2542 ergo

1040 2550 1115 2602 qui
1142 2549 1341 2592 ascendit
1369 2561 1503 2601 super
1532 2550 1753 2598 occasum,
1790 2548 1873 2590 iter

1038 2606 1238 2656 facimus,
1267 2618 1368 2647 cum
1387 2617 1467 2645 nos
1487 2605 1576 2656 ejus
1596 2605 1783 2655 gloriam
1801 2617 1872 2646 ve-

1039 2663 1142 2703 stris
1160 2659 1381 2703 mentibus
1400 2660 1705 2713 praedicamus,
1730 2665 1779 2702 ut
1798 2673 1873 2702 eas

1599 2789 1665 2823 34*
