2066 2956
759 183 933 217 Officium
958 183 1241 217 Defunctorum.

205 285 302 325 Ant.
324 282 511 326 Placebo
525 281 716 322 Domino
734 281 779 321 in
794 280 972 331 regione

150 341 360 384 vivorum.

205 400 303 440 Ant.
338 396 422 439 Hei
449 394 555 436 mihi
580 393 787 442 Domine,
819 393 843 418 *
871 392 973 444 quia

151 454 366 496 incolatus
383 464 506 494 meus
524 450 810 504 prolongatus
830 454 906 490 est.

415 509 611 549 psalmus
634 508 710 546 119.

229 570 259 612 d
272 569 508 611 Dominum
527 580 626 609 cum
643 566 875 608 tribularer
892 565 973 606 013-

263 626 394 667 mavi:
412 626 436 651 *
456 630 499 666 et
518 623 739 666 exaudivit
756 635 837 676 me.

204 682 392 723 Domine
416 681 552 723 libera
577 680 763 721 animam
786 691 928 719 meam
951 690 976 718 a

152 738 278 780 labiis
299 738 468 790 iniquis,
491 739 515 764 *
538 741 582 778 et
603 749 628 777 a
645 736 792 786 lingua
811 733 975 776 dolosa.

206 794 321 845 Quid
346 794 472 836 detur
497 793 587 843 tibi,
613 797 687 834 aut
713 790 818 844 quid
842 803 976 844 appo-

153 853 281 893 natur
297 850 377 893 tibi
397 851 421 878 *
440 848 497 891 ad
514 849 707 900 linguam
725 847 946 889 dolosam?

205 907 383 959 Sagittae
414 906 606 960 potentis
638 908 795 954 amitae,
826 906 850 931 *
877 917 976 945 01110

154 963 415 1006 carbonibus
445 962 733 1004 desolatoriis.

203 1020 305 1061 Heu
331 1020 452 1070 mihi,
482 1019 583 1071 quia
609 1018 827 1059 incolatus
854 1029 977 1058 meus

75 1114 77 1116 .
153 1076 442 1130 prolongatus
464 1080 544 1117 est:
569 1074 764 1117 habitavi
788 1087 887 1115 cum
905 1073 977 1115 ha-

153 1133 392 1176 bitantibus
412 1131 566 1174 Cedar:
589 1133 612 1159 *
634 1131 818 1172 multum
835 1130 979 1172 incola

154 1190 235 1232 fuit
253 1190 395 1231 anima
412 1202 519 1231 mea.

208 1246 317 1288 Cum
352 1246 439 1296 his,
479 1245 553 1298 qui
589 1245 776 1287 oderunt
811 1256 977 1296 pacem,

157 1316 276 1345 eram
310 1302 538 1356 pacificus:
574 1303 597 1329 *
634 1314 734 1343 cum
766 1300 979 1353 loquebar

155 1359 251 1410 illis,
278 1358 593 1412 impugnabant
618 1370 689 1399 me
715 1357 861 1408 gratis.

207 1416 423 1468 Requiem
450 1416 667 1456 aeternam.

209 1473 308 1512 Ant.
334 1471 419 1513 Hei
442 1470 548 1512 mihi
570 1470 769 1520 Domine,
796 1469 896 1522 quia
918 1468 979 1509 in-

158 1528 329 1571 colatus
346 1540 470 1569 meus
488 1526 774 1580 prolongatus
795 1530 872 1567 est.

212 1584 309 1624 Ant.
340 1582 553 1624 Dominus
582 1581 775 1624 custodit
801 1586 846 1622 te
874 1581 897 1607 *
925 1580 980 1622 ab

159 1639 278 1682 omni
301 1639 433 1681 malo:
461 1638 680 1680 custodiat
705 1638 891 1679 animam
916 1642 980 1679 111-

159 1710 230 1739 am
247 1696 472 1738 Dominus.

415 1753 612 1794 Psalmus
632 1752 723 1792 120.

219 1809 345 1851 evavi
369 1807 521 1850 oculos
543 1820 666 1850 meos
689 1808 732 1848 in
753 1811 936 1856 montes,
958 1806 982 1832 *

253 1865 370 1908 unde
388 1865 532 1907 veniet
550 1864 757 1906 auxilium
774 1864 890 1904 mihi.

213 1922 434 1963 Auxilium
451 1934 598 1963 meum
617 1934 642 1962 a
655 1921 856 1971 Domino,
870 1920 894 1947 *
910 1919 984 1972 qui

162 1978 265 2020 fecit
283 1978 444 2020 coelum
462 1982 506 2020 et
523 1982 696 2019 terram.

212 2034 315 2076 Non
350 2034 424 2076 det
458 2034 503 2075 in
539 2033 879 2075 commotionem
911 2045 983 2085 pe-

163 2090 264 2132 dem
289 2095 429 2132 tuum:
456 2091 480 2117 *
506 2102 648 2142 neque
676 2089 883 2131 dormitet
911 2089 985 2141 qui

163 2146 355 2188 custodit
381 2150 437 2188 te.

213 2203 329 2244 Ecce
346 2214 435 2244 non
454 2200 710 2244 dormitabit
727 2213 869 2254 neque
888 2199 983 2242 dor-

163 2259 279 2309 miet,
297 2259 320 2285 *
342 2258 415 2311 qui
434 2257 625 2300 custodit
642 2258 789 2300 Israel.

215 2315 428 2356 Dominus
459 2314 651 2356 custodit
677 2319 741 2365 te,
773 2313 986 2355 Dominus

165 2372 383 2424 protectio
402 2376 488 2422 tua,
507 2373 531 2399 *
549 2384 682 2424 811ρο1·
696 2384 871 2412 manum
887 2369 986 2411 dex-

165 2432 305 2469 teram
323 2433 453 2470 tuam.

216 2484 301 2525 Per
325 2484 439 2526 diem
465 2483 531 2526 sol
556 2497 644 2526 non
667 2489 762 2526 uret
786 2488 845 2525 te:
870 2484 894 2510 *
917 2494 987 2523 ne-

168 2552 252 2591 que
279 2540 380 2581 luna
406 2553 486 2593 per
513 2545 698 2582 noctem.

218 2595 433 2637 Dominus
469 2596 661 2638 custodit
696 2602 740 2637 te
778 2594 833 2636 ab
870 2594 988 2635 omni

166 2650 302 2692 malo:
336 2653 361 2679 *
395 2652 615 2694 custodiat
650 2652 835 2693 animam
868 2655 988 2692 tuam

167 2707 391 2749 Dominus.
982 2719 985 2722 ⁴

1756 177 1848 230 [177]

1077 279 1289 320 Dominus
1309 277 1527 320 custodiat
1545 275 1769 318 introitum
1784 278 1848 315 tu-

1026 349 1118 385 um,
1155 340 1199 376 et
1234 335 1398 377 exitum
1433 339 1573 375 tuum:
1613 333 1636 358 *
1677 344 1730 372 ex
1766 330 1850 372 hoc

1026 404 1150 442 nunc,
1178 396 1222 433 et
1248 404 1386 444 usque
1414 391 1458 431 in
1486 389 1705 432 saeculum.

1077 449 1294 500 Requiem
1321 450 1540 489 aeternam.

1084 511 1179 550 Ant.
1231 505 1440 547 Dominus
1479 505 1672 546 custodit
1710 509 1754 546 te
1794 505 1849 546 ab

1028 563 1146 604 omni
1169 562 1302 604 malo:
1330 560 1551 603 custodiat
1577 561 1764 602 animam
1786 566 1850 603 tu-

1028 632 1098 660 am
1116 620 1342 661 Dominus.

1083 679 1180 718 Ant.
1217 676 1263 717 Si
1298 676 1550 728 iniquitates
1587 675 1610 700 *
1648 675 1850 717 observa-

1028 733 1142 774 veris
1164 733 1370 774 Domine:
1394 732 1583 773 Domine
1608 732 1703 784 quis
1727 732 1851 773 susti-

1028 787 1170 830 nebit?

1296 837 1490 877 I‘salmus
1512 837 1595 876 129.

1119 902 1142 931 e
1165 889 1395 942 profundis
1420 888 1604 930 clamavi
1627 888 1683 930 ad
1703 893 1746 930 te
1765 889 1852 930 Do-

1131 947 1260 988 mine:
1279 948 1302 974 *
1318 945 1505 988 Domine
1525 945 1684 987 exaudi
1699 958 1853 987 vocem

1029 1016 1186 1044 meam:
1491 1053 1494 1056 Δ

1081 1059 1208 1101 Fiant
1235 1071 1362 1100 aures
1389 1063 1477 1100 tuae
1505 1058 1797 1107 intendentes,
1830 1059 1854 1086 *

1030 1116 1074 1156 in
1101 1128 1256 1157 vocem
1284 1114 1603 1168 deprecationis
1630 1127 1752 1156 meae.

1081 1173 1126 1214 Si
1153 1172 1404 1224 iniquitates
1436 1171 1738 1213 observaveris
1767 1171 1853 1213 Do-

1030 1230 1159 1271 mine:
1177 1230 1201 1257 *
1219 1229 1408 1270 Domine
1430 1228 1526 1280 quis
1546 1226 1795 1270 sustinebit?

1083 1286 1193 1336 Quia
1220 1284 1338 1338 apud
1365 1290 1408 1326 te
1435 1284 1690 1337 propitiatio
1718 1289 1803 1326 est:
1831 1285 1855 1311 *

1032 1347 1075 1384 et
1096 1347 1278 1395 propter
1300 1341 1442 1393 legem
1464 1346 1584 1382 tuam
1608 1341 1792 1382 sustinui
1811 1345 1854 1382 te

1030 1399 1229 1440 Domine.

1083 1455 1294 1497 Sustinuit
1331 1454 1474 1496 anima
1508 1465 1605 1494 mea
1640 1453 1684 1493 in
1718 1453 1855 1495 verbo

1033 1512 1139 1564 ejus:
1163 1513 1187 1538 *
1211 1511 1406 1564 speravit
1429 1510 1572 1551 anima
1589 1523 1687 1551 mea
1706 1510 1750 1551 in
1768 1510 1855 1552 Do-

1032 1581 1162 1609 mmo.

1085 1625 1126 1665 A
1158 1623 1357 1666 custodia
1387 1626 1599 1665 matutina
1631 1636 1770 1676 usque
1801 1622 1857 1664 ad

1032 1686 1221 1723 noctem:
1239 1682 1263 1707 *
1283 1685 1429 1733 speret
1442 1680 1579 1721 Israel
1596 1681 1639 1721 in
1654 1680 1857 1721 Domino.

1086 1738 1197 1788 Quia
1221 1737 1339 1790 apud
1357 1737 1593 1779 Dominum
1615 1737 1855 1778 misericor-

1035 1794 1125 1836 dia:
1157 1795 1181 1821 *
1210 1799 1254 1836 et
1282 1794 1461 1846 copiosa
1489 1793 1607 1847 apud
1635 1806 1734 1835 eum
1761 1793 1856 1835 red-

1035 1851 1211 1904 emptio.

1085 1908 1143 1949 Et
1168 1908 1264 1960 ipse
1292 1906 1477 1949 redimet
1501 1906 1651 1957 Israel,
1679 1907 1702 1933 *
1733 1919 1787 1948 ex
1815 1908 1858 1948 o-

1035 1963 1207 2006 mnibus
1234 1963 1535 2015 iniquitatibus
1564 1964 1665 2015 ejus.

1086 2020 1302 2073 Requiem
1329 2021 1549 2061 aeternam.

1091 2085 1191 2123 Ant.
1215 2081 1263 2122 Si
1281 2081 1532 2133 iniquitates
1556 2080 1858 2122 observaveris

1035 2136 1237 2179 Domine:
1258 2137 1446 2179 Domine
1466 2137 1561 2189 quis
1580 2135 1832 2179 sustinebit?

1092 2201 1190 2241 Ant.
1226 2201 1372 2251 Opera
1401 2199 1425 2225 *
1451 2199 1658 2239 manuum
1684 2199 1859 2238 tuarum

1035 2253 1223 2296 Domine
1242 2267 1296 2296 ne
1316 2254 1543 2307 despicias.

1301 2316 1496 2356 Psalmus
1516 2314 1598 2354 137.

1041 2367 1330 2474 Confitebor
1363 2369 1443 2411 tibi
1471 2369 1658 2410 Domine
1688 2368 1732 2410 in
1761 2374 1858 2411 toto

1131 2426 1265 2469 corde
1285 2437 1400 2467 meo:
1424 2426 1448 2452 *
1471 2425 1676 2477 quoniam
1699 2425 1859 2468 audisti

1036 2483 1170 2525 verba
1197 2483 1284 2524 oris
1312 2481 1407 2523 mei.

1087 2540 1138 2580 In
1175 2539 1413 2591 conspectu
1445 2536 1714 2587 Angelorum
1746 2537 1858 2590 psal-

1037 2595 1124 2636 lam
1152 2595 1250 2637 tibi:
1281 2596 1305 2621 *
1336 2593 1533 2635 adorabo
1566 2593 1622 2634 ad
1648 2593 1858 2646 templum

1038 2656 1236 2693 sanctum
1262 2654 1404 2699 tuum,
1437 2653 1480 2690 01
1512 2649 1755 2691 confitebor
1783 2652 1856 2690 no-

1037 2708 1141 2748 mini
1166 2712 1254 2749 tuo.
