2066 2956
558 188 625 221 Dic
656 189 704 221 1⁸.
733 188 839 221 Febr.
887 190 921 221 S.
952 188 1165 231 Haymnndi
1192 189 1237 222 de
1266 189 1445 223 l'enafort
1472 190 1579 223 Cons.

212 288 258 336 Y.
294 285 623 337 Descenditque
658 299 758 327 cum
795 286 870 328 illo
903 287 945 327 in
979 287 1038 328 fo-

208 355 350 390 veam,
371 346 415 383 et
432 342 475 382 in
495 342 680 383 vinculis
699 355 786 384 non
804 342 1040 395 dereliquit

208 411 317 439 eum.
346 398 402 439 Et
421 397 554 439 dedit.

520 479 669 517 Lectio
693 491 728 514 ν.

254 537 424 578 nstituit
443 537 575 578 etiam
593 549 649 579 ne
664 536 833 589 absque
849 537 1039 580 celebra-

273 593 392 634 ti6ne
407 593 555 634 Missae
570 593 736 646 templa
755 594 826 635 vel
846 594 1039 636 oratoria

207 662 333 690 sacro
367 649 453 691 ritu
486 651 863 691 consecrarentur:
895 663 949 691 ne
979 651 1038 691 in-

207 705 410 746 consulto
436 707 668 758 episcopo,
702 705 772 747 vel
796 719 912 747 nova
939 719 1039 748 con·

207 763 487 811 struerentur,
507 762 578 803 vel
596 763 681 814 jam
699 765 952 804 constructa
968 762 1039 804 de-

207 820 494 867 struerentur,
524 823 567 859 et
590 831 644 859 ne
668 818 874 860 materies
899 818 955 860 ad
975 832 1039 860 sa-

206 887 328 915 crum
359 874 481 915 illum
506 887 634 915 usum
659 877 871 925 congesta
899 880 943 917 et
967 875 1040 916 de-

206 931 377 980 stinata,
398 931 441 971 in
460 931 673 983 profanos
692 944 798 972 usus
814 937 1039 973 converte-

206 988 337 1027 retur.
373 986 523 1028 Edixit
546 988 779 1039 praeterea,
809 993 857 1029 ut
880 988 1041 1040 patrini

205 1042 427 1095 baptismo
461 1043 683 1093 adessent,
717 1044 791 1095 qui
823 1043 878 1085 de
911 1057 1039 1086 sacro

207 1099 328 1140 fonte
365 1099 553 1140 infantes
589 1099 803 1141 levarent:
849 1113 904 1142 ne
943 1101 1040 1153 quis

208 1158 443 1207 episcopus
470 1168 570 1197 reus
595 1156 786 1197 criminis
814 1155 1039 1198 damnare-

207 1216 291 1260 tur,
320 1211 402 1251 nisi
431 1224 457 1252 a
483 1212 927 1264 comprovincialibus
951 1215 1039 1265 epi-

208 1267 355 1319 scopis
388 1268 478 1319 ejus
512 1280 644 1309 causa
671 1268 814 1321 probe
840 1268 1040 1310 discussa

207 1323 371 1364 fuisset.
409 1324 577 1365 Cuncta
600 1323 698 1366 haec
722 1325 812 1376 ejus
835 1325 964 1367 titulo
989 1338 1040 1367 ac

207 1380 382 1421 nemine
411 1382 578 1422 sancita
606 1385 791 1422 exstant.
832 1381 944 1423 Tres
973 1395 1039 1423 or-

207 1435 453 1477 dinatienes
486 1435 639 1478 habuit
673 1450 823 1479 mense
856 1438 1039 1479 Decem-

207 1491 291 1541 bri,
319 1492 477 1544 quibus
502 1493 668 1534 creavit
692 1496 930 1546 episcopos
951 1508 1040 1544 sex,

206 1548 490 1600 presbyteros
524 1548 792 1601 quindecim,
828 1550 1040 1592 diaconos

208 1605 410 1657 quinque.

262 1667 308 1716 Ιζν.
343 1664 622 1707 Desiderium
654 1666 810 1707 animae
844 1667 935 1717 ejus
967 1668 1038 1709 tri-

207 1720 339 1762 buisti
371 1721 410 1762 ei
438 1722 645 1771 Domine,
676 1730 695 1749 *
730 1722 787 1763 Et
813 1723 1041 1766 voluntate

207 1776 422 1817 labiorum
451 1778 542 1828 ejus
572 1790 659 1819 non
688 1777 901 1820 fraudasti
930 1793 1040 1821 eum.

209 1834 255 1884 Y.
279 1834 494 1882 Quoniam
513 1834 767 1886 praevenisti
786 1847 886 1876 eum
905 1836 948 1876 in
967 1836 1039 1878 be-

209 1888 531 1931 nedictionibus
561 1889 823 1931 dulcedinis:
851 1893 1040 1944 posuisti

209 1945 250 1985 in
279 1946 423 1997 capite
452 1947 543 1998 ejus
571 1948 781 1988 coronam
809 1947 864 1990 de
891 1948 1040 2001 lapide

208 2002 417 2052 pretieso.
446 2002 503 2043 Et
521 2002 758 2044 voluntate.

510 2078 661 2118 Lectio
684 2080 733 2117 vi.

208 2134 358 2240 Cum
383 2145 530 2182 autem
556 2142 690 2194 paulo
718 2148 819 2184 ante
843 2143 869 2183 J
871 2145 1040 2184 ustinus

291 2196 556 2238 clarissimus
571 2198 862 2251 philosophus
874 2204 917 2240 et
929 2199 1041 2241 Chri-

209 2252 265 2292 sti
298 2252 464 2305 Martyr
501 2255 751 2306 scripsisset
788 2255 1039 2308 apologiam

207 2320 290 2358 pro
316 2308 526 2360 religiene
553 2310 793 2353 christiana
824 2311 881 2353 ad
904 2312 1038 2364 impe-

209 2365 399 2405 ratorem
432 2365 702 2408 Antoninum
733 2368 860 2409 Pium
891 2370 1038 2419 Augu-

209 2425 337 2469 stum,
357 2420 545 2463 obtinuit
563 2428 611 2464 ut
629 2425 882 2476 persecutio
903 2424 1038 2466 desae-

209 2477 330 2516 viret.
358 2477 473 2518 Hinc
492 2491 517 2518 a
539 2478 885 2521 Christianorum
905 2481 1039 2531 caede‚

209 2543 296 2572 non
337 2532 515 2584 quidem
561 2538 756 2586 omnino,
801 2537 1039 2589 plurimum

209 2591 372 2637 tamen,
412 2589 591 2639 publico
628 2593 840 2645 principis
877 2592 1038 2643 edictO,

208 2646 502 2695 temperatum
534 2653 611 2688 est.
660 2649 945 2690 Sanctissimo
978 2655 1038 2691 ta—

209 2712 308 2741 men
329 2702 514 2752 pasteri‚
543 2705 664 2755 cujus
684 2717 786 2745 cura
806 2705 1038 2747 Dominico

1092 287 1214 338 gregi
1242 287 1491 330 consultum
1518 289 1674 338 fuerat,
1707 288 1927 341 parcitum

1093 355 1180 384 non
1199 343 1294 394 fuit;
1319 356 1478 397 nempe
1501 344 1572 386 hic
1594 344 1792 396 glorioso
1815 357 1926 385 mar—

1091 399 1223 451 tyrio,
1252 412 1308 441 ne
1327 400 1684 442 antecesseribus
1704 399 1927 441 dissimilis

1093 460 1228 505 esset,
1255 456 1660 498 innocentissimam
1683 457 1820 499 vitam
1842 461 1927 498 ter·

1092 511 1288 562 minavit,
1309 512 1381 555 die
1399 513 1634 555 undecima
1652 513 1677 555 J
1679 512 1863 562 anuarii‚
1883 517 1928 555 et

1093 568 1294 620 sepultus
1314 574 1381 611 est
1397 569 1441 610 in
1461 569 1693 612 Vaticano.

1148 631 1197 683 R.
1223 629 1346 671 Stola
1363 628 1658 682 jucunditatis.

1147 699 1188 733 In
1210 700 1273 734 III.
1296 701 1497 735 Nocturno
1524 701 1694 734 Ilomilia
1718 701 1756 734 in
1779 700 1925 742 Evang.

1095 745 1135 780 Si
1153 745 1240 789 quis
1265 747 1383 782 venit.
1413 749 1459 782 de
1486 749 1622 782 eodem
1645 749 1750 783 Com.
1777 749 1803 782 1.
1827 748 1926 782 loco.

1146 798 1279 833 Lectio
1306 800 1354 833 ix.
1382 800 1428 833 de
1459 800 1641 838 Homilia,
1667 804 1703 835 et
1729 810 1925 834 commem.

1095 845 1218 880 Feriae
1244 847 1281 880 in
1308 847 1517 882 Laudibus

1293 935 1378 976 Die
1397 935 1456 974 18.
1475 933 1510 974 F
1513 933 1714 975 ebruarii.

1093 1007 1137 1048 S.
1154 1005 1445 1056 Raymundi
1464 1005 1526 1046 de
1546 1004 1785 1047 Pefiafort
1806 1007 1927 1049 Conf.

1381 1072 1642 1115 Semiduplex.

1146 1129 1283 1162 Omnia
1308 1128 1354 1161 de
1373 1128 1576 1162 Communi
1596 1128 1704 1162 (lons.
1724 1138 1799 1161 non
1819 1127 1927 1161 Pont.

1095 1181 1235 1219 pra—ter
1260 1187 1365 1219 sequ.
1389 1175 1448 1217 (m.
1473 1178 1497 1210 t.
1518 1174 1568 1218 V.)

1432 1232 1597 1272 Oratio.

1094 1284 1277 1388 Deus,
1307 1287 1382 1339 qui
1407 1287 1588 1328 beatum
1614 1285 1928 1338 Rayml'mdum

1210 1343 1483 1396 poenitentiae
1523 1342 1786 1384 sacramenti
1809 1342 1928 1383 'insi-

1092 1412 1224 1450 gnem
1256 1400 1506 1441 ministrum
1539 1399 1728 1451 elegisti,
1765 1403 1811 1441 et
1846 1411 1928 1451 per

1093 1456 1226 1497 maris
1247 1455 1388 1498 undas
1403 1455 1662 1497 mirabiliter
1675 1454 1928 1497 traduxisti:

1094 1511 1304 1563 concede;
1330 1518 1380 1554 ut
1407 1513 1499 1564 ejus
1523 1511 1840 1554 intercessione
1867 1510 1928 1553 di-

1093 1581 1205 1620 gnos
1225 1569 1497 1621 poenitentiae
1514 1568 1684 1610 fructus
1703 1568 1865 1628 facere,
1885 1572 1929 1609 et

1094 1624 1150 1666 ad
1178 1627 1358 1666 aeternae
1386 1624 1542 1666 salutis
1566 1629 1748 1677 portum
1773 1635 1927 1677 perve-

1093 1683 1186 1722 nire
1207 1681 1442 1723 valeamus.
1469 1681 1556 1722 Per
1574 1680 1824 1722 Deminum.

1146 1742 1192 1775 Et
1212 1743 1251 1776 iit
1272 1753 1468 1777 commem.
1486 1744 1610 1778 Feriae
1629 1749 1665 1779 et
1680 1746 1717 1781 S,
1732 1746 1926 1781 Simeonis

1095 1790 1160 1832 Ep.
1191 1795 1227 1824 et
1252 1790 1358 1824 Mart.
1386 1796 1425 1825 ut
1450 1791 1487 1825 in
1514 1791 1623 1826 Brev.
1648 1794 1784 1829 eadem
1809 1794 1882 1829 die.

1145 1847 1187 1880 In
1211 1847 1235 1880 Ι.
1254 1847 1454 1882 Noeturno
1472 1848 1678 1883 Lectiones
1697 1849 1840 1884 Beatus
1855 1848 1927 1884 vir.

1094 1894 1140 1927 de
1167 1895 1302 1929 eodem
1329 1896 1534 1930 Communi
1557 1897 1587 1930 2.
1614 1897 1711 1932 loeo.

1323 1962 1371 2000 In
1398 1962 1449 2001 ΙΙ.
1473 1962 1697 2002 Nocturno.

1398 2027 1549 2068 Lectio
1570 2028 1622 2068 iv.

1197 2091 1332 2130 ezitus
1381 2087 1672 2140 Raymundus
1719 2087 1927 2129 Barcino-

1105 2145 1198 2199 {·³{{}'³*
1231 2145 1395 2195 nensis,
1428 2158 1484 2186 ex
1511 2143 1649 2186 nobili
1675 2143 1840 2185 familia
1870 2144 1927 2186 de

1106 2198 1199 2225 ’55
1231 2201 1454 2251 Pefiafort‚
1483 2200 1732 2242 christianae
1755 2199 1926 2251 religio'-

1093 2257 1159 2298 nis
1174 2257 1434 2299 rudimentis
1449 2257 1655 2306 imbutus‚
1670 2255 1815 2298 adhuc
1828 2258 1927 2309 par-

1092 2314 1220 2355 vulus
1239 2314 1399 2355 eximia
1418 2314 1551 2354 animi
1577 2318 1622 2355 et
1640 2312 1841 2365 corporis
1866 2314 1926 2353 in-

1093 2369 1196 2412 dole
1223 2383 1430 2422 magnum
1465 2367 1633 2422 aliquid
1659 2368 1926 2421 portendere

1092 2427 1213 2468 visus
1235 2430 1312 2467 est.
1365 2426 1481 2467 Nam
1500 2425 1759 2467 adolescens
1778 2424 1926 2466 huma-

1092 2483 1238 2524 niores
1261 2482 1430 2524 litteras
1454 2483 1499 2523 in
1521 2482 1665 2534 patria
1687 2481 1926 2534 professus,

1092 2539 1338 2581 Bononiam
1363 2551 1410 2580 se
1431 2538 1629 2588 contulit,
1656 2537 1731 2579 ubi
1749 2536 1927 2589 pietatis

1093 2595 1265 2644 officiis,
1291 2608 1343 2636 ac
1361 2594 1591 2648 pontificio
1615 2593 1821 2645 civilique
1846 2593 1927 2644 iuri

1092 2651 1248 2692 sedulo
1268 2651 1536 2699 incumbenS,
1557 2654 1601 2691 et
1620 2649 1818 2691 docteris
1836 2648 1925 2690 lau-

1092 2720 1167 2748 rea
1181 2708 1424 2758 insignitus,
1442 2705 1608 2748 ibidem
1624 2717 1776 2747 sacros
1796 2707 1924 2747 cano-
