2028 2892
791 174 992 210 Dominica
1019 178 1245 213 Palmurum.

1791 180 1864 215 203

158 223 1862 246 Ἣ

392 263 442 301 111
460 263 510 301 11.
530 263 753 305 Nocturno.

240 319 393 360 Sermo
419 321 556 361 sancti
581 320 742 362 Leonis
765 324 909 377 Papae.

284 381 416 416 Sermo
436 383 484 417 11.
504 384 550 417 de
568 384 675 418 Pass.
693 385 859 419 Domini.

231 479 235 482 ,
458 435 610 477 Lectio
631 437 683 477 iv.

194 490 255 543 &3⁴33
266 501 282 552 κὴ
290 486 509 528 esiderata
533 488 678 539 nobis,
707 490 986 544 dilectissimi,

198 570 238 586 a
277 544 282 586 ξι
307 547 351 583 et
370 544 575 585 universo
596 545 802 597 optabilis
821 550 985 592 mundo

167 586 281 621 *⁸4¹
305 598 432 640 adest
480 600 696 642 festivitas
740 603 985 647 Dominicae

156 654 395 705 passienis,
425 668 524 707 quae
553 670 635 698 nos
661 658 775 700 inter
800 662 985 703 exsulta-

156 709 298 751 tienes
322 711 582 763 spiritalium
606 715 866 764 gaudiorum
891 718 985 759 sile-

156 777 203 806 re
227 778 316 807 non
340 768 516 819 patitur.
561 770 673 819 Quia
700 772 782 812 etsi
809 772 984 815 difficile

157 825 238 871 est,
264 822 319 864 de
345 823 500 864 eadem
525 825 801 869 solemnitate
821 830 982 881 saepius

156 876 286 928 digne
314 881 505 931 apteque
534 880 764 924 disserere:
795 897 884 925 non
917 891 983 927 est

155 937 302 975 tamen
329 934 515 976 liberum
543 938 762 980 sacerdoti
789 940 832 980 in
860 945 982 983 tanto

156 987 316 1031 divinae
354 991 667 1034 misericerdiae
707 999 982 1039 sacramento

153 1044 357 1087 fidelibus
395 1048 573 1100 papulis
606 1049 863 1094 subtrahere
895 1067 982 1094 ser-

153 1102 296 1142 m6nis
321 1103 529 1144 osticium:
555 1117 654 1146 cum
678 1106 775 1158 ipsa
799 1110 983 1150 materia

153 1169 207 1197 ex
240 1170 293 1199 eo
328 1159 448 1211 quod
480 1165 548 1202 est
578 1161 825 1214 ineffabilis,
863 1165 982 1207 fandi

151 1212 316 1256 tribuat
338 1215 608 1258 facultatem:
634 1231 716 1261 nec
743 1221 886 1272 possit
910 1221 980 1263 de-

150 1268 285 1311 ficere
323 1272 444 1323 quod
481 1272 669 1324 dicatur,
715 1275 819 1317 dum
861 1291 980 1318 num-

152 1337 284 1377 quam
308 1332 459 1379 potest
484 1330 589 1370 satis
615 1343 712 1373 esse
738 1333 858 1384 quod
878 1333 979 1375 dici-

149 1385 232 1422 tur.
272 1383 539 1426 Succumbat
571 1398 676 1437 ergo
704 1387 893 1430 humana
918 1390 979 1430 in-

148 1437 334 1480 firmitas
353 1440 507 1490 gleriae
522 1441 616 1491 Dei,
636 1447 680 1483 et
698 1443 742 1483 in
761 1444 978 1496 explican-

149 1493 218 1535 dis
264 1495 473 1548 operibus
517 1497 833 1540 misericerdiae
877 1502 977 1552 ejus,

146 1551 360 1602 imparem
385 1564 433 1593 se
459 1565 633 1606 semper
657 1555 858 1597 inveniat.
896 1557 976 1598 La-

147 1605 355 1648 boremus
370 1620 512 1658 sensu,
530 1608 777 1651 haereamus
791 1612 976 1663 ingenio,

148 1661 403 1704 deficiamus
428 1663 620 1717 eloquio:
647 1665 811 1707 bonum
838 1672 904 1709 est
927 1674 976 1710 ut

146 1718 276 1760 nobis
293 1733 451 1772 parum
470 1721 541 1771 sit,
568 1721 686 1773 quod
706 1723 837 1763 etiam
856 1729 976 1766 recte

147 1774 203 1817 de
221 1776 401 1817 Demini
418 1777 648 1828 majestate
668 1781 889 1820 sentimus.

197 1835 248 1886 Rz.
270 1831 496 1874 Conclusit
514 1834 607 1874 vias
625 1847 747 1875 meas
766 1834 976 1886 inimicus,

146 1886 378 1930 insidiator
397 1889 538 1930 factus
559 1894 626 1931 est
643 1889 750 1930 mihi
773 1891 885 1932 sicut
904 1891 974 1933 leo

146 1943 191 1983 in
210 1943 487 1995 abscendito,
514 1945 701 1998 replevit
725 1950 769 1987 et
791 1947 974 1989 inebria-

146 1999 209 2040 vit
227 2013 298 2041 me
317 2001 621 2043 amaritudine:
641 2001 916 2044 deduxerunt
931 2003 975 2044 in

146 2054 291 2096 lacum
313 2057 467 2098 mortis
486 2058 620 2099 vitam
643 2070 802 2109 meam,
831 2063 875 2099 et
897 2071 973 2110 po-

147 2113 327 2153 suerunt
344 2112 538 2165 lapidem
553 2118 705 2155 contra
723 2127 805 2155 me.
820 2116 843 2141 *
857 2114 973 2156 Vide

146 2167 334 2209 Demine
359 2169 609 2221 iniquitates
634 2170 822 2210 illerum:
849 2174 892 2211 et
915 2170 973 2221 ju-

147 2222 245 2264 dica
263 2237 441 2266 causam
459 2226 613 2266 animae
630 2238 751 2274 meae,
771 2225 973 2266 defensor

146 2280 248 2321 vitae
266 2293 388 2322 meae.
421 2277 471 2328 V.
497 2282 658 2322 Factus
684 2294 779 2322 sum
801 2281 844 2321 in
865 2281 972 2322 deri-

145 2347 242 2376 sum
270 2337 387 2377 omni
416 2337 584 2389 pepulo
611 2350 726 2387 meo,
758 2337 972 2378 canticum

146 2392 298 2432 eorum
318 2397 413 2434 tota
432 2392 513 2434 die.
540 2392 667 2434 Vide.
704 2442 706 2444 ,

454 2451 606 2492 Lectio
628 2466 664 2492 v.

234 2502 376 2545 icente
395 2504 510 2545 enim
528 2503 760 2556 propheta:
780 2504 972 2553 Quaerite

243 2559 498 2610 Deminum,
552 2565 595 2601 et
640 2559 971 2607 confirmamini,

146 2615 328 2666 quaerite
360 2616 516 2657 faciem
549 2617 638 2667 ejus
669 2627 855 2667 semper:
901 2616 971 2654 ne-

144 2670 249 2711 mini
275 2671 630 2722 praesumendum
657 2676 738 2720 est,
765 2669 885 2721 quod
908 2674 971 2711 to-

1039 271 1132 307 tum
1153 268 1272 319 quod
1293 271 1457 320 quaerit,
1475 272 1697 323 invenerit,
1717 288 1772 316 ne
1791 275 1861 316 de-

1039 323 1152 364 sinat
1169 325 1476 376 propinquare,
1501 329 1574 379 qui
1594 331 1775 372 cessarit
1794 345 1861 373 ac-

1040 378 1206 420 cedere.
1250 380 1364 430 Quid
1397 387 1542 424 autem
1573 385 1683 426 inter
1716 388 1862 429 emnia

1039 436 1175 486 (Spera
1193 435 1292 485 Dei,
1317 436 1361 476 in
1386 438 1541 489 quibus
1565 439 1764 482 humanae
1788 443 1860 484 ad-

1037 490 1279 531 mirationis
1315 492 1520 543 fatigatur
1559 495 1756 547 intentio,
1800 499 1860 540 ita

1038 547 1452 599 contemplatienem
1468 552 1624 592 mentis
1639 558 1800 595 nostrae
1817 561 1860 597 et

1038 602 1231 644 oblectat
1263 609 1306 644 et
1337 608 1532 657 superat,
1571 608 1681 649 sicut
1711 611 1858 660 passio

1036 658 1300 700 Salvateris?
1344 661 1427 711 Qui
1453 667 1501 703 ut
1527 662 1762 706 humanum
1789 679 1857 717 ge-

1036 728 1117 755 nus
1141 715 1324 756 vinculis
1347 717 1581 759 mortiferae
1603 723 1858 771 praevarica-

1036 771 1167 811 tionis
1194 771 1460 822 absolveret,
1487 779 1530 815 et
1554 777 1748 818 saevienti
1772 778 1857 819 dia-

1037 825 1141 868 bolo
1160 828 1404 879 potentiam
1423 842 1514 870 suae
1532 832 1769 882 majestatis
1789 846 1857 875 oc-

1037 882 1187 932 culuit,
1214 888 1257 925 et
1279 885 1574 927 infirmitatem
1597 892 1761 929 nostrae
1783 889 1857 930 hu-

1034 938 1228 980 militatis
1256 940 1425 992 objecit.
1461 942 1506 983 Si
1533 943 1645 983 enim
1670 944 1856 986 crudelis

1035 999 1078 1035 et
1097 996 1312 1048 superbus
1327 997 1524 1039 inimicus
1540 999 1767 1041 consilium
1781 1002 1855 1041 mi-

1034 1051 1284 1093 sericerdiae
1324 1053 1408 1094 Dei
1448 1066 1579 1095 nosse
1623 1058 1856 1107 potuisset,

1032 1107 1288 1148 Judaeorum
1323 1109 1492 1150 animos
1525 1112 1856 1154 mansuetudine

1032 1164 1179 1215 petius
1216 1167 1481 1217 temperare,
1524 1179 1654 1218 quam
1689 1168 1856 1219 injustis

1034 1219 1147 1260 ediis
1175 1220 1416 1263 studuisset
1444 1222 1697 1263 accendere:
1730 1237 1784 1265 ne
1812 1227 1854 1265 ό-

1032 1276 1196 1316 mnium
1227 1277 1500 1328 captivarum
1526 1281 1745 1320 amitteret
1768 1293 1853 1321 ser-

1032 1331 1230 1382 vitutem,
1264 1332 1369 1373 dum
1400 1333 1506 1373 nihil
1538 1333 1621 1374 sibi
1653 1334 1853 1377 debentis

1030 1388 1308 1438 persequitur
1326 1388 1584 1430 libertatem.

1083 1447 1133 1497 R.
1171 1443 1347 1484 Salvum
1378 1457 1447 1485 me
1479 1445 1548 1485 fac
1578 1446 1714 1495 Deus,
1748 1449 1852 1498 que-

1029 1497 1146 1538 niam
1172 1498 1444 1541 intraverunt
1477 1512 1603 1552 aquae
1631 1514 1769 1552 usque
1796 1502 1853 1544 ad

1029 1553 1217 1594 animam
1240 1567 1398 1596 meam:
1425 1568 1479 1596 ne
1503 1559 1674 1598 avertas
1697 1557 1852 1599 faciem

1027 1613 1148 1650 tuam
1180 1623 1205 1650 a
1237 1623 1320 1652 me:
1351 1613 1374 1638 *
1408 1612 1622 1661 Queniam
1652 1613 1850 1665 tribulor,

1029 1665 1187 1706 exaudi
1226 1679 1297 1707 me
1334 1667 1522 1709 Demine
1559 1668 1680 1710 Deus
1718 1683 1851 1711 meus.

1029 1719 1080 1770 V.
1103 1721 1287 1763 Intende
1314 1723 1468 1764 animae
1491 1737 1618 1774 meae,
1647 1729 1689 1766 et
1715 1725 1851 1767 libera
1898 1770 1900 1772 ,

1029 1789 1139 1818 eam:
1162 1783 1345 1830 propter
1367 1779 1566 1821 inimicos
1589 1793 1712 1822 meos
1732 1783 1850 1834 eripe

1028 1846 1109 1874 me.
1138 1834 1363 1883 Quoniam.

1327 1893 1478 1933 Lectio
1501 1894 1553 1933 vi.

1027 1942 1250 2047 Fefellit
1294 1959 1397 1998 ergo
1441 1947 1562 1988 illum
1606 1948 1849 1999 malignitas

1133 2014 1228 2052 sua,
1261 2003 1405 2044 intulit
1443 2003 1703 2055 supplicium
1739 2004 1847 2044 Filio

1025 2058 1124 2108 Dei,
1157 2057 1276 2110 quod
1306 2059 1471 2099 cunctis
1500 2058 1600 2099 filiis
1625 2059 1846 2099 heminum

1025 2114 1068 2154 in
1082 2113 1323 2155 remedium
1336 2115 1588 2155 verteretur.
1607 2113 1737 2155 Fudit
1751 2116 1846 2154 san-

1025 2170 1199 2220 guinem
1226 2170 1399 2220 justum,
1429 2169 1502 2220 qui
1525 2168 1844 2210 reconciliando

1025 2224 1188 2266 mundo
1213 2230 1257 2266 et
1278 2225 1466 2277 pretium
1491 2229 1622 2273 esset,
1651 2228 1694 2264 et
1714 2226 1845 2276 pocu-

1024 2280 1124 2321 lum.
1160 2281 1361 2332 Suscepit
1382 2279 1609 2328 Dominus,
1638 2279 1757 2330 quod
1782 2293 1844 2321 se-

1025 2335 1216 2377 cundum
1240 2335 1514 2388 propositum
1538 2347 1628 2375 suae
1650 2334 1844 2376 volunta-

1023 2392 1080 2432 tis
1113 2391 1253 2442 elegit.
1306 2391 1494 2431 Admisit
1528 2390 1572 2430 in
1607 2403 1654 2431 se
1689 2391 1845 2442 impias

1023 2459 1177 2487 manus
1208 2447 1453 2487 furentium:
1487 2458 1584 2497 quae
1616 2445 1720 2487 dum
1746 2449 1844 2498 pre-

1023 2503 1120 2554 prio
1148 2502 1401 2543 incumbunt
1428 2501 1599 2551 sceleri,
1626 2501 1844 2542 famulatae

1024 2563 1124 2599 sunt
1143 2557 1438 2609 Redempteri.
1471 2556 1600 2607 Cujus
1617 2558 1747 2598 etiam
1766 2558 1843 2598 cir—

1024 2626 1074 2654 ca
1110 2614 1409 2654 interfectores
1450 2625 1553 2653 suos
1594 2618 1714 2654 tanta
1752 2618 1844 2654 erat

1022 2669 1195 2721 pietatis
1219 2668 1408 2717 affecti0‚
1435 2673 1484 2709 ut
1509 2668 1564 2709 de
1590 2681 1718 2710 cruce
1742 2672 1841 2720 sup-
