2066 2904
737 146 947 180 Commune
973 155 1050 179 non
1075 143 1287 185 virginum.

217 248 342 287 Pater
359 249 520 287 noster.

213 309 459 350 Absolutio.
487 306 631 356 Ipsius
650 305 803 356 pietas.

214 360 265 410 W.
287 360 400 417 Jube
423 360 594 402 domne.

167 450 169 453 ,
215 420 377 461 Bened.
405 420 524 458 Deus
543 416 675 457 Pater
697 416 989 466 omnipotens.

162 497 230 536 Ex
246 493 359 535 libro
379 493 518 534 sancti
536 491 762 533 Ambr6sii
779 490 990 542 Episcopi

455 548 511 590 de
529 548 700 590 Viduis.

438 615 565 659 Prope
589 615 712 648 finem.

463 671 615 712 Lectio
634 671 686 710 iv.

172 737 234 781 ς’ξζ
249 743 296 785 ·3
311 741 437 780 grum
450 728 566 769 hunc
577 727 788 769 Ecclesiae
802 726 991 767 fertilem

171 782 177 818 ν’
284 791 294 812 ’-’
325 797 469 834 cerno,
482 783 870 834 nuncintegritatis
881 782 992 823 flore

185 840 206 866 7
323 843 600 890 vernantem,
626 852 742 880 nunc
765 838 992 880 viduitatis

162 897 378 948 gravitate
412 896 669 948 pollentem,
709 907 824 936 nunc
860 894 993 935 etiam

164 953 354 1005 conjugii
402 951 618 993 fructibus
661 950 993 992 redundantem.

162 1009 278 1050 Nam
298 1008 382 1050 etsi
400 1007 573 1057 diversi,
592 1009 719 1048 unius
738 1012 886 1048 tamen
901 1005 994 1056 agri

155 1064 332 1105 „fructus
361 1068 478 1105 sunt:
504 1076 586 1104 nec
613 1067 737 1104 tanta
763 1062 995 1103 horterum

164 1119 268 1169 lilia,
289 1125 464 1172 quantae
484 1122 632 1161 aristae
652 1120 865 1170 segetum,
883 1119 993 1157 mes-

165 1176 278 1216 sium
305 1176 455 1228 spicae:
486 1175 867 1228 compluriumque
897 1174 994 1225 spa-

165 1232 227 1272 tia
258 1234 516 1284 camporum
546 1230 811 1283 recipiendis
844 1231 994 1281 aptan-

165 1291 237 1328 tur
265 1287 521 1337 seminibus,
549 1299 681 1338 quam
707 1285 891 1327 redditis
919 1297 995 1325 no-

166 1342 287 1384 vales
305 1343 521 1384 fructibus
539 1343 761 1384 feriantur.
788 1342 913 1381 Bona
932 1352 995 1381 er-

166 1411 223 1450 go
243 1398 448 1448 viduitas,
478 1411 576 1451 quae
595 1398 730 1439 teties
749 1395 996 1448 apostolico

167 1454 328 1506 judicio
346 1454 625 1506 praedicatur.
652 1454 764 1494 Haec
779 1452 895 1493 enim
909 1463 996 1491 ma-

166 1512 304 1561 gistra
317 1509 432 1560 fidei,
450 1512 660 1561 magistra
680 1513 747 1550 est
767 1507 997 1549 castitatis.

221 1567 273 1619 R.
301 1565 493 1619 Propter
523 1565 771 1613 veritatem,
804 1568 848 1604 et
878 1575 996 1603 man-

169 1621 461 1671 suetudinem,
488 1626 531 1663 et
555 1620 780 1672 justitiam:
800 1622 825 1647 *
841 1619 898 1659 Et
924 1617 995 1659 de-

170 1675 303 1718 ducet
332 1682 377 1718 te
408 1676 666 1718 mirabiliter
697 1675 879 1716 dextera
909 1679 996 1714 tua.

169 1732 221 1781 V.
246 1732 403 1785 Specie
419 1738 497 1774 tua
515 1737 559 1774 et
577 1730 904 1784 pulchritudine
922 1734 998 1770 tua

168 1787 363 1838 intende,
390 1791 607 1842 prespere
629 1786 841 1840 procede,
870 1790 914 1826 et
933 1797 997 1826 re-

169 1855 265 1894 gna.
300 1845 357 1885 Et
376 1844 578 1886 deducet.

224 1900 386 1942 Be'ned.
410 1900 610 1942 Christus
628 1902 867 1953 perpetuae.

480 1965 634 2006 Lectio
654 1978 692 2004 v,

171 2020 348 2126 Unde
373 2029 416 2066 et
435 2025 498 2066 illi
521 2026 596 2076 qui
615 2025 799 2067 deerum
818 2028 999 2067 suorum

276 2080 491 2122 adulteria
522 2085 566 2122 et
596 2081 762 2134 probra
792 2084 998 2123 veneran-

172 2141 255 2186 tur,
294 2136 526 2178 coelibatus
563 2142 607 2178 et
646 2137 871 2178 viduitatis
916 2142 1000 2179 sta-

172 2194 296 2233 tuere
324 2205 497 2244 poenas,
524 2197 573 2234 ut
600 2193 745 2233 aemuli
773 2193 1002 2234 criminum

173 2247 436 2289 mulctarent
455 2247 602 2289 studia
614 2249 835 2299 virtutum,
855 2249 1003 2301 specie

176 2303 364 2354 quidem,
385 2316 471 2355 qua
490 2304 823 2346 foecunditatem
838 2306 1003 2356 quaere-

175 2363 289 2408 rent,
317 2359 397 2400 sed
423 2359 587 2409 studio,
617 2372 705 2411 quo
724 2361 1004 2412 propositum

177 2415 391 2456 castitatis
427 2415 665 2456 abolerent.
711 2415 826 2456 Nam
862 2416 1004 2456 confe-

177 2470 258 2512 ctis
278 2475 321 2511 et
339 2471 465 2512 miles
485 2471 714 2523 stipendiis
734 2484 855 2512 arma
871 2471 1004 2523 depe-

177 2525 251 2574 nit,
271 2531 314 2567 et
331 2526 485 2568 relicto
507 2527 654 2568 officio
676 2527 797 2579 quod
813 2527 1005 2576 gerebat,

179 2580 236 2621 ad
254 2582 434 2633 prepria
451 2584 685 2624 veteranus
707 2595 809 2623 rura
830 2582 1004 2623 dimitti-

178 2640 265 2685 tur,
291 2641 341 2678 ut
365 2642 409 2678 et
430 2638 526 2690 ipse
550 2638 755 2679 exercitae
779 2637 1006 2678 laboribus

1040 241 1144 282 vitae
1157 240 1355 292 requiem
1369 241 1683 291 consequatur3
1704 241 1747 278 et
1763 236 1873 277 alios

1043 309 1145 349 spes
1169 296 1329 338 futurae
1359 296 1519 348 quietis
1549 292 1790 335 subeundis
1814 292 1874 332 fa-

1043 353 1129 395 ciat
1156 352 1364 405 operibus
1392 350 1703 404 promptiOres.
1749 348 1874 398 Agri-

1042 409 1140 450 cola
1160 421 1336 461 quoque
1354 407 1568 448 maturior
1582 404 1875 457 torquendam

1043 464 1141 505 aliis
1165 464 1323 505 stivam
1351 463 1600 511 committit,
1629 466 1673 502 et
1699 459 1876 512 juvenili

1042 522 1251 571 gravatus
1268 522 1403 572 epere
1417 517 1743 572 providentiam
1758 528 1876 557 curae

1044 576 1192 617 senilis
1210 575 1427 628 explorat:
1446 575 1582 616 vitem
1596 572 1766 614 facilius
1781 576 1876 612 ton-

1045 632 1166 681 dere,
1206 644 1338 684 quam
1369 633 1589 684 premere,
1626 632 1674 669 ut
1704 629 1876 679 juvene-

1045 690 1240 729 scentem
1258 687 1477 728 luxuriam
1495 685 1719 738 reprimat,
1740 688 1784 725 et
1803 683 1876 724 ad-

1045 744 1314 785 olescentem
1344 743 1570 784 lasciviam
1601 740 1713 781 falce
1742 741 1877 780 succi-

1046 799 1136 840 dat:
1159 801 1396 852 parcOrum
1415 796 1652 850 quamdam
1670 798 1878 848 partuum

1046 855 1296 896 castitatem
1316 855 1481 896 docens
1501 854 1633 895 etiam
1651 852 1695 892 in
1714 850 1878 892 vitibus

1047 911 1349 963 expetendam.

1099 976 1149 1027 R.
1186 975 1390 1017 Dilexisti
1416 973 1641 1026 justitiam,
1674 976 1718 1012 et
1746 970 1880 1012 odisti

1045 1031 1339 1083 iniquitatem:
1362 1032 1386 1057 *
1413 1030 1658 1081 Propterea
1682 1027 1807 1068 unxit
1835 1031 1880 1067 te

1047 1087 1185 1136 Deus,
1238 1088 1361 1128 Deus
1406 1091 1507 1127 tuus
1557 1083 1657 1125 eleo
1702 1083 1881 1123 laetitiae.

1047 1136 1099 1188 V.
1123 1143 1314 1195 Propter
1338 1142 1584 1190 veritatem,
1611 1143 1655 1180 et
1680 1151 1880 1179 mansue—

1048 1197 1256 1248 tudinem,
1277 1203 1321 1240 et
1339 1197 1558 1250 justitiam.
1585 1195 1842 1246 Propterea.

1104 1262 1265 1302 Bencd.
1297 1263 1446 1313 Ignem
1465 1260 1532 1301 sui
1551 1259 1725 1300 ameris.

1354 1338 1506 1378 Lectio
1528 1337 1580 1375 vi.

1053 1399 1253 1505 Similis
1277 1404 1380 1444 huic
1397 1403 1532 1444 vidua
1549 1402 1670 1443 velut
1689 1401 1883 1442 emeritis

1126 1462 1336 1511 veterana
1351 1458 1581 1511 stipendiis
1597 1457 1824 1505 eastitatis,
1840 1461 1884 1497 et

1050 1517 1087 1556 si
1115 1516 1305 1567 conjugii
1332 1527 1454 1556 arma
1481 1514 1691 1566 deponat,
1725 1511 1884 1553 domus

1048 1576 1197 1613 tamen
1226 1574 1362 1612 totius
1393 1583 1551 1623 pacem
1578 1568 1807 1619 gubernat:
1841 1572 1885 1609 et

1051 1628 1088 1668 si
1107 1627 1317 1669 vehendis
1341 1626 1548 1668 oneribus
1573 1625 1733 1673 otiosa,
1757 1624 1884 1664 mari-

1051 1682 1198 1724 tandis
1228 1688 1375 1724 tamen
1407 1680 1649 1734 junieribus
1680 1679 1884 1732 provida,

1051 1738 1127 1780 ubi
1147 1739 1290 1780 cultus
1309 1738 1473 1787 utilior,
1499 1737 1576 1778 ubi
1595 1737 1763 1777 fructus
1781 1735 1884 1776 ube-

1050 1795 1141 1835 rior
1156 1796 1221 1844 sit,
1242 1807 1427 1846 quarum
1437 1793 1643 1845 cepulam
1658 1792 1885 1844 aptierem,

1053 1851 1178 1892 senili
1195 1851 1412 1901 gravitate
1431 1849 1637 1901 dispenit.
1673 1848 1830 1899 Itaque
1850 1848 1886 1887 si

1051 1906 1365 1948 maturieribus
1377 1918 1509 1957 quam
1518 1903 1758 1956 junioribus
1770 1915 1885 1944 com-

1051 1963 1237 2004 mittitur
1260 1975 1380 2013 ager,
1409 1975 1487 2003 cur
1511 1965 1643 2013 putes
1666 1959 1886 2000 utili6rem

1052 2023 1235 2070 nuptam
1255 2031 1352 2061 esse
1376 2031 1508 2070 quam
1526 2014 1725 2058 viduam?
1756 2014 1886 2064 Quod

1054 2074 1091 2114 si
1115 2077 1424 2126 persecutores
1449 2073 1554 2114 fidei
1576 2073 1887 2125 persecutores

1057 2130 1231 2171 fuerunt
1255 2131 1386 2172 etiam
1405 2129 1644 2171 viduitatis:
1669 2127 1821 2178 utique
1840 2126 1886 2166 fi-

1054 2185 1155 2226 dem
1175 2186 1459 2237 sequentibus
1477 2185 1668 2226 viduitas
1690 2195 1778 2223 non
1802 2195 1885 2234 pro

1056 2242 1272 2294 supplicio
1287 2241 1493 2293 fugienda
1509 2245 1585 2290 est,
1605 2238 1685 2281 sed
1696 2237 1887 2279 tenenda

1056 2309 1138 2348 pro
1157 2298 1354 2349 praemio.

1109 2363 1161 2414 R.
1178 2361 1332 2401 Fallax
1350 2360 1501 2411 gratia,
1522 2363 1566 2400 et
1581 2371 1693 2399 vana
1712 2362 1779 2399 est
1794 2357 1886 2410 pul-

1057 2415 1277 2458 chritudo:
1305 2419 1328 2443 ²⁸¹
1354 2415 1511 2456 Mulier
1542 2415 1700 2455 timens
1731 2414 1887 2463 Deum,

1056 2472 1153 2523 ipsa
1171 2471 1431 2513 laudabitur.
1460 2466 1510 2517 V.
1531 2470 1647 2511 Date
1667 2470 1708 2511 ei
1727 2469 1783 2511 de
1802 2469 1886 2510 fru-

1057 2532 1131 2568 ctu
1162 2530 1370 2568 manuum
1402 2529 1596 2575 suarum,
1633 2530 1677 2566 et
1708 2525 1888 2567 laudent

1057 2594 1154 2623 eam
1181 2583 1226 2623 in
1241 2582 1394 2634 ‘portis
1417 2584 1556 2633 opera
1579 2582 1681 2633 ejus.
1720 2581 1888 2622 Mulier.

1059 2638 1213 2679 Gleria
1231 2638 1362 2678 Patri.
1395 2637 1562 2678 Mulier.
