2028 2892
561 168 628 201 l)ic
653 168 704 200 22,
732 167 838 200 Febr.
887 166 1092 199 Cathedrae
1117 167 1150 198 S,
1180 165 1277 198 l'etri
1307 164 1534 198 Antiochiam.

196 263 398 312 salutem,
423 264 623 314 paratam
646 261 835 303 revelari
858 262 902 302 in
920 264 1025 303 tem-

194 332 304 371 pore
324 318 577 359 novissimo.

247 379 295 429 R.
333 379 483 420 Simon
520 378 651 419 Petre
696 379 935 429 antequam
971 376 1026 418 de

195 435 295 475 navi
314 437 521 476 vocarem
540 439 599 485 te,
623 434 728 475 novi
748 438 806 484 te,
834 438 877 474 et
894 445 1026 485 super

194 490 372 542 plebem
402 503 545 532 meam
576 490 822 542 principem
854 494 898 530 te
927 501 1025 530 con.-

194 548 332 596 stimi,
354 547 375 567 *
399 547 457 588 Et
484 546 631 587 claves
659 546 782 595 regni
810 545 1026 586 coelerum

193 602 357 644 tradidi
375 602 467 644 tibi.
503 596 549 646 δ’.
576 601 898 652 Quodcumque
921 600 1025 651 liga-

193 659 308 700 veris
330 671 463 711 super
481 663 656 707 terram,
678 658 761 698 erit
779 657 962 707 ligatum
982 662 1026 698 et

192 715 236 755 in
263 714 403 756 coelis:
431 719 475 756 et
501 713 813 766 quodcumque
839 712 1025 754 selveris

193 783 326 823 super
354 775 536 820 terram,
570 770 651 812 erit
684 769 877 810 solatum
909 773 954 810 et
980 769 1024 809 in

193 826 328 869 coelis.
355 827 413 868 Et
432 826 589 868 claves.

504 897 653 937 Lectio
676 896 714 935 ii.

193 958 269 1062 In
321 978 408 1018 quo
455 965 749 1014 exsultabitis,
800 962 1024 1004 medicum

266 1035 382 1063 nunc
414 1022 452 1063 si
484 1024 664 1074 oportet
697 1019 949 1062 contristari
980 1019 1024 1059 in

191 1079 324 1119 variis
361 1077 694 1120 tentationibus:
733 1081 782 1118 ut
817 1074 1023 1128 probatio

192 1139 352 1176 vestrae
372 1134 477 1175 fidei
500 1133 638 1174 multo
658 1132 896 1185 pretiosior
916 1143 1023 1171 auro

191 1190 327 1242 (quod
352 1203 434 1242 per
468 1190 614 1240 ignem
641 1188 871 1241 probatur)
907 1187 1023 1228 inve-

190 1246 337 1287 niatur
368 1247 413 1286 in
444 1245 636 1295 laudem,
672 1249 715 1286 et
746 1243 946 1294 gloriam,
980 1248 1024 1284 et

190 1301 406 1343 honorem
423 1302 467 1342 in
491 1301 759 1343 revelatione
778 1300 803 1340 J
806 1312 883 1340 esu
903 1298 1023 1339 Chri·
1087 1310 1119 1350 4⁴
1148 1308 1185 1336 ,υ

191 1358 262 1398 sti:
290 1371 420 1410 quem
444 1370 543 1398 cum
563 1369 650 1397 non
669 1355 866 1398 videritis
886 1354 1023 1405 diligi-

191 1414 260 1454 tis:
286 1414 330 1454 in
357 1426 488 1466 quem
512 1425 628 1454 nunc
654 1424 831 1465 quoque
855 1423 945 1452 non
963 1411 1023 1452 vi-

191 1469 345 1511 dentes
379 1469 571 1511 creditis:
609 1468 839 1510 credentes
877 1472 1023 1509 autem

190 1526 468 1567 exsultabitis
488 1525 642 1567 laetitia
660 1523 960 1573 inenarrabili,
980 1527 1024 1564 et

189 1581 448 1632 glorificata:
468 1583 748 1634 reportantes
767 1580 901 1621 finem
920 1579 1023 1620 fidei

189 1642 350 1678 vestrae
369 1637 557 1678 salutem
576 1637 832 1677 animarum.

244 1698 291 1746 R3.
325 1698 371 1739 Si
404 1697 549 1748 diligis
581 1710 670 1747 me,
702 1697 854 1738 Simon
880 1697 1022 1745 Petre‚

189 1766 324 1806 pasce
343 1766 450 1795 oves
468 1766 601 1795 meaS.
631 1752 821 1794 Domine
840 1757 888 1793 tu
906 1752 1023 1793 nosti

192 1809 295 1861 quia
323 1821 422 1850 amo
451 1813 511 1858 te,
530 1812 551 1835 *
575 1809 633 1850 Et
661 1809 851 1849 animam
878 1820 1021 1849 meam

190 1877 310 1917 pono
331 1877 413 1918 pro
438 1869 493 1906 te.
528 1859 577 1910 V.
604 1865 649 1906 Si
675 1864 926 1917 oportuerit
949 1876 1019 1905 me

188 1922 302 1963 mori
319 1926 476 1971 tecum,
495 1933 584 1962 non
603 1926 648 1962 te
666 1919 850 1972 negabo.
878 1920 945 1961 Et.

492 1988 643 2029 Lectio
663 1989 717 2028 iii.

190 2043 302 2147 De
330 2067 416 2107 qua
441 2055 583 2096 salute
608 2054 924 2106 exquisierunt,
959 2060 1020 2096 at-

291 2123 376 2163 que
414 2111 597 2152 scrutati
632 2115 735 2151 sunt
770 2110 1021 2163 prophetae,

190 2167 266 2218 qui
292 2166 348 2208 de
373 2167 520 2208 futura
544 2167 588 2207 in
607 2166 735 2207 vobis
758 2167 898 2217 gratia
921 2179 1020 2219 pro-

190 2222 498 2274 phetaverunt:
531 2224 776 2263 scrutantes
808 2222 851 2262 in
885 2222 1020 2274 quod,

189 2278 259 2319 vel
300 2278 428 2330 quale
465 2283 641 2331 tempus
677 2278 946 2328 significaret
977 2279 1020 2318 in

189 2333 251 2374 eis
286 2334 473 2386 Spiritus
509 2334 682 2376 Christi:
719 2334 1019 2386 praenuntians

189 2401 263 2429 eas
285 2402 383 2440 quae
403 2391 447 2430 in
464 2390 642 2432 Christo
662 2394 762 2431 sunt
780 2390 1020 2442 passiones,

190 2449 233 2485 et
260 2446 529 2496 posteriores
557 2446 734 2497 glotias:
771 2445 928 2497 quibus
956 2458 1019 2487 re-

189 2500 382 2541 velatum
407 2507 474 2543 est
497 2503 597 2554 quia
616 2515 705 2543 non
725 2501 1020 2553 sibimetipsis,

189 2554 316 2596 vobis
336 2561 482 2598 autem
500 2557 807 2599 ministrabant
827 2569 893 2606 ea,
921 2570 1019 2608 quae

189 2623 303 2651 nunc
327 2613 526 2653 nuntiata
551 2618 651 2654 sunt
677 2613 804 2654 vobis
827 2625 907 2664 per
932 2625 1019 2662 eos,

190 2666 265 2717 qui
281 2668 690 2717 evangelizaverunt
704 2668 841 2718 vobis,
856 2668 1021 2720 Spiritu

1080 266 1233 303 sancto
1252 262 1388 303 misso
1408 261 1464 303 de
1483 260 1610 310 coelo,
1629 260 1674 301 in
1690 272 1822 312 quem
1836 259 1907 302 de-

1080 318 1274 360 siderant
1292 317 1451 369 Angeli
1467 318 1736 370 prospicere.

1136 379 1275 434 R1..Tu
1299 392 1347 421 es
1365 380 1542 428 Petrus,
1570 382 1614 419 et
1639 389 1772 429 super
1795 375 1908 418 hanc

1079 440 1249 487 petram
1281 433 1514 477 aedificabo
1545 433 1790 475 Ecclesiam
1820 445 1908 474 me-

1080 504 1167 541 am,
1196 496 1240 533 et
1264 496 1408 544 portae
1432 490 1560 532 inferi
1583 502 1672 531 non
1697 488 1907 542 praevale-

1078 547 1188 590 bunt
1211 547 1423 589 adversus
1443 559 1554 588 eam:
1572 550 1595 573 *
1615 546 1672 587 Et
1690 545 1771 587 tibi
1791 544 1907 586 dabo

1079 604 1226 646 claves
1258 604 1383 655 regni
1415 602 1639 644 coelorum.
1680 596 1728 648 V.
1760 599 1907 651 Quod-

1078 664 1267 714 cumque
1311 659 1515 712 ligaveris
1557 671 1689 712 super
1726 662 1908 707 terram,

1078 717 1161 758 erit
1185 717 1367 769 ligatum
1392 721 1436 758 et
1460 716 1503 757 in
1530 714 1668 757 coelis:
1701 718 1745 755 et
1771 711 1908 766 quod-

1078 776 1266 825 camque
1285 772 1470 814 solveris
1485 783 1618 824 super
1631 775 1806 821 terram,
1825 769 1909 811 erit

1078 829 1271 871 solutum
1295 834 1339 871 et
1361 829 1406 869 in
1429 828 1565 869 coelis.
1599 827 1657 868 Et
1674 825 1766 868 tibi.
1803 825 1906 867 Glo-

1077 885 1143 926 ria
1160 885 1292 927 Patri.
1318 885 1376 927 Et
1394 884 1484 926 tibi.

1308 965 1356 1003 In
1380 964 1430 1002 ΙΙ.
1454 963 1676 1002 Nocturno.

1090 1032 1244 1073 Sermo
1265 1031 1401 1073 sancti
1422 1029 1657 1082 Augustini
1674 1028 1894 1082 Episcopi.

1260 1096 1392 1129 Sermo
1421 1096 1468 1128 15.
1494 1094 1541 1128 dc
1567 1093 1729 1128 Sanctis.

1381 1155 1532 1195 Lectio
1554 1155 1605 1194 iv.

1083 1213 1395 1262 Wnstitutio
1467 1210 1757 1253 solemnitatis
1829 1209 1906 1252 ho-

1085 1269 1124 1326 ¹32¹
1148 1267 1185 1321 ¹³⁴}-
1215 1269 1379 1311 diemae
1412 1281 1438 1308 a
1469 1266 1715 1309 senioribus
1744 1266 1907 1308 nostris

1160 1335 1177 1344 ⁴*
1215 1324 1449 1367 Cathedrae
1506 1335 1667 1364 nomen
1718 1321 1907 1375 accepit,

1076 1381 1178 1423 ideo
1220 1380 1340 1433 quod
1379 1381 1547 1434 primus
1586 1378 1908 1432 Apostolorum

1076 1438 1232 1479 Petrus
1271 1435 1405 1478 hodie
1441 1436 1725 1489 episcopatus
1761 1434 1906 1476 cathe-

1077 1493 1201 1536 dram
1228 1495 1476 1545 suscepisse
1503 1492 1728 1533 referatur.
1767 1491 1907 1532 Recte

1077 1563 1182 1601 ergo
1202 1550 1415 1592 Ecclesiae
1438 1548 1630 1590 natalem
1653 1546 1771 1589 sedis
1791 1546 1907 1588 illius

1077 1607 1237 1657 colunt,
1258 1618 1390 1658 quam
1404 1603 1649 1657 Apostolus
1668 1616 1751 1656 pro
1771 1602 1907 1644 eccle-

1077 1662 1240 1704 siarum
1284 1660 1425 1702 saliite
1471 1659 1682 1712 suscepit,
1733 1657 1907 1701 dicente

1076 1718 1283 1759 Domino:
1319 1717 1389 1758 Tu
1421 1729 1468 1758 es
1497 1716 1671 1765 Petrus,
1700 1720 1744 1757 et
1774 1726 1908 1767 super

1075 1773 1188 1815 hanc
1214 1778 1387 1826 petram
1411 1770 1643 1814 aedificabo
1662 1770 1907 1812 Ecclesiam

1075 1842 1230 1872 meam.

1130 1885 1178 1936 R·-
1196 1886 1266 1927 Tu
1285 1898 1332 1928 es
1352 1889 1504 1938 pastor
1522 1884 1682 1934 ovium,
1699 1882 1906 1935 princeps

1078 1942 1411 1995 Apostolorum3
1457 1940 1538 1982 tibi
1571 1938 1753 1982 tradidit
1783 1940 1906 1981 Deus

1077 1999 1223 2040 omnia
1246 2011 1381 2050 regna
1403 1996 1569 2039 mundi:
1587 1995 1609 2016 *
1629 1996 1687 2038 Et
1704 1994 1806 2039 ideo
1825 1995 1906 2038 tibi

1075 2054 1251 2096 traditae
1292 2059 1393 2096 sunt
1433 2053 1579 2095 claves
1615 2053 1740 2104 regni
1775 2051 1906 2094 coelo-

1076 2123 1184 2151 rum.
1241 2102 1290 2154 V.
1339 2109 1662 2161 Quodcamque
1701 2108 1906 2159 ligaveris

1076 2179 1209 2219 super
1240 2171 1417 2215 terram,
1456 2166 1539 2207 erit
1572 2165 1755 2216 ligatum
1786 2169 1830 2206 et
1860 2164 1905 2204 in

1076 2222 1214 2272 coelis3
1238 2228 1282 2264 et
1302 2222 1613 2274 quodcl'imque
1632 2220 1818 2262 solveris
1837 2233 1904 2262 su-

1075 2290 1154 2330 per
1172 2283 1349 2328 terram,
1375 2278 1455 2320 erit
1479 2278 1672 2319 solutum
1695 2281 1739 2318 et
1757 2276 1801 2317 in
1821 2289 1905 2318 coe-

1074 2334 1138 2374 lis.
1164 2334 1221 2375 Et
1239 2333 1353 2375 ideo.

1383 2383 1536 2425 Lectio
1557 2396 1594 2421 v.

1074 2435 1298 2541 Petrum
1317 2447 1465 2496 itaque
1480 2443 1810 2485 fundamentum
1824 2443 1903 2484 Ec-

1175 2501 1321 2542 clesiae
1340 2500 1555 2541 Deminus
1579 2499 1835 2540 nominavit:
1861 2503 1905 2540 et

1073 2556 1174 2598 ideo
1201 2557 1331 2607 digne
1357 2555 1687 2597 fundamentum
1712 2554 1797 2596 hoc
1822 2554 1902 2595 Ec-

1075 2613 1208 2654 clesia
1236 2612 1357 2661 colit,
1389 2625 1521 2664 supra
1550 2610 1671 2663 quod
1700 2610 1901 2652 ecclesia-

1074 2669 1172 2710 stici
1218 2667 1392 2710 aedifieii
1437 2666 1624 2710 altitado
1666 2666 1901 2717 consurgit.
