2066 2956
209 208 311 253 [208]

728 208 830 242 Ordo
858 207 1214 243 Commendationis
1239 208 1399 242 Animae.

210 309 254 346 te
274 305 555 357 persolveris,
583 305 640 348 ad
660 309 886 349 auctorem
903 312 1037 357 tuum,

213 362 286 413 qui
312 367 356 403 te
386 361 440 403 de
468 361 573 404 limo
601 367 731 404 terrae
760 363 1037 413 formaverat,

210 418 453 459 revertaris.
494 418 746 470 Egredienti
772 422 922 472 itaque
950 420 1035 461 ani-

209 487 293 515 mae
334 479 422 516 tuae
461 474 517 517 de
554 478 742 529 corpore
779 476 1038 530 splendidus

210 530 479 582 Angelorum
504 537 646 574 coetus
666 536 883 575 occurrat:
908 532 1038 585 judex

210 587 529 640 Apostolorum
571 588 651 631 tibi
692 591 871 631 senatus
909 589 1036 631 adve-

210 644 316 686 niat:
342 644 678 687 candidatorum
695 645 775 687 tibi
794 645 1037 697 Martyrum

209 700 502 754 triumphator
538 702 756 744 exercitus
789 702 953 745 obviet:
989 702 1035 744 li-

208 757 313 799 liata
344 758 614 800 rutilantium
645 763 689 800 te
726 759 1037 801 Confessorum

209 819 351 855 turma
388 815 641 857 circumdet:
682 815 956 866 jubilantium
989 820 1034 858 te

208 871 437 922 Virginum
457 871 616 914 chorus
641 873 844 925 excipiat:
869 877 913 915 et
935 873 1033 915 bea-

207 933 265 970 tae
299 928 455 980 quietis
486 929 530 969 in
562 929 658 970 sinu
684 929 1036 971 Patriarcharum

207 990 252 1026 te
280 985 534 1038 complexus
568 987 794 1036 astringat:
824 986 941 1028 mitis
973 991 1033 1028 at-

210 1054 294 1094 que
312 1041 492 1083 festivus
513 1041 673 1084 Christi
691 1042 715 1083 J
718 1055 796 1084 esu
814 1042 894 1085 tibi
913 1044 1034 1095 aspe-

210 1103 305 1140 ctus
338 1101 567 1151 appareat,
609 1099 683 1151 qui
714 1104 759 1141 te
790 1099 902 1141 inter
934 1100 1036 1140 assi-

209 1156 372 1197 stentes
410 1154 491 1197 sibi
525 1155 682 1207 jugiter
716 1155 927 1198 interesse
964 1155 1035 1198 de-

209 1213 367 1253 cernat.
395 1212 578 1262 Ignores
600 1224 728 1254 omne
749 1211 869 1264 quod
887 1212 1037 1254 horret

208 1267 251 1308 in
279 1267 486 1318 tenebris,
520 1267 640 1320 quod
668 1268 824 1311 stridet
850 1269 893 1309 in
919 1269 1036 1310 flam-

207 1324 300 1374 mis,
321 1324 442 1377 quod
459 1325 625 1366 cruciat
638 1324 681 1365 in
695 1325 934 1368 tormentis.
960 1326 1037 1368 Ce-

209 1379 284 1422 dat
302 1380 381 1422 tibi
399 1381 647 1423 teterrimus
668 1384 842 1423 satanas
859 1395 958 1424 cum
973 1395 1036 1424 sa-

208 1437 418 1479 tellitibus
450 1437 554 1479 suis:
585 1437 629 1478 in
662 1437 852 1481 adventu
883 1444 961 1481 tuo
993 1444 1038 1481 te

208 1493 517 1536 comitantibus
527 1494 707 1545 Angelis
719 1498 1037 1548 contremiscat,

208 1555 340 1603 atque
364 1550 409 1591 in
433 1552 608 1592 aeternae
633 1551 775 1593 noctis
802 1551 937 1594 chaos
961 1552 1036 1593 im-

207 1609 333 1648 mane
354 1606 562 1658 diffugiat.
594 1607 813 1660 Exsurgat
831 1609 968 1659 Deus,
995 1614 1038 1651 et

209 1663 475 1717 dissipentur
492 1664 653 1706 inimici
673 1666 777 1716 ejus:
798 1671 841 1708 et
860 1666 1037 1717 fugiant,

209 1720 282 1773 qui
302 1719 490 1763 oderunt
509 1734 623 1772 eum,
643 1735 668 1763 a
686 1722 796 1764 facie
815 1723 918 1775 ejus.
950 1723 1036 1764 Sic-

209 1782 255 1819 ut
288 1777 435 1819 deficit
466 1777 624 1827 fumus,
667 1778 885 1821 deficiant:
926 1779 1038 1822 sicut

209 1834 303 1876 fluit
323 1847 423 1876 cera
443 1847 468 1875 a
486 1834 597 1877 facie
615 1835 742 1886 ignis,
768 1836 831 1877 sic
855 1838 1038 1889 pereant

208 1893 466 1943 peccatores
486 1904 512 1932 a
527 1891 638 1933 faeie
652 1892 751 1934 Dei:
770 1898 814 1934 et
827 1892 927 1944 justi
943 1905 1038 1945 epu·

208 1946 367 1998 lentur,
399 1953 443 1989 et
475 1948 692 1990 exsultent
722 1949 766 1989 in
798 1950 1037 2002 conspectu

208 2003 302 2046 Dei.
344 2003 675 2046 Confundantur
705 2005 836 2056 igitur
868 2010 912 2047 et
944 2018 1035 2047 eru-

208 2060 389 2103 bescant
417 2073 569 2103 omnes
596 2064 800 2103 tartareae
832 2061 1037 2113 legiones,

210 2123 253 2159 et
270 2117 455 2160 ministri
475 2120 639 2160 satanae
663 2118 746 2160 iter
763 2123 886 2160 tuum
904 2119 1036 2172 impe-

210 2174 302 2216 dire
322 2187 409 2216 non
425 2173 627 2216 aadeant.
649 2174 828 2217 Liberet
842 2180 886 2217 te
903 2187 929 2216 a
944 2188 1036 2217 cru-

210 2231 326 2273 ciatu
355 2230 568 2281 Christus,
598 2231 671 2284 qui
695 2244 777 2284 pro
801 2236 846 2273 te
870 2231 1036 2273 crucifi-

210 2300 290 2328 xus
306 2293 383 2329 est.
410 2287 588 2330 Liberet
606 2293 651 2330 te
670 2287 725 2330 ab
747 2289 911 2329 aeterna
926 2301 1037 2329 mor-

210 2348 252 2385 te
273 2344 481 2394 Christus,
501 2344 577 2397 qui
594 2357 677 2397 pro
697 2350 742 2387 te
760 2345 871 2386 mori
890 2344 1036 2396 digna-

210 2404 280 2440 tus
323 2405 399 2442 est.
466 2401 714 2443 Constituat
753 2406 799 2443 te
840 2400 1038 2442 Christus

211 2455 344 2497 Filius
377 2457 460 2499 Dei
493 2457 581 2499 vivi
608 2458 720 2500 intra
747 2457 940 2510 paradisi
972 2458 1038 2498 sui

213 2524 384 2565 semper
416 2517 589 2556 amo'ena
621 2514 818 2564 virentia,
851 2519 893 2556 et
927 2514 1039 2556 inter

213 2580 318 2609 oves
349 2582 450 2610 suas
481 2576 525 2612 te
544 2584 673 2612 verus
698 2570 770 2612 ille
789 2571 946 2612 Pastor
969 2583 1038 2622 ag-

213 2626 375 2666 noscat.
426 2626 504 2667 Ille
535 2627 590 2668 ab
621 2627 822 2669 omnibus
844 2627 1038 2680 peccatis

212 2680 298 2721 tuis
326 2685 370 2722 te
398 2681 613 2733 absolvat,
647 2690 779 2736 atque
807 2683 865 2725 ad
893 2683 1039 2725 dexte-

212 2749 306 2777 ram
347 2750 470 2778 suam
508 2738 551 2779 in
589 2739 827 2782 electorum
862 2742 1041 2782 suorum

1088 312 1133 349 te
1152 311 1271 348 sorte
1291 307 1537 348 constituat.
1572 302 1917 355 Redemptorem

1088 368 1212 405 tuum
1243 362 1354 404 facie
1386 361 1442 403 ad
1479 360 1634 402 faciem
1665 358 1833 408 videas,
1873 362 1917 400 et

1089 432 1286 472 praesens
1306 430 1479 471 semper
1498 418 1724 465 assistenS‚
1741 414 1916 457 manife-

1090 476 1323 518 stissimam
1367 474 1509 517 beatis
1552 472 1689 515 oculis
1730 470 1917 524 aspicias

1089 533 1328 575 veritatem.
1361 530 1634 574 Constitutus
1657 528 1787 580 igitur
1804 528 1918 570 inter

1090 589 1260 640 agmina
1292 589 1547 638 Beatorum‚
1586 584 1915 638 contemplatio-

1090 646 1155 687 nis
1195 644 1354 687 divinae
1391 642 1622 686 dulcedine
1658 641 1842 694 potiaris
1872 640 1916 681 in

1091 702 1253 744 saecula
1271 700 1543 743 saeculorum.

1143 759 1191 809 R.
1218 758 1371 800 Amen.

1424 814 1587 855 Oratio.

1160 872 1312 925 uscipe
1331 873 1518 915 Domine
1540 885 1716 915 servum
1732 876 1856 913 tuum
1873 869 1918 911 in

1176 928 1323 971 locum
1350 930 1580 982 sperandae
1608 929 1691 972 sibi
1716 927 1916 970 salvatio-

1090 984 1156 1024 nis
1175 997 1201 1026 a
1219 986 1519 1028 misericordia
1536 992 1623 1028 tua.
1654 988 1699 1037 ¹<.·-
1721 985 1874 1026 Amen.

1146 1041 1302 1084 Libera
1316 1042 1503 1085 Domine
1523 1043 1711 1084 animam
1727 1041 1842 1083 servi
1854 1040 1919 1083 tui

1093 1111 1147 1140 ex
1166 1099 1366 1141 omnibus
1386 1100 1591 1152 periculis
1610 1098 1779 1148 inferni,
1799 1102 1843 1140 et
1862 1095 1918 1139 de

1090 1154 1260 1207 laqueis
1287 1158 1534 1209 poenarum,
1563 1162 1606 1198 et
1633 1168 1690 1198 ex
1717 1153 1918 1196 omnibus

1090 1210 1453 1254 tribulationibus.
1480 1214 1529 1263 R.
1552 1212 1705 1254 Amen.

1143 1268 1302 1310 Libera
1341 1269 1529 1311 Domine
1573 1268 1760 1310 animam
1804 1266 1919 1308 servi

1089 1324 1163 1375 tui,
1183 1324 1295 1367 sicut
1308 1325 1504 1367 liberasti
1517 1324 1705 1367 Henoch
1719 1329 1763 1366 et
1776 1322 1918 1365 Eliam

1091 1380 1146 1423 de
1166 1381 1385 1422 commiini
1402 1386 1544 1424 morte
1562 1379 1723 1423 mundi.

1140 1440 1190 1491 R.
1216 1437 1369 1480 Amen.

1142 1494 1301 1537 Libera
1341 1494 1529 1536 Domine
1573 1494 1760 1535 animam
1804 1491 1919 1534 servi

1088 1551 1168 1602 tui,
1194 1551 1306 1594 sicut
1329 1551 1526 1594 liberasti
1543 1550 1642 1593 Noe
1667 1549 1722 1592 de
1742 1548 1918 1592 diluvio.

1142 1609 1192 1660 R.
1219 1607 1372 1650 Amen.

1143 1664 1302 1706 Libera
1340 1665 1528 1706 Domine
1574 1663 1763 1706 animam
1803 1661 1919 1704 servi

1089 1721 1167 1771 tui,
1193 1721 1305 1763 sicut
1323 1720 1519 1763 liberasti
1539 1719 1763 1763 Abraham
1782 1718 1838 1761 de
1856 1718 1918 1760 Ur

1090 1776 1411 1819 Chaldaeorum.
1439 1778 1488 1828 Rs.
1508 1777 1661 1819 Amen.

1141 1833 1300 1875 Libera
1340 1833 1527 1876 Domine
1571 1833 1759 1875 animam
1802 1831 1918 1874 servi

1088 1890 1169 1940 tui,
1197 1890 1310 1932 sicut
1335 1889 1532 1932 liberasti
1555 1889 1640 1932 Job
1669 1888 1725 1932 de
1751 1887 1918 1942 passio-

1090 1946 1216 1989 nibus
1236 1947 1336 1988 suis.
1367 1948 1416 1999 R.
1438 1947 1592 1989 Amen.

1142 2003 1301 2045 Libera
1341 2004 1528 2045 Domine
1573 2003 1760 2045 animam
1804 2000 1919 2044 servi

1091 2060 1172 2110 tui,
1197 2060 1309 2102 sicut
1331 2060 1527 2102 liberasti
1545 2060 1671 2102 Isaac
1695 2059 1751 2101 de
1773 2057 1919 2100 hostia

1092 2123 1135 2159 et
1155 2116 1210 2159 de
1228 2129 1359 2158 manu
1377 2117 1513 2169 patris
1534 2116 1600 2158 sui
1619 2115 1822 2158 Abrahae.

1146 2175 1195 2227 R.
1213 2173 1365 2215 Amffll.

1144 2229 1301 2271 Libera
1340 2229 1527 2271 Domine
1572 2228 1759 2270 animam
1804 2226 1918 2268 servi

1090 2286 1168 2337 tui,
1191 2286 1303 2328 sicut
1320 2285 1516 2327 liberasti
1533 2285 1619 2327 Lot
1633 2284 1688 2327 de
1703 2282 1916 2333 sodomis,

1092 2348 1136 2385 et
1157 2342 1212 2384 de
1232 2343 1407 2383 flamma
1426 2342 1547 2393 ignis.
1575 2344 1623 2395 R.
1644 2341 1796 2382 Amen.

1144 2398 1303 2440 Libera
1341 2398 1528 2439 Domine
1573 2398 1760 2439 animam
1803 2395 1917 2438 servi

1090 2456 1168 2506 tui,
1197 2455 1308 2496 sicut
1330 2453 1526 2496 liberasti
1546 2454 1730 2507 Moysen
1753 2451 1809 2495 de
1830 2465 1916 2493 ma-

1090 2526 1149 2554 nu
1166 2510 1404 2553 Pharaonis
1423 2511 1538 2562 regis
1556 2509 1875 2563 AEgyptiorum.

1146 2569 1195 2620 R.
1214 2568 1366 2609 Amen.

1144 2624 1303 2666 Libera
1344 2623 1531 2666 Domine
1575 2623 1762 2665 animam
1803 2622 1918 2664 servi

1091 2682 1170 2731 tui,
1217 2681 1328 2722 sicut
1363 2679 1559 2723 liberasti
1594 2680 1822 2722 Danielem
1859 2678 1914 2721 de

1092 2738 1190 2779 lacu
1209 2737 1394 2780 leonum.
1423 2738 1473 2789 Ru
1491 2738 1643 2779 Amen.
