2028 2892
729 164 882 206 Septem
910 161 1091 198 Dolor‘um
1119 164 1157 197 B.
1184 163 1229 197 M.
1256 164 1296 197 V.

162 263 418 316 psalterium
442 268 486 305 et
509 262 688 304 cithara:
707 264 730 288 *
754 265 988 314 exsurgam

162 318 365 362 diluculo.

99 385 103 390 ’
215 376 469 418 Confitebor
505 375 584 418 tibi
614 376 658 416 in
689 374 867 428 populis
899 375 985 417 Do-

162 432 290 474 mine:
308 433 331 458 *
353 437 396 474 et
421 432 640 485 psalmum
669 431 812 473 dicam
838 431 917 473 tibi
943 432 987 472 in

164 488 390 530 Gentibus:

214 545 429 594 Quoniam
452 544 731 595 magnificata
756 549 823 586 est
847 556 987 596 usque

162 599 218 642 ad
237 600 374 642 coelos
393 599 693 642 misericordia
711 605 796 650 tua,
815 600 838 626 *
858 606 901 642 et
920 613 987 641 us—

164 669 247 708 que
267 655 323 698 ad
341 656 479 698 nubes
499 657 659 698 veritas
676 662 762 698 tua.

215 713 420 755 Exaltare
440 726 572 766 super
591 713 728 755 coelos
746 713 882 755 Deus:
902 715 926 740 *
945 718 989 755 et

163 783 295 823 super
316 782 490 811 omnem
507 775 669 812 terram
686 769 826 822 gloria
843 776 928 811 tua.

218 840 314 880 Ant.
344 835 441 878 Filii
467 835 707 885 hominum,
735 834 889 877 dentes
917 837 987 876 eo-

164 904 259 932 rum
279 903 399 932 arma
418 896 461 933 et
480 894 666 943 sagittae:
689 897 733 933 et
751 891 899 943 lingua
918 894 987 933 eo-

163 959 258 988 rum
277 946 447 998 gladius
466 951 630 990 acutus.

218 1004 268 1055 Y.
291 1003 445 1045 Facies
470 1017 569 1046 mea
591 1005 797 1046 intumuit
822 1018 848 1046 a
872 1005 988 1046 fletu.

164 1065 212 1116 R.
232 1060 290 1101 Et
308 1060 536 1113 palpebrae
555 1074 666 1103 meae
682 1061 988 1112 caligaverunt.

191 1142 344 1183 Sermo
364 1139 503 1181 sancti
523 1139 736 1181 Bernardi
756 1139 955 1181 Abbatis.

294 1208 351 1241 Ex
377 1218 551 1243 sermone
577 1209 623 1243 de
652 1210 691 1242 12
715 1210 847 1243 stellis.

464 1265 645 1306 Lectio
636 1279 686 1304 lv

130 1338 132 1341 ’
214 1346 261 1378 ψ
306 1334 530 1386 artyrium
546 1335 737 1386 Virginis
757 1340 847 1376 tam
864 1336 908 1376 in
927 1336 987 1377 Si-

244 1378 278 1393 ’
306 1387 315 1460 ᾖ
336 1391 503 1432 meonis
523 1390 771 1444 prophetia,
795 1404 926 1460 quam
944 1393 987 1432 in

313 1464 315 1467 ·
337 1447 433 1500 ipsa
477 1448 719 1488 Dominicae
770 1449 988 1500 passionis

162 1501 342 1544 historia
360 1502 700 1550 commendatur.
726 1504 903 1546 Positus
922 1510 988 1547 est

160 1557 231 1600 hic
248 1559 324 1610 (ait
343 1565 519 1601 sanctus
539 1572 672 1601 senex
691 1559 746 1602 de
765 1564 904 1613 puero
920 1562 944 1602 J
947 1574 986 1603 e-

161 1620 227 1670 su)
245 1619 289 1660 in
308 1619 478 1671 signum
497 1620 567 1661 cui
586 1620 925 1672 contradicetur3
944 1627 988 1664 et

159 1681 281 1716 tuam
311 1675 449 1728 ipsius
481 1676 669 1718 animam
701 1677 773 1728 (ad
804 1677 987 1720 Mariam

161 1737 307 1773 autem
347 1731 534 1783 dicebat)
575 1733 859 1786 pertransibit
898 1735 985 1786 gla-

162 1786 269 1829 dius.
314 1789 431 1831 Vere
453 1795 590 1839 tuam,
624 1803 651 1831 o
676 1789 807 1832 beata
831 1791 986 1842 Mater,

160 1844 347 1886 animam
363 1846 654 1899 pertransivit.
676 1846 886 1899 Alioquin
899 1861 987 1890 non

160 1901 242 1942 nisi
261 1914 356 1943 eam
375 1903 682 1955 pertransiens,
702 1917 877 1946 carnem
890 1905 989 1946 Filii

158 1957 223 1998 tui
239 1961 498 2010 penetraret.
544 1959 600 2001 Et
620 1959 797 2012 quidem
815 1963 987 2013 postea-

161 2026 292 2066 quam
341 2015 484 2057 emisit
532 2016 733 2068 spiritum
777 2022 880 2059 tuus
901 2014 987 2059 ’ille

160 2070 185 2110 J
188 2082 303 2121 esus,
323 2071 460 2123 ipsius
478 2072 609 2125 plane
628 2085 717 2114 non
737 2074 881 2124 attigit
901 2074 987 2115 ani-

159 2139 275 2168 mam
303 2127 490 2173 crudelis
516 2128 685 2179 lancea,
718 2143 817 2182 quae
848 2130 986 2183 ipsius

161 2183 332 2236 aperuit
349 2183 474 2234 latus,
494 2184 573 2226 sed
591 2190 711 2227 tuam
729 2186 881 2238 utique
901 2187 986 2228 ani-

161 2252 276 2280 mam
294 2242 584 2293 pertransivit.
617 2243 769 2295 Ipsius·
786 2243 987 2284 nimirum

161 2295 303 2337 anima
331 2297 416 2349 jam
446 2297 508 2339 ibi
538 2311 626 2339 non
659 2304 771 2349 erat,
804 2298 883 2340 sed
911 2305 987 2341 tua

161 2351 289 2403 plane
307 2353 409 2395 inde
426 2354 636 2406 nequibat
654 2355 791 2397 avelli.

212 2411 261 2462 151.
281 2409 494 2452 Tenebrae
509 2411 636 2453 factae
652 2417 762 2462 sunt,
782 2425 881 2454 cum
895 2426 986 2454 cru-

162 2465 400 2508 cifixissent
427 2467 452 2507 J
454 2480 578 2508 esum
604 2468 763 2518 Judaei,
801 2473 845 2510 et
872 2469 988 2510 circa

161 2519 315 2563 horam
358 2535 519 2564 nonam
561 2525 820 2566 exclamavit
860 2525 885 2566 J
887 2538 987 2566 esus

163 2589 270 2619 voce
293 2591 463 2630 magna:
496 2580 617 2622 Deus
641 2594 781 2630 meus,
809 2586 857 2623 ut
882 2581 987 2633 quid

164 2631 432 2697 dereliquisti
454 2637 546 2678 me?
565 2641 586 2663 ¹⁴²
608 2638 664 2679 Et
687 2613 893 2679 inclinato
918 2639 985 2678 ca-

738 2694 883 2743 .Quis
907 2693 987 2736 tibi

165 1395 247 1465 ι,
236 1385 278 1448 st.

163 2689 254 2741 pite
281 2692 423 2734 emisit
450 2693 659 2745 spiritum.
697 2690 722 2739 ,

315 2832 378 2857 Pars
394 2835 487 2859 Verna.

1039 275 1153 303 nunc
1172 274 1336 312 sensus,
1356 262 1459 303 dum
1478 262 1619 304 cernis
1637 254 1752 311 talia,
1771 261 1866 303 Vir-

1040 317 1120 370 go?
1148 319 1205 360 Et
1223 318 1441 361 inclinato.

1358 379 1506 419 Lectio
1528 394 1562 418 v.

1123 447 1225 476 uam
1245 448 1348 487 ergo
1373 439 1655 489 pertransivit
1681 440 1868 481 animam

1139 491 1204 533 vis
1229 491 1412 543 doloris,
1430 499 1479 535 ut
1504 494 1739 547 plusquam
1758 496 1867 538 Mar-

1040 552 1181 600 tyrem
1208 561 1296 590 non
1324 549 1541 592 immerito
1566 550 1868 603 praedicemus,

1040 604 1083 645 in
1108 617 1194 656 qua
1216 605 1418 646 nimirum
1441 609 1671 659 corporeae
1694 621 1869 649 sensum

1041 661 1258 713 passionis
1287 662 1524 705 excesserit
1551 664 1869 716 compassionis

1041 717 1234 759 affectus.
1288 718 1358 759 An
1394 732 1482 761 non
1519 719 1601 761 tibi
1636 720 1870 772 plusquam

1041 773 1213 824 gladius
1232 774 1312 817 fuit
1331 788 1475 817 sermo
1494 775 1583 825 ille,
1602 778 1755 818 revera
1773 790 1868 830 per-

1040 830 1258 872 transiens
1297 832 1500 882 animam,
1539 838 1582 874 et
1618 834 1870 885 pertingens

1041 899 1180 939 usque
1200 886 1258 929 ad
1277 887 1536 930 divisionem
1555 889 1711 931 animae
1726 895 1769 931 et
1784 891 1868 942 spi-

1041 942 1164 984 ritus:
1197 943 1370 994 Mulier,
1398 957 1501 986 ecce
1533 945 1648 987 filius
1671 944 1793 988 tuus?
1831 946 1868 987 O

1042 1001 1442 1042 commutationem!
1470 1002 1495 1042 J
1498 1014 1662 1043 oannes
1685 1002 1765 1044 tibi
1787 1015 1870 1055 pro

1041 1056 1066 1096 J
1069 1068 1147 1097 esu
1164 1055 1365 1107 traditur,
1392 1071 1543 1099 servus
1566 1072 1648 1111 pro
1668 1059 1870 1109 Domino,

1042 1110 1283 1165 discipulus
1301 1127 1384 1165 pro
1404 1114 1632 1166 Magistro,
1657 1115 1772 1156 filius
1791 1116 1870 1157 Ze-

1040 1167 1184 1210 bedaei
1210 1182 1291 1222 pro
1317 1170 1428 1212 Filio
1448 1171 1549 1220 Dei,
1576 1171 1710 1213 homo
1734 1185 1870 1225 purus

1040 1238 1123 1278 pro
1138 1225 1236 1267 Deo
1252 1239 1370 1268 vero.
1396 1227 1630 1278 Quomodo
1650 1242 1737 1270 non
1751 1234 1871 1270 tuam

1041 1281 1448 1325 affectuosissimam
1464 1285 1651 1326 animam
1661 1291 1872 1338 pertrans-

1040 1340 1123 1379 iret
1142 1338 1238 1380 haec
1257 1339 1435 1389 auditio,
1456 1340 1633 1392 quando
1652 1347 1695 1383 et
1709 1347 1870 1391 nostra,

1040 1393 1142 1436 licet
1172 1397 1322 1445 saxea,
1360 1396 1462 1438 licet
1498 1397 1639 1439 ferrea
1671 1400 1869 1450 pectora,

1041 1450 1136 1492 sola
1155 1451 1403 1494 recordatio
1424 1452 1603 1495 scindit?

1096 1512 1142 1563 Κ..
1169 1508 1321 1549 Passio
1349 1510 1541 1559 Domini,
1560 1516 1579 1536 *
1603 1511 1751 1563 Ipsam
1779 1512 1869 1563 ejus

1040 1569 1240 1614 matrem,
1273 1565 1437 1606 carnali
1465 1566 1653 1608 orbitate
1678 1568 1869 1618 graviter

1039 1623 1313 1672 percussam,
1351 1622 1730 1665 vehementissime
1769 1637 1867 1665 con-

1039 1677 1240 1719 tristavit.
1282 1676 1329 1727 X'.
1358 1679 1542 1720 Ferrum
1568 1680 1733 1722 lanceae
1762 1681 1867 1721 mili-

1040 1733 1157 1783 taris,
1177 1733 1291 1775 latus
1312 1734 1489 1786 quidem
1508 1736 1759 1786 Salvatoris,
1783 1738 1868 1778 ani-

1039 1803 1156 1830 mam
1170 1803 1275 1832 vero
1291 1792 1491 1833 transivit
1501 1793 1694 1844 Virginis
1705 1794 1869 1835 matris.

1040 1846 1189 1898 Ipsam
1209 1848 1310 1899 ejus.

1344 1901 1494 1942 Lectio
1517 1902 1567 1941 vi.

1038 1952 1193 2059 Non
1212 1965 1436 2017 miremini,
1454 1966 1621 2016 fratres,
1642 1968 1761 2019 quod
1780 1968 1866 2009 Ma-

1156 2023 1220 2062 ria
1238 2022 1404 2075 Martyr
1423 2023 1467 2063 in
1486 2023 1628 2064 anima
1647 2024 1780 2066 fuisse
1806 2025 1865 2066 di-

1041 2078 1174 2118 catur.
1210 2078 1391 2120 Miretur
1416 2079 1489 2131 qui
1515 2092 1602 2120 non
1624 2081 1868 2122 meminerit

1040 2145 1087 2173 se
1106 2133 1326 2176 audivisse
1344 2136 1527 2177 Paulum
1550 2136 1661 2178 inter
1678 2137 1867 2178 maxima

1041 2189 1247 2231 Gentium
1301 2192 1481 2233 crimina
1533 2194 1866 2241 memorantem,

1041 2245 1162 2297 quod
1181 2246 1272 2288 sine
1292 2247 1521 2289 affectione
1541 2248 1733 2290 fuissent.
1753 2249 1864 2290 Lon-

1039 2314 1093 2352 ge
1108 2301 1155 2344 id
1169 2302 1248 2345 fuit
1262 2316 1288 2344 a
1301 2304 1451 2344 Mariae
1466 2303 1716 2354 visceribus,
1736 2304 1865 2356 longe

1040 2359 1097 2400 sit
1119 2371 1144 2399 a
1168 2360 1350 2401 servulis
1374 2361 1475 2412 ejus.
1516 2359 1603 2402 Sed
1630 2361 1744 2403 forte
1768 2361 1865 2414 quis

1040 2413 1169 2457 dicat:
1197 2415 1421 2468 Numquid
1449 2429 1537 2457 non
1566 2429 1664 2458 eum
1690 2420 1865 2470 praesci-

1040 2476 1134 2513 erat
1158 2471 1439 2514 moriturum?
1475 2472 1532 2514 Et
1558 2472 1864 2516 indubitanter.

1038 2526 1265 2579 Numquid
1295 2541 1381 2569 non
1419 2528 1626 2580 sperabat
1657 2533 1863 2572 continuo

1039 2582 1407 2625 resurrecturum?
1427 2584 1484 2625 Et
1498 2584 1696 2627 fideliter.
1723 2587 1864 2640 Super

1038 2638 1134 2680 haec
1162 2639 1301 2681 doluit
1329 2639 1606 2681 crucifixum?
1649 2642 1706 2684 Et
1734 2643 1861 2685 vehe-

1038 2697 1216 2737 menter.
1253 2695 1461 2747 Alioquin
1487 2697 1685 2748 quisnam
1708 2703 1756 2740 tu
1782 2699 1862 2740 fra—

1591 2828 1656 2861 ⁶28*
