2066 2956
242 191 308 226 18*

246 290 309 328 l)e
336 285 533 338 Epistola
560 285 600 326 S.
625 284 830 337 Cypriani
854 285 1063 338 Episcopi

241 348 284 384 et
304 342 523 394 Martyris,
547 347 591 383 et
610 341 878 392 collegarum
898 342 987 392 ejus
1007 341 1063 383 ad

275 399 314 440 S.
331 398 515 439 Lucium
534 397 699 451 Papam
719 402 762 439 et
781 397 1029 450 Martyrem.

548 457 695 496 Lectio
718 471 753 495 v.

239 509 442 613 Nuper
462 509 638 564 quidem
656 510 752 559 tibi,
777 510 910 552 frater
934 513 1061 552 earis-

349 568 470 617 sime,
495 567 698 619 gratulati
718 579 882 616 sumuS,
902 579 1000 608 cum
1018 572 1062 608 te

240 624 405 665 honere
428 624 648 674 geminato
676 623 718 663 in
738 622 946 664 Ecclesiae
971 636 1061 664 suae

239 679 611 722 administratiene
628 680 934 721 Confesserem
951 679 1061 732 pari-

239 741 305 778 ter
330 742 373 778 et
396 736 679 778 Sacerdetem
708 736 932 777 constituit
955 735 1060 777 divi-

239 805 294 833 na
318 792 522 844 dignatio.
563 793 650 834 Sed
675 797 718 834 et
740 804 854 833 nunc
880 804 967 833 non
986 792 1060 833 mi-

238 862 318 890 nus
350 848 429 890 tibi
463 854 506 890 et
533 848 766 891 comitibus
793 848 896 898 tuiS,
929 853 1061 901 atque

238 905 451 946 universae
483 905 744 948 fraternitati
776 904 1061 955 gratulamur,

239 960 358 1013 quod
382 975 479 1003 cum
506 961 659 1003 eadem
681 961 836 1013 gleria,
865 966 907 1002 et
926 961 1060 1003 laudi-

237 1018 319 1060 bus
339 1019 512 1068 vestris,
536 1017 719 1060 reduces
739 1030 819 1059 vos
840 1016 983 1059 denuo
1005 1017 1061 1059 ad

238 1087 340 1116 suos
386 1075 535 1116 fecerit
579 1074 765 1126 benigna
801 1074 979 1114 Demini
1018 1079 1061 1115 et

237 1130 356 1182 larga
376 1131 608 1183 protectio;
632 1136 679 1172 ut
697 1130 920 1183 pascendo
940 1131 1061 1181 gregi

238 1193 399 1240 pastor,
418 1193 462 1228 et
481 1187 776 1237 gubernandae
791 1187 891 1228 navi
905 1187 1060 1237 guber-

239 1245 376 1293 nator,
397 1249 440 1285 et
456 1243 575 1296 plebi
590 1243 793 1294 regendae
808 1248 952 1284 rector
967 1243 1060 1284 red-

239 1299 427 1341 deretur:
444 1306 487 1341 et
502 1301 734 1352 appareret
748 1299 1060 1350 relegatienem

239 1361 427 1397 vestram
447 1357 509 1398 sic
533 1356 741 1398 divinitus
760 1369 856 1398 esse
876 1355 1059 1409 dispesi-

236 1417 337 1462 tam,
355 1425 442 1454 non
461 1418 508 1454 ut
528 1415 761 1466 episeopus
779 1412 998 1463 relegatus
1017 1417 1060 1454 et

236 1469 388 1521 pulsus
408 1469 605 1511 ecelesiae
626 1469 814 1519 deesset,
839 1468 917 1510 sed
937 1474 984 1510 ut
1005 1469 1060 1510 ad

239 1524 467 1566 eeclesiam
502 1527 638 1577 major
674 1524 847 1567 rediret.
904 1526 1060 1579 Neque

238 1581 351 1622 enim
382 1582 425 1622 in
457 1582 595 1624 tribus
628 1583 775 1635 pueris
807 1582 948 1623 minor
980 1583 1060 1624 fuit

236 1638 431 1689 martyrii
449 1637 654 1689 dignitas,
675 1639 790 1691 quia,
813 1643 955 1680 morte
975 1638 1058 1679 fru-

238 1696 390 1743 strata,
419 1694 474 1736 de
499 1697 668 1736 camino
688 1695 799 1746 ignis
819 1694 1059 1736 incolumes

238 1749 448 1799 exierunt3
493 1755 567 1792 aut
605 1763 691 1792 non
732 1753 1058 1793 consummatus

237 1805 392 1847 Daniel
428 1807 597 1849 exstitit
637 1808 679 1848 in
717 1808 805 1849 suis
841 1807 1059 1857 lalidibus,

239 1862 355 1914 quia,
394 1863 466 1915 qui
498 1864 699 1906 leenibus
729 1864 888 1905 missus
918 1864 1060 1906 fuerat

237 1917 293 1959 ad
319 1918 532 1971 praedam,
562 1922 788 1973 protectus
816 1933 841 1962 a
868 1920 1058 1962 Demino

237 1974 345 2016 vixit
363 1975 419 2017 ad
437 1976 630 2026 gleriam.
656 1977 707 2017 In
725 1976 1059 2018 Confesseribus

239 2029 397 2073 Christi
425 2031 558 2074 dilata
576 2033 783 2085 martyria
800 2046 888 2075 non
907 2033 1060 2075 merita

238 2087 520 2130 confessienis
538 2091 752 2139 minuunt,
781 2089 859 2131 sed
884 2092 1057 2140 magna-

238 2141 294 2183 lia
319 2142 476 2186 divinae
500 2146 787 2198 protectienis
812 2145 1058 2187 ostendunt.

294 2205 340 2254 R.
368 2201 644 2243 Desiderium
677 2203 833 2244 animae
866 2203 956 2254 ejus
987 2203 1058 2244 tri-

237 2257 369 2299 buisti
401 2258 440 2299 ei
467 2258 671 2308 Demine,
707 2262 725 2282 *
751 2259 808 2301 Et
836 2258 1059 2301 voluntate

238 2313 452 2355 labiorum
480 2315 570 2366 ejus
597 2328 682 2356 non
711 2315 920 2357 fraudasti
950 2328 1059 2357 eum.

244 2366 291 2417 δ”.
308 2370 521 2419 Queniam
538 2372 790 2423 praevenisti
810 2372 969 2413 eumin
987 2371 1059 2413 be-

240 2425 557 2468 nedictionibus
587 2427 840 2469 dulcedinis:
877 2428 1059 2480 posuisti

240 2481 282 2521 in
311 2482 452 2534 capite
480 2484 570 2533 ejus
598 2486 805 2525 corenam
834 2483 889 2526 de
913 2483 1059 2537 lapide

240 2538 446 2589 pretieso.
480 2538 547 2580 Et.

539 2598 687 2638 Lectio
711 2602 761 2638 vi.

328 2653 663 2701 epraesentatum
690 2651 887 2694 videmus
915 2653 958 2693 in
986 2665 1059 2694 vo-

342 2705 425 2752 bis,
459 2707 577 2758 quod
605 2708 722 2760 apud
749 2721 895 2760 regem
923 2710 1059 2751 fortes

405 194 469 226 lm-
487 195 515 226 .'›.
536 194 669 227 Martii,
711 195 743 226 S.
764 193 940 227 (flasimiri
962 192 1067 225 (Imus.
1088 199 1121 225 ct
1145 193 1189 225 13.
1209 192 1242 225 S.
1261 192 1458 226 Zucharize
1480 192 1593 235 I'apzc
1612 199 1646 226 et
1665 193 1772 227 (lons.

1114 290 1246 338 atque
1282 285 1474 327 illustres
1510 285 1634 338 pueri
1673 284 1938 338 praedicave-

1114 348 1229 392 runt,
1267 342 1388 395 ipsos
1421 340 1597 394 quidem
1628 343 1809 394 paratos
1842 354 1938 383 esse

1114 397 1268 440 ardere
1288 398 1488 447 flammis,
1512 410 1566 439 ne
1591 396 1673 439 diis
1697 398 1788 450 ejus
1807 400 1938 440 servi-

1113 459 1224 504 rent,
1253 459 1327 496 aut
1353 454 1588 505 imaginem
1617 466 1749 506 quam
1775 453 1939 496 fecerat

1114 510 1364 561 adorarent3
1384 511 1527 552 Deum
1543 515 1700 560 tamen,
1720 523 1850 562 quem
1868 523 1938 552 co-

1113 566 1275 618 lebant,
1310 579 1526 620 quemque
1558 570 1601 608 et
1634 579 1715 608 nos
1744 567 1938 618 celimus,

1113 625 1340 676 potentem
1367 635 1481 672 esse,
1512 627 1561 664 ut
1584 635 1663 664 eos
1689 621 1743 665 de
1768 625 1937 665 camino

1114 679 1225 731 ignis
1256 682 1483 728 eximeret,
1516 684 1560 721 et
1586 678 1641 721 de
1665 679 1781 730 regis
1805 679 1938 720 mani-

1114 735 1195 777 bus
1215 749 1266 778 ae
1286 735 1340 778 de
1360 735 1504 788 poenis
1522 735 1814 788 praesentibus
1834 735 1937 777 libe-

1112 794 1244 843 raret3
1279 791 1398 845 quod
1422 792 1664 833 invenimus
1695 792 1740 833 in
1771 791 1937 834 confes-

1113 849 1247 890 sienis
1281 853 1440 890 vestrae
1474 848 1578 898 fide,
1614 854 1658 890 et
1687 849 1732 890 in
1760 848 1938 890 Demini

1113 906 1228 947 eirca
1244 919 1322 948 vos
1336 905 1613 958 protectione
1628 918 1743 948 nunc
1751 910 1937 958 gestum3

1112 967 1160 1004 ut
1178 975 1278 1003 cum
1292 975 1372 1004 vos
1390 962 1534 1016 parati
1552 962 1719 1004 fueritis
1734 967 1779 1004 et
1792 974 1938 1015 prom-

1111 1019 1178 1071 pti
1206 1032 1334 1060 omne
1362 1019 1509 1061 subire
1537 1018 1815 1073 supplicium,
1849 1018 1937 1060 De-

1112 1075 1253 1116 minus
1275 1080 1420 1117 tamen
1440 1088 1519 1117 vos
1542 1088 1689 1128 poenae
1713 1074 1937 1117 subtrahe-

1113 1138 1189 1182 ret,
1210 1137 1254 1173 et
1274 1132 1470 1174 ecclesiae
1490 1135 1747 1174 reservaret.
1775 1132 1937 1183 Regre-

1113 1188 1333 1230 dientibus
1356 1188 1498 1237 vobis,
1531 1189 1730 1231 breviata
1754 1201 1842 1230 non
1870 1191 1938 1230 est

1112 1245 1155 1285 in
1171 1247 1380 1298 episeopo
1396 1245 1680 1287 confessienis
1697 1257 1788 1286 suae
1802 1243 1936 1296 digni-

1112 1306 1195 1351 tas,
1224 1300 1303 1343 sed
1322 1301 1462 1353 magis
1488 1302 1626 1343 crevit
1649 1300 1936 1343 sacerdotalis

1113 1358 1365 1409 aucteritas,
1405 1363 1454 1400 ut
1486 1358 1613 1400 altari
1644 1358 1728 1399 Dei
1759 1359 1936 1399 assistat

1112 1416 1311 1464 antistes,
1341 1414 1415 1467 qui
1434 1414 1491 1464 ad
1510 1414 1798 1456 confessionis
1817 1426 1935 1455 arma

1112 1471 1338 1521 sumenda,
1388 1476 1433 1513 et
1477 1471 1677 1513 facienda
1718 1470 1935 1524 martyria,

1110 1540 1198 1568 non
1217 1527 1363 1568 verbis
1387 1527 1580 1580 plebem,
1608 1527 1687 1570 sed
1712 1527 1839 1570 factis
1864 1540 1934 1570 eo-

1110 1583 1325 1634 hortetur‚
1361 1589 1419 1634 et,
1455 1584 1706 1626 imminente
1736 1583 1935 1626 antichri-

1111 1644 1191 1690 sto,
1211 1645 1338 1693 paret
1357 1640 1414 1682 ad
1432 1641 1632 1694 praelium
1652 1640 1823 1691 milites,
1846 1652 1935 1682 non

1114 1696 1256 1738 solum
1297 1697 1510 1738 sermenis
1551 1702 1595 1739 et
1630 1697 1750 1739 vocis
1785 1697 1934 1739 incita-

1112 1754 1277 1802 mento,
1323 1751 1402 1794 sed
1441 1752 1545 1795 fidei
1583 1758 1627 1795 et
1659 1753 1832 1795 virtutis
1865 1765 1935 1795 ex-

1113 1809 1269 1862 emplo.
1317 1813 1366 1862 R.
1398 1809 1520 1851 Stola
1537 1809 1827 1861 jucunditatis.

1164 1867 1205 1900 In
1236 1867 1298 1900 III.
1324 1867 1522 1901 Nocturno
1555 1867 1694 1901 Homil.
1722 1867 1761 1901 in
1792 1867 1935 1908 Evang.

1114 1913 1153 1947 Si
1180 1912 1267 1957 quis
1289 1913 1381 1948 vult.
1417 1916 1462 1949 de
1490 1916 1624 1950 codem
1654 1916 1758 1950 Com.
1785 1915 1815 1949 2.
1839 1915 1936 1949 loco.

1167 1966 1296 2000 Lectio
1323 1968 1371 2001 ix.
1397 1967 1442 2001 de
1471 1967 1655 2007 Homilia,
1681 1971 1717 2001 et
1742 1976 1936 2001 commem.

1117 2013 1236 2047 Feri-,u
1265 2016 1298 2048 in
1328 2016 1534 2050 Laudibus.

1364 2091 1448 2132 Die
1467 2091 1505 2131 5.
1523 2090 1682 2133 Martii.

1215 2155 1258 2196 S.
1287 2154 1518 2196 casimiri
1550 2154 1835 2195 Confessoris.

1298 2215 1556 2257 Seniiduplcx.
1579 2212 1638 2254 (m.
1662 2216 1686 2248 t.
1710 2214 1759 2256 v.)

1114 2317 1134 2348 ⁴
1166 2268 1300 2349 &Rutili-{iiiii
1327 2274 1365 2301 ut
1393 2269 1426 2301 in
1453 2268 1652 2301 Breviario
1678 2267 1849 2299 Romano
1875 2264 1935 2298 die

1346 2395 1429 2436 Die
1457 2395 1515 2435 15.
1543 2394 1698 2436 Martii.

1168 2458 1211 2499 S.
1239 2457 1496 2500 Zachariae
1534 2461 1666 2513 Papae
1696 2467 1738 2501 et
1766 2459 1884 2501 Conf.

1443 2517 1605 2560 Duplex.

1167 2567 1301 2600 Omnia
1342 2566 1387 2600 de
1429 2567 1629 2601 Communi
1669 2567 1776 2600 Conf.
1816 2566 1935 2605 pont,

1116 2621 1253 2656 praetcr
1275 2626 1379 2657 sequ.

1164 2670 1173 2697 (.
1186 2667 1303 2700 butio.
1337 2667 1390 2702 I)a
1412 2668 1642 2712 quaesumus.

1167 2718 1211 2750 Et
1238 2720 1276 2752 tit
1301 2728 1495 2754 commem.
1522 2721 1643 2754 Ferioe
1669 2730 1811 2754 occurr.
