2066 2904
392 158 603 192 Commune
628 156 881 199 plurimorum
908 154 1117 198 Martyrum
1143 158 1250 186 extra
1275 157 1426 195 tempus
1456 152 1652 185 paschale.

434 252 632 292 Psalmus
653 252 717 291 33.

252 310 479 353 enedicam
514 307 752 350 Dominum
793 306 837 347 in
876 307 995 348 omni

257 370 473 421 tempore:
487 366 510 391 *
530 376 704 417 semper
722 363 818 404 laus
841 364 931 415 ejus
951 364 995 404 in

164 437 240 466 ore
258 437 370 466 meo.

214 482 266 522 In
290 481 390 522 Dfio
422 478 672 521 laudabitur
701 477 846 518 anima
877 490 993 519 mea:

162 537 186 563 *
205 536 384 579 audiant
400 535 617 578 mansueti
635 538 679 576 et
703 534 916 575 laetentur.

214 593 493 645 Magnificate
509 592 748 633 Dominum
767 604 955 632 mecum:
970 592 993 617 *

163 655 207 692 et
218 650 459 692 exaltemus
469 661 629 691 nomen
637 649 728 701 ejus
736 648 780 688 in
790 647 993 701 idipsum.

214 707 443 759 Exquisivi
466 706 720 755 Dominum,
750 709 793 746 et
818 704 992 746 exaudi-

162 764 225 805 vit
243 776 329 805 me:
347 764 371 790 *
391 768 435 805 et
455 776 510 804 ex
530 761 731 804 omnibus
749 761 991 803 tribulatio-

162 819 290 862 nibus
308 820 417 861 meis
438 819 597 872 eripuit
615 831 696 860 me.

213 876 426 918 Accedite
458 875 515 917 ad
547 889 665 925 eum,
704 880 748 916 et
781 874 991 916 illumina-

162 933 279 973 mini:
304 933 328 958 *
353 938 398 974 et
423 932 558 974 facies
586 936 747 973 vestrae
774 944 863 972 non
892 944 991 973 con-

160 988 406 1031 fundentur.

212 1046 302 1087 Iste
326 1058 495 1099 pauper
521 1045 742 1095 clamavit,
780 1050 824 1087 et
842 1045 991 1086 Domi-

161 1115 242 1143 nus
268 1101 490 1144 exaudivit
510 1114 626 1143 eum:
654 1102 677 1127 *
706 1106 750 1142 et
776 1100 832 1143 de
857 1101 991 1142 omni-

160 1158 244 1200 bus
284 1158 638 1200 tribulationibus
675 1158 766 1210 ejus
806 1157 992 1199 salvavit

165 1227 274 1256 eum.

214 1272 427 1313 Immittet
441 1271 638 1323 Angelus
654 1271 831 1312 Domini
850 1271 895 1312 in
914 1271 991 1312 cir-

162 1328 282 1370 cuitu
304 1328 550 1370 timentium
570 1341 684 1369 eum:
711 1328 735 1353 *
764 1332 808 1369 et
836 1328 993 1380 eripiet

165 1397 254 1426 eos.

215 1440 412 1491 Gustate‚
441 1445 484 1482 et
503 1440 650 1483 videte
671 1441 877 1493 quoniam
897 1443 992 1482 sua-

162 1497 228 1538 vis
247 1501 315 1548 est
331 1497 563 1539 Dominus:
586 1498 609 1523 *
637 1497 794 1539 beatus
814 1498 890 1548 vir,
920 1498 994 1550 qui

162 1559 311 1606 sperat
329 1554 374 1595 in
391 1567 455 1596 eo.

214 1610 386 1652 Timete
410 1611 649 1652 Dominum
675 1624 827 1653 omnes
854 1612 994 1652 sancti

162 1668 268 1719 ejus:
291 1668 315 1693 *
341 1667 547 1720 quoniam
569 1680 659 1709 non
684 1672 752 1710 est
775 1668 924 1720 inopia
943 1668 991 1709 ti-

160 1723 379 1765 mentibus
398 1736 509 1765 eum.

213 1779 383 1822 Divites
398 1782 612 1832 eguerunt
631 1785 675 1822 et
694 1781 955 1822 esurierunt:
969 1782 992 1807 *

161 1835 429 1889 inquirentes
461 1842 608 1879 autem
639 1837 876 1879 Dominum
903 1850 993 1879 non

161 1892 409 1934 minuentur
429 1894 549 1935 omni
568 1893 699 1935 bono.

213 1949 374 1992 Venite
397 1950 491 2001 filii,
527 1949 676 1992 audite
704 1964 790 1992 me:
817 1951 841 1977 *
867 1951 992 1993 timo-

164 2017 258 2047 rem
275 2006 455 2047 Domini
473 2006 644 2048 docebo
663 2020 754 2049 vos.

215 2062 322 2113 Quis
346 2067 413 2104 est
436 2062 570 2105 homo
591 2063 666 2115 qui
689 2063 782 2105 vult
800 2063 950 2105 vitam:
969 2064 993 2090 *

163 2117 304 2169 diligit
323 2118 416 2160 dies
436 2118 586 2161 videre
604 2118 769 2162 bonos?

214 2174 406 2217 Prohibe
425 2175 618 2227 linguam
635 2181 756 2218 tuam
775 2190 801 2218 a
819 2176 951 2219 malo:
969 2178 993 2203 *

163 2236 208 2272 et
225 2231 341 2273 labia
359 2237 435 2273 tua
452 2245 508 2274 ne
528 2232 764 2285 loquantur
784 2232 945 2275 dolum.

213 2287 396 2330 Diverte
415 2301 441 2330 a
460 2289 592 2338 malo,
622 2294 665 2331 et
683 2289 752 2331 fac
771 2289 951 2331 bonum:
969 2290 992 2316 *

162 2344 333 2396 inquire
352 2358 519 2398 pacem,
540 2350 583 2386 et
602 2347 870 2399 persequere
886 2359 992 2388 eam.

215 2400 343 2442 Oculi
360 2401 539 2443 Domini
565 2414 697 2455 super
721 2403 875 2454 justos:
901 2404 924 2429 *
950 2408 994 2444 et

162 2469 289 2498 aures
310 2459 400 2510 ejus
418 2458 462 2498 in
481 2471 636 2511 preces
657 2461 820 2500 eorum.

214 2513 376 2555 Vultus
401 2519 548 2556 autem
570 2515 749 2556 Domini
773 2527 906 2568 super
935 2515 993 2556 fa-

165 2569 328 2611 cientes
353 2570 484 2611 mala:
508 2572 531 2596 ¹⁸¹
555 2575 603 2612 ut
626 2571 784 2624 perdat
804 2571 859 2612 de
876 2576 994 2612 terra

165 2626 422 2668 memoriam
441 2629 604 2668 eorum.

218 2681 524 2725 Clamaverunt
554 2684 669 2734 justi,
707 2689 751 2724 et
776 2683 993 2725 Dominus

1808 151 1882 196 [59]

1049 248 1272 290 exaudivit
1291 261 1384 290 eos:
1402 249 1426 275 *
1452 254 1495 291 et
1510 263 1565 291 ex
1585 249 1789 291 omnibus
1808 250 1881 291 tri-

1046 304 1342 347 bulationibus
1363 308 1516 347 eorum
1533 306 1738 348 liberavit
1758 320 1846 348 eos.

1098 362 1230 403 Juxta
1251 366 1317 403 est
1331 362 1548 404 Dominus
1567 363 1630 413 iis,
1654 364 1728 416 qui
1746 363 1880 405 tribu-

1046 418 1137 461 lato
1159 423 1259 460 sunt
1279 418 1430 460 corde:
1458 420 1481 445 *
1512 424 1555 462 et
1581 419 1768 461 humiles
1797 423 1881 473 spi-

1047 476 1133 517 ritu
1152 475 1349 517 salvabit.

1098 532 1249 574 Multae
1277 532 1581 575 tribulationes
1610 533 1838 585 justorum:
1857 534 1880 559 *

1047 593 1091 631 et
1129 588 1184 631 de
1223 589 1425 636 omnibus
1458 589 1526 631 his
1560 589 1765 632 liberabit
1802 603 1879 632 eos

1045 646 1273 687 Dominus.

1100 702 1303 744 Custodit
1338 703 1555 758 Dominus
1594 703 1739 744 omnia
1779 716 1880 745 ossa

1046 761 1215 801 eorum:
1240 760 1264 785 *
1289 773 1423 801 unum
1449 772 1503 801 ex
1526 759 1594 800 his
1618 773 1707 801 non
1733 766 1878 802 conte-

1045 818 1176 858 retur.

1097 873 1218 915 Mors
1247 875 1534 926 peccatorum
1561 874 1767 926 pessima:
1791 875 1815 899 *
1837 879 1880 915 et

1047 930 1120 982 qui
1141 930 1328 972 oderunt
1346 931 1507 982 justum
1527 930 1793 983 delinquent.

1097 987 1303 1029 Redimet
1317 988 1533 1028 Dominus
1549 988 1717 1028 animas
1733 990 1878 1029 servo-

1045 1057 1142 1084 rum
1161 1046 1357 1086 suorum:
1383 1044 1406 1069 *
1435 1049 1479 1085 et
1506 1057 1594 1085 non
1624 1043 1880 1097 delinquent

1046 1113 1198 1142 omnes
1222 1101 1296 1153 qui
1315 1106 1494 1154 sperant
1515 1101 1560 1141 in
1580 1113 1644 1142 eo.

1099 1157 1197 1196 Ant.
1238 1157 1536 1199 Tradiderunt
1574 1159 1764 1210 corpora
1801 1171 1880 1199 sua

1045 1213 1089 1254 in
1103 1218 1302 1264 mortem,
1318 1227 1372 1256 ne
1389 1216 1603 1255 servirent
1618 1213 1764 1255 idolis:
1779 1214 1880 1256 ideo

1047 1271 1246 1312 coronati
1264 1270 1496 1323 possident
1515 1271 1718 1323 palmam.

1100 1330 1198 1369 Ant.
1230 1329 1346 1369 Ecce
1375 1340 1546 1369 merces
1574 1328 1597 1353 *
1627 1330 1880 1370 sanctorum

1047 1384 1229 1436 copiosa
1249 1390 1315 1426 est
1336 1383 1455 1437 apud
1475 1384 1636 1425 Deum:
1664 1385 1748 1437 ipsi
1773 1398 1879 1426 vero

1046 1442 1208 1482 mortui
1230 1446 1330 1483 sunt
1349 1454 1432 1494 pro
1454 1440 1639 1491 Christo,
1670 1446 1713 1483 et
1733 1442 1882 1483 vivent

1045 1497 1089 1537 in
1109 1499 1333 1539 aeternum.

1320 1559 1514 1598 Psalmus
1544 1559 1609 1597 45.

1048 1611 1214 1717 Deus
1240 1615 1391 1652 noster
1413 1610 1640 1661 refugium,
1664 1615 1707 1652 et
1727 1611 1879 1652 virtus:

1169 1668 1191 1693 *
1230 1667 1403 1719 adjutor
1439 1667 1483 1708 in
1515 1667 1881 1718 tribulationibus,

1048 1737 1146 1776 quae
1174 1724 1433 1766 invenerunt
1460 1736 1541 1765 nos
1569 1724 1708 1764 nimis.

1097 1781 1340 1834 Propterea
1373 1793 1462 1822 non
1495 1780 1745 1822 timebimus
1774 1780 1879 1822 dum

1045 1837 1293 1879 turbabitur
1309 1842 1443 1879 terra:
1460 1837 1483 1862 ¹⁸¹
1501 1842 1544 1879 et
1562 1837 1879 1879 transferentur

1045 1899 1218 1936 montes
1246 1895 1289 1935 in
1318 1906 1395 1935 cor
1422 1894 1566 1935 maris.

1098 1951 1357 2000 Sonuerunt‚
1374 1955 1418 1992 et
1432 1950 1622 1992 turbatae
1640 1955 1740 1992 sunt
1750 1963 1877 2002 aquae

1047 2009 1215 2049 eorum:
1242 2008 1265 2034 *
1295 2007 1545 2049 conturbati
1579 2012 1679 2049 sunt
1705 2012 1878 2048 montes

1045 2064 1090 2104 in
1117 2063 1373 2106 fortitudine
1402 2064 1503 2116 ejus.

1097 2120 1308 2161 Fluminis
1336 2123 1526 2173 impetus
1554 2119 1749 2161 laetificat
1777 2119 1877 2160 civi-

1045 2178 1182 2218 tatem
1215 2177 1314 2219 Dei:
1348 2177 1372 2202 *
1410 2176 1700 2218 sanctificavit
1735 2175 1877 2217 taber-

1045 2234 1249 2275 naculum
1277 2247 1404 2275 suum
1430 2233 1692 2274 Altissimus.

1096 2290 1218 2332 Deus
1250 2291 1295 2331 in
1321 2289 1468 2331 medio
1498 2290 1604 2341 erS,
1638 2301 1727 2330 non
1761 2302 1877 2330 com-

1045 2346 1308 2388 movebitur:
1332 2347 1356 2372 *
1381 2345 1604 2397 adjuvabit
1632 2358 1728 2386 eam
1755 2345 1877 2387 Deus

1045 2415 1173 2444 mane
1202 2402 1405 2444 diluculo.

1101 2459 1385 2501 Conturbatae
1415 2462 1516 2499 sunt
1540 2457 1717 2507 Gentes,
1749 2462 1793 2500 et
1817 2458 1876 2499 in-

1046 2515 1206 2557 clinata
1234 2520 1335 2556 sunt
1362 2527 1511 2565 regna:
1529 2514 1552 2539 *
1572 2513 1694 2556 dedit
1722 2527 1878 2556 vocem

1046 2584 1180 2622 suam,
1207 2577 1329 2613 mota
1357 2576 1424 2612 est
1450 2575 1579 2612 terra.

1097 2628 1312 2670 Dominus
1342 2627 1553 2668 virtutum
1580 2627 1825 2669 nobiscum:
1852 2628 1876 2653 *

1047 2686 1278 2737 susceptor
1304 2688 1456 2725 noster
1482 2683 1604 2725 Deus
1631 2683 1781 2725 Jacob.
