2066 2956
85 1946 90 1950 ’
155 1949 383 1992 mansione
426 1949 633 2002 suscipio.

300 224 370 258 Die
386 224 438 258 26.
456 224 564 258 Febr.
604 224 638 258 S.
656 224 875 267 Margarita:
894 225 1157 259 Cortonensis.
1183 245 1195 249 -
1223 226 1335 260 Festa
1354 226 1554 259 Passionis
1575 226 1737 259 Domini.

227 319 380 359 Sermo
401 315 542 357 sancti
559 315 766 366 Gregorii
783 316 929 368 Papae.

320 379 379 413 Ex
395 379 537 413 Homil.
554 380 610 413 3⁸.
628 379 664 412 in
687 379 829 421 Evang.

464 430 616 471 Lectio
637 431 688 471 vi.

245 483 318 524 uia
352 485 682 534 nonnumquam
717 487 886 524 mentes
922 496 993 524 au-

267 539 479 581 dientium
514 538 614 592 plus
652 538 852 591 exempla
887 539 992 581 fide-

160 596 269 638 lium
293 608 426 648 quam
451 595 705 638 docentium
729 595 865 637 verba
891 608 990 637 con-

160 654 347 702 vertunt,
365 652 468 694 volo
485 651 613 694 vobis
633 651 798 704 aliquid
818 651 873 693 de
892 654 991 704 pro-

160 709 279 751 ximo
312 708 476 758 dicere,
524 707 644 760 quod
678 707 814 749 corda
845 713 993 750 vestra

159 770 284 807 tanto
303 764 633 806 formidolosius
649 763 839 813 audiant,
860 777 992 816 quan-

159 826 207 863 to
227 821 289 863 eis
308 820 395 863 hoc
409 820 464 863 de
479 823 732 874 propinquo
751 826 889 862 sonat.
907 821 992 862 Ne-

161 890 246 930 que
265 878 381 919 enim
398 890 470 919 res
493 877 624 928 longe
643 882 744 918 ante
763 882 911 928 gestas
931 877 992 919 di-

160 934 316 984 cimus3
353 934 433 976 sed
466 946 540 976 eas
573 933 629 975 de
663 933 823 985 quibus
855 938 992 975 testes

160 993 390 1040 exsistunt,
419 993 571 1043 eisque
590 989 839 1031 interfuisse
861 1002 908 1031 se
927 992 991 1031 re-

158 1046 320 1098 ferunt,
356 1049 664 1088 memoramus.
718 1045 829 1086 Tres
864 1051 991 1098 pater

158 1116 282 1145 meus
302 1106 480 1145 soreres
499 1103 668 1152 habuit,
695 1115 794 1154 quae
820 1107 990 1144 cunctae

157 1164 248 1202 tres
276 1172 414 1202 sacrae
442 1159 634 1211 virgines
661 1159 854 1209 fuerunt;
887 1171 990 1211 qua-

157 1229 255 1258 rum
282 1230 368 1258 una
395 1215 599 1265 Tarsilla,
631 1215 717 1256 alia
747 1214 989 1264 Gordiana,

93 1304 95 1307 s
158 1273 245 1314 alia
262 1273 499 1314 AEmiliana
518 1271 759 1314 dicebatur.
788 1271 990 1322 Quadam

158 1342 265 1371 vero
288 1334 420 1371 nocte
443 1329 545 1371 huic
564 1328 764 1370 Tarsillae
790 1330 906 1381 (quae
929 1329 988 1368 in-

156 1390 225 1427 ter
245 1387 420 1428 soreres
440 1398 556 1435 suas,
580 1385 744 1427 virtute
770 1387 990 1426 continuae

158 1442 385 1492 orafi6nis,
406 1442 655 1484 afflictionis
675 1440 839 1490 studio,
858 1440 989 1482 absti-

156 1498 317 1540 nentiae
351 1498 603 1550 singularis,
636 1497 852 1548 gravitate
886 1497 990 1538 vitae

156 1554 438 1605 venerabilis,
469 1555 514 1595 in
538 1554 708 1596 honore
733 1558 776 1596 et
801 1553 990 1595 culmine

157 1612 404 1653 sanctitatis
431 1611 718 1661 excreverat),
750 1610 864 1651 sicut
892 1610 991 1662 ipsa

156 1668 360 1718 narravit,
376 1680 457 1720 per
471 1667 685 1709 visionem
701 1669 856 1708 atavus
865 1679 990 1707 meus

156 1723 282 1766 Felix
299 1723 425 1776 hujus
444 1724 660 1765 Romanae
676 1722 888 1764 Ecclesiae
902 1722 990 1763 An-

156 1782 283 1823 tistes
309 1780 532 1833 apperuit,
565 1782 694 1832 eique
717 1779 990 1821 mansionem

156 1839 387 1890 perpetuae
425 1836 638 1878 claritatis
675 1835 885 1885 ostendit,
929 1834 989 1877 di-

157 1905 276 1935 cens:
307 1894 440 1943 Veni,
479 1893 583 1946 quia
614 1893 658 1933 in
689 1891 772 1933 hac
803 1896 848 1933 te
879 1891 989 1932 lucis

692 1949 801 1999 Quae
841 1947 989 1989 subse-

157 2006 309 2058 quenti
352 2018 459 2048 mox
503 2005 624 2047 febre
665 2006 887 2056 correpta,
933 2003 990 2045 ad

157 2061 274 2103 diem
295 2062 499 2115 pervenit
525 2063 784 2103 extremum:
814 2065 858 2101 et
876 2060 990 2101 sicut

157 2118 379 2160 nobilibus
402 2118 574 2160 feminis
591 2118 785 2169 virisque
803 2116 989 2158 morien-

157 2174 275 2217 tibus
293 2175 420 2216 multi
437 2174 717 2223 conveniunt,
744 2173 817 2226 qui
837 2174 990 2214 eorum

156 2231 386 2283 proximos
410 2231 709 2278 consolentur,
735 2229 891 2271 eadem
912 2227 989 2270 ho-

156 2299 206 2328 ra
225 2288 316 2340 ejus
337 2288 481 2329 exitus
497 2287 623 2328 multi
642 2287 726 2328 viri
746 2298 798 2327 ac
816 2285 989 2326 feminae

158 2343 250 2395 ejus
273 2343 482 2386 lectulum
505 2343 903 2390 circumsteterunt,
929 2340 989 2381 in-

157 2404 227 2442 ter
260 2413 368 2453 quas
402 2405 543 2442 mater
574 2412 674 2440 mea
707 2410 884 2450 quoque
916 2395 989 2437 ad-

158 2456 253 2507 fuit3
294 2469 395 2498 cum
431 2469 606 2497 sursum
640 2454 715 2496 illa
750 2453 989 2506 respiciens

158 2512 184 2553 J
186 2525 309 2554 esum
344 2513 593 2555 venientem
627 2510 755 2559 vidit,
806 2515 850 2551 et
891 2522 990 2550 cum

158 2581 318 2620 magna
342 2567 720 2610 animadversic'me
747 2565 883 2618 coepit
910 2566 989 2607 cir-

160 2624 479 2667 cumstantibus
494 2624 700 2672 clamere,
722 2621 887 2663 dicens:
905 2622 989 2662 Re-

161 2680 316 2731 cedite,
335 2681 540 2730 recedite,
558 2680 582 2720 J
585 2692 685 2721 esus
704 2678 834 2720 venit.
864 2677 988 2718 Cum-

161 2750 247 2789 que
270 2738 314 2778 in
338 2750 440 2779 eum
457 2735 703 2778 intenderet
724 2747 854 2786 quem
872 2733 989 2775 vide-

1816 223 1879 259 15*

1048 316 1141 366 bat,
1170 323 1322 360 sancta
1346 319 1421 360 illa
1445 320 1588 361 anima
1612 333 1637 361 a
1661 333 1791 361 carne
1811 332 1877 361 so-

1046 371 1140 414 luta
1166 379 1247 415 est:
1278 377 1489 427 tantaque
1513 375 1660 418 subito
1685 376 1878 426 fragran-

1047 429 1109 470 tia
1127 430 1226 471 miri
1246 430 1396 473 odoris
1415 434 1596 484 aspersa
1614 437 1695 482 est,
1713 437 1762 473 ut
1780 432 1878 485 ipsa

1048 497 1226 537 quoque
1254 487 1447 529 suavitas
1475 488 1642 530 cunctis
1676 488 1876 530 ostende-

1046 546 1124 591 ret,
1156 542 1260 584 illuc
1292 546 1516 585 auctorem
1545 544 1774 586 suavitatis
1806 557 1876 585 ve-

1046 599 1174 639 nisse.
1223 601 1272 651 lxffn
1306 600 1396 641 Iste
1418 605 1484 642 est
1505 601 1591 653 qui.
1892 600 1893 603 ’

1101 659 1230 694 ΙηἸΙΙ.
1255 661 1451 694 Nocturno
1479 660 1645 694 llomilia
1672 663 1705 694 iu
1735 663 1874 703 [Graiis-z.

1050 708 1173 788 {lolmo
1209 708 1378 751 peregre.
1419 709 1464 741 dc
1502 710 1637 742 coelem
1673 710 1873 743 Communi

1071 783 1076 788 .
1118 767 1198 789 OCO.

1100 807 1231 841 Lectio
1259 807 1305 840 ix,
1337 807 1383 840 (lo
1413 807 1593 843 llomilia.
1619 814 1654 842 ct
1680 820 1874 842 commem.

1048 855 1170 889 Feriae
1197 856 1232 888 in
1260 856 1378 889 Laud.

1249 930 1331 971 Die
1350 931 1416 970 26.
1436 929 1672 972 Februarii.

1098 993 1140 1033 S.
1170 993 1465 1043 Margaritae
1494 993 1813 1035 Cortonensis

1308 1047 1622 1088 l'oenitcntis.

1334 1112 1594 1155 Scmiduplcx.

1099 1170 1234 1203 Omnia
1267 1174 1306 1203 ut
1336 1170 1433 1203 inter
1459 1170 1554 1203 festa
1584 1179 1653 1212 pro
1680 1169 1875 1212 aliquibus

1046 1218 1143 1251 locis
1169 1218 1303 1251 eadem
1327 1218 1398 1251 dic.

1345 1286 1474 1326 Feria
1492 1285 1568 1326 VI.

1093 1346 1197 1393 post
1214 1341 1491 1382 Dominicam
1509 1342 1540 1381 Ι.
1560 1341 1826 1393 Quadrages.

1043 1406 1253 1447 Lanceae
1279 1406 1330 1446 et
1354 1405 1624 1447 Glavorum
1641 1406 1696 1447 D.
1707 1407 1760 1447 N.
1772 1408 1814 1449 J.
1827 1408 1872 1449 Ο.

1304 1463 1458 1505 Duplex
1483 1462 1615 1503 majus.

1098 1518 1148 1552 Ut
1182 1519 1278 1553 inter
1313 1519 1408 1553 festa
1442 1529 1512 1562 pro
1548 1518 1742 1561 aliquibus
1776 1518 1873 1551 locis

1045 1567 1180 1601 eadem
1207 1567 1311 1601 feria.

1345 1641 1473 1683 Feria
1491 1641 1567 1682 VI.

1108 1703 1212 1751 post
1230 1699 1507 1740 Dominicam
1526 1699 1581 1739 ΙΙ.
1601 1697 1817 1749 Quadrag.

1153 1763 1222 1804 Ss.
1251 1763 1482 1804 Sindonis
1509 1763 1563 1803 D.
1582 1762 1636 1803 N.
1656 1763 1699 1804 J.
1720 1762 1766 1803 Ο.

1303 1818 1455 1861 Duplex
1480 1818 1613 1857 maius

1096 1870 1147 1904 Ut
1179 1870 1277 1904 inter
1315 1870 1411 1904 festa
1445 1881 1515 1913 pro
1550 1870 1744 1912 aliquibus
1775 1869 1871 1902 locis

1045 1919 1179 1952 cadoni
1204 1918 1309 1952 feria.

1341 1993 1469 2034 Feria
1487 1993 1563 2034 VI.

1092 2055 1195 2104 post
1212 2049 1488 2091 Dominicam
1506 2049 1586 2089 ΙΙΙ.
1605 2045 1822 2098 Quadrag.

1139 2115 1208 2156 Ss.
1236 2112 1467 2162 Quinque
1495 2111 1777 2153 vulnerum

1284 2169 1339 2209 D.
1366 2169 1420 2210 N.
1443 2168 1484 2209 J.
1514 2168 1624 2209 chr.

1259 2223 1454 2267 Duplex
1486 2223 1653 2263 maius.

1097 2281 1147 2315 Ut
1182 2282 1280 2316 inter
1313 2281 1409 2315 festa
1441 2290 1512 2322 pro
1544 2278 1740 2322 aliquibus
1773 2278 1869 2312 locis

1045 2330 1179 2363 eadem
1202 2330 1307 2363 feria.

1343 2398 1471 2439 Feria
1488 2397 1564 2438 VI.

1093 2460 1198 2509 post
1214 2454 1492 2496 Dominicam
1509 2452 1586 2494 IV.
1601 2450 1818 2502 Quadrag.

1041 2519 1318 2561 Pretiosiss.
1338 2515 1607 2567 Sanguinis
1625 2515 1680 2556 D.
1694 2515 1748 2555 N.
1763 2515 1806 2555 J.
1822 2514 1868 2555 0.

1307 2579 1459 2621 Duplex
1480 2579 1610 2617 maius.

1096 2637 1145 2671 Ut
1180 2637 1275 2669 inter
1308 2636 1403 2669 festa
1438 2645 1508 2677 pro
1543 2634 1738 2676 aliquibus
1771 2632 1868 2665 locis

1044 2686 1179 2719 cadem
1204 2683 1308 2717 feria.

1303 2741 1558 2768 *ffsshsso-ffls—e—-ss
1579 2752 1610 2755 ,-
