2066 2904
805 142 1016 177 Commune
1042 143 1250 176 Abbatum.

167 244 262 286 Dei.
309 243 482 286 Videtis
511 255 643 295 quam
671 240 893 283 excelsum
921 244 1000 289 est,

169 305 333 352 quanta
363 313 434 341 res
467 303 534 340 est
561 299 818 350 conspicere
845 297 1000 338 Deum.

170 356 254 406 Qui
286 355 524 404 desiderat,
567 359 610 396 et
644 352 764 406 quod
797 352 916 402 dico,
957 357 1001 393 et

171 412 291 465 quod
318 411 441 453 audit
470 410 684 461 intelligit.
724 409 1001 450 Promittitur

168 468 296 510 nobis
334 469 598 520 conspectus
634 465 738 514 Dei,
774 464 868 506 veri
904 464 1002 513 Dei,

170 524 328 566 summi
345 523 442 565 Dei.
475 523 575 564 Hoc
599 522 715 563 enim
736 521 903 562 bonum
923 525 1001 569 est,

169 579 392 622 videntem
415 579 577 620 videre.
609 577 724 619 Nam
751 577 826 629 qui
849 576 1002 618 colunt

169 635 304 678 falsos
324 636 446 685 deos,
464 634 593 676 facile
612 634 710 674 illos
729 632 896 674 vident:
921 632 1001 673 sed

171 705 248 734 eos
272 692 442 741 vident,
471 691 547 742 qui
571 689 725 731 oeulos
750 688 929 738 habent,
958 693 1002 729 et

169 761 259 789 non
271 747 434 790 vident.
460 746 603 788 Nobis
622 750 769 787 autem
787 744 1001 798 promitti-

169 809 241 845 tur
265 804 376 845 visio
394 803 478 845 Dei
502 802 705 851 viventis,
734 806 779 843 et
801 800 1002 842 videntis.

227 867 288 907 Te
306 865 451 906 Deum
469 862 711 904 laudamus.
733 862 793 902 15.

379 942 794 965 ψ-

334 1016 422 1056 111.
458 1015 575 1056 Alia
602 1014 837 1055 Homilia.

171 1085 320 1127 Lectio
350 1085 491 1126 sancti
510 1084 737 1135 Evangelii
761 1084 1003 1126 secundum

455 1140 722 1182 Matthaeum.

274 1204 425 1245 Lectio
447 1205 515 1245 vii.
665 1204 768 1255 Cap.
786 1206 841 1244 19.
860 1204 897 1244 d.

218 1278 247 1305 n
270 1264 346 1306 illo
372 1266 587 1317 tempore:
614 1264 738 1305 Dixit
762 1264 919 1305 Petrus
944 1264 1001 1305 ad

235 1321 400 1363 Jesum:
428 1322 544 1362 Ecce
568 1333 650 1361 nos
675 1319 932 1372 reliquimus
958 1323 1001 1361 ό-

170 1377 304 1426 mnia,
331 1382 375 1419 et
394 1377 533 1418 secuti
553 1390 703 1417 sumus
728 1381 788 1417 te:
814 1377 919 1428 quid
939 1390 1001 1419 er-

171 1446 228 1484 go
250 1433 333 1475 erit
352 1431 503 1475 nobis?
532 1433 589 1474 Et
608 1433 789 1485 reliqua.

218 1512 283 1552 De
310 1510 505 1552 Homilia
532 1509 795 1552 venerabilis
823 1508 959 1550 Bedae

455 1565 722 1618 Presbyteri.

338 1629 381 1662 In
405 1628 537 1663 Natali
562 1628 596 1662 S.
621 1627 832 1662 Benedicti.

381 1684 482 1722 sunt
502 1679 680 1721 Ordines
698 1679 940 1721 electerum
959 1679 1003 1719 in

292 1768 294 1774 .
319 1736 479 1788 judicio
502 1736 651 1778 futuri:
679 1748 791 1776 unus
812 1734 1001 1787 judican-

273 1791 288 1810 s
318 1793 428 1834 tium
455 1806 555 1834 cum
581 1792 791 1841 Domino,
826 1791 882 1833 de
911 1792 1002 1843 qui-

170 1848 253 1890 bus
280 1849 365 1890 hoe
393 1848 494 1890 loco
522 1850 755 1898 memorat,
797 1848 872 1899 qui
904 1848 1001 1889 reli-

172 1907 360 1957 querunt
389 1905 552 1954 omnia,
587 1909 631 1946 et
658 1904 799 1945 secuti
827 1908 928 1945 sunt
956 1904 1001 1945 il-

171 1961 276 2002 lum:
294 1961 405 2002 alius
416 1960 750 2014 judicandorum
762 1973 788 2000 a
797 1960 1002 2010 Demino,

172 2017 247 2069 qui
265 2030 354 2058 non
374 2016 552 2069 quidem
572 2017 719 2057 omnia
738 2029 818 2057 sua
836 2016 1002 2068 pariter

171 2073 454 2126 reliquerunt,
474 2072 554 2114 sed
573 2072 628 2114 de
646 2072 715 2112 his
734 2077 882 2113 tamen
903 2085 1002 2124 quae

171 2129 407 2179 habebant,
446 2128 725 2180 quotidianas
758 2127 863 2169 dare
893 2128 1002 2170 elee-

170 2188 378 2238 mosynas
403 2185 567 2227 Christi
588 2184 858 2237 pauperibus
882 2187 1003 2226 eura-

171 2242 291 2283 bant:
318 2241 436 2284 unde
463 2246 507 2283 et
532 2240 724 2283 audituri
750 2245 851 2282 sunt
875 2241 919 2281 in
944 2242 1002 2292 ju-

172 2298 302 2339 dicio:
319 2298 481 2340 Venite
500 2297 724 2339 benedicti
741 2297 886 2338 Patris
905 2297 1003 2346 mei,

171 2354 398 2407 possidete
435 2355 737 2406 praeparatum
773 2352 901 2394 vobis
938 2366 1002 2394 re-

172 2423 306 2461 gnum
325 2423 351 2451 a
371 2410 684 2451 constitutione
703 2409 865 2450 mundi.
897 2410 1003 2450 Esu-

172 2466 253 2507 rivi
273 2467 404 2516 enim,
430 2471 474 2508 et
494 2465 679 2508 dedistis
698 2465 806 2506 mihi
823 2464 1003 2506 mandu-

173 2524 287 2564 care:
306 2523 435 2572 sitivi,
453 2527 496 2564 et
516 2522 701 2564 dedistis
720 2521 827 2562 mihi
841 2521 1004 2563 bibere.

226 2582 277 2633 R.
298 2583 388 2624 Iste
418 2588 484 2625 est
515 2583 600 2636 qui.
629 2582 711 2636 [97]

1344 234 1495 275 Lectio
1518 234 1600 274 viii.

1127 299 1183 341 ed
1208 303 1252 340 et
1280 298 1575 352 reproberum
1600 298 1713 340 duos
1740 298 1802 340 ibi
1825 298 1886 339 fu-

1135 359 1261 397 turos
1282 355 1461 396 ordines
1474 355 1666 395 Demino
1682 357 1888 396 narrante

1053 413 1364 465 comperimus:
1391 424 1526 452 unum
1545 413 1714 460 eorum,
1744 411 1819 463 qui
1842 411 1888 451 fi-

1054 469 1126 510 dei
1167 468 1416 510 christianae
1454 467 1674 519 mysteriis
1713 467 1889 516 initiati,

1054 528 1191 578 epera
1219 523 1324 566 fidei
1357 525 1563 565 exercere
1593 525 1888 573 contemnunt,

1055 581 1214 633 quibus
1243 581 1287 621 in
1316 579 1477 631 judicio
1507 581 1710 620 testatur:
1738 580 1889 621 Disce-

1055 638 1147 679 dite
1167 650 1192 678 a
1211 649 1282 678 me
1300 635 1525 678 maledicti
1542 635 1586 676 in
1605 636 1751 686 ignem
1767 638 1889 677 aeter-

1054 708 1174 743 num,
1204 693 1278 745 qui
1302 693 1580 745 praeparatus
1608 697 1675 733 est
1699 691 1890 741 diabolo,

1056 756 1099 792 et
1115 749 1281 800 angelis
1297 749 1402 800 ejus:
1422 748 1583 789 esurivi
1600 748 1726 797 enim,
1745 753 1788 789 et
1802 761 1891 789 non

1056 806 1239 848 dedistis
1259 805 1366 845 mihi
1385 804 1664 846 manducare.
1688 804 1892 845 Alterum

1056 865 1220 911 eerum,
1242 862 1316 914 qui
1335 860 1470 902 fidem
1490 866 1534 902 et
1548 861 1758 912 mysteria
1772 860 1890 901 Chri-

1056 920 1113 960 sti
1145 918 1215 960 vel
1252 930 1492 969 numquam
1527 919 1780 969 suscepere,
1821 917 1892 958 vel

1057 977 1308 1027 susceptam
1344 987 1424 1026 per
1462 974 1733 1026 apostasiam
1770 973 1891 1015 dese-

1057 1034 1199 1073 ruere:
1226 1030 1281 1072 de
1304 1030 1463 1082 quibus
1485 1029 1605 1071 dicit:
1635 1030 1720 1079 Qui
1744 1034 1892 1071 autern

1056 1101 1145 1129 non
1166 1086 1320 1135 credit,
1341 1087 1426 1138 jam
1445 1085 1661 1137 judicatus
1684 1090 1764 1127 est:
1791 1086 1894 1138 quia

1055 1158 1144 1186 non
1168 1143 1308 1185 credit
1331 1144 1375 1183 in
1398 1142 1576 1183 nemine
1595 1142 1806 1193 unigeniti
1826 1143 1893 1183 Fi-

1056 1202 1101 1242 lii
1120 1201 1213 1242 Dei.

1113 1266 1158 1315 Rg.
1194 1262 1289 1302 Sint
1320 1259 1469 1300 lumbi.
1498 1259 1582 1311 [98]

1364 1333 1512 1372 Lectio
1535 1332 1587 1371 ix.

1149 1405 1271 1434 erum
1291 1393 1359 1433 his
1380 1405 1479 1432 cum
1494 1391 1653 1431 timere
1669 1394 1712 1431 et
1726 1391 1893 1442 pavore

1163 1449 1312 1490 debito
1333 1447 1558 1501 paulisper
1579 1447 1892 1488 commemora-

1058 1507 1129 1555 tis,
1155 1505 1211 1547 ad
1235 1505 1462 1546 laetissima
1481 1504 1630 1556 petius
1650 1502 1830 1544 Demini
1850 1506 1893 1543 et

1057 1563 1300 1604 SalvatOris
1318 1561 1458 1602 nostri
1477 1562 1697 1613 promissa
1713 1572 1893 1601 conver-

1057 1621 1201 1660 tamus
1238 1618 1447 1659 auditum.
1509 1616 1754 1657 Videamus
1794 1628 1893 1668 quae

1056 1680 1191 1717 tantae
1217 1675 1358 1726 gratia
1380 1673 1573 1726 pietatis:
1604 1685 1693 1713 non
1715 1674 1893 1713 aeternae

1057 1730 1364 1774 tantummodo
1387 1731 1490 1771 vitae
1509 1729 1693 1782 praemia
1719 1729 1809 1769 suis
1829 1741 1892 1769 se-

1059 1788 1283 1841 quacibus,
1303 1786 1382 1828 sed
1403 1791 1446 1827 et
1460 1786 1693 1839 praesentis
1710 1789 1894 1826 munera

1057 1845 1291 1898 pollicetur
1325 1843 1495 1885 eximia.
1543 1843 1601 1883 Et
1635 1843 1794 1897 omnis,
1831 1842 1891 1882 in-

1059 1902 1163 1954 quit,
1184 1901 1259 1953 qui
1272 1900 1499 1952 reliquerit
1514 1899 1706 1948 domum,
1726 1898 1796 1940 vel
1811 1898 1892 1939 fra—

1057 1963 1164 2008 tres,
1192 1963 1267 1999 aut
1287 1959 1480 2006 sorores,
1507 1961 1583 1997 aut
1599 1961 1789 2008 patrem,
1818 1960 1893 1996 aut

1057 2020 1255 2064 matrem,
1276 2018 1351 2055 aut
1366 2015 1562 2062 uxorem,
1582 2017 1657 2053 aut
1672 2012 1799 2061 filios,
1819 2016 1894 2052 aut

1058 2084 1204 2123 agros,
1227 2074 1412 2123 propter
1430 2082 1591 2110 nomen
1610 2081 1772 2117 meum,
1797 2069 1893 2108 cen-

1057 2127 1228 2180 tuplum
1247 2126 1444 2179 accipiet,
1465 2130 1509 2167 et
1527 2125 1663 2166 vitam
1682 2126 1894 2165 aeternam

1059 2183 1315 2236 possidebit.
1362 2183 1447 2232 Qui
1476 2182 1591 2223 enim
1618 2181 1806 2222 terrenis
1835 2180 1892 2221 af-

1056 2239 1244 2281 fectibus
1283 2239 1376 2281 sive
1413 2236 1770 2291 possessionibus
1807 2249 1890 2290 pro

1057 2295 1219 2338 Christi
1260 2295 1527 2348 discipulatu
1567 2293 1891 2344 renuntiaverit,

1058 2365 1145 2404 quo
1178 2351 1278 2404 plus
1312 2352 1357 2392 in
1391 2351 1481 2402 ejus
1515 2352 1711 2391 amorem
1748 2349 1891 2402 profe-

1058 2409 1176 2459 cerit,
1210 2421 1263 2450 eo
1296 2407 1446 2460 plures
1479 2406 1688 2455 inveniet,
1729 2406 1804 2458 qui
1844 2419 1891 2447 se

1057 2465 1227 2506 interno
1255 2466 1480 2516 suscipere
1513 2461 1692 2511 affectu,
1725 2467 1769 2503 et
1802 2462 1891 2504 suis

1057 2520 1278 2572 gaudeant
1297 2520 1546 2561 sustentare
1566 2518 1834 2560 substantiis.

1110 2580 1174 2622 Te
1192 2582 1338 2622 Deum
1356 2579 1598 2621 laudamus.
1622 2580 1681 2620 15.

922 2663 1148 2700 *εαὲιεεῲεψ-
