2028 2892
232 251 334 293 Dies
363 253 495 302 venit,
523 253 617 295 dies
644 260 735 305 tua,

279 308 330 348 [n
360 322 445 361 qua
472 310 681 352 reflorent
709 313 871 354 omnia:

280 364 502 407 Laetemur
529 372 572 409 et
598 380 680 409 nos
706 369 750 409 in
778 370 891 410 viam

280 421 377 463 Tua
404 423 574 465 reducti
603 424 793 466 dextera.

230 500 290 540 Te
318 513 458 552 prona
485 502 635 543 mundi
662 502 863 544 machina

279 556 479 599 Clemens
508 557 677 608 adoret,
704 559 904 610 Trinitas,

278 613 336 654 Et
362 626 443 655 nos
471 615 573 655 novi
601 629 680 668 per
707 617 891 667 gratiam

276 669 453 711 Novum
481 674 687 713 canamus
716 674 942 714 canticum.

432 727 585 769 Amen.

223 790 274 843 V.
303 796 484 848 Angelis
513 799 602 840 suis
629 800 750 841 Deus
775 799 999 841 mandavit

174 850 230 894 de
258 857 312 894 te.
356 855 405 906 R.
444 854 503 896 Ut
530 856 779 898 custodiant
810 861 853 898 te
881 857 923 896 in
955 859 997 898 ό-

172 908 344 951 mnibus
372 911 453 951 viis
480 912 577 953 tuis.

222 982 309 1016 Ant.
336 982 384 1016 ad
410 982 550 1017 Bencd.
577 987 613 1017 et
638 984 769 1018 Oratio
796 985 963 1028 propria.

219 1041 351 1086 Temp.
370 1043 580 1078 Passionis
600 1045 736 1089 Hymn.
762 1046 901 1081 Lustra
917 1056 996 1081 sex.

169 1090 216 1124 de
242 1090 439 1126 Laudibus
464 1092 679 1127 Dominicae
703 1093 914 1127 Passionis.

220 1144 269 1197 V.
309 1148 443 1202 Eripe
474 1163 545 1192 me
580 1151 636 1193 de
669 1152 853 1195 inimicis
888 1155 997 1196 meis

170 1204 291 1246 Deus
318 1218 452 1248 meus.
492 1211 540 1262 Rg.
575 1208 632 1249 Et
658 1208 713 1250 ab
741 1210 995 1262 insurgenti-

169 1259 251 1303 bus
279 1262 323 1303 in
350 1276 421 1305 me
448 1252 585 1306 hbera
612 1278 693 1307 me.

218 1338 348 1384 Temp.
377 1341 530 1381 Pascha
560 1353 665 1387 sequ.
697 1343 820 1387 Capit.
852 1345 991 1379 dicitu1

165 1386 203 1420 in
229 1387 353 1422 feriali
379 1389 672 1426 Offic.t21ntum:
698 1392 874 1436 nunnus
899 1403 989 1427 xero

165 1434 279 1469 ctiam
308 1437 346 1470 in
376 1437 590 1473 Dominicis
622 1451 743 1484 usque
773 1441 820 1474 1d
849 1442 988 1475 Ascen-

164 1483 322 1518 sionem.

276 1554 534 1606 Capitulum.
640 1558 765 1598 Rom.
786 1559 821 1598 6.
842 1558 880 1599 b.

242 1626 403 1669 hristus
440 1631 673 1681 resurgens
716 1644 770 1672 ex
810 1633 994 1674 mortuis

266 1684 350 1736 jam
364 1697 452 1726 non
461 1686 655 1736 moritur,
674 1701 793 1729 mors
808 1688 869 1729 illi
880 1688 994 1730 ultra

167 1751 256 1781 non
270 1739 575 1783 dominabitur.
610 1743 739 1793 Quod
754 1745 867 1786 enim
881 1748 993 1787 mor-

166 1800 268 1838 tuus
278 1801 345 1838 est
354 1801 549 1850 peccato,
559 1802 757 1842 mortuus
769 1805 835 1842 est
846 1802 994 1844 semel:

168 1852 289 1904 quod
307 1859 453 1896 autem
472 1856 593 1906 vivit,
613 1857 718 1898 vivit
735 1857 844 1899 Deo.

468 1937 677 1989 Hymnus.

295 2020 426 2060 urora
454 2019 614 2061 coelum
633 2023 858 2074 purpurat,

339 2075 495 2117 AEther
514 2076 695 2118 resultat
714 2077 925 2128 laudibus,

268 2131 456 2174 Mundus
475 2133 746 2186 triumphans
766 2134 926 2186 jubilat,

268 2188 467 2230 Horrens
486 2192 672 2231 avernus
691 2190 893 2232 infremit:

219 2264 309 2306 Rex
327 2265 400 2307 ille
419 2265 523 2308 dum
542 2267 802 2309 fortissimus

268 2321 335 2363 De
354 2323 508 2364 mortis
526 2323 693 2365 inferno
714 2337 848 2377 specu

267 2378 445 2420 Patrum
463 2382 662 2421 senatum
680 2380 863 2422 liberum

267 2434 427 2477 Educit
444 2436 501 2478 ad
519 2437 620 2478 vitae
638 2436 772 2489 jubar.

212 2510 344 2563 Cuius
364 2513 645 2566 sepulchrum
664 2513 853 2567 plurimo

265 2567 459 2611 Custode
479 2569 678 2620 signabat
695 2570 817 2622 lapis,

264 2623 418 2666 Victor
436 2626 690 2678 triumphat,
710 2631 753 2667 et
773 2638 851 2666 suo

264 2680 452 2722 Mortem
471 2682 706 2734 sepulchro
725 2682 904 2723 funerat.

798 164 995 199 l')(›minica
1022 167 1069 200 ad
1099 168 1255 202 Laudes.

998 2621 1001 2624 ’
1035 2627 1275 2668 vocaberis:
1294 2627 1317 2651 *
1336 2626 1512 2678 praeibis
1539 2628 1651 2669 enim
1674 2632 1772 2668 ante
1792 2627 1849 2667 fa-

1105 257 1181 299 Sat
1198 259 1350 311 funeri,
1370 267 1438 302 sat
1456 262 1652 313 lacrimis,

1154 315 1230 356 Sat
1248 322 1314 357 est
1333 316 1482 358 datum
1502 318 1740 361 doloribus:

1155 371 1350 414 Surrexit
1367 377 1602 417 exstinctor
1620 378 1749 426 necis,

1155 427 1323 470 Clamat
1342 434 1575 472 coruscans
1594 432 1798 485 Angelus.

1109 497 1160 537 {Vt
1180 498 1238 538 sis
1258 501 1448 551 perenne
1466 501 1682 543 mentibus

1154 553 1365 597 Paschale
1384 557 1408 596 J
1411 570 1486 598 esu
1506 558 1719 609 gaudium,

1154 610 1194 650 A
1213 617 1353 653 morte
1373 612 1467 654 dira
1486 615 1710 656 criminum

1153 667 1269 708 Vitae
1287 672 1464 710 renatos
1483 670 1630 712 libera.

1104 737 1198 777 Deo
1217 736 1336 778 Patri
1355 738 1410 779 sit
1427 738 1575 790 gloria,

1153 793 1209 834 Et
1226 793 1352 843 Filio,
1374 796 1447 847 qui
1467 808 1491 836 a
1510 797 1692 837 mortuis

1151 850 1360 900 Surrexit,
1380 865 1431 892 ac
1450 852 1677 903 Paraclito,

1151 906 1200 946 In
1220 908 1483 960 sempiterna
1503 909 1673 951 saecula.

1307 964 1459 1006 Amen.

1104 1023 1149 1074 δ”.
1178 1027 1229 1068 In
1255 1031 1570 1072 resurrectione
1594 1036 1668 1072 tua
1689 1031 1867 1082 Christe,

1049 1083 1229 1136 alleluja.
1256 1087 1301 1137 Rg.
1325 1086 1435 1127 Coeli
1459 1092 1502 1129 et
1523 1092 1640 1129 terra
1657 1088 1866 1139 laetentur,

1049 1140 1229 1193 alleluja.

1101 1210 1162 1243 Ad
1180 1210 1319 1247 Bcncd.
1338 1212 1423 1245 Ant.
1442 1213 1606 1255 propria.

1219 1280 1440 1321 Canticum
1462 1282 1694 1322 Zachariae.

1346 1343 1459 1376 Lucae
1488 1344 1511 1376 l.
1537 1355 1569 1383 u.

1045 1387 1351 1493 Benedictus
1365 1395 1578 1436 Dominus
1588 1396 1708 1437 Deus
1722 1397 1866 1447 Israel,

1143 1450 1166 1475 *
1188 1450 1287 1502 quia
1302 1451 1502 1501 visitavit,
1522 1456 1565 1493 et
1583 1452 1684 1493 fecit
1700 1452 1863 1494 redem-

1045 1504 1240 1556 ptionem
1259 1506 1399 1559 plebis
1419 1520 1524 1549 suae:

1096 1561 1153 1603 Et
1178 1563 1314 1604 erexit
1342 1576 1476 1605 cornu
1504 1564 1654 1606 salutis
1679 1564 1818 1606 nobis:
1841 1565 1864 1590 *

1044 1617 1088 1657 in
1108 1617 1239 1659 domo
1258 1619 1402 1661 David
1419 1621 1543 1672 pueri
1563 1621 1638 1661 sui.

1096 1674 1215 1716 Sicut
1238 1675 1410 1717 locutus
1436 1682 1503 1718 est
1525 1690 1604 1730 per
1626 1689 1677 1718 os
1697 1679 1863 1718 sancto-

1044 1741 1154 1780 rum,
1174 1732 1197 1757 *
1218 1732 1290 1784 qui
1313 1745 1338 1773 a
1361 1732 1523 1774 saeculo
1543 1738 1656 1782 sunt,
1679 1733 1862 1786 prophe-

1044 1787 1186 1827 tarum
1206 1788 1309 1839 ejus:

1095 1842 1287 1885 Salutem
1312 1857 1366 1885 ex
1388 1844 1569 1886 inimicis
1589 1846 1758 1895 nostris,
1776 1846 1800 1871 *
1819 1851 1862 1887 et

1044 1897 1099 1939 de
1113 1911 1243 1940 manu
1259 1900 1459 1950 omnium,
1480 1901 1553 1953 qui
1570 1900 1754 1943 oderunt
1766 1914 1861 1943 nos:

1090 1954 1755 1998 Adfaciendammisericordiam
1763 1971 1859 1999 cum

1042 2011 1239 2062 patribus
1254 2013 1429 2054 nostris:
1447 2013 1471 2038 *
1490 2018 1534 2054 et
1551 2014 1781 2055 memorari
1800 2019 1858 2055 te-

1042 2068 1244 2109 stamenti
1263 2068 1329 2109 sui
1348 2069 1494 2110 sancti.

1091 2123 1416 2175 Jusjurandum,
1461 2125 1578 2177 quod
1612 2125 1766 2177 juravit
1801 2124 1858 2166 ad

1040 2179 1263 2221 Abraham
1281 2186 1450 2233 patrem
1469 2186 1674 2230 nostrum,
1693 2181 1717 2206 *
1736 2180 1856 2222 datu-

1039 2248 1135 2277 rum
1154 2249 1200 2277 se
1219 2236 1360 2278 nobis:

1090 2291 1149 2333 Ut
1173 2292 1263 2334 sine
1291 2293 1461 2342 timore,
1490 2292 1543 2334 de
1570 2305 1700 2334 manu
1721 2292 1854 2333 inimi-

1039 2349 1188 2388 corum
1204 2350 1452 2390 nostrorum
1466 2347 1645 2398 liberati,
1660 2349 1684 2374 *
1699 2349 1854 2390 servia-

1037 2417 1133 2444 mus
1151 2403 1221 2444 illi.

1088 2461 1138 2500 In
1166 2460 1412 2508 sanctitate,
1446 2463 1488 2500 et
1519 2460 1679 2510 justitia
1706 2473 1852 2501 coram

1035 2516 1144 2568 ipso,
1163 2517 1186 2541 *
1206 2515 1403 2556 omnibus
1423 2514 1575 2556 diebus
1593 2516 1763 2557 nostris.

1087 2572 1143 2612 Et
1170 2577 1217 2612 tu
1244 2583 1366 2624 puer,
1395 2571 1613 2624 Propheta
1641 2571 1851 2613 Altissimi

1034 2683 1144 2724 ciem
1161 2682 1335 2723 Domini
1353 2684 1508 2734 parare
1528 2683 1619 2724 vias
1639 2683 1743 2734 ejus:
