<?xml version="1.0" encoding="UTF-8"?>
<!DOCTYPE html PUBLIC "-//W3C//DTD XHTML 1.0 Transitional//EN"
    "http://www.w3.org/TR/xhtml1/DTD/xhtml1-transitional.dtd">
<html xmlns="http://www.w3.org/1999/xhtml" xml:lang="en" lang="en">
 <head>
  <title>
</title>
<meta http-equiv="Content-Type" content="text/html;charset=utf-8" />
  <meta name='ocr-system' content='tesseract 3.04.00' />
  <meta name='ocr-capabilities' content='ocr_page ocr_carea ocr_par ocr_line ocrx_word'/>
</head>
<body>
  <div class='ocr_page' id='page_1' title='image "./p2breviariumroma00cathuoft_0760.png"; bbox 0 0 2066 2956; ppageno 0'>
   <div class='ocr_carea' id='block_1_1' title="bbox 214 210 312 255">
    <p class='ocr_par' dir='ltr' id='par_1_1' title="bbox 214 210 312 255">
     <span class='ocr_line' id='line_1_1' title="bbox 214 210 312 255; baseline 0.02 -2"><span class='ocrx_word' id='word_1_1' title='bbox 214 210 312 255; x_wconf 83' lang='lat'>[188]</span> 
     </span>
    </p>
   </div>
   <div class='ocr_carea' id='block_1_2' title="bbox 214 269 1927 338">
    <p class='ocr_par' dir='ltr' id='par_1_2' title="bbox 214 269 1927 338">
     <span class='ocr_line' id='line_1_2' title="bbox 214 269 1927 338; baseline 0 -62"><span class='ocrx_word' id='word_1_2' title='bbox 214 269 1927 338; x_wconf 95' lang='lat' dir='ltr'>  </span> 
     </span>
    </p>
   </div>
   <div class='ocr_carea' id='block_1_3' title="bbox 213 306 1042 2246">
    <p class='ocr_par' dir='ltr' id='par_1_3' title="bbox 215 306 1042 528">
     <span class='ocr_line' id='line_1_3' title="bbox 216 306 1042 367; baseline -0.001 -19"><span class='ocrx_word' id='word_1_3' title='bbox 216 307 333 348; x_wconf 86' lang='lat' dir='ltr'>nulla</span> <span class='ocrx_word' id='word_1_4' title='bbox 352 312 419 349; x_wconf 90' lang='lat' dir='ltr'>est</span> <span class='ocrx_word' id='word_1_5' title='bbox 436 306 707 367; x_wconf 54' lang='lat' dir='ltr'>redemptio,¹</span> <span class='ocrx_word' id='word_1_6' title='bbox 724 307 931 348; x_wconf 78' lang='lat' dir='ltr'>miserere</span> <span class='ocrx_word' id='word_1_7' title='bbox 957 307 1042 348; x_wconf 91' lang='lat' dir='ltr'>mei</span> 
     </span>
     <span class='ocr_line' id='line_1_4' title="bbox 216 363 1042 414; baseline -0.001 -10"><span class='ocrx_word' id='word_1_8' title='bbox 216 364 347 414; x_wconf 89' lang='lat' dir='ltr'>Deus,</span> <span class='ocrx_word' id='word_1_9' title='bbox 369 368 412 405; x_wconf 91' lang='lat' dir='ltr'>et</span> <span class='ocrx_word' id='word_1_10' title='bbox 430 363 550 404; x_wconf 87' lang='lat' dir='ltr'>salva</span> <span class='ocrx_word' id='word_1_11' title='bbox 568 376 649 405; x_wconf 89' lang='lat' dir='ltr'>me.</span> <span class='ocrx_word' id='word_1_12' title='bbox 687 363 732 408; x_wconf 55' lang='grc' dir='ltr'>δ’.</span> <span class='ocrx_word' id='word_1_13' title='bbox 759 363 880 405; x_wconf 91' lang='lat' dir='ltr'>Deus</span> <span class='ocrx_word' id='word_1_14' title='bbox 904 363 948 404; x_wconf 90' lang='lat' dir='ltr'>in</span> <span class='ocrx_word' id='word_1_15' title='bbox 968 365 1042 404; x_wconf 82' lang='lat' dir='ltr'>no-</span> 
     </span>
     <span class='ocr_line' id='line_1_5' title="bbox 215 419 1041 470; baseline 0 -10"><span class='ocrx_word' id='word_1_16' title='bbox 215 420 331 461; x_wconf 92' lang='lat' dir='ltr'>mine</span> <span class='ocrx_word' id='word_1_17' title='bbox 350 424 428 461; x_wconf 91' lang='lat' dir='ltr'>tuo</span> <span class='ocrx_word' id='word_1_18' title='bbox 448 419 616 461; x_wconf 89' lang='lat' dir='ltr'>salvum</span> <span class='ocrx_word' id='word_1_19' title='bbox 633 433 704 462; x_wconf 93' lang='lat' dir='ltr'>me</span> <span class='ocrx_word' id='word_1_20' title='bbox 723 420 806 470; x_wconf 88' lang='lat' dir='ltr'>fac,</span> <span class='ocrx_word' id='word_1_21' title='bbox 833 425 876 461; x_wconf 92' lang='lat' dir='ltr'>et</span> <span class='ocrx_word' id='word_1_22' title='bbox 898 420 942 460; x_wconf 91' lang='lat' dir='ltr'>in</span> <span class='ocrx_word' id='word_1_23' title='bbox 960 419 1041 461; x_wconf 88' lang='lat' dir='ltr'>vir-</span> 
     </span>
     <span class='ocr_line' id='line_1_6' title="bbox 216 475 810 528; baseline 0 -11"><span class='ocrx_word' id='word_1_24' title='bbox 216 480 308 518; x_wconf 90' lang='lat' dir='ltr'>tute</span> <span class='ocrx_word' id='word_1_25' title='bbox 328 482 403 518; x_wconf 90' lang='lat' dir='ltr'>tua</span> <span class='ocrx_word' id='word_1_26' title='bbox 422 475 561 518; x_wconf 86' lang='lat' dir='ltr'>libera</span> <span class='ocrx_word' id='word_1_27' title='bbox 579 489 660 518; x_wconf 93' lang='lat' dir='ltr'>me.</span> <span class='ocrx_word' id='word_1_28' title='bbox 689 477 810 528; x_wconf 88' lang='lat' dir='ltr'>Quia.</span> 
     </span>
    </p>

    <p class='ocr_par' dir='ltr' id='par_1_4' title="bbox 217 549 1041 714">
     <span class='ocr_line' id='line_1_7' title="bbox 324 549 937 591; baseline 0.002 -3"><span class='ocrx_word' id='word_1_29' title='bbox 324 549 471 590; x_wconf 81' lang='lat' dir='ltr'>Lectio</span> <span class='ocrx_word' id='word_1_30' title='bbox 492 551 572 590; x_wconf 72' lang='lat' dir='ltr'>viii.</span> <span class='ocrx_word' id='word_1_31' title='bbox 722 551 804 591; x_wconf 79' lang='lat' dir='ltr'>Job</span> <span class='ocrx_word' id='word_1_32' title='bbox 828 552 883 590; x_wconf 72' lang='lat'>19.</span> <span class='ocrx_word' id='word_1_33' title='bbox 906 564 937 590; x_wconf 87' lang='lat' dir='ltr'>c.</span> 
     </span>
     <span class='ocr_line' id='line_1_8' title="bbox 217 608 1041 714; baseline -0.002 -56"><span class='ocrx_word' id='word_1_34' title='bbox 217 608 372 714; x_wconf 86' lang='lat' dir='ltr'>Pelli</span> <span class='ocrx_word' id='word_1_35' title='bbox 391 629 517 666; x_wconf 85' lang='lat' dir='ltr'>meae,</span> <span class='ocrx_word' id='word_1_36' title='bbox 537 616 809 669; x_wconf 89' lang='lat' dir='ltr'>consumptis</span> <span class='ocrx_word' id='word_1_37' title='bbox 828 613 1041 664; x_wconf 59' lang='lat' dir='ltr'>carnibus</span> 
     </span>
    </p>

    <p class='ocr_par' dir='ltr' id='par_1_5' title="bbox 213 670 1042 1789">
     <span class='ocr_line' id='line_1_9' title="bbox 310 670 1042 723; baseline -0.003 -9"><span class='ocrx_word' id='word_1_38' title='bbox 310 671 496 714; x_wconf 74' lang='lat' dir='ltr'>adhaesit</span> <span class='ocrx_word' id='word_1_39' title='bbox 516 685 566 714; x_wconf 93' lang='lat' dir='ltr'>os</span> <span class='ocrx_word' id='word_1_40' title='bbox 584 685 745 723; x_wconf 90' lang='lat' dir='ltr'>meum,</span> <span class='ocrx_word' id='word_1_41' title='bbox 770 676 813 714; x_wconf 90' lang='lat' dir='ltr'>et</span> <span class='ocrx_word' id='word_1_42' title='bbox 833 670 1042 713; x_wconf 81' lang='lat' dir='ltr'>derelicta</span> 
     </span>
     <span class='ocr_line' id='line_1_10' title="bbox 215 727 1040 772; baseline -0.004 -1"><span class='ocrx_word' id='word_1_43' title='bbox 215 735 316 772; x_wconf 91' lang='lat' dir='ltr'>sunt</span> <span class='ocrx_word' id='word_1_44' title='bbox 338 729 643 771; x_wconf 91' lang='lat' dir='ltr'>tantummodo</span> <span class='ocrx_word' id='word_1_45' title='bbox 667 729 783 770; x_wconf 91' lang='lat' dir='ltr'>labia</span> <span class='ocrx_word' id='word_1_46' title='bbox 802 729 917 770; x_wconf 86' lang='lat' dir='ltr'>circa</span> <span class='ocrx_word' id='word_1_47' title='bbox 940 727 1040 769; x_wconf 91' lang='lat' dir='ltr'>den-</span> 
     </span>
     <span class='ocr_line' id='line_1_11' title="bbox 214 784 1040 834; baseline -0.004 -6"><span class='ocrx_word' id='word_1_48' title='bbox 214 792 282 828; x_wconf 89' lang='lat' dir='ltr'>tes</span> <span class='ocrx_word' id='word_1_49' title='bbox 301 799 434 828; x_wconf 88' lang='lat' dir='ltr'>meos.</span> <span class='ocrx_word' id='word_1_50' title='bbox 464 786 729 827; x_wconf 82' lang='lat' dir='ltr'>Miseremini</span> <span class='ocrx_word' id='word_1_51' title='bbox 748 785 846 834; x_wconf 85' lang='lat' dir='ltr'>mei,</span> <span class='ocrx_word' id='word_1_52' title='bbox 867 784 1040 826; x_wconf 75' lang='lat' dir='ltr'>misere-</span> 
     </span>
     <span class='ocr_line' id='line_1_12' title="bbox 215 840 1040 891; baseline -0.004 -7"><span class='ocrx_word' id='word_1_53' title='bbox 215 843 319 884; x_wconf 91' lang='lat' dir='ltr'>mini</span> <span class='ocrx_word' id='word_1_54' title='bbox 349 842 452 891; x_wconf 88' lang='lat' dir='ltr'>mei,</span> <span class='ocrx_word' id='word_1_55' title='bbox 485 842 642 883; x_wconf 90' lang='lat' dir='ltr'>saltem</span> <span class='ocrx_word' id='word_1_56' title='bbox 673 854 754 883; x_wconf 89' lang='lat' dir='ltr'>vos</span> <span class='ocrx_word' id='word_1_57' title='bbox 787 841 915 882; x_wconf 85' lang='lat' dir='ltr'>amici</span> <span class='ocrx_word' id='word_1_58' title='bbox 944 840 1040 890; x_wconf 89' lang='lat' dir='ltr'>mei,</span> 
     </span>
     <span class='ocr_line' id='line_1_13' title="bbox 217 898 1041 952; baseline -0.002 -12"><span class='ocrx_word' id='word_1_59' title='bbox 217 900 317 952; x_wconf 87' lang='lat' dir='ltr'>quia</span> <span class='ocrx_word' id='word_1_60' title='bbox 362 912 516 940; x_wconf 89' lang='lat' dir='ltr'>manus</span> <span class='ocrx_word' id='word_1_61' title='bbox 552 898 731 939; x_wconf 72' lang='lat' dir='ltr'>Demini</span> <span class='ocrx_word' id='word_1_62' title='bbox 774 898 919 948; x_wconf 85' lang='lat' dir='ltr'>te&#39;tigit</span> <span class='ocrx_word' id='word_1_63' title='bbox 960 910 1041 938; x_wconf 89' lang='lat' dir='ltr'>me.</span> 
     </span>
     <span class='ocr_line' id='line_1_14' title="bbox 216 954 1041 1008; baseline -0.004 -11"><span class='ocrx_word' id='word_1_64' title='bbox 216 957 359 1006; x_wconf 85' lang='lat' dir='ltr'>Quare</span> <span class='ocrx_word' id='word_1_65' title='bbox 376 955 687 1008; x_wconf 83' lang='lat' dir='ltr'>persequimini</span> <span class='ocrx_word' id='word_1_66' title='bbox 701 967 770 995; x_wconf 92' lang='lat' dir='ltr'>me</span> <span class='ocrx_word' id='word_1_67' title='bbox 786 955 899 995; x_wconf 91' lang='lat' dir='ltr'>sicut</span> <span class='ocrx_word' id='word_1_68' title='bbox 909 954 1041 1003; x_wconf 91' lang='lat' dir='ltr'>Deus,</span> 
     </span>
     <span class='ocr_line' id='line_1_15' title="bbox 215 1009 1042 1060; baseline -0.004 -7"><span class='ocrx_word' id='word_1_69' title='bbox 215 1017 259 1054; x_wconf 91' lang='lat' dir='ltr'>et</span> <span class='ocrx_word' id='word_1_70' title='bbox 277 1011 479 1053; x_wconf 86' lang='lat' dir='ltr'>carnibus</span> <span class='ocrx_word' id='word_1_71' title='bbox 498 1012 607 1053; x_wconf 90' lang='lat' dir='ltr'>meis</span> <span class='ocrx_word' id='word_1_72' title='bbox 627 1009 905 1052; x_wconf 88' lang='lat' dir='ltr'>saturamini?</span> <span class='ocrx_word' id='word_1_73' title='bbox 935 1010 1042 1060; x_wconf 91' lang='lat' dir='ltr'>Quis</span> 
     </span>
     <span class='ocr_line' id='line_1_16' title="bbox 214 1067 1041 1110; baseline -0.001 -1"><span class='ocrx_word' id='word_1_74' title='bbox 214 1068 319 1109; x_wconf 92' lang='lat' dir='ltr'>mihi</span> <span class='ocrx_word' id='word_1_75' title='bbox 344 1068 510 1110; x_wconf 85' lang='lat' dir='ltr'>tribuat</span> <span class='ocrx_word' id='word_1_76' title='bbox 533 1073 581 1109; x_wconf 92' lang='lat' dir='ltr'>ut</span> <span class='ocrx_word' id='word_1_77' title='bbox 608 1067 856 1109; x_wconf 90' lang='lat' dir='ltr'>scribantur</span> <span class='ocrx_word' id='word_1_78' title='bbox 881 1068 1041 1108; x_wconf 82' lang='lat' dir='ltr'>sermo-</span> 
     </span>
     <span class='ocr_line' id='line_1_17' title="bbox 215 1123 1040 1176; baseline -0.001 -11"><span class='ocrx_word' id='word_1_79' title='bbox 215 1138 292 1167; x_wconf 90' lang='lat' dir='ltr'>nes</span> <span class='ocrx_word' id='word_1_80' title='bbox 311 1123 418 1166; x_wconf 88' lang='lat' dir='ltr'>mei?</span> <span class='ocrx_word' id='word_1_81' title='bbox 448 1125 545 1176; x_wconf 90' lang='lat' dir='ltr'>quis</span> <span class='ocrx_word' id='word_1_82' title='bbox 568 1124 674 1165; x_wconf 91' lang='lat' dir='ltr'>mihi</span> <span class='ocrx_word' id='word_1_83' title='bbox 699 1124 773 1165; x_wconf 92' lang='lat' dir='ltr'>det</span> <span class='ocrx_word' id='word_1_84' title='bbox 792 1129 840 1165; x_wconf 89' lang='lat' dir='ltr'>ut</span> <span class='ocrx_word' id='word_1_85' title='bbox 864 1125 1040 1165; x_wconf 81' lang='lat' dir='ltr'>exaren-</span> 
     </span>
     <span class='ocr_line' id='line_1_18' title="bbox 213 1179 1042 1233; baseline -0.002 -10"><span class='ocrx_word' id='word_1_86' title='bbox 213 1187 283 1223; x_wconf 87' lang='lat' dir='ltr'>tur</span> <span class='ocrx_word' id='word_1_87' title='bbox 305 1182 349 1222; x_wconf 91' lang='lat' dir='ltr'>in</span> <span class='ocrx_word' id='word_1_88' title='bbox 366 1181 480 1223; x_wconf 91' lang='lat' dir='ltr'>libro</span> <span class='ocrx_word' id='word_1_89' title='bbox 500 1181 615 1233; x_wconf 87' lang='lat' dir='ltr'>stylo</span> <span class='ocrx_word' id='word_1_90' title='bbox 635 1181 793 1230; x_wconf 80' lang='lat' dir='ltr'>ferreo,</span> <span class='ocrx_word' id='word_1_91' title='bbox 813 1185 857 1222; x_wconf 89' lang='lat' dir='ltr'>et</span> <span class='ocrx_word' id='word_1_92' title='bbox 874 1179 1042 1233; x_wconf 91' lang='lat' dir='ltr'>plumbi</span> 
     </span>
     <span class='ocr_line' id='line_1_19' title="bbox 213 1237 1040 1289; baseline -0.002 -10"><span class='ocrx_word' id='word_1_93' title='bbox 213 1238 388 1287; x_wconf 85' lang='lat' dir='ltr'>lamina,</span> <span class='ocrx_word' id='word_1_94' title='bbox 412 1237 482 1279; x_wconf 88' lang='lat' dir='ltr'>vel</span> <span class='ocrx_word' id='word_1_95' title='bbox 507 1237 618 1279; x_wconf 90' lang='lat' dir='ltr'>celte</span> <span class='ocrx_word' id='word_1_96' title='bbox 642 1237 899 1289; x_wconf 87' lang='lat' dir='ltr'>sculpantur</span> <span class='ocrx_word' id='word_1_97' title='bbox 921 1237 964 1277; x_wconf 93' lang='lat' dir='ltr'>in</span> <span class='ocrx_word' id='word_1_98' title='bbox 988 1238 1040 1277; x_wconf 87' lang='lat' dir='ltr'>si-</span> 
     </span>
     <span class='ocr_line' id='line_1_20' title="bbox 213 1293 1041 1346; baseline -0.002 -10"><span class='ocrx_word' id='word_1_99' title='bbox 213 1293 317 1336; x_wconf 88' lang='lat' dir='ltr'>lice?</span> <span class='ocrx_word' id='word_1_100' title='bbox 352 1295 452 1336; x_wconf 92' lang='lat' dir='ltr'>Scio</span> <span class='ocrx_word' id='word_1_101' title='bbox 483 1294 598 1335; x_wconf 93' lang='lat' dir='ltr'>enim</span> <span class='ocrx_word' id='word_1_102' title='bbox 623 1293 744 1346; x_wconf 92' lang='lat' dir='ltr'>quod</span> <span class='ocrx_word' id='word_1_103' title='bbox 768 1293 1041 1346; x_wconf 77' lang='lat' dir='ltr'>Redemptor</span> 
     </span>
     <span class='ocr_line' id='line_1_21' title="bbox 214 1349 1041 1400; baseline -0.002 -8"><span class='ocrx_word' id='word_1_104' title='bbox 214 1364 336 1393; x_wconf 89' lang='lat' dir='ltr'>meus</span> <span class='ocrx_word' id='word_1_105' title='bbox 355 1351 477 1400; x_wconf 91' lang='lat' dir='ltr'>vivit,</span> <span class='ocrx_word' id='word_1_106' title='bbox 507 1355 551 1392; x_wconf 92' lang='lat' dir='ltr'>et</span> <span class='ocrx_word' id='word_1_107' title='bbox 573 1351 617 1391; x_wconf 89' lang='lat' dir='ltr'>in</span> <span class='ocrx_word' id='word_1_108' title='bbox 635 1350 875 1392; x_wconf 87' lang='lat' dir='ltr'>novissimo</span> <span class='ocrx_word' id='word_1_109' title='bbox 895 1349 966 1391; x_wconf 92' lang='lat' dir='ltr'>die</span> <span class='ocrx_word' id='word_1_110' title='bbox 986 1349 1041 1391; x_wconf 91' lang='lat' dir='ltr'>de</span> 
     </span>
     <span class='ocr_line' id='line_1_22' title="bbox 213 1410 1042 1450; baseline -0.004 -1"><span class='ocrx_word' id='word_1_111' title='bbox 213 1414 331 1450; x_wconf 86' lang='lat' dir='ltr'>terra</span> <span class='ocrx_word' id='word_1_112' title='bbox 357 1410 633 1448; x_wconf 91' lang='lat' dir='ltr'>surrecturus</span> <span class='ocrx_word' id='word_1_113' title='bbox 658 1420 770 1448; x_wconf 93' lang='lat' dir='ltr'>sum:</span> <span class='ocrx_word' id='word_1_114' title='bbox 799 1411 842 1447; x_wconf 93' lang='lat' dir='ltr'>et</span> <span class='ocrx_word' id='word_1_115' title='bbox 870 1419 1042 1447; x_wconf 91' lang='lat' dir='ltr'>rursum</span> 
     </span>
     <span class='ocr_line' id='line_1_23' title="bbox 214 1463 1042 1516; baseline -0.004 -10"><span class='ocrx_word' id='word_1_116' title='bbox 214 1463 522 1506; x_wconf 88' lang='lat' dir='ltr'>circumdabor</span> <span class='ocrx_word' id='word_1_117' title='bbox 537 1463 652 1516; x_wconf 91' lang='lat' dir='ltr'>pelle</span> <span class='ocrx_word' id='word_1_118' title='bbox 666 1476 774 1513; x_wconf 90' lang='lat' dir='ltr'>mea,</span> <span class='ocrx_word' id='word_1_119' title='bbox 795 1468 838 1504; x_wconf 91' lang='lat' dir='ltr'>et</span> <span class='ocrx_word' id='word_1_120' title='bbox 852 1463 895 1504; x_wconf 90' lang='lat' dir='ltr'>in</span> <span class='ocrx_word' id='word_1_121' title='bbox 911 1475 1042 1504; x_wconf 89' lang='lat' dir='ltr'>carne</span> 
     </span>
     <span class='ocr_line' id='line_1_24' title="bbox 213 1520 1041 1570; baseline -0.002 -8"><span class='ocrx_word' id='word_1_122' title='bbox 213 1534 310 1563; x_wconf 92' lang='lat' dir='ltr'>mea</span> <span class='ocrx_word' id='word_1_123' title='bbox 342 1520 502 1562; x_wconf 82' lang='lat' dir='ltr'>videbo</span> <span class='ocrx_word' id='word_1_124' title='bbox 530 1520 674 1562; x_wconf 91' lang='lat' dir='ltr'>Deum</span> <span class='ocrx_word' id='word_1_125' title='bbox 700 1533 857 1561; x_wconf 84' lang='lat' dir='ltr'>meum.</span> <span class='ocrx_word' id='word_1_126' title='bbox 901 1520 1041 1570; x_wconf 90' lang='lat' dir='ltr'>Quem</span> 
     </span>
     <span class='ocr_line' id='line_1_25' title="bbox 214 1575 1042 1629; baseline -0.004 -10"><span class='ocrx_word' id='word_1_127' title='bbox 214 1578 385 1619; x_wconf 85' lang='lat' dir='ltr'>visurus</span> <span class='ocrx_word' id='word_1_128' title='bbox 406 1591 501 1619; x_wconf 90' lang='lat' dir='ltr'>sum</span> <span class='ocrx_word' id='word_1_129' title='bbox 522 1589 602 1628; x_wconf 91' lang='lat' dir='ltr'>ego</span> <span class='ocrx_word' id='word_1_130' title='bbox 621 1577 733 1629; x_wconf 89' lang='lat' dir='ltr'>ipse,</span> <span class='ocrx_word' id='word_1_131' title='bbox 759 1581 801 1617; x_wconf 93' lang='lat' dir='ltr'>et</span> <span class='ocrx_word' id='word_1_132' title='bbox 822 1575 938 1617; x_wconf 83' lang='lat' dir='ltr'>oculi</span> <span class='ocrx_word' id='word_1_133' title='bbox 956 1576 1042 1618; x_wconf 91' lang='lat' dir='ltr'>mei</span> 
     </span>
     <span class='ocr_line' id='line_1_26' title="bbox 214 1632 1041 1687; baseline -0.002 -11"><span class='ocrx_word' id='word_1_134' title='bbox 214 1634 495 1687; x_wconf 81' lang='lat' dir='ltr'>conspecturi</span> <span class='ocrx_word' id='word_1_135' title='bbox 513 1638 631 1684; x_wconf 86' lang='lat' dir='ltr'>sunt,</span> <span class='ocrx_word' id='word_1_136' title='bbox 658 1637 701 1674; x_wconf 90' lang='lat' dir='ltr'>et</span> <span class='ocrx_word' id='word_1_137' title='bbox 719 1646 808 1674; x_wconf 91' lang='lat' dir='ltr'>non</span> <span class='ocrx_word' id='word_1_138' title='bbox 827 1632 953 1674; x_wconf 88' lang='lat' dir='ltr'>alius:</span> <span class='ocrx_word' id='word_1_139' title='bbox 977 1645 1041 1674; x_wconf 91' lang='lat' dir='ltr'>re-</span> 
     </span>
     <span class='ocr_line' id='line_1_27' title="bbox 214 1689 1041 1743; baseline -0.002 -11"><span class='ocrx_word' id='word_1_140' title='bbox 214 1691 358 1743; x_wconf 85' lang='lat' dir='ltr'>posita</span> <span class='ocrx_word' id='word_1_141' title='bbox 391 1695 458 1732; x_wconf 89' lang='lat' dir='ltr'>est</span> <span class='ocrx_word' id='word_1_142' title='bbox 489 1690 586 1731; x_wconf 85' lang='lat' dir='ltr'>haec</span> <span class='ocrx_word' id='word_1_143' title='bbox 618 1702 719 1742; x_wconf 88' lang='lat' dir='ltr'>spes</span> <span class='ocrx_word' id='word_1_144' title='bbox 747 1701 846 1730; x_wconf 92' lang='lat' dir='ltr'>mea</span> <span class='ocrx_word' id='word_1_145' title='bbox 873 1689 916 1729; x_wconf 93' lang='lat' dir='ltr'>in</span> <span class='ocrx_word' id='word_1_146' title='bbox 944 1690 1041 1730; x_wconf 88' lang='lat' dir='ltr'>sinu</span> 
     </span>
     <span class='ocr_line' id='line_1_28' title="bbox 214 1761 324 1789; baseline -0.009 -1"><span class='ocrx_word' id='word_1_147' title='bbox 214 1761 324 1789; x_wconf 91' lang='lat' dir='ltr'>meo.</span> 
     </span>
    </p>

    <p class='ocr_par' dir='ltr' id='par_1_6' title="bbox 213 1807 1041 2246">
     <span class='ocr_line' id='line_1_29' title="bbox 270 1807 1041 1859; baseline 0.001 -13"><span class='ocrx_word' id='word_1_148' title='bbox 270 1808 317 1859; x_wconf 72' lang='lat' dir='ltr'>R«.</span> <span class='ocrx_word' id='word_1_149' title='bbox 368 1808 555 1850; x_wconf 85' lang='lat' dir='ltr'>Domine</span> <span class='ocrx_word' id='word_1_150' title='bbox 604 1807 846 1850; x_wconf 88' lang='lat' dir='ltr'>secundum</span> <span class='ocrx_word' id='word_1_151' title='bbox 895 1811 1041 1848; x_wconf 89' lang='lat' dir='ltr'>actum</span> 
     </span>
     <span class='ocr_line' id='line_1_30' title="bbox 214 1862 1041 1916; baseline -0.004 -10"><span class='ocrx_word' id='word_1_152' title='bbox 214 1878 359 1906; x_wconf 90' lang='lat' dir='ltr'>meum</span> <span class='ocrx_word' id='word_1_153' title='bbox 391 1864 480 1906; x_wconf 92' lang='lat' dir='ltr'>noli</span> <span class='ocrx_word' id='word_1_154' title='bbox 511 1878 582 1906; x_wconf 89' lang='lat' dir='ltr'>me</span> <span class='ocrx_word' id='word_1_155' title='bbox 610 1864 815 1916; x_wconf 83' lang='lat' dir='ltr'>judicare:</span> <span class='ocrx_word' id='word_1_156' title='bbox 847 1862 953 1907; x_wconf 78' lang='lat' dir='ltr'>nihil</span> <span class='ocrx_word' id='word_1_157' title='bbox 981 1863 1041 1904; x_wconf 94' lang='lat' dir='ltr'>di-</span> 
     </span>
     <span class='ocr_line' id='line_1_31' title="bbox 213 1919 1037 1974; baseline -0.002 -12"><span class='ocrx_word' id='word_1_158' title='bbox 213 1934 346 1972; x_wconf 90' lang='lat' dir='ltr'>gnum</span> <span class='ocrx_word' id='word_1_159' title='bbox 373 1921 417 1962; x_wconf 93' lang='lat' dir='ltr'>in</span> <span class='ocrx_word' id='word_1_160' title='bbox 450 1923 692 1974; x_wconf 82' lang='lat' dir='ltr'>conspectu</span> <span class='ocrx_word' id='word_1_161' title='bbox 717 1925 793 1962; x_wconf 90' lang='lat' dir='ltr'>tuo</span> <span class='ocrx_word' id='word_1_162' title='bbox 823 1919 905 1971; x_wconf 86' lang='lat' dir='ltr'>egi:</span> <span class='ocrx_word' id='word_1_163' title='bbox 936 1919 1037 1961; x_wconf 81' lang='lat' dir='ltr'>ideo</span> 
     </span>
     <span class='ocr_line' id='line_1_32' title="bbox 215 1976 1040 2031; baseline -0.002 -11"><span class='ocrx_word' id='word_1_164' title='bbox 215 1977 430 2031; x_wconf 78' lang='lat' dir='ltr'>deprecor</span> <span class='ocrx_word' id='word_1_165' title='bbox 461 1978 733 2028; x_wconf 86' lang='lat' dir='ltr'>majestatem</span> <span class='ocrx_word' id='word_1_166' title='bbox 763 1981 899 2027; x_wconf 87' lang='lat' dir='ltr'>tuam,</span> <span class='ocrx_word' id='word_1_167' title='bbox 930 1980 951 2001; x_wconf 82' lang='lat'>*</span> <span class='ocrx_word' id='word_1_168' title='bbox 981 1976 1040 2018; x_wconf 91' lang='lat' dir='ltr'>Ut</span> 
     </span>
     <span class='ocr_line' id='line_1_33' title="bbox 214 2033 1041 2086; baseline -0.004 -10"><span class='ocrx_word' id='word_1_169' title='bbox 214 2039 262 2076; x_wconf 92' lang='lat' dir='ltr'>tu</span> <span class='ocrx_word' id='word_1_170' title='bbox 281 2035 402 2076; x_wconf 88' lang='lat' dir='ltr'>Deus</span> <span class='ocrx_word' id='word_1_171' title='bbox 425 2033 573 2076; x_wconf 78' lang='lat' dir='ltr'>deleas</span> <span class='ocrx_word' id='word_1_172' title='bbox 594 2033 870 2086; x_wconf 88' lang='lat' dir='ltr'>iniquitatem</span> <span class='ocrx_word' id='word_1_173' title='bbox 888 2045 1041 2074; x_wconf 88' lang='lat' dir='ltr'>meam.</span> 
     </span>
     <span class='ocr_line' id='line_1_34' title="bbox 217 2084 1039 2144; baseline -0.006 -9"><span class='ocrx_word' id='word_1_174' title='bbox 217 2084 266 2135; x_wconf 62' lang='lat' dir='ltr'>Y.</span> <span class='ocrx_word' id='word_1_175' title='bbox 296 2090 499 2144; x_wconf 87' lang='lat' dir='ltr'>Amplius</span> <span class='ocrx_word' id='word_1_176' title='bbox 530 2090 629 2132; x_wconf 91' lang='lat' dir='ltr'>lava</span> <span class='ocrx_word' id='word_1_177' title='bbox 659 2102 730 2131; x_wconf 89' lang='lat' dir='ltr'>me</span> <span class='ocrx_word' id='word_1_178' title='bbox 763 2089 951 2131; x_wconf 82' lang='lat' dir='ltr'>Domine</span> <span class='ocrx_word' id='word_1_179' title='bbox 983 2088 1039 2130; x_wconf 90' lang='lat' dir='ltr'>ab</span> 
     </span>
     <span class='ocr_line' id='line_1_35' title="bbox 214 2145 1040 2200; baseline -0.004 -11"><span class='ocrx_word' id='word_1_180' title='bbox 214 2147 422 2200; x_wconf 84' lang='lat' dir='ltr'>injustitia</span> <span class='ocrx_word' id='word_1_181' title='bbox 454 2159 567 2196; x_wconf 89' lang='lat' dir='ltr'>mea,</span> <span class='ocrx_word' id='word_1_182' title='bbox 605 2151 649 2188; x_wconf 92' lang='lat' dir='ltr'>et</span> <span class='ocrx_word' id='word_1_183' title='bbox 685 2158 711 2187; x_wconf 90' lang='lat' dir='ltr'>a</span> <span class='ocrx_word' id='word_1_184' title='bbox 747 2145 908 2188; x_wconf 85' lang='lat' dir='ltr'>delicto</span> <span class='ocrx_word' id='word_1_185' title='bbox 941 2157 1040 2187; x_wconf 92' lang='lat' dir='ltr'>meo</span> 
     </span>
     <span class='ocr_line' id='line_1_36' title="bbox 214 2203 576 2246; baseline -0.003 -1"><span class='ocrx_word' id='word_1_186' title='bbox 214 2203 376 2245; x_wconf 90' lang='lat' dir='ltr'>munda</span> <span class='ocrx_word' id='word_1_187' title='bbox 394 2216 474 2245; x_wconf 87' lang='lat' dir='ltr'>me.</span> <span class='ocrx_word' id='word_1_188' title='bbox 506 2203 576 2246; x_wconf 86' lang='lat' dir='ltr'>Ut.</span> 
     </span>
    </p>
   </div>
   <div class='ocr_carea' id='block_1_4' title="bbox 321 2266 936 2318">
    <p class='ocr_par' dir='ltr' id='par_1_7' title="bbox 321 2266 936 2318">
     <span class='ocr_line' id='line_1_37' title="bbox 321 2266 936 2318; baseline -0.003 -2"><span class='ocrx_word' id='word_1_189' title='bbox 321 2277 471 2318; x_wconf 71' lang='lat' dir='ltr'>Lectio</span> <span class='ocrx_word' id='word_1_190' title='bbox 492 2277 544 2316; x_wconf 66' lang='lat' dir='ltr'>ix.</span> <span class='ocrx_word' id='word_1_191' title='bbox 662 2266 667 2280; x_wconf 82' lang='lat'><strong><em>¹</em></strong></span> <span class='ocrx_word' id='word_1_192' title='bbox 710 2275 795 2316; x_wconf 81' lang='lat' dir='ltr'>Joh</span> <span class='ocrx_word' id='word_1_193' title='bbox 817 2277 877 2315; x_wconf 76' lang='lat'>10.</span> <span class='ocrx_word' id='word_1_194' title='bbox 899 2276 936 2317; x_wconf 83' lang='lat' dir='ltr'>d.</span> 
     </span>
    </p>
   </div>
   <div class='ocr_carea' id='block_1_5' title="bbox 298 2333 1210 2400">
    <p class='ocr_par' dir='ltr' id='par_1_8' title="bbox 298 2333 1246 2403">
     <span class='ocr_line' id='line_1_38' title="bbox 298 2333 1210 2400; baseline 0.02 -16"><span class='ocrx_word' id='word_1_195' title='bbox 298 2355 402 2384; x_wconf 87' lang='lat' dir='ltr'>uare</span> <span class='ocrx_word' id='word_1_196' title='bbox 422 2342 477 2384; x_wconf 91' lang='lat' dir='ltr'>de</span> <span class='ocrx_word' id='word_1_197' title='bbox 497 2342 626 2384; x_wconf 87' lang='lat' dir='ltr'>vulva</span> <span class='ocrx_word' id='word_1_198' title='bbox 646 2341 835 2384; x_wconf 83' lang='lat' dir='ltr'>eduxisti</span> <span class='ocrx_word' id='word_1_199' title='bbox 853 2340 946 2383; x_wconf 89' lang='lat' dir='ltr'>me?</span> <span class='ocrx_word' id='word_1_200' title='bbox 968 2342 1040 2394; x_wconf 90' lang='lat' dir='ltr'>qui</span> <span class='ocrx_word' id='word_1_201' title='bbox 1097 2346 1105 2400; x_wconf 74' lang='lat'>³{</span> <span class='ocrx_word' id='word_1_202' title='bbox 1121 2333 1210 2356; x_wconf 47' lang='grc' dir='ltr'><strong>Λ</strong></span> 
     </span>
    </p>
   </div>
   <div class='ocr_carea' id='block_1_6' title="bbox 216 2400 1041 2788">
    <p class='ocr_par' dir='ltr' id='par_1_9' title="bbox 216 2400 1041 2788">
     <span class='ocr_line' id='line_1_39' title="bbox 308 2400 1040 2451; baseline 0 -11"><span class='ocrx_word' id='word_1_203' title='bbox 308 2400 472 2441; x_wconf 87' lang='lat' dir='ltr'>utinam</span> <span class='ocrx_word' id='word_1_204' title='bbox 500 2401 787 2451; x_wconf 88' lang='lat' dir='ltr'>consumptus</span> <span class='ocrx_word' id='word_1_205' title='bbox 816 2410 958 2439; x_wconf 89' lang='lat' dir='ltr'>essem</span> <span class='ocrx_word' id='word_1_206' title='bbox 985 2411 1040 2440; x_wconf 88' lang='lat' dir='ltr'>ne</span> 
     </span>
     <span class='ocr_line' id='line_1_40' title="bbox 216 2454 1040 2506; baseline 0 -11"><span class='ocrx_word' id='word_1_207' title='bbox 216 2454 367 2496; x_wconf 78' lang='lat' dir='ltr'>oculus</span> <span class='ocrx_word' id='word_1_208' title='bbox 391 2468 461 2497; x_wconf 91' lang='lat' dir='ltr'>me</span> <span class='ocrx_word' id='word_1_209' title='bbox 481 2455 659 2497; x_wconf 84' lang='lat' dir='ltr'>videret.</span> <span class='ocrx_word' id='word_1_210' title='bbox 692 2455 891 2496; x_wconf 81' lang='lat' dir='ltr'>Fuissem</span> <span class='ocrx_word' id='word_1_211' title='bbox 916 2455 1040 2506; x_wconf 87' lang='lat' dir='ltr'>quasi</span> 
     </span>
     <span class='ocr_line' id='line_1_41' title="bbox 217 2510 1041 2561; baseline 0.002 -10"><span class='ocrx_word' id='word_1_212' title='bbox 217 2523 303 2551; x_wconf 91' lang='lat' dir='ltr'>non</span> <span class='ocrx_word' id='word_1_213' title='bbox 324 2524 481 2561; x_wconf 89' lang='lat' dir='ltr'>essem,</span> <span class='ocrx_word' id='word_1_214' title='bbox 506 2511 560 2553; x_wconf 92' lang='lat' dir='ltr'>de</span> <span class='ocrx_word' id='word_1_215' title='bbox 580 2515 707 2553; x_wconf 89' lang='lat' dir='ltr'>utero</span> <span class='ocrx_word' id='word_1_216' title='bbox 726 2510 964 2552; x_wconf 88' lang='lat' dir='ltr'>translatus</span> <span class='ocrx_word' id='word_1_217' title='bbox 984 2511 1041 2553; x_wconf 89' lang='lat' dir='ltr'>ad</span> 
     </span>
     <span class='ocr_line' id='line_1_42' title="bbox 216 2567 1040 2620; baseline 0.001 -13"><span class='ocrx_word' id='word_1_218' title='bbox 216 2567 438 2608; x_wconf 89' lang='lat' dir='ltr'>tumulum.</span> <span class='ocrx_word' id='word_1_219' title='bbox 474 2567 700 2620; x_wconf 89' lang='lat' dir='ltr'>Numquid</span> <span class='ocrx_word' id='word_1_220' title='bbox 726 2580 814 2608; x_wconf 93' lang='lat' dir='ltr'>non</span> <span class='ocrx_word' id='word_1_221' title='bbox 842 2567 1040 2619; x_wconf 78' lang='lat' dir='ltr'>paucitas</span> 
     </span>
     <span class='ocr_line' id='line_1_43' title="bbox 218 2621 1040 2665; baseline 0 -2"><span class='ocrx_word' id='word_1_222' title='bbox 218 2622 383 2663; x_wconf 79' lang='lat' dir='ltr'>dierum</span> <span class='ocrx_word' id='word_1_223' title='bbox 402 2627 599 2665; x_wconf 84' lang='lat' dir='ltr'>meorum</span> <span class='ocrx_word' id='word_1_224' title='bbox 619 2624 792 2665; x_wconf 85' lang='lat' dir='ltr'>finietur</span> <span class='ocrx_word' id='word_1_225' title='bbox 811 2621 955 2664; x_wconf 85' lang='lat' dir='ltr'>brevi?</span> <span class='ocrx_word' id='word_1_226' title='bbox 981 2623 1040 2664; x_wconf 94' lang='lat' dir='ltr'>di-</span> 
     </span>
     <span class='ocr_line' id='line_1_44' title="bbox 216 2679 1040 2733; baseline 0.001 -14"><span class='ocrx_word' id='word_1_227' title='bbox 216 2681 339 2719; x_wconf 87' lang='lat' dir='ltr'>mitte</span> <span class='ocrx_word' id='word_1_228' title='bbox 358 2692 462 2730; x_wconf 83' lang='lat' dir='ltr'>ergo</span> <span class='ocrx_word' id='word_1_229' title='bbox 482 2693 567 2730; x_wconf 89' lang='lat' dir='ltr'>me,</span> <span class='ocrx_word' id='word_1_230' title='bbox 594 2687 641 2721; x_wconf 86' lang='lat' dir='ltr'>ut</span> <span class='ocrx_word' id='word_1_231' title='bbox 665 2680 870 2733; x_wconf 87' lang='lat' dir='ltr'>plangam</span> <span class='ocrx_word' id='word_1_232' title='bbox 889 2679 1040 2732; x_wconf 89' lang='lat' dir='ltr'>paulu-</span> 
     </span>
     <span class='ocr_line' id='line_1_45' title="bbox 216 2735 1040 2788; baseline 0 -12"><span class='ocrx_word' id='word_1_233' title='bbox 216 2736 305 2776; x_wconf 91' lang='lat' dir='ltr'>lum</span> <span class='ocrx_word' id='word_1_234' title='bbox 327 2735 525 2777; x_wconf 71' lang='lat' dir='ltr'>dolerem</span> <span class='ocrx_word' id='word_1_235' title='bbox 539 2749 699 2778; x_wconf 90' lang='lat' dir='ltr'>meum:</span> <span class='ocrx_word' id='word_1_236' title='bbox 720 2739 955 2788; x_wconf 78' lang='lat' dir='ltr'>antequam</span> <span class='ocrx_word' id='word_1_237' title='bbox 971 2749 1040 2776; x_wconf 92' lang='lat' dir='ltr'>va-</span> 
     </span>
    </p>
   </div>
   <div class='ocr_carea' id='block_1_7' title="bbox 829 207 1316 242">
    <p class='ocr_par' dir='ltr' id='par_1_10' title="bbox 829 207 1316 242">
     <span class='ocr_line' id='line_1_46' title="bbox 829 207 1316 242; baseline 0.004 -2"><span class='ocrx_word' id='word_1_238' title='bbox 829 207 1004 241; x_wconf 72' lang='lat' dir='ltr'>‹micium</span> <span class='ocrx_word' id='word_1_239' title='bbox 1033 208 1316 242; x_wconf 73' lang='lat' dir='ltr'>Defunctorum.</span> 
     </span>
    </p>
   </div>
   <div class='ocr_carea' id='block_1_8' title="bbox 1042 276 1927 335">
    <p class='ocr_par' dir='ltr' id='par_1_11' title="bbox 1042 276 1927 335">
     <span class='ocr_line' id='line_1_47' title="bbox 1042 276 1927 335; baseline 0 -54"><span class='ocrx_word' id='word_1_240' title='bbox 1042 276 1927 335; x_wconf 95' lang='lat' dir='ltr'>  </span> 
     </span>
    </p>
   </div>
   <div class='ocr_carea' id='block_1_9' title="bbox 1923 281 1927 381">
    <p class='ocr_par' dir='ltr' id='par_1_12' title="bbox 1923 281 1927 381">
     <span class='ocr_line' id='line_1_48' title="bbox 1923 281 1927 381; baseline 0 2575"><span class='ocrx_word' id='word_1_241' title='bbox 1923 281 1927 381; x_wconf 95' lang='lat' dir='ltr'> </span> 
     </span>
    </p>
   </div>
   <div class='ocr_carea' id='block_1_10' title="bbox 1095 306 1923 630">
    <p class='ocr_par' dir='ltr' id='par_1_13' title="bbox 1096 306 1923 356">
     <span class='ocr_line' id='line_1_49' title="bbox 1096 306 1923 356; baseline 0.001 -9"><span class='ocrx_word' id='word_1_242' title='bbox 1096 306 1214 356; x_wconf 89' lang='lat' dir='ltr'>dam,</span> <span class='ocrx_word' id='word_1_243' title='bbox 1246 311 1290 348; x_wconf 87' lang='lat' dir='ltr'>et</span> <span class='ocrx_word' id='word_1_244' title='bbox 1316 319 1404 348; x_wconf 91' lang='lat' dir='ltr'>non</span> <span class='ocrx_word' id='word_1_245' title='bbox 1431 309 1641 356; x_wconf 80' lang='lat' dir='ltr'>revertar,</span> <span class='ocrx_word' id='word_1_246' title='bbox 1673 306 1730 348; x_wconf 91' lang='lat' dir='ltr'>ad</span> <span class='ocrx_word' id='word_1_247' title='bbox 1760 311 1923 349; x_wconf 89' lang='lat' dir='ltr'>terram</span> 
     </span>
    </p>

    <p class='ocr_par' dir='ltr' id='par_1_14' title="bbox 1095 362 1921 416">
     <span class='ocr_line' id='line_1_50' title="bbox 1095 362 1921 416; baseline 0.001 -12"><span class='ocrx_word' id='word_1_248' title='bbox 1095 362 1375 405; x_wconf 82' lang='lat' dir='ltr'>tenebrosam</span> <span class='ocrx_word' id='word_1_249' title='bbox 1399 368 1443 405; x_wconf 87' lang='lat' dir='ltr'>et</span> <span class='ocrx_word' id='word_1_250' title='bbox 1462 365 1663 416; x_wconf 83' lang='lat' dir='ltr'>opertam</span> <span class='ocrx_word' id='word_1_251' title='bbox 1681 363 1834 405; x_wconf 87' lang='lat' dir='ltr'>mortis</span> <span class='ocrx_word' id='word_1_252' title='bbox 1854 376 1921 405; x_wconf 90' lang='lat' dir='ltr'>ca-</span> 
     </span>
    </p>

    <p class='ocr_par' dir='ltr' id='par_1_15' title="bbox 1096 419 1920 471">
     <span class='ocr_line' id='line_1_51' title="bbox 1096 419 1920 471; baseline 0.001 -11"><span class='ocrx_word' id='word_1_253' title='bbox 1096 419 1241 471; x_wconf 82' lang='lat' dir='ltr'>ligine:</span> <span class='ocrx_word' id='word_1_254' title='bbox 1265 424 1428 461; x_wconf 90' lang='lat' dir='ltr'>terram</span> <span class='ocrx_word' id='word_1_255' title='bbox 1450 420 1637 461; x_wconf 80' lang='lat' dir='ltr'>miseriae</span> <span class='ocrx_word' id='word_1_256' title='bbox 1658 424 1701 461; x_wconf 92' lang='lat' dir='ltr'>et</span> <span class='ocrx_word' id='word_1_257' title='bbox 1724 419 1920 461; x_wconf 89' lang='lat' dir='ltr'>tenebra-</span> 
     </span>
    </p>

    <p class='ocr_par' dir='ltr' id='par_1_16' title="bbox 1095 475 1922 526">
     <span class='ocr_line' id='line_1_52' title="bbox 1095 475 1922 526; baseline 0.002 -10"><span class='ocrx_word' id='word_1_258' title='bbox 1095 488 1206 526; x_wconf 90' lang='lat' dir='ltr'>rum,</span> <span class='ocrx_word' id='word_1_259' title='bbox 1234 475 1309 517; x_wconf 94' lang='lat' dir='ltr'>ubi</span> <span class='ocrx_word' id='word_1_260' title='bbox 1335 475 1490 517; x_wconf 92' lang='lat' dir='ltr'>umbra</span> <span class='ocrx_word' id='word_1_261' title='bbox 1512 476 1682 526; x_wconf 88' lang='lat' dir='ltr'>mortis,</span> <span class='ocrx_word' id='word_1_262' title='bbox 1711 481 1754 517; x_wconf 90' lang='lat' dir='ltr'>et</span> <span class='ocrx_word' id='word_1_263' title='bbox 1778 475 1922 518; x_wconf 87' lang='lat' dir='ltr'>nullus</span> 
     </span>
    </p>

    <p class='ocr_par' dir='ltr' id='par_1_17' title="bbox 1095 530 1921 630">
     <span class='ocr_line' id='line_1_53' title="bbox 1095 530 1921 630; baseline 0.001 -57"><span class='ocrx_word' id='word_1_264' title='bbox 1095 530 1224 630; x_wconf 57' lang='grc' dir='ltr'>ἓτεέο,</span> <span class='ocrx_word' id='word_1_265' title='bbox 1252 531 1331 573; x_wconf 87' lang='lat' dir='ltr'>sed</span> <span class='ocrx_word' id='word_1_266' title='bbox 1359 532 1650 584; x_wconf 78' lang='lat' dir='ltr'>sempiternus</span> <span class='ocrx_word' id='word_1_267' title='bbox 1677 532 1835 574; x_wconf 89' lang='lat' dir='ltr'>horror</span> <span class='ocrx_word' id='word_1_268' title='bbox 1861 532 1921 574; x_wconf 90' lang='lat' dir='ltr'>in-</span> 
     </span>
     <span class='ocr_line' id='line_1_54' title="bbox 1126 588 1272 630; baseline -0.007 -1"><span class='ocrx_word' id='word_1_269' title='bbox 1126 591 1151 629; x_wconf 88' lang='lat' dir='ltr'>a</span> <span class='ocrx_word' id='word_1_270' title='bbox 1183 588 1272 630; x_wconf 89' lang='lat' dir='ltr'>itat.</span> 
     </span>
    </p>
   </div>
   <div class='ocr_carea' id='block_1_11' title="bbox 1095 653 1928 1932">
    <p class='ocr_par' dir='ltr' id='par_1_18' title="bbox 1095 653 1923 1099">
     <span class='ocr_line' id='line_1_55' title="bbox 1151 653 1922 704; baseline 0.003 -10"><span class='ocrx_word' id='word_1_271' title='bbox 1151 653 1202 704; x_wconf 63' lang='lat' dir='ltr'>Rg.</span> <span class='ocrx_word' id='word_1_272' title='bbox 1215 653 1374 695; x_wconf 87' lang='lat' dir='ltr'>Libera</span> <span class='ocrx_word' id='word_1_273' title='bbox 1392 666 1462 694; x_wconf 89' lang='lat' dir='ltr'>me</span> <span class='ocrx_word' id='word_1_274' title='bbox 1481 653 1668 696; x_wconf 79' lang='lat' dir='ltr'>Domine</span> <span class='ocrx_word' id='word_1_275' title='bbox 1687 653 1743 696; x_wconf 88' lang='lat' dir='ltr'>de</span> <span class='ocrx_word' id='word_1_276' title='bbox 1762 654 1842 696; x_wconf 84' lang='lat' dir='ltr'>viis</span> <span class='ocrx_word' id='word_1_277' title='bbox 1860 654 1922 695; x_wconf 93' lang='lat' dir='ltr'>in-</span> 
     </span>
     <span class='ocr_line' id='line_1_56' title="bbox 1097 709 1923 763; baseline 0.002 -13"><span class='ocrx_word' id='word_1_278' title='bbox 1097 709 1215 758; x_wconf 82' lang='lat' dir='ltr'>ferni,</span> <span class='ocrx_word' id='word_1_279' title='bbox 1237 710 1309 763; x_wconf 92' lang='lat' dir='ltr'>qui</span> <span class='ocrx_word' id='word_1_280' title='bbox 1330 715 1483 762; x_wconf 83' lang='lat' dir='ltr'>portas</span> <span class='ocrx_word' id='word_1_281' title='bbox 1500 711 1638 751; x_wconf 70' lang='lat' dir='ltr'>aereas</span> <span class='ocrx_word' id='word_1_282' title='bbox 1655 710 1923 763; x_wconf 87' lang='lat' dir='ltr'>confregisti:</span> 
     </span>
     <span class='ocr_line' id='line_1_57' title="bbox 1098 766 1922 816; baseline 0.001 -8"><span class='ocrx_word' id='word_1_283' title='bbox 1098 772 1142 808; x_wconf 90' lang='lat' dir='ltr'>et</span> <span class='ocrx_word' id='word_1_284' title='bbox 1159 767 1346 808; x_wconf 74' lang='lat' dir='ltr'>visitasti</span> <span class='ocrx_word' id='word_1_285' title='bbox 1364 767 1594 816; x_wconf 80' lang='lat' dir='ltr'>infernum,</span> <span class='ocrx_word' id='word_1_286' title='bbox 1618 772 1662 808; x_wconf 93' lang='lat' dir='ltr'>et</span> <span class='ocrx_word' id='word_1_287' title='bbox 1681 766 1840 809; x_wconf 85' lang='lat' dir='ltr'>dedisti</span> <span class='ocrx_word' id='word_1_288' title='bbox 1860 767 1922 809; x_wconf 88' lang='lat' dir='ltr'>eis</span> 
     </span>
     <span class='ocr_line' id='line_1_58' title="bbox 1097 822 1923 874; baseline 0.001 -10"><span class='ocrx_word' id='word_1_289' title='bbox 1097 823 1259 874; x_wconf 86' lang='lat' dir='ltr'>lumen,</span> <span class='ocrx_word' id='word_1_290' title='bbox 1283 828 1331 865; x_wconf 90' lang='lat' dir='ltr'>ut</span> <span class='ocrx_word' id='word_1_291' title='bbox 1349 822 1550 865; x_wconf 80' lang='lat' dir='ltr'>viderent</span> <span class='ocrx_word' id='word_1_292' title='bbox 1573 827 1631 865; x_wconf 90' lang='lat' dir='ltr'>te:</span> <span class='ocrx_word' id='word_1_293' title='bbox 1651 826 1672 848; x_wconf 89' lang='lat'>*</span> <span class='ocrx_word' id='word_1_294' title='bbox 1693 824 1778 874; x_wconf 94' lang='lat' dir='ltr'>Qui</span> <span class='ocrx_word' id='word_1_295' title='bbox 1801 828 1923 865; x_wconf 87' lang='lat' dir='ltr'>erant</span> 
     </span>
     <span class='ocr_line' id='line_1_59' title="bbox 1095 876 1922 932; baseline 0 -12"><span class='ocrx_word' id='word_1_296' title='bbox 1095 879 1138 920; x_wconf 93' lang='lat' dir='ltr'>in</span> <span class='ocrx_word' id='word_1_297' title='bbox 1157 880 1303 932; x_wconf 90' lang='lat' dir='ltr'>poenis</span> <span class='ocrx_word' id='word_1_298' title='bbox 1325 879 1615 921; x_wconf 89' lang='lat' dir='ltr'>tenebrarum.</span> <span class='ocrx_word' id='word_1_299' title='bbox 1652 876 1703 928; x_wconf 57' lang='lat' dir='ltr'>Y.</span> <span class='ocrx_word' id='word_1_300' title='bbox 1725 879 1922 921; x_wconf 85' lang='lat' dir='ltr'>Claman-</span> 
     </span>
     <span class='ocr_line' id='line_1_60' title="bbox 1095 935 1922 978; baseline 0 -1"><span class='ocrx_word' id='word_1_301' title='bbox 1095 940 1163 977; x_wconf 92' lang='lat' dir='ltr'>tes</span> <span class='ocrx_word' id='word_1_302' title='bbox 1182 941 1227 977; x_wconf 93' lang='lat' dir='ltr'>et</span> <span class='ocrx_word' id='word_1_303' title='bbox 1250 936 1461 977; x_wconf 79' lang='lat' dir='ltr'>dicentes:</span> <span class='ocrx_word' id='word_1_304' title='bbox 1487 935 1718 978; x_wconf 83' lang='lat' dir='ltr'>Advenisti</span> <span class='ocrx_word' id='word_1_305' title='bbox 1737 935 1922 978; x_wconf 77' lang='lat' dir='ltr'>Redem-</span> 
     </span>
     <span class='ocr_line' id='line_1_61' title="bbox 1096 990 1922 1045; baseline 0 -11"><span class='ocrx_word' id='word_1_306' title='bbox 1096 997 1198 1045; x_wconf 91' lang='lat' dir='ltr'>ptor</span> <span class='ocrx_word' id='word_1_307' title='bbox 1216 997 1376 1034; x_wconf 89' lang='lat' dir='ltr'>noster.</span> <span class='ocrx_word' id='word_1_308' title='bbox 1413 993 1511 1042; x_wconf 89' lang='lat' dir='ltr'>Qui.</span> <span class='ocrx_word' id='word_1_309' title='bbox 1550 990 1600 1042; x_wconf 61' lang='lat' dir='ltr'>V.</span> <span class='ocrx_word' id='word_1_310' title='bbox 1626 993 1842 1045; x_wconf 82' lang='lat' dir='ltr'>Requiem</span> <span class='ocrx_word' id='word_1_311' title='bbox 1868 1005 1922 1034; x_wconf 86' lang='lat' dir='ltr'>ae-</span> 
     </span>
     <span class='ocr_line' id='line_1_62' title="bbox 1097 1049 1400 1099; baseline -0.003 -9"><span class='ocrx_word' id='word_1_312' title='bbox 1097 1051 1277 1090; x_wconf 83' lang='lat' dir='ltr'>ternam.</span> <span class='ocrx_word' id='word_1_313' title='bbox 1306 1049 1400 1099; x_wconf 90' lang='lat' dir='ltr'>Qui.</span> 
     </span>
    </p>

    <p class='ocr_par' dir='ltr' id='par_1_19' title="bbox 1096 1114 1928 1308">
     <span class='ocr_line' id='line_1_63' title="bbox 1150 1114 1921 1158; baseline 0.001 -11"><span class='ocrx_word' id='word_1_314' title='bbox 1150 1116 1323 1157; x_wconf 72' lang='lat' dir='ltr'>Sequens</span> <span class='ocrx_word' id='word_1_315' title='bbox 1356 1114 1399 1158; x_wconf 61' lang='grc' dir='ltr'>Ιζι.</span> <span class='ocrx_word' id='word_1_316' title='bbox 1434 1115 1574 1148; x_wconf 79' lang='lat' dir='ltr'>dicitur</span> <span class='ocrx_word' id='word_1_317' title='bbox 1607 1114 1852 1149; x_wconf 80' lang='lat' dir='ltr'>solummodo</span> <span class='ocrx_word' id='word_1_318' title='bbox 1883 1114 1921 1148; x_wconf 88' lang='lat' dir='ltr'>in</span> 
     </span>
     <span class='ocr_line' id='line_1_64' title="bbox 1098 1163 1923 1201; baseline 0.001 -6"><span class='ocrx_word' id='word_1_319' title='bbox 1098 1163 1159 1196; x_wconf 86' lang='lat' dir='ltr'>die</span> <span class='ocrx_word' id='word_1_320' title='bbox 1194 1163 1400 1196; x_wconf 76' lang='lat' dir='ltr'>Commeni.</span> <span class='ocrx_word' id='word_1_321' title='bbox 1434 1163 1604 1196; x_wconf 86' lang='lat' dir='ltr'>omnium</span> <span class='ocrx_word' id='word_1_322' title='bbox 1636 1163 1923 1201; x_wconf 83' lang='lat' dir='ltr'>Defunctorum,</span> 
     </span>
     <span class='ocr_line' id='line_1_65' title="bbox 1098 1210 1923 1254; baseline -0.001 -9"><span class='ocrx_word' id='word_1_323' title='bbox 1098 1215 1133 1245; x_wconf 71' lang='lat' dir='ltr'>et</span> <span class='ocrx_word' id='word_1_324' title='bbox 1167 1211 1489 1254; x_wconf 73' lang='lat' dir='ltr'>quandocumque</span> <span class='ocrx_word' id='word_1_325' title='bbox 1526 1221 1596 1253; x_wconf 84' lang='lat' dir='ltr'>pro</span> <span class='ocrx_word' id='word_1_326' title='bbox 1630 1211 1832 1245; x_wconf 82' lang='lat' dir='ltr'>Defunctis</span> <span class='ocrx_word' id='word_1_327' title='bbox 1869 1210 1923 1244; x_wconf 84' lang='lat' dir='ltr'>di-</span> 
     </span>
     <span class='ocr_line' id='line_1_66' title="bbox 1096 1259 1928 1308; baseline 0 -16"><span class='ocrx_word' id='word_1_328' title='bbox 1096 1264 1239 1308; x_wconf 54' lang='lat' dir='ltr'>cuntun</span> <span class='ocrx_word' id='word_1_329' title='bbox 1256 1259 1295 1292; x_wconf 81' lang='lat' dir='ltr'>ix</span> <span class='ocrx_word' id='word_1_330' title='bbox 1320 1259 1532 1292; x_wconf 74' lang='lat' dir='ltr'>Lectiones.</span> <span class='ocrx_word' id='word_1_331' title='bbox 1922 1262 1928 1270; x_wconf 93' lang='grc'><em>“</em></span> 
     </span>
    </p>

    <p class='ocr_par' dir='ltr' id='par_1_20' title="bbox 1095 1313 1923 1932">
     <span class='ocr_line' id='line_1_67' title="bbox 1128 1313 1921 1366; baseline 0.003 -12"><span class='ocrx_word' id='word_1_332' title='bbox 1128 1315 1199 1366; x_wconf 42' lang='grc' dir='ltr'>ἱΙζι.</span> <span class='ocrx_word' id='word_1_333' title='bbox 1221 1314 1380 1356; x_wconf 86' lang='lat' dir='ltr'>Libera</span> <span class='ocrx_word' id='word_1_334' title='bbox 1403 1327 1473 1356; x_wconf 91' lang='lat' dir='ltr'>me</span> <span class='ocrx_word' id='word_1_335' title='bbox 1492 1313 1758 1362; x_wconf 76' lang='lat' dir='ltr'>D6mine,de</span> <span class='ocrx_word' id='word_1_336' title='bbox 1779 1319 1921 1356; x_wconf 89' lang='lat' dir='ltr'>morte</span> 
     </span>
     <span class='ocr_line' id='line_1_68' title="bbox 1095 1370 1920 1422; baseline 0.001 -11"><span class='ocrx_word' id='word_1_337' title='bbox 1095 1372 1261 1412; x_wconf 82' lang='lat' dir='ltr'>aeterna</span> <span class='ocrx_word' id='word_1_338' title='bbox 1271 1371 1314 1412; x_wconf 93' lang='lat' dir='ltr'>in</span> <span class='ocrx_word' id='word_1_339' title='bbox 1327 1370 1398 1413; x_wconf 91' lang='lat' dir='ltr'>die</span> <span class='ocrx_word' id='word_1_340' title='bbox 1410 1370 1483 1412; x_wconf 86' lang='lat' dir='ltr'>illa</span> <span class='ocrx_word' id='word_1_341' title='bbox 1492 1370 1733 1412; x_wconf 78' lang='lat' dir='ltr'>tremenda:</span> <span class='ocrx_word' id='word_1_342' title='bbox 1745 1376 1767 1399; x_wconf 87' lang='lat'>*</span> <span class='ocrx_word' id='word_1_343' title='bbox 1778 1371 1920 1422; x_wconf 89' lang='lat' dir='ltr'>Quan-</span> 
     </span>
     <span class='ocr_line' id='line_1_69' title="bbox 1096 1426 1922 1470; baseline 0 -2"><span class='ocrx_word' id='word_1_344' title='bbox 1096 1426 1153 1468; x_wconf 93' lang='lat' dir='ltr'>do</span> <span class='ocrx_word' id='word_1_345' title='bbox 1182 1427 1283 1468; x_wconf 89' lang='lat' dir='ltr'>eoeli</span> <span class='ocrx_word' id='word_1_346' title='bbox 1310 1426 1516 1469; x_wconf 81' lang='lat' dir='ltr'>movendi</span> <span class='ocrx_word' id='word_1_347' title='bbox 1543 1432 1644 1468; x_wconf 91' lang='lat' dir='ltr'>sunt</span> <span class='ocrx_word' id='word_1_348' title='bbox 1672 1432 1716 1469; x_wconf 90' lang='lat' dir='ltr'>et</span> <span class='ocrx_word' id='word_1_349' title='bbox 1741 1433 1873 1470; x_wconf 87' lang='lat' dir='ltr'>terra:</span> <span class='ocrx_word' id='word_1_350' title='bbox 1898 1430 1922 1455; x_wconf 80' lang='grc'>*</span> 
     </span>
     <span class='ocr_line' id='line_1_70' title="bbox 1095 1483 1923 1537; baseline 0.002 -13"><span class='ocrx_word' id='word_1_351' title='bbox 1095 1484 1212 1525; x_wconf 91' lang='lat' dir='ltr'>Dum</span> <span class='ocrx_word' id='word_1_352' title='bbox 1227 1484 1398 1525; x_wconf 81' lang='lat' dir='ltr'>veneris</span> <span class='ocrx_word' id='word_1_353' title='bbox 1412 1483 1605 1535; x_wconf 90' lang='lat' dir='ltr'>judicare</span> <span class='ocrx_word' id='word_1_354' title='bbox 1619 1483 1829 1526; x_wconf 77' lang='lat' dir='ltr'>saeculum</span> <span class='ocrx_word' id='word_1_355' title='bbox 1842 1497 1923 1537; x_wconf 89' lang='lat' dir='ltr'>per</span> 
     </span>
     <span class='ocr_line' id='line_1_71' title="bbox 1095 1536 1921 1592; baseline 0.002 -11"><span class='ocrx_word' id='word_1_356' title='bbox 1095 1541 1249 1591; x_wconf 89' lang='lat' dir='ltr'>ignem.</span> <span class='ocrx_word' id='word_1_357' title='bbox 1271 1536 1321 1588; x_wconf 63' lang='lat' dir='ltr'>V.</span> <span class='ocrx_word' id='word_1_358' title='bbox 1333 1541 1546 1582; x_wconf 87' lang='lat' dir='ltr'>Tremens</span> <span class='ocrx_word' id='word_1_359' title='bbox 1561 1540 1702 1582; x_wconf 89' lang='lat' dir='ltr'>factus</span> <span class='ocrx_word' id='word_1_360' title='bbox 1717 1554 1813 1582; x_wconf 87' lang='lat' dir='ltr'>sum</span> <span class='ocrx_word' id='word_1_361' title='bbox 1829 1554 1921 1592; x_wconf 89' lang='lat' dir='ltr'>ego,</span> 
     </span>
     <span class='ocr_line' id='line_1_72' title="bbox 1096 1595 1921 1647; baseline 0.001 -9"><span class='ocrx_word' id='word_1_362' title='bbox 1096 1602 1139 1638; x_wconf 91' lang='lat' dir='ltr'>et</span> <span class='ocrx_word' id='word_1_363' title='bbox 1170 1599 1324 1646; x_wconf 86' lang='lat' dir='ltr'>timeo,</span> <span class='ocrx_word' id='word_1_364' title='bbox 1358 1596 1462 1638; x_wconf 92' lang='lat' dir='ltr'>dum</span> <span class='ocrx_word' id='word_1_365' title='bbox 1494 1595 1710 1639; x_wconf 85' lang='lat' dir='ltr'>discussio</span> <span class='ocrx_word' id='word_1_366' title='bbox 1743 1597 1921 1647; x_wconf 76' lang='lat' dir='ltr'>venerit,</span> 
     </span>
     <span class='ocr_line' id='line_1_73' title="bbox 1095 1649 1921 1705; baseline 0.002 -11"><span class='ocrx_word' id='word_1_367' title='bbox 1095 1658 1227 1705; x_wconf 89' lang='lat' dir='ltr'>atque</span> <span class='ocrx_word' id='word_1_368' title='bbox 1243 1657 1427 1696; x_wconf 86' lang='lat' dir='ltr'>ventura</span> <span class='ocrx_word' id='word_1_369' title='bbox 1440 1654 1515 1695; x_wconf 91' lang='lat' dir='ltr'>ira.</span> <span class='ocrx_word' id='word_1_370' title='bbox 1535 1653 1732 1704; x_wconf 86' lang='lat' dir='ltr'>Quando.</span> <span class='ocrx_word' id='word_1_371' title='bbox 1753 1649 1803 1701; x_wconf 64' lang='lat' dir='ltr'>V.</span> <span class='ocrx_word' id='word_1_372' title='bbox 1814 1654 1921 1696; x_wconf 86' lang='lat' dir='ltr'>Dies</span> 
     </span>
     <span class='ocr_line' id='line_1_74' title="bbox 1095 1709 1920 1760; baseline 0.002 -10"><span class='ocrx_word' id='word_1_373' title='bbox 1095 1709 1186 1759; x_wconf 91' lang='lat' dir='ltr'>illa,</span> <span class='ocrx_word' id='word_1_374' title='bbox 1211 1709 1305 1751; x_wconf 90' lang='lat' dir='ltr'>dies</span> <span class='ocrx_word' id='word_1_375' title='bbox 1323 1710 1416 1760; x_wconf 73' lang='lat' dir='ltr'>irae,</span> <span class='ocrx_word' id='word_1_376' title='bbox 1442 1710 1702 1752; x_wconf 78' lang='lat' dir='ltr'>calamitatis</span> <span class='ocrx_word' id='word_1_377' title='bbox 1727 1715 1771 1752; x_wconf 90' lang='lat' dir='ltr'>et</span> <span class='ocrx_word' id='word_1_378' title='bbox 1795 1710 1920 1752; x_wconf 77' lang='lat' dir='ltr'>mise-</span> 
     </span>
     <span class='ocr_line' id='line_1_75' title="bbox 1095 1766 1922 1818; baseline 0.001 -12"><span class='ocrx_word' id='word_1_379' title='bbox 1095 1766 1187 1816; x_wconf 88' lang='lat' dir='ltr'>riae,</span> <span class='ocrx_word' id='word_1_380' title='bbox 1221 1766 1315 1808; x_wconf 87' lang='lat' dir='ltr'>dies</span> <span class='ocrx_word' id='word_1_381' title='bbox 1347 1779 1506 1818; x_wconf 88' lang='lat' dir='ltr'>magna</span> <span class='ocrx_word' id='word_1_382' title='bbox 1535 1771 1579 1808; x_wconf 89' lang='lat' dir='ltr'>et</span> <span class='ocrx_word' id='word_1_383' title='bbox 1606 1768 1754 1808; x_wconf 88' lang='lat' dir='ltr'>amara</span> <span class='ocrx_word' id='word_1_384' title='bbox 1781 1766 1922 1810; x_wconf 84' lang='lat' dir='ltr'>valde.</span> 
     </span>
     <span class='ocr_line' id='line_1_76' title="bbox 1096 1819 1921 1875; baseline 0.001 -12"><span class='ocrx_word' id='word_1_385' title='bbox 1096 1823 1223 1864; x_wconf 92' lang='lat' dir='ltr'>Dum.</span> <span class='ocrx_word' id='word_1_386' title='bbox 1267 1819 1316 1871; x_wconf 62' lang='lat' dir='ltr'>W.</span> <span class='ocrx_word' id='word_1_387' title='bbox 1349 1823 1564 1875; x_wconf 78' lang='lat' dir='ltr'>Requiem</span> <span class='ocrx_word' id='word_1_388' title='bbox 1596 1825 1815 1864; x_wconf 77' lang='lat' dir='ltr'>aeternam.</span> <span class='ocrx_word' id='word_1_389' title='bbox 1853 1823 1921 1864; x_wconf 84' lang='lat' dir='ltr'>Li-</span> 
     </span>
     <span class='ocr_line' id='line_1_77' title="bbox 1097 1878 1816 1932; baseline 0.001 -12"><span class='ocrx_word' id='word_1_390' title='bbox 1097 1879 1204 1921; x_wconf 90' lang='lat' dir='ltr'>bera</span> <span class='ocrx_word' id='word_1_391' title='bbox 1221 1893 1303 1922; x_wconf 91' lang='lat' dir='ltr'>me.</span> <span class='ocrx_word' id='word_1_392' title='bbox 1324 1892 1463 1931; x_wconf 89' lang='lat' dir='ltr'>usque</span> <span class='ocrx_word' id='word_1_393' title='bbox 1483 1879 1539 1929; x_wconf 85' lang='lat' dir='ltr'>ad</span> <span class='ocrx_word' id='word_1_394' title='bbox 1558 1881 1745 1932; x_wconf 91' lang='lat' dir='ltr'>primum</span> <span class='ocrx_word' id='word_1_395' title='bbox 1767 1878 1816 1927; x_wconf 67' lang='lat' dir='ltr'>V.</span> 
     </span>
    </p>
   </div>
   <div class='ocr_carea' id='block_1_12' title="bbox 1353 1969 1664 2011">
    <p class='ocr_par' dir='ltr' id='par_1_21' title="bbox 1353 1969 1664 2011">
     <span class='ocr_line' id='line_1_78' title="bbox 1353 1969 1664 2011; baseline -0.003 0"><span class='ocrx_word' id='word_1_396' title='bbox 1353 1969 1431 2011; x_wconf 84' lang='lat' dir='ltr'>Ad</span> <span class='ocrx_word' id='word_1_397' title='bbox 1456 1969 1664 2011; x_wconf 83' lang='lat' dir='ltr'>Laudes.</span> 
     </span>
    </p>
   </div>
   <div class='ocr_carea' id='block_1_13' title="bbox 1309 2038 1716 2082">
    <p class='ocr_par' dir='ltr' id='par_1_22' title="bbox 1309 2038 1716 2082">
     <span class='ocr_line' id='line_1_79' title="bbox 1309 2038 1716 2082; baseline -0.005 -9"><span class='ocrx_word' id='word_1_398' title='bbox 1309 2038 1498 2074; x_wconf 82' lang='lat' dir='ltr'>Absolute</span> <span class='ocrx_word' id='word_1_399' title='bbox 1524 2038 1716 2082; x_wconf 86' lang='lat' dir='ltr'>incipitur.</span> 
     </span>
    </p>
   </div>
   <div class='ocr_carea' id='block_1_14' title="bbox 1095 2097 1919 2197">
    <p class='ocr_par' dir='ltr' id='par_1_23' title="bbox 1095 2097 1919 2197">
     <span class='ocr_line' id='line_1_80' title="bbox 1149 2097 1919 2140; baseline 0.003 -4"><span class='ocrx_word' id='word_1_400' title='bbox 1149 2098 1247 2138; x_wconf 78' lang='lat' dir='ltr'>Ant.</span> <span class='ocrx_word' id='word_1_401' title='bbox 1274 2097 1567 2140; x_wconf 82' lang='lat' dir='ltr'>Exsultabunt</span> <span class='ocrx_word' id='word_1_402' title='bbox 1587 2098 1612 2124; x_wconf 88' lang='lat'>*</span> <span class='ocrx_word' id='word_1_403' title='bbox 1635 2097 1826 2139; x_wconf 79' lang='lat' dir='ltr'>Domino</span> <span class='ocrx_word' id='word_1_404' title='bbox 1853 2109 1919 2138; x_wconf 88' lang='lat' dir='ltr'>os-</span> 
     </span>
     <span class='ocr_line' id='line_1_81' title="bbox 1095 2153 1399 2197; baseline 0.003 -3"><span class='ocrx_word' id='word_1_405' title='bbox 1095 2166 1143 2195; x_wconf 92' lang='lat' dir='ltr'>sa</span> <span class='ocrx_word' id='word_1_406' title='bbox 1162 2153 1399 2197; x_wconf 86' lang='lat' dir='ltr'>humiliata.</span> 
     </span>
    </p>
   </div>
   <div class='ocr_carea' id='block_1_15' title="bbox 1093 2223 1919 2788">
    <p class='ocr_par' dir='ltr' id='par_1_24' title="bbox 1098 2223 1919 2439">
     <span class='ocr_line' id='line_1_82' title="bbox 1367 2223 1655 2263; baseline -0.007 0"><span class='ocrx_word' id='word_1_407' title='bbox 1367 2223 1566 2263; x_wconf 73' lang='lat' dir='ltr'>psalmus</span> <span class='ocrx_word' id='word_1_408' title='bbox 1584 2224 1655 2262; x_wconf 81' lang='lat'>50.</span> 
     </span>
     <span class='ocr_line' id='line_1_83' title="bbox 1117 2283 1919 2333; baseline -0.004 -7.069"><span class='ocrx_word' id='word_1_409' title='bbox 1102 2288 1123 2291; x_wconf 84' lang='grc'><strong>’</strong></span> <span class='ocrx_word' id='word_1_410' title='bbox 1251 2285 1413 2326; x_wconf 83' lang='lat' dir='ltr'>iserere</span> <span class='ocrx_word' id='word_1_411' title='bbox 1440 2284 1527 2326; x_wconf 89' lang='lat' dir='ltr'>mei</span> <span class='ocrx_word' id='word_1_412' title='bbox 1553 2284 1691 2333; x_wconf 88' lang='lat' dir='ltr'>Deus,</span> <span class='ocrx_word' id='word_1_413' title='bbox 1718 2283 1741 2308; x_wconf 88' lang='lat'>*</span> <span class='ocrx_word' id='word_1_414' title='bbox 1770 2285 1919 2324; x_wconf 82' lang='lat' dir='ltr'>secun-</span> 
     </span>
     <span class='ocr_line' id='line_1_84' title="bbox 1276 2339 1918 2392; baseline -0.005 -10"><span class='ocrx_word' id='word_1_415' title='bbox 1276 2340 1382 2382; x_wconf 91' lang='lat' dir='ltr'>dum</span> <span class='ocrx_word' id='word_1_416' title='bbox 1431 2353 1635 2392; x_wconf 87' lang='lat' dir='ltr'>magnam</span> <span class='ocrx_word' id='word_1_417' title='bbox 1678 2339 1918 2380; x_wconf 80' lang='lat' dir='ltr'>misericor-</span> 
     </span>
     <span class='ocr_line' id='line_1_85' title="bbox 1168 2397 1550 2439; baseline -0.005 0"><span class='ocrx_word' id='word_1_418' title='bbox 1168 2405 1200 2413; x_wconf 70' lang='grc'>“’</span> <span class='ocrx_word' id='word_1_419' title='bbox 1276 2397 1393 2439; x_wconf 89' lang='lat' dir='ltr'>diam</span> <span class='ocrx_word' id='word_1_420' title='bbox 1419 2403 1550 2439; x_wconf 86' lang='lat' dir='ltr'>tuam.</span> 
     </span>
    </p>

    <p class='ocr_par' dir='ltr' id='par_1_25' title="bbox 1093 2451 1918 2608">
     <span class='ocr_line' id='line_1_86' title="bbox 1144 2451 1918 2495; baseline -0.005 0"><span class='ocrx_word' id='word_1_421' title='bbox 1144 2454 1200 2495; x_wconf 87' lang='lat' dir='ltr'>Et</span> <span class='ocrx_word' id='word_1_422' title='bbox 1226 2453 1466 2495; x_wconf 90' lang='lat' dir='ltr'>secundum</span> <span class='ocrx_word' id='word_1_423' title='bbox 1494 2452 1816 2495; x_wconf 77' lang='lat' dir='ltr'>multitudinem</span> <span class='ocrx_word' id='word_1_424' title='bbox 1842 2451 1918 2492; x_wconf 91' lang='lat' dir='ltr'>mi-</span> 
     </span>
     <span class='ocr_line' id='line_1_87' title="bbox 1093 2507 1917 2560; baseline -0.004 -9"><span class='ocrx_word' id='word_1_425' title='bbox 1093 2511 1359 2552; x_wconf 82' lang='lat' dir='ltr'>serationum</span> <span class='ocrx_word' id='word_1_426' title='bbox 1385 2512 1575 2560; x_wconf 81' lang='lat' dir='ltr'>tuarum,</span> <span class='ocrx_word' id='word_1_427' title='bbox 1593 2510 1617 2535; x_wconf 87' lang='lat'>*</span> <span class='ocrx_word' id='word_1_428' title='bbox 1641 2508 1738 2551; x_wconf 90' lang='lat' dir='ltr'>dele</span> <span class='ocrx_word' id='word_1_429' title='bbox 1765 2507 1917 2559; x_wconf 90' lang='lat' dir='ltr'>iniqui—</span> 
     </span>
     <span class='ocr_line' id='line_1_88' title="bbox 1093 2570 1399 2608; baseline -0.007 0"><span class='ocrx_word' id='word_1_430' title='bbox 1093 2570 1228 2608; x_wconf 84' lang='lat' dir='ltr'>tatem</span> <span class='ocrx_word' id='word_1_431' title='bbox 1247 2579 1399 2608; x_wconf 88' lang='lat' dir='ltr'>meam.</span> 
     </span>
    </p>

    <p class='ocr_par' dir='ltr' id='par_1_26' title="bbox 1093 2620 1917 2732">
     <span class='ocr_line' id='line_1_89' title="bbox 1144 2620 1917 2675; baseline -0.004 -11"><span class='ocrx_word' id='word_1_432' title='bbox 1144 2623 1347 2675; x_wconf 90' lang='lat' dir='ltr'>Amplius</span> <span class='ocrx_word' id='word_1_433' title='bbox 1374 2622 1472 2663; x_wconf 88' lang='lat' dir='ltr'>lava</span> <span class='ocrx_word' id='word_1_434' title='bbox 1499 2634 1569 2663; x_wconf 91' lang='lat' dir='ltr'>me</span> <span class='ocrx_word' id='word_1_435' title='bbox 1601 2620 1656 2662; x_wconf 85' lang='lat' dir='ltr'>ab</span> <span class='ocrx_word' id='word_1_436' title='bbox 1688 2621 1917 2674; x_wconf 85' lang='lat' dir='ltr'>iniquitate</span> 
     </span>
     <span class='ocr_line' id='line_1_90' title="bbox 1093 2677 1917 2732; baseline -0.005 -11"><span class='ocrx_word' id='word_1_437' title='bbox 1093 2693 1205 2721; x_wconf 87' lang='lat' dir='ltr'>mea:</span> <span class='ocrx_word' id='word_1_438' title='bbox 1215 2681 1238 2705; x_wconf 84' lang='lat'>*</span> <span class='ocrx_word' id='word_1_439' title='bbox 1250 2684 1294 2721; x_wconf 90' lang='lat' dir='ltr'>et</span> <span class='ocrx_word' id='word_1_440' title='bbox 1309 2692 1334 2720; x_wconf 87' lang='lat' dir='ltr'>a</span> <span class='ocrx_word' id='word_1_441' title='bbox 1347 2681 1532 2732; x_wconf 86' lang='lat' dir='ltr'>peccato</span> <span class='ocrx_word' id='word_1_442' title='bbox 1547 2690 1646 2718; x_wconf 86' lang='lat' dir='ltr'>meo</span> <span class='ocrx_word' id='word_1_443' title='bbox 1661 2677 1823 2719; x_wconf 89' lang='lat' dir='ltr'>munda</span> <span class='ocrx_word' id='word_1_444' title='bbox 1836 2689 1917 2718; x_wconf 91' lang='lat' dir='ltr'>me.</span> 
     </span>
    </p>

    <p class='ocr_par' dir='ltr' id='par_1_27' title="bbox 1145 2735 1916 2788">
     <span class='ocr_line' id='line_1_91' title="bbox 1145 2735 1916 2788; baseline -0.004 -11"><span class='ocrx_word' id='word_1_445' title='bbox 1145 2736 1360 2786; x_wconf 72' lang='lat' dir='ltr'>Queniam</span> <span class='ocrx_word' id='word_1_446' title='bbox 1379 2735 1654 2788; x_wconf 86' lang='lat' dir='ltr'>iniquitatem</span> <span class='ocrx_word' id='word_1_447' title='bbox 1672 2747 1815 2776; x_wconf 88' lang='lat' dir='ltr'>meam</span> <span class='ocrx_word' id='word_1_448' title='bbox 1834 2745 1916 2785; x_wconf 87' lang='lat' dir='ltr'>ego</span> 
     </span>
    </p>
   </div>
   <div class='ocr_carea' id='block_1_16' title="bbox 1092 2285 1250 2422">
    <p class='ocr_par' dir='ltr' id='par_1_28' title="bbox 1092 2285 1250 2422">
     <span class='ocr_line' id='line_1_92' title="bbox 1092 2285 1250 2422; baseline 0 534"><span class='ocrx_word' id='word_1_449' title='bbox 1092 2285 1250 2422; x_wconf 95' lang='lat' dir='ltr'> </span> 
     </span>
    </p>
   </div>
  </div>
 </body>
</html>
