2028 2892
779 155 978 190 Dominica
1003 158 1050 191 ad
1072 158 1246 194 Primam.
1817 163 1861 197 25

220 239 268 290 V.
302 243 580 295 Adiutorium
614 251 811 287 nostrum
843 248 886 288 in
917 250 991 289 no-

169 299 284 341 mine
306 300 493 341 Domini.
524 304 573 356 R.
601 302 683 352 Qui
707 302 808 344 fecit
833 304 991 346 coelum

170 360 213 397 et
232 360 404 397 terram.

230 431 397 473 Deinde
418 433 797 475 Hebdomadarius
823 437 922 477 facit

411 489 746 531 Confessionem.

242 546 533 588 onfiteorDeo
544 548 840 601 omnipotenti,
849 549 990 591 beatae

271 602 422 644 Mariae
449 611 622 656 semper
646 605 832 656 Virgini,
859 605 990 648 beato

166 658 367 700 Michaeli
381 659 669 711 ArchangelQ
690 661 820 703 beato
836 662 860 702 J
863 664 992 703 oanni

167 715 391 768 Baptistae,
406 717 567 758 sanctis
574 717 802 770 Apostolis
808 719 939 760 Petro
949 724 992 761 et

166 770 322 821 Paulo⁷
351 772 551 814 omnibus
579 773 767 824 Sanctis,
796 780 838 816 et
866 775 991 816 vobis

166 827 338 869 fratres:
364 830 464 881 quia
486 830 667 882 peccavi
685 831 811 872 nimis
832 832 990 882 cogita-

166 883 300 934 tione⁷
327 885 464 927 verbo
490 890 533 927 et
558 888 706 939 opere:
732 900 829 928 mea
853 888 990 940 culpa,

166 953 264 982 mea
300 941 447 994 culpa,
491 955 590 984 mea
628 944 817 984 maxima
853 944 990 997 culpa.

166 996 273 1038 Ideo
296 1011 455 1050 precor
478 998 653 1040 beatam
676 1000 858 1040 Mariam
883 1013 990 1041 sem-

167 1066 248 1106 per
270 1054 510 1105 Virginem,
534 1055 712 1097 beatum
735 1055 990 1097 Michaelem

166 1109 504 1161 Archangelum,
557 1111 734 1153 beatum
778 1112 801 1152 J
805 1114 990 1154 oannem

165 1165 427 1219 Baptistam,
453 1172 629 1209 sanctos
648 1168 889 1221 Apostolos
912 1169 989 1210 Pe-

165 1226 281 1263 trum
311 1228 355 1264 et
381 1224 579 1274 Paulum,
616 1237 767 1266 omnes
794 1225 988 1274 Sanctos,

165 1283 210 1320 et
227 1291 307 1320 vos
322 1279 489 1330 fratres,
509 1282 636 1322 orare
650 1293 731 1334 pro
747 1294 815 1322 me
831 1280 887 1322 ad
901 1281 988 1322 Do-

164 1335 328 1377 minum
346 1336 490 1378 Deum
507 1342 715 1378 nostrum.

356 1397 524 1438 Chorus
545 1398 795 1450 respondet:

162 1447 483 1554 Misereatur
497 1457 560 1498 tui
570 1460 845 1510 omnipotens
856 1459 987 1508 Deus,

294 1517 338 1554 et
357 1511 546 1554 dimissis
564 1514 756 1566 peccatis
777 1514 872 1564 tuis,
893 1528 986 1567 per-

165 1566 297 1610 ducat
315 1573 359 1610 te
379 1568 435 1610 ad
453 1569 587 1611 vitam
606 1572 824 1612 aeternam.

213 1623 263 1675 R.
292 1625 445 1666 Amen.

212 1692 361 1728 Deinde
378 1694 517 1737 repetit
533 1694 844 1730 Confessionem:
863 1701 900 1731 et
915 1698 980 1732 ubi

161 1739 301 1775 dicitur
317 1742 432 1790 vobis
448 1742 596 1787 fratres,
613 1748 649 1778 et
666 1753 738 1779 vos
756 1743 903 1788 fratres,
927 1746 981 1779 di—

161 1791 277 1831 catur,
294 1789 366 1826 tibi
382 1794 502 1834 pater,
517 1795 554 1825 et
570 1795 607 1826 te
622 1795 741 1835 pater.

159 1852 277 1888 Facta
294 1854 548 1890 Confessione
566 1867 589 1890 a
605 1856 745 1899 Choro,
763 1857 979 1892 Hebdoma-

444 1903 574 1938 darius
592 1904 699 1939 dicit:

269 1950 482 1992 isereatur
530 1950 663 1992 vestri
708 1953 984 2003 omnipotens

300 2006 436 2057 Deus,
478 2010 522 2048 et
563 2005 751 2048 dimissis
791 2007 984 2059 peccatis

163 2062 339 2113 vestris,
381 2062 594 2115 perducat
635 2075 715 2104 vos
754 2062 811 2104 ad
851 2063 983 2104 vitam

163 2120 383 2160 aeternam.
426 2118 475 2170 Rz.
509 2118 659 2160 Amen,

157 2194 520 2300 Indulgentiam,
564 2198 897 2249 absolutionem,
941 2206 983 2242 et

246 2256 546 2297 remissionem
589 2258 869 2308 peccatorum
909 2269 982 2297 no-

163 2313 354 2353 strorum
377 2311 539 2353 tribuat
561 2311 686 2353 nobis
706 2315 982 2365 omnipotens

163 2372 206 2408 et
230 2368 477 2409 misericors
500 2368 725 2410 Dominus.
752 2371 801 2422 R.
830 2368 982 2409 Amen.

210 2432 265 2473 Et
293 2434 571 2484 prosequitur
599 2428 648 2479 Y
677 2433 868 2483 Dignare
895 2433 981 2473 Do-

162 2488 276 2530 mine
295 2488 365 2530 die
384 2489 478 2530 isto.
506 2490 555 2541 R.
581 2489 681 2530 Sine
700 2490 882 2541 peccato
902 2499 981 2529 nos

163 2543 394 2586 custodire.

209 2605 260 2656 V.
272 2609 479 2652 Miserere
490 2611 628 2652 nostri
637 2609 834 2651 Domine.
843 2610 891 2661 R.
910 2608 980 2649 Mi-

162 2666 307 2707 serere
327 2666 474 2708 nostri.

315 2806 379 2831 Pars
396 2808 487 2832 Verna.

1092 247 1142 299 Y.
1162 251 1259 293 Fiat
1275 252 1571 296 misericordia
1586 260 1660 297 tua
1674 257 1859 299 Domine

1044 318 1175 359 super
1189 320 1281 349 nos.
1303 312 1350 363 R».
1374 310 1750 359 Quemadmodum
1765 327 1858 366 spe-

1043 363 1233 404 ravimus
1252 365 1294 405 in
1313 370 1367 407 te.

1094 421 1142 471 Yf.
1189 425 1374 468 Domine
1419 428 1574 470 exaudi
1619 429 1859 472 orationem

1043 491 1195 521 meam.
1234 484 1280 535 Rg.
1310 483 1366 524 Et
1395 484 1557 526 clamor
1583 498 1704 527 meus
1733 486 1788 528 ad
1815 491 1859 528 te

1043 537 1197 579 veniat.

1093 595 1140 645 δ”.
1179 599 1392 641 Dominus
1430 602 1665 643 vobiscum.
1716 606 1762 656 Rg.
1803 603 1860 644 Et
1899 618 1901 622 ⁴

1044 666 1142 694 cum
1160 656 1315 707 spiritu
1333 661 1419 698 tuo.

1143 732 1340 774 Oremus.
1591 738 1752 778 Oratio.

1039 791 1272 896 Domine
1304 798 1424 839 Deus
1461 802 1750 852 omnipotens,
1787 802 1858 853 qui

1149 852 1205 894 ad
1232 854 1491 907 principium
1518 855 1642 907 hujus
1670 855 1755 897 diei
1780 870 1858 898 nos

1042 911 1269 961 pervenire
1307 911 1463 952 fecisti:
1504 916 1579 952 tua
1614 924 1694 953 nos
1729 912 1858 955 hodie

1043 965 1162 1006 salva
1182 966 1355 1017 virtute;
1382 972 1429 1008 ut
1447 968 1489 1007 in
1508 967 1589 1008 hac
1609 967 1677 1010 die
1697 968 1751 1010 ad
1771 969 1858 1010 nul-

1042 1021 1130 1062 lum
1141 1021 1404 1064 declinemus
1414 1026 1651 1076 peccatum,
1663 1024 1741 1066 sed
1752 1038 1858 1066 sem-

1043 1091 1121 1130 per
1154 1078 1209 1120 ad
1240 1083 1358 1120 tuam
1388 1080 1591 1131 justitiam
1618 1080 1856 1122 faciendam

1041 1139 1190 1175 nostra
1208 1135 1448 1187 procedant
1467 1136 1652 1188 eloquia,
1677 1136 1857 1188 dirigan-

1041 1195 1111 1231 tur
1154 1191 1439 1241 cogitationes
1482 1197 1524 1233 et
1565 1195 1708 1245 opera.
1774 1194 1856 1235 Per

1040 1247 1275 1288 Dominum
1294 1253 1501 1289 nostrum.

1091 1303 1141 1343 R.
1169 1303 1320 1345 Amen.

1091 1358 1140 1410 Y.
1185 1364 1398 1405 Dominus
1435 1364 1669 1405 vobiscum.
1716 1365 1763 1416 Rg.
1799 1366 1854 1406 Et

1040 1433 1138 1461 cum
1158 1421 1311 1473 spiritu
1330 1426 1416 1461 tuo.

1090 1475 1139 1526 Υ.
1155 1480 1469 1523 Benedicamus
1480 1481 1680 1522 Domino.
1690 1481 1737 1532 Rv.
1757 1482 1853 1523 Deo

1038 1537 1211 1587 gratias.

1088 1611 1236 1645 Deinde
1260 1611 1296 1644 in
1319 1610 1447 1645 Choro
1469 1610 1608 1652 legitur
1627 1610 1849 1654 Martyrolo-

1037 1656 1149 1699 gium.
1196 1657 1242 1690 Et
1272 1656 1425 1700 quando
1456 1655 1616 1689 dicenda
1646 1660 1702 1690 est
1724 1656 1848 1689 Prima

1038 1702 1083 1735 de
1107 1702 1148 1736 B.
1166 1702 1295 1743 Maria,
1320 1702 1557 1745 praeponitur
1579 1702 1732 1735 lectioni
1756 1702 1849 1735 Mar-

1036 1748 1228 1791 tyrologii.

1086 1803 1226 1837 Postea
1250 1803 1584 1838 Hebdomadarius
1609 1803 1702 1837 dicit

1087 1854 1135 1906 Ys-
1152 1863 1348 1904 Pretiosa
1362 1863 1405 1903 in
1420 1865 1655 1916 conspectu
1667 1862 1850 1904 Domini.

1035 1918 1085 1969 R.
1104 1919 1224 1960 Mors
1243 1921 1491 1961 sanctorum
1510 1920 1609 1971 ejus.

1085 1982 1131 2016 Et
1156 1982 1329 2016 absolute
1354 1982 1436 2016 sine
1463 1984 1631 2019 Oremus.

1366 2037 1526 2078 Oratio.

1034 2088 1230 2195 Sancta
1260 2096 1414 2146 Maria,
1452 2101 1495 2138 et
1526 2108 1674 2137 omnes
1706 2094 1848 2136 Sancti

1133 2152 1402 2194 intercedant
1425 2165 1506 2205 pro
1531 2151 1655 2193 nobis
1681 2150 1737 2191 ad
1761 2150 1847 2191 Do-

1037 2209 1217 2258 minum,
1250 2213 1297 2250 ut
1327 2221 1407 2250 nos
1438 2210 1678 2249 mereamur
1708 2206 1763 2247 ab
1795 2218 1847 2247 eo

1036 2264 1229 2316 adiuvari
1247 2269 1291 2306 et
1309 2264 1481 2313 salvari,
1507 2264 1579 2315 qui
1597 2262 1702 2303 vivit
1725 2267 1767 2303 et
1785 2275 1847 2303 re-

1033 2326 1137 2371 gnat
1155 2320 1197 2361 in
1217 2319 1376 2361 saecula
1395 2318 1661 2360 saeculorum.

1084 2375 1133 2414 R.
1162 2376 1313 2417 Amen.

1083 2429 1131 2479 Y-
1179 2437 1298 2477 Deus
1333 2436 1375 2476 in
1410 2434 1668 2485 adjutorium
1704 2446 1845 2475 meum

1033 2492 1217 2534 intende.
1261 2494 1309 2544 Rz.
1342 2490 1527 2531 Domine
1559 2490 1615 2531 ad
1647 2488 1845 2540 adjuvan-

1035 2548 1138 2590 dum
1155 2561 1224 2589 me
1244 2548 1408 2589 festina.

1079 2613 1126 2647 Et
1151 2614 1289 2647 dicitur
1310 2616 1379 2646 ter:
1402 2612 1535 2646 ultimo
1561 2612 1712 2646 additur

1080 2664 1233 2704 Gloria
1251 2662 1377 2703 Patri.
1398 2662 1523 2704 Sicut
1541 2667 1643 2704 erat.
