2028 2892
539 164 604 196 Dic
639 165 658 196 1.
685 164 838 205 aprilis.

887 166 920 195 Η.
951 164 1085 196 Isidori
1117 164 1237 206 lepis-c.
1265 165 1371 198 (lons.
1399 172 1431 198 ct
1462 165 1566 198 boet.

188 266 245 311 ut,
263 273 392 312 quem
407 260 650 301 Doctorem
666 259 768 301 vitae
785 259 1015 301 habuimus

188 318 231 358 in
245 316 386 363 terris,
400 316 737 358 intercessorem
750 315 915 357 habere
929 328 1015 357 me·

188 376 360 416 reamur
379 374 422 414 in
443 373 577 415 coelis.
605 373 689 414 Per
709 373 955 415 Deminum.

244 437 278 469 ln
308 438 497 477 Quadruu.
525 438 561 470 m
589 447 783 470 commem.
813 438 941 470 Fcrizc.

241 490 276 521 11]
298 489 319 522 l.
337 490 533 523 Not-turm»
554 490 751 522 Lectiones
767 485 1014 530 sapientiam.

188 538 232 569 dc
261 539 403 570 (Tomm.
434 538 537 570 Moci.
565 534 635 578 [79]

412 599 458 636 ln
488 599 537 636 Π.
567 599 788 636 Nocturno.

492 659 523 698 l
528 659 641 698 ectio
663 659 713 697 ix.

198 719 268 770 3³³.
260 726 297 768 *4²5
310 712 501 762 sid6rus,
551 713 729 755 natiene
775 712 1015 764 Hispanus,

196 762 236 826 {S
259 768 296 824 ἐ,
325 771 495 812 Doctor
539 769 753 820 egregius,
803 781 857 809 ex
902 781 1016 810 nova

196 806 226 845 ‘³
259 826 292 853 '⁷²
328 826 590 877 Carthagine
617 825 855 868 Severiano
890 830 1016 878 patre

186 884 426 936 provinciae
463 882 575 925 duce
610 887 754 931 natus,
791 894 817 923 a
854 882 1016 924 sanctis

187 940 408 993 episcopis
433 939 639 986 Leandro
671 938 939 991 Hispalensi,
973 943 1017 980 et

189 997 418 1048 Fulgentio
440 996 786 1047 Carthaginiensi
809 995 1016 1037 fratribus

187 1055 276 1095 suis
318 1054 390 1106 pie
432 1060 476 1095 et
518 1052 755 1094 liberaliter
793 1051 1015 1102 educatus,

187 1111 363 1161 Latinis,
384 1110 564 1159 Graecis,
588 1114 632 1151 et
651 1108 883 1150 Hebraicis
903 1109 1015 1150 litte-

187 1168 262 1218 ris,
290 1167 536 1220 divinisque
564 1172 608 1208 et
627 1165 826 1207 humanis
845 1165 1015 1217 legibus

185 1225 441 1274 instructus,
474 1223 592 1265 omni
625 1222 922 1271 scientiarum,
955 1228 1015 1264 at-

188 1294 272 1333 que
294 1257 630 1322 christianarum
653 1279 864 1336 virtutum
889 1281 1015 1330 gene-

185 1350 232 1379 re
255 1337 646 1390 praestantissimus
669 1336 818 1377 evasit.
855 1335 1016 1377 Adhuc

185 1393 443 1436 adolescens
458 1393 661 1435 haeresim
676 1392 896 1442 Arianam,
917 1405 1015 1445 quae

184 1456 361 1501 gentem
381 1450 630 1492 Gothorum
648 1449 875 1501 Hispaniae
898 1449 1015 1491 latis-

186 1508 294 1549 sime
314 1507 612 1549 dominantem
627 1505 884 1558 jampridem
899 1506 1015 1547 inva-

186 1570 320 1614 serat,
348 1569 471 1605 tanta
497 1564 743 1605 constantia
767 1562 914 1616 palam
940 1575 1015 1615 op-

185 1621 412 1673 pugnavit,
437 1626 486 1662 ut
503 1633 659 1673 parum
680 1620 883 1669 abfuerit,
913 1620 1015 1672 quin

186 1677 241 1719 ab
275 1677 495 1718 haereticis
527 1678 769 1718 necaretur.
810 1675 1014 1718 Leandro

187 1734 275 1775 vita
293 1734 443 1775 functo
463 1732 520 1775 ad
538 1732 847 1786 Hispalensem
871 1732 1015 1774 cathe—

188 1790 311 1831 dram
328 1790 490 1832 invitus
510 1790 704 1843 quidem,
731 1789 811 1831 sed
833 1791 1016 1840 urgente

187 1847 230 1887 in
247 1847 400 1900 primis
420 1845 677 1888 Reccaredo
696 1858 813 1897 rege,
839 1848 1015 1898 magno-

189 1916 273 1956 que
298 1904 430 1945 etiam
453 1903 557 1944 cleri
574 1902 816 1956 populique
836 1904 1016 1944 consen-

187 1974 238 2001 su
266 1961 518 2009 assumitur,
551 1961 730 2012 ejusque
758 1959 1017 2001 electiOnem

188 2022 365 2058 sanctus
383 2017 624 2067 Gregerius
640 2016 835 2066 Magnus,
854 2016 1016 2057 nedum

187 2073 451 2115 auctoritate
461 2072 707 2126 apostolica
722 2073 1016 2123 confirmasse,

188 2130 267 2171 sed
287 2135 331 2171 et
348 2130 535 2171 electum
549 2131 808 2171 transmisso
825 2129 880 2171 de
893 2142 1016 2171 more

189 2186 322 2238 pallio
342 2186 595 2235 decorasse,
616 2186 719 2238 quin
740 2186 871 2227 etiam
890 2199 1016 2227 suum

189 2248 231 2284 et
267 2242 525 2296 apostolicae
561 2242 687 2284 Sedis
731 2242 774 2283 in
814 2243 1017 2284 universa

188 2300 401 2352 Hispania
453 2299 679 2342 Vicarium
738 2299 1017 2341 constituisse

188 2356 453 2408 perhibetur.

241 2415 289 2465 R.
317 2413 469 2455 Inveni
493 2412 638 2454 David
662 2425 838 2453 servum
861 2425 1017 2462 meum,

191 2469 290 2511 oleo
337 2475 490 2511 sancto
535 2482 635 2511 meo
681 2469 786 2510 unxi
832 2481 949 2510 eum:
990 2475 1010 2495 ⁸

191 2525 344 2567 Manus
378 2527 493 2568 enim
525 2539 624 2568 mea
657 2525 936 2567 auxiliabitur
968 2526 1017 2567 ei.

189 2582 236 2629 ,Χ“.
273 2581 393 2622 Nihil
425 2583 629 2635 proficiet
656 2582 856 2623 inimicus
880 2582 924 2622 in
953 2595 1017 2630 eo,

191 2643 236 2735 ᾗ
257 2637 372 2679 filius
395 2639 636 2691 iniquitatis
661 2651 749 2680 non
773 2638 948 2680 nocebit
968 2640 1017 2680 ei.

238 2707 357 2735 anus

1383 262 1531 301 Lectio
1562 276 1594 300 κ’.

1072 311 1143 417 In
1159 315 1419 369 episcopatu
1435 321 1646 369 quantum
1661 316 1792 358 fuerit
1805 328 1898 358 con-

1133 377 1269 423 stans,
1299 372 1490 423 humilis,
1518 374 1706 426 patiens,
1733 372 1895 415 miseri-

1069 441 1182 479 corS,
1210 429 1254 470 in
1278 428 1515 471 christiana
1534 435 1579 471 et
1598 429 1898 472 ecclesiastica

1069 485 1299 538 disciplina
1343 486 1625 528 instauranda
1671 485 1896 535 sollicitus,

1069 543 1208 594 eaque
1228 541 1365 584 verbo
1385 547 1428 584 et
1444 542 1620 596 scriptis
1635 541 1897 585 stabilienda

1069 598 1324 647 indefessus,
1344 604 1477 651 atque
1497 599 1614 640 omni
1633 599 1809 642 demum
1824 598 1899 639 vir-

1067 658 1212 697 tutum
1239 657 1496 697 ornamento
1523 655 1771 707 insignitus,
1806 655 1896 697 nul-

1068 711 1151 752 lius
1170 711 1317 763 lingua
1332 713 1537 753 enarrare
1553 711 1782 754 sufficeret.
1805 712 1896 754 Mo-

1068 769 1224 810 nastici
1245 781 1422 821 quoque
1441 768 1628 810 instituti
1646 781 1726 822 per
1741 767 1898 821 Hispa·

1068 825 1184 866 niam
1234 827 1465 878 promotor
1515 830 1558 867 et
1607 824 1898 878 amplificator

1069 882 1253 923 eximius
1272 881 1399 934 plura
1419 882 1664 923 construxit
1682 882 1898 923 monaste·

1069 938 1147 988 ria,
1172 938 1357 989 collegia
1376 938 1528 981 itidem
1547 937 1798 987 aedificavit,
1823 937 1898 980 ubi

1070 994 1226 1036 studiis
1242 995 1378 1036 sacris
1394 1000 1438 1036 et
1451 994 1712 1036 lectianibus
1727 1007 1898 1045 vacans,

1070 1051 1282 1104 plurimos
1315 1051 1572 1104 discipulos,
1606 1051 1681 1104 qui
1715 1049 1771 1093 ad
1800 1063 1899 1092 eum

1071 1108 1367 1158 confluebant,
1400 1108 1606 1158 erudivit,
1645 1120 1755 1160 quos
1786 1107 1900 1149 inter

1070 1164 1207 1206 sancti
1253 1164 1501 1206 Ildefonsus
1546 1163 1805 1214 ToletanuS‚
1855 1168 1899 1205 et

1069 1220 1248 1263 Braulio
1265 1221 1683 1272 Caesaraugustanus
1698 1219 1898 1273 episcopi

1070 1278 1349 1319 emicuerunt.
1379 1278 1544 1320 Coacto
1563 1276 1737 1330 Hispali
1756 1279 1897 1318 conci-

1067 1333 1142 1383 lio,
1168 1333 1498 1387 Acephalomm
1516 1333 1721 1375 haeresim
1739 1333 1896 1385 Hispa-

1069 1390 1153 1431 niae
1180 1391 1264 1442 jam
1291 1390 1580 1440 minitantem,
1612 1390 1703 1431 acri
1739 1394 1783 1431 et
1813 1389 1897 1431 elo-

1070 1447 1219 1500 quenti
1263 1447 1562 1500 disputatiOne
1603 1446 1732 1498 fregit
1765 1451 1898 1499 atque

1069 1504 1285 1546 contrivit.
1347 1504 1535 1546 Tantam
1579 1503 1700 1557 apud
1746 1516 1898 1545 omnes

1070 1561 1314 1603 sanctitatis
1341 1565 1385 1602 et
1411 1559 1624 1602 doctrinae
1645 1561 1805 1601 famam
1825 1559 1897 1602 ad-

1069 1619 1198 1671 eptus
1237 1622 1322 1667 est,
1359 1623 1407 1659 ut
1439 1617 1593 1670 elapso
1625 1617 1698 1658 vix
1722 1616 1777 1658 ab
1807 1617 1898 1669 ejus

1069 1674 1192 1716 obitu
1211 1673 1514 1716 sextodecimo
1535 1686 1666 1723 anno,
1694 1673 1898 1715 universa

1069 1731 1286 1773 Toletana
1325 1730 1495 1783 synodo
1538 1730 1726 1772 duorum
1765 1742 1899 1783 supra

1070 1788 1386 1840 quinquaginta
1426 1787 1741 1840 episcoporum
1776 1786 1897 1840 plau-

1069 1844 1217 1894 dente,
1244 1844 1432 1896 ipsoque
1456 1844 1588 1885 etiam
1611 1849 1763 1886 sancto
1786 1842 1897 1885 Ilde-

1068 1901 1196 1942 fc'mso
1213 1900 1489 1951 suffragante,
1502 1900 1672 1942 Doctor
1687 1900 1898 1952 egregius,

1070 1957 1298 1999 catholicae
1308 1957 1519 1999 Ecclesiae
1534 1957 1823 1998 novissimum
1833 1956 1900 1998 de·

1070 2027 1157 2065 cus,
1171 2015 1215 2056 in
1229 2014 1492 2055 saeculorum
1506 2013 1592 2055 fine
1609 2013 1899 2062 doctissimus,

1071 2077 1115 2113 et
1133 2084 1233 2112 curn
1251 2070 1496 2113 reverentia
1514 2069 1806 2112 nominandus
1825 2082 1898 2123 ap·

1070 2128 1226 2181 pellari
1252 2128 1476 2179 meruerit;
1506 2130 1693 2179 eumque
1721 2131 1898 2168 sanctus

1070 2185 1247 2226 Braulio
1282 2197 1370 2226 non
1401 2183 1535 2226 modo
1566 2183 1781 2235 Gregorio
1809 2182 1896 2223 Ma-

1069 2254 1156 2293 gno
1175 2241 1514 2294 comparaverit,
1540 2240 1619 2282 sed
1638 2245 1682 2282 et
1701 2238 1896 2281 erudien-

1071 2298 1140 2340 dae
1157 2298 1386 2351 Hispaniae
1406 2297 1506 2339 loco
1523 2298 1547 2338 J
1549 2295 1677 2338 acobi
1690 2295 1898 2348 Apostoli

1070 2355 1244 2397 co'elitus
1264 2354 1415 2396 datum
1433 2367 1529 2395 esse
1549 2353 1777 2395 censuerit.

1122 2416 1171 2468 R.
1205 2411 1339 2452 Posui
1367 2410 1634 2463 adjutorium
1662 2421 1794 2462 super
1821 2421 1897 2461 po·

1070 2470 1254 2517 tentem,
1297 2473 1341 2509 et
1384 2466 1575 2508 exaltavi
1616 2466 1804 2507 electum
1842 2464 1898 2507 de

1071 2524 1201 2578 plebe
1240 2536 1355 2565 mea:
1396 2530 1417 2551 *
1458 2523 1613 2564 Manus
1650 2522 1765 2564 enim
1800 2534 1898 2563 mea

1071 2580 1352 2622 auxiliabitur
1384 2578 1719 2628 ei.‚x‘'.1nveni
1752 2577 1898 2620 David

1071 2651 1247 2679 servum
1278 2649 1443 2685 meum,
1486 2636 1584 2677 oleo
1614 2640 1768 2676 sancto
1797 2647 1896 2677 meo

1071 2694 1175 2735 unxi
1204 2706 1314 2736 eum.
1360 2693 1526 2734 Manus.
