2066 2956
352 244 422 277 Dic
445 244 496 277 24.
520 243 619 283 Maii.
650 243 690 276 B.
716 243 761 276 M.
781 244 822 277 V.
841 244 911 278 sub
934 244 1045 278 titulo
1070 245 1267 279 Auxilium
1293 246 1611 279 Christianm-um.

135 354 190 381 ne
210 339 420 393 providit,
446 339 490 380 in
511 351 597 390 qua
615 338 721 379 nihil
738 339 880 391 possit
898 351 961 379 es-

136 410 183 438 se
217 398 480 449 suspectum.
531 395 732 447 Denique
762 394 962 436 omnibus

137 454 282 494 omnia
301 453 416 494 facta
436 457 517 502 est;
543 451 810 503 sapientibus
835 458 878 493 et
901 452 961 492 in-

137 509 395 562 sipientibus
439 508 744 561 copiosissima
781 509 962 550 caritate

137 565 393 608 debitricem
420 578 466 606 se
492 565 607 606 fecit.
649 565 862 606 Omnibus
886 567 962 606 mi-

137 622 387 664 sericordiae
407 622 550 663 sinum
571 622 722 674 aperit,
742 627 790 663 ut
804 622 858 664 de
873 623 961 675 ple-

137 678 334 720 nitudine
376 680 467 730 ejus
505 679 721 731 accipiant
756 679 962 729 universi,

136 738 334 787 captivus
357 734 723 788 redemptionem,
752 749 868 787 aeger
893 750 962 778 cu-

135 792 367 842 rationem,
415 792 552 836 tristis
598 792 961 843 consolationem,

135 851 345 901 peccator
378 850 564 898 veniam,
600 850 736 901 justus
768 851 962 900 gratiam,

136 905 331 956 Angelus
358 906 567 947 laetitiam.
610 906 711 958 Ipsa
740 907 963 958 praeterita

134 975 222 1004 non
248 961 426 1004 discutit
451 963 619 1012 merita;
652 962 730 1004 sed
763 964 962 1006 omnibus

136 1031 233 1060 sese
253 1018 534 1068 exorabilem,
555 1019 756 1060 omnibus
777 1020 960 1062 clemen-

134 1076 348 1117 tissimam
366 1075 547 1128 praebet,
567 1076 758 1117 omnium
776 1076 962 1129 denique

134 1133 420 1174 necessitates
463 1133 731 1185 amplissimo
772 1133 963 1186 quodam

134 1189 369 1231 miseratur
395 1189 564 1231 affectu.
605 1190 709 1242 Ipsa
735 1195 802 1231 est
829 1203 962 1242 quon-

136 1244 238 1287 dam
266 1259 291 1287 a
317 1246 415 1287 Deo
447 1248 664 1299 promissa
692 1246 847 1287 mulier
876 1260 962 1287 ser-

133 1302 279 1354 pentis
304 1302 469 1355 antiqui
493 1307 626 1355 caput
650 1303 824 1344 virtutis
847 1302 961 1355 pede

135 1358 391 1408 contritura3
429 1359 549 1411 cujus
587 1358 715 1411 plane
753 1359 960 1400 calcaneo

135 1414 179 1455 in
210 1414 356 1457 multis
385 1416 588 1457 versutiis
621 1415 851 1456 insidiatus
884 1422 960 1465 est,

135 1471 213 1513 sed
237 1472 329 1513 sine
354 1485 495 1514 causa.
532 1472 634 1514 Sola
662 1472 776 1513 enim
805 1475 960 1514 contri-

134 1528 196 1569 vit
220 1529 469 1570 universam
492 1529 743 1571 haereticam
773 1531 960 1582 pravita-

134 1588 235 1626 tem.
263 1585 449 1627 Contriti
465 1591 564 1628 sunt
578 1586 844 1634 insidianteS,
861 1599 959 1628 con-

135 1641 293 1682 culcati
330 1642 703 1695 supplantatores,
749 1643 958 1684 confutati

135 1696 438 1749 derogatores,
473 1704 516 1740 et
554 1699 730 1741 beatam
768 1712 863 1740 eam
900 1698 959 1740 di-

135 1760 238 1796 cunt
261 1767 413 1796 omnes
439 1756 754 1807 generationes.
801 1756 898 1796 Jam
924 1756 959 1796 si

133 1811 331 1853 Ecclesia
351 1812 465 1854 lunae
489 1812 767 1863 intelligenda
789 1812 960 1854 videtur

134 1867 369 1919 vocabulo,
394 1868 533 1910 habes
557 1869 855 1910 mediatricem
876 1869 960 1910 evi-

134 1922 289 1965 denter
314 1927 583 1977 expressam:
610 1925 782 1975 Mulier,
811 1925 960 1977 inquit,

134 1982 292 2022 amicta
324 1981 432 2030 sole,
465 1987 508 2022 et
535 1981 637 2022 luna
665 1981 745 2022 sub
774 1980 960 2033 pedibus

135 2036 236 2086 ejus.
291 2037 621 2089 Amplectamur
647 2038 797 2078 Mariae
833 2039 960 2078 vesti-

133 2093 219 2143 gia,
250 2098 294 2134 et
326 2093 610 2135 devotissima
642 2094 960 2146 supplicatione

133 2147 274 2191 beatis
294 2150 408 2191 illius
427 2150 616 2203 pedibus
635 2150 959 2203 provolvamur.

134 2206 382 2248 Teneamus
416 2220 528 2257 eam,
563 2220 644 2248 nec
682 2206 960 2255 dimittamus,

135 2261 275 2304 donec
311 2262 586 2305 benedixerit
622 2263 762 2305 nobis:
802 2267 960 2315 potens

134 2324 200 2360 est
220 2319 344 2361 enim.

191 2375 242 2428 R.
273 2377 381 2425 Quae
411 2380 477 2416 est
504 2376 587 2417 ista
616 2388 714 2427 quae
743 2375 960 2428 processit

134 2431 245 2472 sicut
265 2431 346 2480 sol,
375 2436 418 2472 et
439 2432 630 2473 formosa
649 2437 872 2482 tamquam
890 2431 915 2470 J
918 2443 957 2471 e-

133 2486 345 2528 rusalem?
360 2486 606 2529 *Viderunt
622 2501 717 2529 eam
731 2487 833 2527 filiae
845 2487 959 2535 Sion,

134 2548 177 2584 et
194 2543 370 2585 beatam
390 2542 604 2594 dixerunt,
629 2550 672 2586 et
691 2545 851 2593 reginae
870 2542 958 2583 lau-

135 2598 346 2641 daverunt
365 2613 472 2650 eam,
492 2601 673 2651 alleluja.
705 2594 754 2646 V.
771 2600 827 2640 Et
848 2599 959 2639 sicut

135 2654 228 2696 dies
258 2655 378 2696 verni
403 2656 731 2698 circumdabant
757 2668 853 2696 eam
883 2655 958 2695 flo-

134 2723 203 2751 res
240 2713 439 2752 rosarum
477 2718 520 2754 et
558 2712 646 2752 lilia
687 2710 958 2752 convallium.

133 2766 360 2808 Viderunt.

287 2909 352 2933 Pars
368 2909 460 2934 Vernn.

1743 243 1835 287 [385]

1160 341 1216 374 Ex
1243 341 1409 383 publicis
1435 341 1699 375 Monumentis.

1316 395 1467 436 Lectio
1488 396 1539 434 vi.

1099 457 1455 497 raesentissimum
1483 457 1687 508 Deiparae
1720 458 1836 497 auxi-

1111 511 1215 552 lium
1241 512 1296 553 ad
1322 512 1542 562 religionis
1563 512 1713 553 hostes
1739 525 1837 564 pro-

1016 567 1230 619 fligandos
1266 581 1384 620 saepe
1421 568 1612 621 populus
1645 568 1836 609 christia-

1015 638 1096 665 nus
1114 625 1270 665 mirum
1286 625 1328 665 in
1342 623 1521 666 modum
1536 626 1742 677 expertus
1758 629 1838 665 est:

1016 694 1070 722 ex
1108 694 1194 733 quo
1232 681 1412 730 factum,
1456 687 1503 722 ut
1540 681 1838 722 sanctissimus

1014 738 1217 780 Pontifex
1248 739 1352 779 Pius
1390 738 1566 790 quintus
1601 743 1704 789 post
1740 738 1837 778 insi-

1015 807 1143 845 gnem
1162 795 1401 843 victoriam,
1422 794 1720 835 intercedente
1738 794 1837 835 bea-

1014 851 1181 892 tissima
1208 851 1406 901 Virgine,
1443 864 1468 891 a
1498 850 1757 891 Christianis
1784 850 1838 891 de

1014 908 1258 949 Turcarum
1289 909 1475 960 tyranno
1508 907 1626 959 apud
1658 906 1838 947 Echina-

1016 964 1094 1005 das
1114 964 1275 1005 insulas
1295 966 1584 1016 reportatam,
1612 964 1654 1003 in
1678 963 1838 1004 litaniis

1014 1021 1272 1062 Lauretanis
1297 1020 1495 1061 eamdem
1515 1021 1728 1070 Reginam
1754 1034 1837 1062 coe-

1014 1077 1156 1118 lorum
1193 1078 1304 1118 inter
1337 1077 1421 1118 alia
1454 1077 1674 1129 praeconia
1706 1076 1837 1117 Auxi-

1015 1134 1120 1174 lium
1139 1133 1484 1175 Christianorum
1508 1133 1720 1185 appellari
1740 1146 1839 1174 con-

1015 1190 1216 1231 stituerit.
1257 1189 1345 1231 Sed
1371 1189 1478 1230 illud
1507 1189 1550 1229 in
1577 1190 1727 1241 primis
1754 1202 1839 1230 me—

1015 1245 1227 1287 morabile
1255 1251 1338 1294 est,
1366 1251 1497 1297 atque
1524 1245 1740 1298 explorati
1765 1245 1839 1285 mi-

1016 1303 1152 1344 raculi
1176 1302 1276 1344 loco
1303 1301 1567 1351 habendum,
1596 1301 1715 1353 quod
1742 1315 1840 1342 cum

1015 1360 1240 1400 Romanus
1264 1359 1466 1400 Pontifex
1489 1359 1592 1399 Pius
1618 1358 1839 1410 septimus,

1013 1416 1245 1467 impiorum
1292 1415 1481 1457 consiliis
1527 1420 1569 1456 et
1615 1414 1745 1455 armis
1786 1427 1839 1455 ex

1014 1472 1273 1524 Apostolica
1291 1472 1409 1513 Petri
1432 1471 1544 1513 Sede
1571 1470 1837 1519 exturbatus,

1015 1534 1057 1570 et
1076 1534 1194 1570 arcta
1215 1528 1424 1578 custodia,
1443 1528 1687 1580 praesertim
1704 1528 1836 1568 Savo-

1013 1598 1080 1626 nae
1106 1598 1185 1637 per
1209 1598 1346 1626 annos
1374 1585 1564 1636 quinque
1589 1586 1729 1635 eoque
1751 1586 1836 1624 am-

1014 1642 1127 1694 plius
1156 1642 1309 1682 fuisset
1338 1639 1557 1690 detentus,
1590 1640 1670 1680 viis
1704 1640 1835 1680 omni-

1013 1698 1094 1740 bus
1114 1698 1286 1750 penitus
1305 1697 1561 1745 interclusis,
1582 1709 1635 1737 ne
1655 1696 1738 1736 Dei
1758 1697 1836 1737 Ec-

1014 1755 1189 1796 clesiam
1212 1756 1363 1805 regere
1383 1759 1551 1806 posset,
1579 1753 1697 1794 nullo
1723 1753 1836 1793 simi-

1013 1812 1065 1852 lis
1089 1811 1408 1864 persecutionis
1431 1810 1473 1850 in
1497 1810 1652 1862 priscis
1678 1809 1836 1850 annali-

1014 1868 1095 1909 bus
1116 1866 1332 1919 exemplo,
1359 1866 1584 1918 inopinato
1609 1870 1653 1906 et
1676 1870 1837 1917 praeter

1014 1924 1205 1965 omnium
1238 1922 1611 1976 exspectationem
1645 1921 1836 1971 contigit,

1013 1986 1061 2021 ut
1074 1980 1235 2031 ingenti
1252 1979 1417 2032 plausu,
1433 1991 1483 2019 ac
1500 1978 1633 2019 veluti
1650 1977 1837 2017 universi

1014 2036 1132 2078 orbis
1157 2036 1357 2077 manibus
1382 2035 1610 2088 pontificio
1637 2032 1748 2074 solio
1772 2045 1835 2073 re-

1014 2094 1276 2134 stitueretur.
1306 2091 1434 2142 Quod
1454 2096 1498 2132 et
1517 2089 1709 2131 secundo
1726 2089 1834 2129 acci-

1014 2149 1092 2198 dit,
1112 2148 1215 2190 dum
1234 2151 1390 2189 iterum
1410 2149 1630 2189 commoto
1650 2145 1835 2194 turbine,

1013 2205 1067 2247 ab
1101 2205 1220 2246 Urbe
1254 2203 1501 2253 discedens,
1540 2215 1665 2243 sacro
1705 2201 1835 2242 comi-

1011 2264 1131 2303 tante
1159 2260 1448 2303 Cardinalium
1476 2259 1678 2309 collegio,
1706 2258 1832 2308 Ligu-

1013 2318 1121 2358 riam
1141 2316 1375 2359 contendit.
1407 2317 1570 2357 Verum
1589 2316 1834 2367 praesentis-

1013 2374 1121 2415 simo
1147 2374 1231 2414 Dei
1255 2372 1486 2421 beneficio,
1513 2373 1711 2412 cessante
1735 2383 1834 2422 pro-

1013 2430 1138 2479 cella,
1169 2442 1266 2480 quae
1292 2441 1425 2479 grave
1453 2427 1697 2468 minabatur
1723 2428 1834 2468 exci-

1013 2485 1147 2535 dium,
1176 2486 1377 2532 Romam,
1405 2482 1713 2536 plaudentibus
1741 2495 1833 2535 prae

1011 2554 1127 2583 novo
1147 2541 1306 2592 gaudio
1326 2540 1516 2592 populis,
1536 2541 1737 2580 reversus
1757 2544 1834 2580 est.

1012 2598 1154 2639 Antea
1172 2603 1332 2646 tamen,
1362 2595 1480 2648 quod
1505 2596 1547 2636 in
1567 2595 1681 2636 votis
1700 2594 1834 2637 habu-

1012 2659 1121 2702 erat,
1146 2659 1188 2694 et
1213 2652 1464 2704 captivitate
1489 2651 1690 2693 detentus
1713 2653 1832 2692 exse-

1013 2710 1087 2762 qui
1106 2711 1377 2760 nequiverat,
1403 2711 1534 2748 aurea
1555 2710 1717 2748 corona
1736 2708 1832 2747 insi-

1011 2779 1140 2816 gnem
1163 2765 1347 2806 Savonae
1372 2764 1603 2814 imaginem
1627 2764 1831 2815 Deiparae
