2066 2956
532 195 598 228 nie
623 196 652 228 2.
677 195 791 228 ¹Iunii.
841 195 878 227 13.
907 195 950 228 M.
978 196 1099 227 Annae
1124 205 1142 227 ιι
1169 193 1262 228 ,IL-su
1288 194 1334 228 dc
1361 194 1526 228 Pau-edes
1554 194 1654 235 Virg.

247 292 302 333 ad
330 294 590 344 promissum
618 304 799 342 regnum
825 290 1066 332 humilitate

246 351 485 400 pervenire.
538 347 733 400 Ideoque
769 349 860 399 ejus
893 346 1067 388 labores

245 404 403 446 blande
429 404 698 454 consolatus,
728 417 858 457 quam
885 417 1066 455 regnum

245 461 327 502 Dei
351 466 517 502 tantum
544 463 740 512 quaerere
764 460 982 513 praecipit,
1010 462 1065 502 ei-

246 517 344 558 dem
364 530 542 567 regnum
562 530 587 558 a
600 518 729 558 Patre
746 517 937 559 dandum
951 529 1065 558 com-

244 573 406 625 placita
424 573 691 625 benignitate
711 574 937 626 promittit.

299 631 344 681 R*-
376 631 465 672 Iste
492 635 558 671 est
585 630 659 682 qui
683 635 783 671 ante
811 630 954 671 Deum
978 642 1065 670 ma-

243 699 350 736 gnas
374 686 556 728 virtutes
586 688 794 739 operatus
822 691 905 735 est,
938 690 982 727 et
1010 684 1065 727 de

244 743 359 783 omni
398 741 530 784 corde
570 755 650 784 suo
687 742 882 783 laudavit
918 742 1065 783 Domi-

243 811 362 839 num:
377 799 397 819 *
419 800 519 851 Ipse
544 799 785 841 intercedat
811 811 893 851 pro
912 801 1064 851 pecca-

243 855 300 896 tis
337 856 529 896 omnium
566 855 847 908 populorum,
884 854 1064 906 allehiJa.

244 908 291 958 V
316 911 431 953 Ecce
455 911 586 953 homo
606 912 698 953 sine
718 911 910 963 querela,
935 923 1064 952 verus

243 967 326 1009 Dei
354 968 509 1018 cultor,
538 968 761 1010 abstinens
789 981 836 1009 se
862 968 917 1009 ab
947 969 1064 1009 omni

247 1026 380 1076 opere
407 1024 540 1074 malo,
575 1030 618 1066 et
646 1026 905 1077 permanens
932 1024 975 1065 in
1003 1025 1063 1065 in-

242 1081 443 1122 nocentia
463 1095 550 1123 sua.
584 1082 697 1134 Ipse.

524 1138 672 1178 Lectio
694 1139 777 1177 viii.

242 1187 466 1292 Vendite
494 1206 591 1246 quae
610 1194 861 1247 possidetis,
896 1199 939 1236 et
963 1194 1064 1237 date

337 1251 667 1303 eleemosynam.
714 1251 880 1300 Nolite,
914 1251 1063 1303 inquit,

241 1307 403 1356 timere,
422 1319 477 1348 ne
495 1312 677 1360 propter
695 1320 875 1358 regnum
890 1308 973 1348 Dei
987 1309 1063 1348 mi-

240 1363 482 1413 litantibus,
519 1363 643 1414 hujus
679 1364 781 1405 vitae
818 1364 1062 1405 necessaria

241 1419 397 1461 desint:
430 1421 532 1472 quin
565 1420 695 1461 etiam
726 1422 932 1472 possessa
964 1433 1062 1473 pro-

239 1480 339 1528 pter
365 1476 686 1528 eleemesynam
710 1475 896 1518 vendite.
933 1477 1062 1526 Quod

239 1537 342 1573 tunc
362 1532 491 1583 digne
510 1533 573 1582 fit,
603 1532 778 1585 quando
805 1533 902 1585 quis
927 1533 1062 1575 semel

239 1601 320 1640 pro
341 1590 528 1630 Domino
553 1590 642 1630 suis
666 1588 865 1630 omnibus
890 1590 1060 1642 spretis,

239 1645 515 1686 nihilominus
542 1651 642 1698 post
669 1645 764 1686 haec
793 1645 944 1687 labore
972 1648 1058 1687 ma-

239 1714 387 1751 nuum,
414 1702 528 1744 unde
554 1707 597 1743 et
621 1702 784 1743 vietum
809 1704 1059 1754 transigere,

241 1762 284 1798 et
309 1758 629 1810 eleemosynam
654 1757 758 1800 dare
784 1763 930 1810 queat,
959 1771 1060 1811 ope-

241 1815 371 1854 ratur.
413 1814 536 1856 Unde
568 1814 778 1865 gloriatur
804 1815 1059 1867 ApostoluS,

240 1868 403 1910 dicens:
430 1870 679 1920 Argentum,
706 1875 779 1912 aut
799 1884 961 1921 aurum,
986 1878 1060 1913 aut

239 1930 406 1967 vestem
424 1926 581 1967 nullius
601 1927 848 1980 concupivi:
870 1927 954 1979 ipsi
980 1928 1058 1969 sci-

238 1981 309 2030 tis,
335 1982 539 2034 quoniam
559 1982 614 2024 ad
635 1995 686 2024 ea
705 1996 804 2035 quae
822 1983 928 2023 mihi
948 1996 1059 2036 opus

241 2043 376 2087 erant,
406 2043 449 2079 et
473 2038 539 2079 his
561 2039 633 2091 qui
652 2052 822 2081 mecum
842 2045 956 2089 sunt,
984 2041 1058 2081 mi-

239 2094 530 2136 nistraverunt
561 2108 714 2136 manus
742 2095 849 2136 istae.
905 2096 1059 2138 Omnia

240 2150 410 2192 ostendi
444 2150 579 2201 vobis,
614 2151 817 2203 quoniam
849 2152 912 2193 sic
943 2152 1058 2194 labo-

238 2207 384 2248 rantes
408 2209 584 2259 oportet
607 2210 829 2260 suscipere
852 2208 1059 2250 infirmos.

292 2260 338 2309 R·-
370 2262 462 2304 Sint
494 2263 629 2305 lumbi
659 2264 792 2305 vestri
824 2266 1058 2316 praecincti,

240 2322 282 2358 et
318 2317 505 2360 lucernae
543 2319 745 2361 ardentes
783 2320 825 2360 in
858 2321 1058 2363 manibus

240 2375 408 2414 vestris:
440 2372 460 2393 ²*
492 2375 547 2416 Et
575 2388 655 2417 vos
683 2375 845 2417 similes
877 2375 1057 2418 homini-

240 2427 319 2468 bus
351 2431 704 2482 exspectantibus
736 2431 959 2473 dominum
991 2447 1057 2475 su-

239 2496 326 2532 um,
360 2486 533 2544 quando
562 2490 805 2529 revertatur
833 2501 858 2529 a
885 2490 1058 2541 nuptiis,

240 2538 417 2591 alleluja.
444 2532 490 2582 Υ
522 2543 708 2593 Vigilate
729 2557 844 2595 ergo,
869 2545 968 2596 quia
986 2559 1056 2587 ne-

239 2595 358 2636 scitis
401 2609 484 2648 qua
520 2598 627 2640 hora
662 2600 876 2641 Dominus
914 2606 1058 2643 vester

237 2654 445 2747 {emarus
467 2654 534 2697 sit.
567 2655 623 2696 Et
643 2669 668 2695 v
672 2668 732 2696 os.
759 2655 910 2697 Gloria
929 2657 1057 2698 Patri.

310 2719 400 2748 vos.

1213 288 1285 322 Pro
1307 290 1340 322 S.
1359 289 1484 322 Felice
1510 289 1534 322 l.
1556 289 1659 331 l‘upn
1685 296 1718 322 ct
1742 288 1846 322 Mart.

1418 341 1568 381 Lectio
1590 341 1640 380 ix.

1128 412 1172 468 l*
1204 399 1289 441 elix
1314 401 1557 450 Romanus,
1587 406 1711 454 patre
1733 402 1942 444 Constan-

1129 476 1131 490 ι
1149 470 1155 480 *
1171 460 1174 471 ²
1219 457 1293 506 tio,
1308 456 1545 498 Aureliano
1556 457 1823 510 imperatore
1833 460 1941 511 prae-

1119 513 1199 554 fuit
1217 513 1440 555 Ecclesiae.
1478 514 1715 555 Constituit
1737 519 1785 556 ut
1808 515 1943 557 Missa

1120 582 1252 622 supra
1269 570 1501 611 memorias
1521 574 1565 612 et
1583 570 1816 623 sepulchra
1831 572 1943 613 Mar-

1119 631 1262 678 tyrum
1276 625 1581 668 celebraretur.
1608 627 1692 676 Qui
1711 639 1809 669 cum
1827 640 1943 670 men-

1119 695 1165 723 se
1192 681 1427 724 Decembri
1454 682 1680 725 habuisset
1708 682 1943 725 ordinatio-

1118 751 1195 780 nes
1221 738 1345 787 duas,
1374 744 1417 780 et
1442 741 1637 780 creasset
1661 739 1944 792 presbyteros

1117 808 1290 845 novem,
1315 795 1525 837 diaconos
1547 795 1754 848 quinque,
1773 799 1942 849 episco-

1117 865 1200 904 pos
1217 865 1296 904 per
1312 851 1487 893 diversa
1499 851 1596 893 loca
1612 853 1815 904 quinque,
1833 866 1942 895 mar-

1117 909 1230 960 tyrio
1250 910 1503 954 coronatus,
1529 908 1598 949 via
1619 908 1796 951 Aurelia
1820 922 1942 962 sepe-

1118 963 1218 1006 litur
1247 965 1290 1005 in
1317 964 1499 1007 basilica
1527 977 1658 1016 quam
1685 978 1711 1006 a
1736 978 1783 1007 se
1809 964 1943 1008 aedifi-

1119 1023 1262 1062 catam
1286 1021 1521 1063 dedicarat.
1557 1021 1679 1063 Vixit
1703 1022 1747 1062 in
1771 1022 1943 1075 pontifi·

1118 1079 1219 1119 catu
1238 1091 1376 1119 annos
1396 1077 1524 1124 duos,
1547 1091 1720 1120 menses
1745 1081 1943 1131 quatuor,

1118 1133 1212 1175 dies
1232 1135 1383 1185 viginti
1402 1146 1572 1175 novem.

1168 1191 1231 1232 Te
1249 1191 1393 1232 Deum
1410 1189 1650 1231 laudamus.
1669 1191 1728 1232 15.

1168 1251 1230 1284 Ad
1255 1251 1283 1284 Ι
1287 1251 1371 1285 ιιι.ι(ἰ
1394 1261 1464 1294 pro
1490 1261 1684 1285 commem
1710 1252 1744 1285 S.
1766 1250 1918 1285 Felicis.

1168 1304 1266 1343 Ant.
1298 1303 1417 1345 Filiae
1435 1305 1694 1355 Jerusalem,
1713 1307 1874 1353 venite,
1898 1310 1942 1347 et

1116 1358 1260 1401 videte
1280 1360 1496 1412 Martyres
1520 1373 1618 1402 cum
1638 1361 1825 1411 coroniS,
1851 1355 1940 1414 qui-

1115 1415 1197 1457 bus
1222 1417 1450 1458 coronavit
1475 1429 1552 1458 eos
1570 1417 1816 1459 Dominus
1804 1431 1848 1459 111
1867 1416 1939 1460 die

1115 1472 1403 1514 solemnitatis
1424 1479 1467 1515 et
1485 1473 1661 1524 laetitiae,
1680 1474 1863 1526 alleluja,
1881 1473 1939 1516 al-

1114 1528 1253 1581 leli'1ja.

1168 1583 1216 1629 Y·
1229 1586 1429 1628 Pretiosa
1442 1586 1485 1627 in
1501 1588 1740 1639 conspectu
1750 1587 1939 1637 Domini,

1114 1641 1295 1694 alleluja.
1328 1641 1379 1692 R.
1408 1643 1529 1684 Mors
1557 1645 1808 1685 sanctorum
1835 1644 1939 1696 ejus,

1114 1697 1294 1749 alleluja.

1370 1754 1681 1783 ψ-

1295 1807 1759 1880 FESTAJUNII.

1382 1938 1466 1980 Die
1484 1940 1521 1980 2.
1539 1939 1564 1980 J
1565 1939 1664 1980 unii.

1167 2001 1218 2042 B.
1243 2002 1417 2044 Mariae
1438 2003 1598 2045 Annae
1624 2013 1655 2044 a
1674 2003 1795 2044 Jesu
1819 2002 1880 2044 de

1304 2059 1521 2101 Par-edes
1541 2058 1581 2097 V
1584 2058 1742 2105 irginis.

1442 2117 1604 2161 Duplex.

1165 2169 1300 2203 Omnia
1325 2170 1370 2203 de
1390 2169 1532 2204 Comm.
1548 2170 1651 2213 Virg.
1673 2174 1779 2218 [100]
1796 2174 1936 2213 praeter

1113 2218 1320 2260 sequentia.

1447 2262 1607 2302 Oratio.

1112 2315 1286 2421 Deus,
1307 2325 1380 2376 qui
1398 2325 1510 2366 inter
1529 2325 1678 2367 saeculi
1698 2325 1828 2368 etiam
1845 2326 1934 2367 ille-

1206 2381 1359 2422 cebras
1384 2381 1559 2422 beatam
1583 2382 1764 2423 Mariam
1782 2383 1934 2432 Anam,

1112 2441 1159 2477 ut
1177 2436 1313 2478 lilium
1332 2437 1443 2478 inter
1462 2438 1623 2489 spinas,
1647 2438 1848 2488 virginali
1866 2451 1933 2480 ca-

1111 2492 1274 2542 stitate,
1295 2498 1338 2534 et
1356 2493 1442 2545 jugi
1460 2494 1715 2546 poenitentia
1733 2494 1933 2536 floresce-

1110 2561 1157 2589 re
1186 2549 1376 2590 voluisti:
1404 2555 1567 2601 praesta
1596 2552 1858 2602 quaesumus;
1886 2555 1934 2592 ut

1111 2605 1201 2655 ejus
1220 2606 1385 2646 meritis
1405 2611 1449 2647 et
1470 2606 1781 2648 intercessione
1801 2612 1933 2648 retra-

1111 2660 1265 2702 hamur
1284 2675 1309 2702 a
1323 2663 1437 2704 vitiis
1456 2668 1499 2704 et
1517 2662 1779 2715 perfectiora
1799 2665 1933 2705 secte-

1110 2730 1214 2758 mur.
1242 2718 1325 2759 Per
1343 2718 1589 2760 Dominum.
