2028 2892
574 165 676 199 Infra
703 166 994 201 Hebdomadam
1019 166 1055 200 ii.
1082 167 1403 209 Quadragcsinuc.

143 266 187 304 et
206 261 331 314 quasi
354 260 565 302 interfuso
585 260 768 301 luxuriae
788 259 964 301 saecula-

142 318 202 359 ris
229 322 358 366 aestu,
389 316 578 359 divortia
605 316 767 358 habere
795 318 964 358 sancto-

143 372 260 416 rum?
287 374 462 415 Etenim
486 373 560 425 qui
586 385 682 424 sea
706 372 878 414 Christo
902 374 965 414 se-

143 435 286 484 parat,
317 429 441 472 exsul
467 434 534 472 est
559 429 731 482 patriae,
764 429 869 470 civis
900 434 966 470 est

1771 165 1835 200 159

1241 263 1319 304 Ad
1344 264 1610 314 vesperas.

1097 322 1351 373 Capitulum.
1548 324 1703 375 Ephcs.
1723 325 1759 363 ἵ).

1099 382 1253 419 ratres:
1286 376 1438 418 Estote
1469 376 1708 419 imitatores
1739 378 1836 427 Dei,

1113 434 1225 475 sicut
1243 433 1321 473 filii
1340 432 1565 473 carissimi:
1586 438 1629 475 et
1648 434 1835 475 ambula-

142 487 304 529 mundi.
340 486 428 528 Sed
449 499 529 528 nos
553 498 640 527 non
665 498 813 527 sumus
839 485 965 527 &idve-
1018 495 1062 532 te
1087 490 1130 530 in
1158 489 1406 539 dilectione,
1434 489 1546 530 sicut
1573 494 1616 531 et
1640 490 1836 532 Christus

142 557 211 586 nae
231 549 364 596 atque
389 542 624 596 peregrini,
652 542 732 583 sed
757 542 874 584 cives
900 555 966 583 su·
1020 546 1171 588 dilexit
1184 559 1275 596 nos,
1296 551 1338 587 et
1356 545 1537 587 tradidit
1555 549 1835 599 semetipsum

142 613 238 642 mus
262 602 527 649 sanctorum,
554 603 598 640 et
623 598 851 640 domestici
873 598 966 640 Dei.

1019 615 1099 654 pro
1128 602 1253 644 nobis
1282 602 1548 643 oblationem
1580 606 1623 643 et
1650 602 1835 644 hestiam

145 657 228 707 Qui
253 657 368 698 enim
393 658 566 698 eramus
591 654 736 706 longe,
771 655 874 696 facti
900 668 966 696 su-
1019 659 1115 700 Deo
1135 660 1179 700 in
1198 658 1379 700 odorem
1400 658 1634 699 suavitatis.

142 726 240 755 mus
280 725 422 766 prope
463 713 507 753 in
549 711 759 762 sanguine
797 711 966 752 Christi.

142 770 244 811 Non
270 768 542 811 invideamus
570 767 625 810 de
649 767 885 820 longinqua
903 780 966 808 re-

143 827 272 878 giene
307 825 618 868 remeantibus:
660 825 761 877 quia
804 829 847 866 et
887 837 966 865 nos

143 883 303 925 fuimus
322 883 365 923 in
385 882 563 934 regiene
581 882 832 933 longinqua,
858 881 968 922 sicut

143 940 281 981 Isaias
301 939 443 981 docet.
479 939 550 981 Sic
574 938 689 981 enim
708 938 859 980 habes:
885 937 967 988 Qui

144 995 358 1038 sedebant
386 996 430 1036 in
458 996 635 1046 regiene
662 994 830 1036 umbrae
855 1007 967 1035 mor-

143 1053 216 1103 tis,
246 1053 322 1094 lux
347 1058 444 1094 orta
469 1057 536 1094 est
560 1051 656 1092 illis.
698 1052 838 1102 Regio
865 1064 967 1102 ergo

143 1109 391 1162 longinqua,
410 1108 564 1150 umbra
584 1113 650 1150 est
667 1108 830 1149 mortis.

196 1175 246 1227 Rr.
272 1169 376 1212 Vidi
394 1170 641 1211 Dominum.
661 1170 742 1210 151.

443 1249 595 1289 Lectio
615 1249 668 1288 iii.

238 1322 287 1351 os
307 1315 471 1359 autem,
492 1308 650 1362 quibus
669 1308 847 1361 spiritus
868 1312 967 1348 ante

253 1367 410 1408 faciem
431 1366 629 1408 Christus
656 1370 722 1407 est
743 1364 968 1413 Dominus,

143 1423 187 1464 in
207 1423 362 1465 umbra
381 1423 566 1464 vivimus
585 1421 756 1462 Christi.
789 1421 845 1461 Et
867 1419 967 1461 ideo

144 1479 250 1522 dicit
268 1479 482 1521 Ecclesia:
505 1479 556 1519 In
579 1477 733 1519 umbra
757 1478 848 1530 ejus
869 1489 968 1518 con-

145 1536 306 1589 cupivi,
330 1540 373 1578 et
391 1535 496 1577 sedi.
530 1534 611 1576 Ille
629 1534 761 1586 igitur
780 1533 968 1575 vivendo

144 1592 377 1643 luxuriose,
396 1592 668 1644 consumpsit
684 1590 830 1642 omnia
846 1602 967 1631 orna-

143 1651 290 1691 menta
308 1652 489 1690 naturae.
520 1647 648 1690 Unde
667 1652 729 1697 tu,
757 1646 830 1700 qui
849 1659 968 1688 acce-

143 1706 248 1759 pisti
271 1706 504 1757 imaginem
522 1704 623 1754 Dei,
653 1704 727 1756 qui
752 1703 888 1745 habes
917 1703 968 1744 si-

144 1761 432 1804 militudinem
452 1762 559 1814 ejus,
577 1761 668 1802 noli
688 1758 784 1803 eam
801 1760 969 1801 irratio-

145 1818 278 1861 nabili
306 1818 508 1861 foeditate
535 1820 805 1860 consumere.
846 1816 968 1869 Opus

145 1875 229 1918 Dei
265 1888 326 1917 es:
363 1875 454 1917 noli
490 1875 607 1926 ligno
642 1873 802 1923 dicere,
838 1873 969 1914 Pater

145 1945 334 1984 meuses
353 1937 416 1974 tu:
439 1944 494 1973 ne
519 1930 710 1983 accipias
730 1928 968 1970 similitudi-

146 2001 245 2030 nem
262 1988 378 2039 ligni,
399 1988 499 2041 quia
518 1988 728 2040 scriptum
749 1990 830 2027 est:
848 1985 968 2026 Simi-

145 2044 209 2086 les
228 2044 312 2086 illis
330 2045 437 2086 fiant
457 2045 531 2097 qui
550 2044 713 2085 faciunt
732 2055 793 2084 ea.

200 2106 250 2158 Rt·
274 2103 383 2146 Cum
401 2104 606 2146 audisset.
624 2104 704 2144 151.

198 2174 271 2215 Ad
292 2173 452 2215 Bened.
485 2175 586 2214 Ant.
619 2172 788 2214 Vadam
814 2171 870 2213 ad
895 2183 968 2223 pa-

146 2236 259 2272 trem
283 2243 445 2280 meum,
464 2230 487 2255 *
511 2235 556 2272 et
580 2230 723 2271 dicam
749 2228 803 2270 ei:
827 2227 968 2277 Pater,

147 2287 215 2328 fac
237 2300 308 2329 me
328 2287 441 2328 sicut
463 2299 597 2328 unum
616 2299 670 2328 ex
688 2283 968 2327 mercenariis

146 2343 242 2386 tuis.

483 2392 645 2433 Oratio.

147 2454 272 2561 Da,
306 2466 555 2517 quaesumus
579 2463 780 2511 Domine,
807 2460 967 2502 nostris

245 2521 447 2564 effectum
465 2519 633 2572 jejuniis
653 2518 901 2560 salutarem:
920 2520 968 2556 ut

147 2578 375 2628 castigatio
394 2576 535 2618 carnis
554 2578 792 2627 assumpta,
819 2572 875 2614 ad
893 2584 967 2612 no—

147 2636 335 2676 strarum
344 2632 667 2683 vegetationem
676 2633 868 2672 transeat
879 2627 966 2669 ani-

146 2691 326 2731 marum.
352 2689 436 2730 Per
453 2688 699 2730 Dominum.

1331 731 1538 781 Hymnus.

1130 780 1215 831 udi,
1235 780 1420 830 benigne
1443 779 1663 830 conditor,

1156 837 1343 878 Nostras
1366 849 1518 889 preces
1538 850 1635 877 cum
1655 836 1837 884 fletibus,

1098 894 1148 934 In
1167 894 1251 935 hoc
1270 906 1395 934 sacro
1415 893 1570 944 jejunio

1098 951 1236 991 Fusas
1257 950 1612 1002 quadragenario.

1047 1018 1273 1059 Scrutator
1292 1015 1402 1057 alme
1422 1014 1629 1063 cordium,

1097 1073 1275 1114 Infirma
1292 1077 1340 1113 tu
1360 1072 1445 1113 scis
1464 1071 1634 1112 virium:

1099 1129 1172 1171 Ad
1189 1134 1233 1170 te
1252 1128 1438 1170 reversis
1457 1127 1612 1169 exhibe

1098 1185 1384 1227 Remissic'mis
1403 1184 1597 1235 gratiam.

1049 1251 1230 1294 Multum
1251 1249 1426 1302 quidem
1444 1249 1731 1301 peccavimus,

1098 1307 1186 1348 Sed
1204 1319 1335 1359 parce
1355 1305 1672 1347 confitentibus:

1098 1363 1169 1405 Ad
1188 1363 1371 1404 nominis
1391 1361 1563 1403 laudem
1580 1361 1644 1402 tui

1098 1420 1256 1462 Confer
1277 1418 1491 1460 medelam
1511 1417 1735 1469 languidis.

1051 1483 1251 1528 Concede
1270 1488 1465 1524 nostrum
1485 1482 1651 1523 conteri

1099 1542 1269 1594 Corpus
1288 1552 1367 1592 per
1386 1538 1702 1588 abstinentiam3

1099 1597 1248 1650 Culpae
1267 1601 1315 1638 ut
1333 1595 1578 1647 relinquant
1595 1594 1802 1647 pabulum

1097 1655 1122 1696 J
1125 1655 1249 1706 ejuna
1267 1651 1400 1694 corda
1418 1651 1653 1693 criminum.

1049 1722 1214 1761 Praesta
1231 1718 1361 1760 beata
1379 1716 1580 1766 Trinitas,

1100 1775 1303 1818 Concede
1322 1773 1507 1825 simplex
1524 1773 1690 1820 Unitas;

1097 1833 1156 1875 Ut
1174 1832 1396 1873 fructuosa
1415 1830 1502 1871 sint
1520 1829 1604 1870 tuis

1097 1889 1122 1929 J
1125 1888 1363 1940 ejuniomm
1380 1889 1570 1927 munera.
1597 1885 1746 1926 Amen.

1077 1940 1126 1991 V.
1148 1944 1327 1995 Angelis
1354 1943 1442 1984 suis
1468 1942 1588 1983 Deus
1614 1938 1835 1981 mandavit

1021 2002 1076 2044 de
1094 2007 1148 2043 te.
1172 2000 1222 2051 Ru
1237 2001 1296 2043 Ut
1315 1998 1563 2042 custodiant
1581 2002 1624 2039 te
1643 1997 1686 2037 in
1705 1994 1834 2037 omni-

1019 2058 1102 2100 bus
1121 2057 1201 2098 viis
1220 2057 1317 2099 tuis

1076 2111 1147 2152 Ad
1171 2112 1341 2162 Magnif.
1392 2112 1491 2151 Ant.
1537 2108 1657 2150 Dixit
1692 2110 1834 2147 autem

1020 2174 1144 2222 pater
1169 2170 1192 2196 *
1216 2168 1272 2210 ad
1297 2179 1447 2209 servos
1471 2177 1587 2208 suos:
1615 2163 1711 2204 Cito
1736 2173 1833 2213 pro-

1020 2227 1128 2267 ferte
1147 2225 1305 2267 stolam
1325 2223 1524 2276 primam,
1545 2225 1587 2262 et
1605 2218 1769 2259 induite
1787 2216 1832 2257 il-

1020 2282 1119 2332 lum,
1139 2287 1182 2324 et
1201 2282 1302 2323 date
1318 2278 1519 2321 annulum
1533 2277 1576 2317 in
1589 2287 1718 2315 manu
1732 2273 1834 2325 ejus,

1020 2343 1064 2380 et
1081 2338 1372 2380 calceamenta
1390 2336 1434 2376 in
1452 2331 1636 2385 pedibus
1657 2330 1756 2381 ejus.

1356 2395 1516 2437 Oratio.

1101 2453 1319 2493 uaesumus
1335 2447 1606 2497 omnipotens
1620 2443 1750 2492 Deus,
1769 2453 1834 2482 vo-

1026 2444 1157 2605 Qta
1177 2504 1401 2547 humilium
1423 2500 1605 2552 respice:
1627 2504 1758 2551 atque
1777 2496 1833 2538 ad

1051 2577 1074 2606 e
1094 2563 1315 2606 ensienem
1364 2561 1558 2598 nostram
1611 2555 1833 2597 dexteram

1019 2625 1105 2662 tuae
1124 2615 1358 2669 maiestatis
1378 2612 1572 2654 extende.
1605 2612 1689 2653 Per
1708 2611 1831 2652 Dfim.

1273 2703 1316 2706 „⁷
1331 2702 1334 2704 .
1348 2688 1578 2718 offla,
