2028 2892
764 163 966 198 Dominica
992 165 1040 199 ad
1065 165 1300 201 Matutinum.

1839 176 1878 210 11

236 255 283 288 Et
311 265 388 288 non
416 256 602 298 repetitur
633 257 671 290 in
699 258 868 293 Psalmo:
902 261 1007 303 quod

183 311 334 345 semper
358 302 413 339 fit.
439 304 594 346 quando
612 305 699 339 Ant.
726 306 860 349 incipit
886 319 906 341 a
931 309 1006 351 pri-

181 359 243 383 mo
261 349 383 383 Versu
402 350 563 389 Psalmi2
587 358 622 386 et
640 353 699 387 Ps.
718 358 807 388 tunc
825 355 1006 399 incipitur

181 398 228 431 ab
253 408 298 432 eo
317 400 451 442 verbo,
476 400 514 433 in
538 410 613 443 quo
638 401 777 436 desinit
795 404 896 446 Ant,
922 406 1003 439 sive

179 445 327 489 integra
347 447 510 489 dicatur,
537 448 618 482 sive
642 455 786 484 tantum
806 452 1003 496 inchoata3

180 494 212 527 si
230 498 355 528 tamen
374 495 507 529 eadem
526 497 602 530 sint
616 498 744 541 verba,
763 504 798 533 et
810 501 1003 535 continue—

178 546 238 576 tur
254 542 342 577 Ant.
361 554 445 577 cum
463 545 628 579 Psalmo.

452 606 650 647 Psalmus
672 608 726 647 17.

176 668 414 774 Diligam
462 679 506 715 te
553 675 741 717 Dumine
790 677 1000 720 fortitudo

288 742 400 771 mea:
414 731 438 755 *
452 731 667 773 Dominus
682 732 1001 776 firmamentum

175 797 337 835 meum,
370 791 414 828 et
445 787 659 838 refugium
686 802 846 840 meum,
881 796 924 832 et
955 791 1000 832 li-

175 840 354 883 berator
381 856 515 885 meus.

227 898 348 940 Deus
380 912 503 941 meus
537 900 708 953 adjutor
740 916 878 953 meUS,
906 904 929 929 *
958 909 1001 946 et

175 954 364 1007 sperabo
384 956 428 996 in
448 969 557 998 eum.

225 1011 457 1054 Protector
476 1026 610 1063 meus,
632 1019 675 1056 et
694 1028 829 1056 cornu
848 1016 999 1058 salutis

173 1081 296 1118 meae,
315 1069 339 1094 *
358 1074 402 1110 et
421 1072 651 1123 susceptor
669 1084 802 1112 meus.

224 1129 429 1171 Laudans
457 1131 672 1173 invocabo
700 1132 952 1174 Dominum:
976 1134 999 1159 *

173 1190 217 1227 et
236 1185 290 1227 ab
310 1186 494 1228 inimicis
513 1188 623 1229 meis
643 1188 788 1229 salvus
809 1202 895 1231 ero.

225 1246 614 1290 Circumdederunt
623 1261 693 1290 me
702 1248 878 1291 dolores
886 1264 998 1292 mor-

171 1303 242 1345 tis:
266 1304 289 1329 *
315 1308 359 1346 et
385 1307 603 1346 torrentes
631 1305 870 1358 iniquitatis
899 1320 997 1349 con-

170 1359 458 1402 turbaverunt
475 1374 556 1403 me.

223 1420 413 1462 Dolores
440 1422 595 1463 inferni
620 1422 999 1466 circumdederunt

170 1489 255 1518 me:
274 1477 297 1502 *
315 1479 738 1530 praeoccupaverunt
760 1493 829 1521 me
852 1480 997 1532 laquei

170 1533 336 1574 mortis.

222 1593 274 1634 In
287 1593 567 1636 tribulatione
582 1607 680 1636 mea
694 1596 895 1638 invocavi
909 1597 996 1638 Do-

170 1650 354 1700 minum,
372 1651 396 1676 *
416 1655 459 1692 et
488 1650 544 1692 ad
569 1651 713 1693 Deum
740 1666 886 1694 meum
914 1653 996 1695 cla-

169 1707 300 1747 mavi:

222 1763 279 1804 Et
311 1763 533 1805 exaudivit
563 1764 618 1806 de
649 1765 815 1818 templo
843 1772 994 1808 sancto

170 1831 250 1860 suo
264 1832 420 1861 vocem
434 1833 590 1862 meam:
601 1821 624 1846 *
635 1826 679 1862 et
694 1821 858 1864 clamor
872 1836 994 1864 meus

168 1875 212 1916 in
236 1878 476 1929 conspectu
502 1878 606 1929 ejus,
635 1878 829 1920 introivit
856 1879 899 1920 in
923 1892 993 1920 au-

168 1945 239 1973 res
259 1933 359 1985 ejus.

221 1993 452 2035 Commuta
470 1999 561 2046 est„
572 1999 615 2036 et
634 1996 894 2037 contremuit
909 2001 991 2038 ter-

167 2062 230 2090 ra:
248 2051 272 2076 *
291 2050 571 2092 fundamenta
589 2052 801 2092 montium
821 2057 991 2094 contur-

166 2105 270 2148 bata
289 2111 404 2156 sunt,
430 2112 473 2148 et
498 2109 718 2149 commuta
741 2113 855 2158 sunt,
887 2111 990 2161 quo-

166 2162 282 2204 niam
299 2163 437 2205 iratus
457 2169 523 2204 est
542 2164 615 2205 eis.

217 2222 431 2265 Ascendit
462 2223 605 2265 fumus
633 2224 679 2270 in
710 2224 774 2264 ira
806 2225 913 2275 ejus:
946 2230 990 2266 et

166 2279 278 2330 ignis
302 2292 327 2320 a
351 2279 460 2321 facie
486 2280 575 2331 ejus
601 2280 777 2321 exarsit:
795 2280 817 2306 *
838 2280 987 2322 carbo-

164 2348 242 2377 nes
262 2336 459 2377 succensi
478 2341 577 2377 sunt
596 2335 650 2377 ab
672 2349 735 2377 eo.

215 2396 444 2438 Inclinavit
463 2396 615 2445 coelos,
639 2401 683 2438 et
706 2396 943 2438 descendit:
963 2398 986 2423 *

165 2457 209 2493 et
228 2452 367 2503 caligo
387 2451 467 2493 sub
486 2452 672 2505 pedibus
693 2453 792 2505 ejus.

215 2513 272 2554 Et
296 2512 491 2554 ascendit
514 2526 645 2565 super
670 2512 916 2563 Cherubim,
942 2519 985 2555 et

163 2569 346 2610 volavit:
381 2570 405 2594 *
444 2569 609 2611 volavit
649 2582 780 2622 super
818 2581 998 2623 pennas⁴

162 2627 403 2667 ventorum.

214 2681 270 2723 Et
287 2681 436 2736 posuit
454 2680 656 2724 tenebras
675 2680 901 2723 latibulum
915 2693 982 2723 su-

1055 276 1144 312 um,
1168 264 1212 304 in
1236 265 1419 308 circuitu
1443 269 1532 318 ejus
1551 269 1877 312 tabernaculum

1056 319 1159 370 ejus:
1182 321 1206 346 *
1229 322 1462 365 tenebrosa
1486 337 1599 377 aqua
1621 327 1664 367 in
1689 327 1875 369 nubibus

1056 376 1180 417 aeris.

1106 432 1203 474 Prae
1236 434 1404 485 fulgore
1440 437 1483 476 in
1517 441 1754 491 conspectu
1786 441 1875 491 ejus

1054 487 1191 530 nubes
1210 491 1482 542 transierunt,
1498 494 1521 519 *
1539 494 1704 544 grando
1725 501 1768 537 et
1787 509 1874 537 car-

1054 543 1191 586 b6nes
1210 547 1330 597 ignis.

1105 601 1162 643 Et
1180 603 1366 645 intonuit
1385 604 1439 646 de
1459 606 1572 647 coelo
1587 607 1810 657 Dominus⁷
1831 614 1874 650 et

1053 657 1303 700 Altissimus
1341 660 1461 702 dedit
1492 675 1645 703 vocem
1682 677 1817 704 suam:
1849 666 1872 690 *

1053 714 1219 764 grando
1241 721 1284 757 et
1303 716 1514 759 carbones
1533 719 1652 769 ignis.

1105 771 1161 812 Et
1178 772 1296 813 misit
1310 775 1490 823 sagittas
1507 788 1616 824 suas,
1637 780 1679 816 et
1696 775 1872 828 dissipa-

1053 827 1114 868 vit
1134 840 1225 868 eos:
1244 828 1266 853 *
1287 829 1456 880 fulgura
1486 831 1801 884 multiplicavit,
1830 838 1872 874 et

1053 883 1330 926 conturbavit
1349 898 1435 926 eos.

1103 940 1160 981 Et
1178 943 1473 993 apparuerunt
1493 943 1634 984 fontes
1650 947 1870 996 aquarum,

1052 996 1076 1021 *
1100 1001 1143 1037 et
1166 997 1358 1039 revelata
1382 1004 1481 1040 sunt
1505 999 1782 1041 fundamenta
1806 1013 1871 1041 or-

1051 1051 1118 1093 bis
1137 1055 1364 1094 terrarum:

1078 1116 1082 1120 '
1103 1108 1173 1150 Ab
1198 1110 1492 1162 increpatione
1521 1117 1595 1152 tua
1618 1112 1819 1162 Domine,
1846 1114 1870 1139 *

1052 1164 1106 1206 ab
1125 1165 1406 1218 inspiratis'me
1426 1168 1602 1219 spiritus
1621 1168 1696 1209 irae
1716 1174 1814 1209 tuae.

1103 1221 1221 1263 Misit
1245 1222 1299 1264 de
1324 1236 1509 1273 summo,
1535 1229 1578 1265 et
1602 1225 1769 1277 accepit
1787 1239 1870 1267 me:

1051 1278 1074 1303 *
1094 1283 1137 1319 et
1156 1279 1390 1331 assumpsit
1409 1293 1477 1321 me
1498 1280 1551 1321 de
1573 1281 1695 1332 aquis
1714 1281 1869 1322 multis.

1102 1335 1273 1386 Eripuit
1291 1349 1360 1377 me
1385 1335 1438 1377 de
1458 1337 1642 1377 inimicis
1661 1338 1767 1378 meis
1786 1338 1868 1378 for-

1050 1391 1243 1440 tissimis,
1269 1396 1311 1433 et
1335 1391 1389 1433 ab
1414 1393 1466 1433 iis
1492 1393 1564 1444 qui
1584 1392 1768 1434 oderunt
1786 1407 1868 1435 me:

1049 1447 1073 1472 *
1085 1448 1289 1499 quoniam
1300 1448 1531 1489 confortati
1541 1454 1640 1489 sunt
1651 1462 1779 1501 super
1788 1462 1867 1490 me.

1100 1503 1412 1545 Praevenerunt
1434 1517 1502 1545 me
1521 1505 1564 1544 in
1584 1504 1652 1546 die
1672 1505 1865 1546 affiictio-

1048 1560 1115 1600 nis
1139 1572 1263 1601 meae:
1282 1561 1305 1586 *
1326 1565 1369 1601 et
1395 1560 1534 1601 factus
1565 1566 1630 1602 est
1654 1561 1866 1602 Duminus

1049 1617 1273 1668 protector
1291 1629 1424 1658 meus.

1100 1672 1157 1713 Et
1184 1672 1334 1713 eduxit
1360 1686 1429 1714 me
1461 1673 1503 1713 in
1531 1672 1815 1714 latitudinem:
1842 1674 1865 1699 *

1049 1728 1216 1769 salvum
1226 1741 1294 1769 me
1306 1729 1417 1778 fecit,
1431 1730 1633 1781 quuniam
1640 1729 1776 1770 voluit
1786 1743 1864 1770 me.

1099 1785 1156 1825 Et
1187 1784 1396 1826 retribuet
1426 1785 1531 1825 mihi
1559 1786 1769 1826 Dominus
1802 1798 1864 1826 se-

1048 1840 1237 1882 cundum
1264 1841 1469 1892 justitiam
1496 1855 1652 1891 meam,
1680 1842 1703 1867 *
1731 1847 1774 1883 et
1801 1854 1862 1883 se—

1047 1896 1235 1938 cundum
1262 1897 1496 1949 puritatem
1523 1900 1727 1938 manuum
1750 1900 1861 1939 mea-

1045 1965 1141 1994 rum
1159 1952 1369 1994 retribuet
1386 1953 1506 1994 mihi:

1097 2009 1207 2060 Quia
1243 2009 1458 2051 custodivi
1493 2010 1585 2051 vias
1616 2011 1805 2058 Domini,
1837 2010 1860 2035 *

1043 2078 1124 2107 nec
1142 2065 1272 2118 impie
1291 2066 1406 2116 gessi
1425 2079 1450 2106 a
1467 2067 1563 2108 Deo
1582 2079 1690 2107 meo.

1095 2122 1307 2172 Quoniam
1341 2123 1484 2163 Omnia
1513 2121 1669 2174 iudicia
1701 2123 1789 2173 ejus
1815 2122 1858 2162 in

1043 2179 1280 2230 conspectu
1307 2190 1420 2219 meo:
1439 2179 1463 2204 *
1487 2183 1529 2219 et
1555 2178 1735 2229 justitias
1768 2178 1857 2229 ejus

1041 2246 1128 2275 non
1146 2233 1286 2286 repuli
1304 2246 1328 2274 a
1347 2246 1427 2275 me.

1091 2290 1148 2330 Et
1166 2302 1241 2330 ero
1257 2289 1556 2330 immaculatus
1571 2301 1668 2330 cum
1684 2301 1751 2330 eo:
1770 2289 1793 2315 *
1813 2294 1856 2331 et

1040 2345 1286 2387 observabo
1305 2358 1374 2386 me
1393 2345 1447 2386 ab
1466 2345 1691 2396 iniquitate
1710 2358 1816 2386 mea.

1090 2402 1147 2443 Et
1178 2400 1388 2443 retribuet
1418 2399 1523 2440 mihi
1549 2400 1762 2441 D6minus
1790 2413 1853 2442 se-

1039 2457 1227 2498 eundum
1256 2457 1459 2508 justitiam
1486 2468 1640 2497 meam:
1667 2457 1691 2482 *
1719 2461 1762 2498 et
1789 2469 1851 2497 se-

1038 2513 1226 2554 cundum
1249 2512 1482 2565 puritatem
1509 2514 1712 2552 manuum
1739 2513 1851 2553 mea-

1036 2582 1131 2610 rum
1150 2569 1193 2609 in
1212 2569 1448 2619 conspectu
1467 2567 1690 2608 oculorum
1709 2568 1808 2618 ejus.

1088 2625 1195 2666 Cum
1226 2627 1375 2664 saneto
1413 2628 1588 2664 sanctus
1620 2623 1719 2672 eris,
1750 2623 1774 2648 *
1806 2627 1848 2663 et

1034 2693 1132 2724 eum
1155 2680 1246 2721 viro
1270 2679 1497 2721 innocente
1521 2681 1725 2721 innocens
1749 2678 1847 2720 eris:
