2066 2904
218 171 283 205 524

280 272 423 306 Deinde
448 272 487 303 tit
511 279 703 303 commem.
729 267 889 311 praeced.

278 324 362 364 Ant
396 319 501 361 Veni
521 329 681 370 sponsa
702 316 869 366 Christi,
889 317 1037 370 accipe

221 378 435 425 coronam,
457 388 585 427 quam
605 373 682 415 tibi
698 373 909 414 Dominus
930 386 1036 426 prae-

220 432 389 484 paravit
407 432 449 472 in
469 432 687 479 aeternum,
706 429 884 481 alleluja.

279 489 325 538 Y.
359 487 526 528 Diffusa
563 492 630 528 est
664 486 801 537 gratia
837 486 878 526 in
911 484 1036 527 labiis

221 544 324 591 tuis,
349 543 529 594 alleluja.
572 547 620 595 R.
646 542 883 594 Propterea
910 541 1036 583 bene-

221 599 329 641 dixit
348 605 390 641 te
409 600 529 641 Deus
552 599 593 639 in
611 600 834 647 aeternum,
860 597 1038 648 alleluja.

278 667 316 700 ln
350 667 372 699 1.
404 666 599 699 Noeturno
635 665 834 698 Lectiones
868 662 913 695 de
944 661 1039 695 Scri-

228 723 335 758 ptura
361 719 589 747 occurrente.

455 775 502 812 In
522 774 571 812 Π.
591 774 810 812 Nocturno.

524 837 672 878 Lectio
695 837 745 875 iv.

231 898 261 922 ὁ
307 893 592 947 ugustinus
617 891 771 931 Romae
800 891 842 931 in
865 891 1038 932 Latera-

342 952 355 966 ’·
385 947 505 988 nensi
523 946 724 988 coenobio
743 947 992 996 monachus,
1014 960 1038 988 a

307 1000 328 1026 2²
385 1003 598 1054 Gregorio
612 1003 771 1053 Magno
790 1016 890 1044 cum
908 1003 1038 1045 sociis

221 1059 442 1100 monachis
468 1059 556 1100 fere
581 1059 867 1111 quadraginta
891 1060 933 1100 in
952 1060 1037 1100 An-

221 1115 350 1165 gliam
377 1116 533 1156 missus
559 1121 625 1156 est
651 1128 762 1157 anno
789 1116 1037 1167 quingente-

222 1172 331 1212 simo
352 1172 631 1222 nonagesimo
652 1172 851 1224 septimo,
875 1178 921 1213 ut
940 1185 1038 1223 gen-

221 1233 287 1270 tes
311 1228 405 1269 illas
428 1227 484 1268 ad
512 1227 728 1269 Christum
756 1230 1039 1270 converteret.

222 1285 326 1325 Erat
353 1297 405 1325 eo
432 1286 630 1337 tempore
658 1297 734 1326 rex
762 1284 1038 1326 Ethelbertus

222 1341 263 1381 in
281 1340 432 1381 Cantio
448 1341 785 1393 potentissimus,
806 1341 878 1393 qui
893 1341 1040 1383 audita

222 1396 432 1438 adventus
474 1397 705 1448 Augustini
748 1409 896 1447 causa,
941 1410 1040 1439 eum

222 1465 319 1494 cum
348 1453 476 1494 sociis
505 1453 796 1502 Cantuariam,
825 1453 891 1494 sui
919 1454 1040 1505 regni

221 1509 512 1561 metropolim,
537 1509 750 1559 invitavit3
782 1509 929 1561 ibique
953 1523 1039 1551 ma·

223 1563 351 1606 nendi
378 1570 421 1606 et
445 1565 662 1607 Christum
687 1565 957 1618 praedicandi
982 1567 1038 1608 fa-

222 1620 427 1661 cultatem
446 1620 587 1662 eidem
610 1621 845 1663 liberaliter
864 1624 1039 1664 conces-

222 1676 287 1717 sit.
325 1677 466 1726 Quare
490 1682 663 1718 sanctus
687 1678 752 1718 vir
775 1691 914 1730 prope
935 1678 1039 1719 Can-

223 1732 406 1773 tuariam
438 1733 673 1774 oratorium
705 1734 935 1785 exstruxit,
966 1735 1041 1776 ubi

224 1788 316 1840 ipse
353 1788 616 1840 aliquamdiu
653 1790 869 1840 consedit,
909 1796 1039 1844 atque

224 1844 509 1897 apostolicam
525 1846 698 1888 vivendi
713 1847 924 1889 rationem
943 1861 1041 1889 cum

225 1901 313 1942 suis
333 1901 560 1943 aemulatus
581 1907 657 1944 est.

281 1961 327 2010 Ιςι.
352 1958 501 1998 Inveni
519 1958 663 2000 David
687 1972 860 2001 servum
886 1973 1039 2010 meum,

227 2013 324 2055 oleo
351 2019 500 2055 sancto
526 2027 623 2056 meo
648 2016 751 2057 unxi
778 2029 889 2057 eum:
911 2020 931 2040 *
954 2017 1040 2058 Ma-

224 2083 305 2111 nus
326 2070 439 2111 enim
459 2083 555 2112 mea
576 2071 851 2114 auxiliabitur
873 2074 922 2123 ei,
943 2074 1041 2115 alle-

226 2126 321 2178 luja,
346 2123 394 2174 V.
415 2126 535 2168 Nihil
558 2128 760 2179 proficiet
779 2129 974 2171 inimicus
999 2130 1043 2170 in

226 2195 290 2230 eo,
310 2187 352 2223 et
372 2182 487 2223 filius
506 2183 745 2236 iniquitatis
764 2197 851 2226 non
869 2185 1043 2227 nocebit

227 2238 276 2279 ei.
300 2238 453 2280 Manus
475 2240 597 2281 enim.

531 2296 679 2336 Lectio
701 2311 734 2336 ι’.

304 2350 466 2392 oelestis
495 2350 705 2393 doctrinae
732 2351 1043 2404 praedicatione

315 2406 510 2458 plurimis
535 2407 706 2449 firmata
732 2408 965 2458 miraculis,
993 2422 1044 2451 ac

228 2461 328 2502 vitae
360 2464 561 2516 exemplo
599 2465 661 2505 sic
693 2464 913 2506 insulanos
944 2465 1043 2507 illos

229 2515 445 2567 demulsit,
475 2525 521 2561 ut
549 2522 699 2561 eorum
725 2520 961 2572 plerosque
989 2521 1044 2563 ad

229 2571 503 2615 christianam
530 2575 661 2618 fidem
687 2576 958 2629 perduxerit,
995 2590 1044 2619 ac

230 2628 402 2669 demum
429 2643 574 2681 regem
602 2633 762 2685 ipsum,
790 2646 919 2685 quem
948 2646 1045 2674 cum

230 2684 453 2727 innumero
482 2690 655 2729 suorum
684 2689 891 2731 comitatu
920 2702 1044 2731 sacro

601 173 667 206 Dic
693 174 746 205 28.
775 171 871 210 Maii.
918 173 951 204 S.
978 169 1184 210 Augustini
1213 168 1335 211 Epise.
1362 174 1396 202 et
1421 166 1528 201 Conf.

1089 265 1208 307 fonte
1227 265 1440 315 lustravit,
1460 276 1627 305 summa
1645 276 1743 305 cum
1761 263 1912 306 laetitia

1089 321 1265 362 Berthae
1298 321 1430 372 regiae
1463 320 1629 369 uxoris,
1670 332 1769 371 quae
1803 320 1912 362 chri·

1090 377 1231 419 stiana
1245 383 1348 420 erat.
1377 377 1493 418 Olim
1506 376 1550 416 in
1564 375 1711 418 Natali
1725 376 1913 427 Domini,

1090 446 1189 474 cum
1225 433 1378 475 decem
1419 431 1609 473 millibus
1646 437 1690 474 et
1726 432 1912 485 amplius

1089 489 1354 541 baptismum
1378 490 1420 530 in
1445 488 1570 529 alveo
1591 488 1779 530 fluminis
1799 488 1912 531 Ebo-

1090 546 1181 587 raci
1213 546 1487 594 contulisset,
1521 549 1742 597 quotquot
1774 558 1829 587 ex
1860 546 1913 587 iis

1089 602 1244 643 morbo
1283 602 1430 653 aliquo
1464 600 1608 642 affecti
1640 606 1779 651 erant,
1815 615 1913 644 cum

1091 658 1246 699 animae
1266 658 1416 707 salute,
1437 657 1634 709 corporis
1654 666 1912 711 quoque'sa-

1090 714 1272 756 nitatem
1304 716 1524 766 recepisse
1562 715 1785 756 memoriae
1814 717 1913 767 pro-

1092 770 1230 812 ditum
1253 776 1329 812 est.
1362 770 1387 811 J
1390 783 1493 811 ussu
1517 770 1719 821 Gregorii
1743 770 1913 813 ordina·

1089 830 1159 867 tus
1196 829 1446 879 episcopus,
1483 826 1634 869 sedem
1666 827 1914 869 Cantuariae

1090 883 1273 924 instituit
1295 883 1337 923 in
1362 883 1547 925 ecclesia
1564 883 1804 925 Salvatoris
1823 897 1848 925 a
1867 897 1914 926 se

1091 940 1245 988 erecta,
1264 939 1307 979 in
1328 952 1413 990 qua
1432 939 1670 981 monachos
1688 940 1834 993 operis
1849 941 1915 982 sui

1091 995 1377 1037 subsidiarios
1415 996 1662 1047 collocavit;
1700 1002 1743 1039 et
1776 997 1914 1040 sancti

1090 1052 1207 1093 Petri
1221 1053 1545 1103 monasterium,
1566 1053 1685 1106 quod
1698 1056 1857 1107 postea
1871 1058 1915 1096 et

1092 1122 1116 1149 a
1142 1121 1223 1150 suo
1246 1109 1420 1151 nomine
1445 1108 1610 1152 dictum
1637 1115 1720 1160 est,
1747 1111 1791 1151 in
1816 1109 1914 1152 sub-

1092 1165 1268 1220 urbanis
1300 1167 1555 1208 construxit.
1595 1166 1719 1208 Idem
1752 1167 1915 1218 Grego-

1092 1222 1181 1263 rius
1207 1235 1332 1263 usum
1357 1223 1480 1275 pallii
1505 1236 1605 1264 eum
1623 1223 1830 1266 facultate
1849 1236 1915 1265 ec-

1094 1278 1351 1320 clesiasticae
1387 1278 1643 1321 hierarchiae
1679 1280 1723 1320 in
1758 1279 1917 1331 Anglia

1092 1334 1369 1377 instituendae
1397 1336 1437 1377 ei
1465 1337 1699 1386 concessit,
1728 1349 1815 1389 quo
1841 1349 1916 1378 no-

1093 1404 1191 1432 vam
1235 1393 1365 1434 etiam
1407 1393 1707 1445 operariorum
1742 1405 1917 1435 manum

1092 1448 1223 1498 misit,
1268 1462 1426 1502 nempe
1460 1449 1690 1499 Mellitum,
1734 1449 1917 1499 Justum,

1092 1504 1329 1555 Paulinum,
1350 1511 1393 1548 et
1411 1506 1703 1547 Rufinianum.

1148 1563 1196 1602 Ra
1228 1562 1362 1603 Posui
1390 1562 1652 1615 adjutorium
1682 1575 1814 1616 super
1839 1575 1916 1615 po·
1975 1558 1978 1561 ’

1091 1619 1271 1668 tentem,
1313 1624 1357 1660 et
1401 1618 1590 1660 exaltavi
1634 1618 1821 1660 electum
1862 1618 1917 1661 de

1092 1673 1223 1726 plebe
1258 1687 1371 1716 mea:
1416 1677 1438 1699 *
1476 1675 1631 1716 Manus
1667 1675 1781 1717 enim
1820 1688 1919 1717 mea

1094 1730 1371 1773 auxiliabitur
1389 1732 1445 1781 ei,
1473 1731 1654 1783 alleluja.
1693 1726 1743 1778 V.
1768 1731 1919 1773 Inveni

1092 1786 1237 1829 David
1263 1800 1437 1830 servum
1454 1801 1618 1837 meum,
1642 1787 1742 1830 oleo
1766 1793 1918 1830 sancto

1094 1855 1192 1886 meo
1212 1844 1315 1885 unxi
1334 1857 1443 1886 eum.
1496 1844 1650 1886 Manus
1671 1844 1795 1886 enim.

1395 1901 1546 1941 Lectio
1566 1901 1619 1940 vi.

1094 1952 1376 2058 Dispositis
1413 1958 1503 2010 ejus
1539 1957 1736 1999 ecclesiae
1773 1956 1919 2007 rebus,

1197 2013 1413 2068 synodum
1461 2013 1613 2056 habuit
1649 2013 1919 2065 Augustinus

1094 2084 1193 2113 cum
1231 2071 1453 2124 episcopis
1494 2075 1626 2123 atque
1663 2069 1919 2112 doctoribus

1093 2130 1290 2170 veterum
1310 2128 1553 2177 Britonum,
1583 2128 1657 2179 qui
1675 2127 1719 2168 in
1737 2126 1919 2169 Paschae

1094 2184 1387 2226 celebratione
1431 2183 1614 2236 aliisque
1663 2183 1820 2225 ritibus
1863 2183 1918 2225 ab

1094 2240 1291 2282 Ecclesia
1306 2241 1505 2282 Romana
1523 2239 1776 2292 jamdudum
1796 2239 1918 2281 dissi-

1095 2296 1266 2338 debant.
1304 2296 1391 2338 Sed
1415 2310 1514 2338 cum
1539 2309 1616 2338 eos
1639 2308 1781 2349 neque
1801 2296 1919 2349 Apo-

1095 2353 1263 2395 stolicae
1299 2352 1425 2394 Sedis
1461 2353 1741 2403 auctoritate,
1776 2365 1920 2405 neque

1094 2409 1313 2450 miraculis
1340 2411 1518 2451 movere
1545 2413 1699 2462 posset
1726 2414 1774 2450 ut
1797 2407 1920 2450 dissi-

1096 2464 1171 2507 dio
1199 2467 1439 2515 cessarent,
1475 2465 1735 2518 prophetico
1764 2465 1920 2518 spiritu

1097 2522 1159 2563 eis
1188 2520 1405 2563 excidium
1432 2522 1752 2574 praenuntiavit.
1791 2521 1920 2562 Deni-

1098 2590 1182 2630 que
1206 2578 1406 2618 maximis
1430 2591 1511 2630 pro
1533 2578 1706 2620 Christo
1731 2577 1919 2620 exantla-

1095 2635 1151 2675 tis
1166 2634 1399 2684 laboribus,
1418 2634 1635 2675 miraculis
1651 2635 1805 2684 clarus,
1822 2647 1920 2676 cum

1097 2690 1309 2733 Mellitum
1319 2690 1584 2732 Londine'nsi
1598 2690 1795 2743 ecclesiae
1810 2703 1919 2743 prae-
