2028 2892
169 187 236 221 224

229 285 276 333 lgm
299 282 503 325 Senieres
522 280 677 333 populi
696 279 927 321 consilium
944 279 1001 320 fe-

172 342 338 388 cerunt,
360 342 381 364 ¹⁸
406 338 464 380 Ut
488 338 512 378 J
516 350 639 379 esum
663 336 767 378 dolo
794 338 1001 384 tenerent,

173 401 217 437 et
245 394 514 436 occiderent:
555 406 656 435 cum
682 392 839 444 gladiis
869 397 913 433 et
939 391 1001 432 fu-

171 451 311 493 stibus
349 450 548 492 exierunt
583 455 808 501 tamquam
851 447 908 489 ad
943 447 1001 488 la-

171 510 353 549 trenem.
397 504 441 554 X.
463 506 744 557 Collegerunt
769 504 1001 557 pontifices

172 569 215 605 et
240 563 448 616 pharisaei
472 562 716 626 concilium.
756 562 817 603 Ut
841 561 864 601 J
868 573 1001 602 esum.

173 620 386 661 Seniores.

433 703 512 743 Ad
537 702 746 755 Laudes.

228 773 326 812 Ant.
355 768 611 811 justificeris
633 768 821 810 Demine
844 769 888 809 in
913 781 999 809 ser-

171 824 376 866 monibus
398 825 501 875 tuis,
531 829 575 867 et
598 824 746 866 vincas
772 837 872 866 cum
895 825 999 876 judi-

171 881 295 922 caris.

444 951 511 990 I's
505 951 641 991 ilmus
662 952 733 990 ὀί).

176 1030 207 1072 ἐ·
223 1021 287 1068 2:³³5
315 1011 490 1052 'serere
517 1011 604 1052 mei
630 1012 769 1060 Deus,
797 1012 820 1038 *
849 1015 1000 1053 secun-

234 1051 286 1075 fi&

172 1077 263 1130 ις
258 1072 287 1124 ς,
314 1066 459 1108 dum
509 1080 713 1118 magnam
756 1068 1000 1109 misericer-

213 1129 216 1132 ’
243 1131 284 1144 ⁴*
314 1120 323 1143 '³
353 1123 470 1164 diam
497 1129 628 1165 tuam.

221 1142 277 1221 Et
303 1179 545 1221 secundum
573 1180 898 1223 multitudinem
924 1181 1000 1221 mi-

170 1236 438 1277 seratienum
464 1238 654 1287 tuarum,
673 1237 697 1263 *
721 1237 819 1279 dele
846 1237 1000 1288 iniqui-

168 1294 305 1333 tatem
324 1304 477 1333 meam.

220 1347 425 1399 Amplius
452 1348 551 1389 lava
578 1361 649 1389 me
681 1348 736 1390 ab
768 1349 1000 1401 iniquitate

168 1417 281 1446 mea:
291 1405 315 1430 *
327 1408 371 1445 et
386 1417 411 1445 a
425 1406 611 1457 peccato
626 1417 726 1446 meo
740 1404 905 1446 munda
919 1418 1000 1447 me.

221 1461 438 1510 Quoniam
456 1461 734 1513 iniquitatem
752 1474 897 1503 meam
917 1474 999 1513 ego

169 1519 404 1567 cognosco:
440 1517 464 1543 *
503 1522 547 1558 et
583 1520 817 1569 peccatum
853 1530 1000 1560 meum

170 1577 324 1614 contra
341 1586 412 1615 me
433 1577 499 1615 est
518 1586 704 1625 semper.

222 1628 323 1670 Tibi
343 1629 426 1670 soli
449 1629 647 1680 peccavi,
673 1634 717 1671 et
739 1629 904 1670 malum
929 1643 999 1671 co-

169 1697 262 1725 ram
280 1690 325 1725 te
344 1685 441 1725 feci:
460 1686 484 1712 *
502 1690 552 1725 ut
574 1685 819 1735 justificeris
842 1686 886 1726 in
913 1698 999 1727 ser-

168 1740 373 1782 menibus
396 1740 500 1790 tuiS,
529 1745 573 1782 et
595 1741 745 1782 vincas
771 1754 870 1782 eum
892 1741 999 1793 judi-

170 1796 294 1838 caris.

221 1852 337 1894 Ecce
365 1852 480 1894 enim
503 1853 547 1893 in
572 1852 874 1905 iniquitatibus
898 1866 999 1895 con-

170 1910 326 1961 ceptus
345 1922 458 1950 sum:
482 1909 506 1934 *
533 1913 576 1951 et
602 1909 646 1949 in
673 1910 870 1961 peccatis
899 1923 998 1952 con-

169 1965 288 2017 cepit
304 1977 376 2006 me
392 1970 532 2007 mater
551 1977 660 2006 mea.

220 2022 337 2063 Ecce
362 2021 477 2063 enim
495 2021 725 2063 veritatem
749 2021 956 2064 dilexisti:
975 2026 999 2051 *

168 2078 335 2119 incerta
367 2082 411 2119 et
442 2077 616 2118 occulta
653 2078 879 2130 sapientiae
911 2084 999 2121 tuae

167 2133 460 2175 manifestasti
478 2133 596 2174 mihi.

219 2190 444 2242 Asperges
468 2202 538 2230 me
564 2189 778 2242 hyssopo,
811 2195 855 2232 et
878 2204 998 2233 mun-

169 2244 324 2287 dabor:
344 2245 368 2270 *
392 2244 559 2287 lavabis
587 2258 674 2294 me,
708 2250 752 2287 et
779 2259 912 2298 super
939 2248 998 2288 ni-

168 2313 267 2342 vem
287 2299 541 2342 dealbabor,

220 2355 403 2398 Auditui
430 2370 530 2399 meo
565 2356 690 2399 dabis
718 2357 927 2409 gaudium
955 2365 998 2401 et

167 2412 377 2509 laeiistiam:
395 2415 419 2441 *
438 2419 482 2455 et
502 2413 788 2456 exsultabunt
807 2427 909 2456 ossa
922 2415 997 2456 hu-

167 2469 226 2508 mi
247 2468 340 2509 'ata

219 2524 385 2566 Averte
412 2525 569 2566 faciem
601 2530 721 2567 tuam
750 2538 775 2567 a
801 2528 998 2578 peccatis

167 2581 290 2677 gielis:
309 2583 332 2608 *
356 2585 400 2623 et
424 2593 576 2623 omnes
600 2582 853 2634 iniquitates
877 2596 998 2624 meas

200 2649 223 2678 e
243 2649 276 2678 e.

220 2692 307 2733 Cor
334 2694 545 2735 mundum
574 2707 674 2736 crea
701 2695 744 2735 in
768 2707 838 2736 me
862 2695 998 2736 Deus:

759 191 869 223 Fcria
897 201 928 222 ι’.
955 190 991 222 in
1017 191 1137 222 (hisnu
1164 188 1328 221 Domini.

1053 279 1077 305 *
1098 282 1142 319 et
1166 278 1367 331 spiritum
1391 283 1560 320 rectum
1582 279 1744 318 innova
1761 276 1807 317 in
1824 276 1885 317 vi-

1055 333 1252 376 sceribus
1269 334 1391 376 meis.

1105 390 1174 432 Ne
1198 390 1404 443 projicias
1427 403 1498 431 me
1517 402 1543 431 a
1561 389 1672 430 facie
1690 393 1780 430 tua:
1799 388 1823 415 *
1843 393 1887 431 et

1054 447 1264 499 Spiritum
1283 451 1484 489 sanctum
1501 450 1626 488 tuum
1641 458 1696 487 ne
1713 445 1886 487 auferas

1054 516 1080 545 a
1098 515 1179 544 me.

1106 558 1263 601 Redde
1302 559 1408 600 mihi
1447 559 1646 601 laetitiam
1681 558 1887 600 salutaris

1054 615 1134 657 tui:
1159 615 1183 641 *
1210 620 1254 657 et
1282 616 1442 687 spiritu
1469 613 1702 668 principali
1731 613 1885 656 confir-

1053 684 1126 712 ma
1143 684 1225 713 me.

1104 726 1291 770 Doceb'o
1325 728 1500 780 iniquos
1527 728 1622 769 vias
1648 730 1762 769 tuas:
1789 726 1814 752 *
1842 730 1886 768 et

1053 785 1176 836 impii
1195 783 1253 826 ad
1271 789 1316 826 te
1336 786 1659 826 convertentur.

1104 840 1266 882 Libera
1284 853 1355 882 me
1375 839 1431 882 de
1450 839 1734 892 sanguinibus
1752 839 1886 888 Deus,

1053 897 1176 951 Deus
1205 897 1358 939 salutis
1383 909 1512 938 meae:
1530 896 1554 923 *
1574 901 1618 938 et
1647 894 1886 937 exsultabit

1053 952 1202 1004 lingua
1219 966 1318 994 mea
1336 953 1546 1005 justitiam
1563 958 1696 995 tuam.

1105 1009 1310 1059 Domine,
1336 1009 1453 1051 labia
1474 1022 1574 1051 mea
1593 1008 1780 1061 aperies:
1798 1006 1822 1033 *
1842 1010 1887 1049 et

1055 1078 1105 1107 os
1120 1078 1266 1107 meum
1282 1065 1556 1108 annuntiabit
1568 1064 1745 1107 laudem
1753 1067 1886 1105 tuam.

1107 1122 1326 1171 Quoniam
1377 1122 1414 1163 si
1461 1121 1678 1163 voluisses
1723 1119 1886 1161 sacrifi-

1054 1178 1184 1227 cium,
1209 1178 1432 1220 dedissem
1451 1178 1618 1230 utique:
1637 1178 1661 1204 *
1679 1176 1886 1219 holocau-

1054 1234 1134 1275 stis
1153 1247 1241 1275 non
1260 1233 1564 1276 delectaberis.

1105 1290 1376 1332 Sacrificium
1397 1291 1496 1332 Deo
1525 1290 1704 1343 spiritus
1729 1290 1886 1331 contri-

1052 1346 1244 1388 bulatus:
1263 1347 1287 1373 *
1307 1359 1383 1388 cor
1403 1348 1658 1395 contritum,
1684 1350 1728 1387 et
1749 1345 1886 1386 humi-

1053 1402 1207 1444 liatum
1225 1403 1347 1445 Deus
1366 1415 1456 1444 non
1475 1402 1706 1455 despicies.

1105 1459 1302 1510 Benigne
1321 1459 1390 1500 fac
1405 1458 1595 1500 Demine
1613 1458 1658 1499 in
1676 1457 1794 1499 bona
1812 1469 1886 1499 vo-

1052 1514 1220 1556 luntate
1247 1519 1324 1556 tua
1350 1514 1469 1557 Sion:
1492 1516 1517 1543 *
1535 1518 1585 1556 ιιι
1613 1513 1886 1555 aedificentur

1052 1571 1165 1612 muri
1182 1571 1438 1613 Jerusalem.

1104 1627 1232 1669 Tunc
1256 1626 1511 1680 acceptabis
1536 1626 1800 1668 sacrificium
1826 1626 1886 1678 ju·

1054 1683 1199 1733 stitiae,
1223 1683 1484 1733 oblatieneS‚
1508 1687 1552 1725 et
1570 1682 1845 1724 holocausta:
1861 1682 1886 1708 *

1052 1743 1162 1836 tunc:l
1184 1739 1412 1792 impenent
1439 1751 1573 1792 super
1597 1738 1736 1780 altare
1760 1742 1886 1780 tuum

1053 1797 1146 1836 vitu
1165 1808 1226 1837 os.

1108 1864 1208 1903 Ant.
1237 1860 1494 1902 Justificeris
1513 1859 1705 1901 Domine
1728 1859 1773 1900 in
1798 1871 1886 1901 ser-

1051 1916 1256 1958 menibus
1279 1917 1383 1967 tuiS,
1412 1921 1456 1958 et
1481 1916 1630 1958 vineas
1656 1928 1755 1957 cum
1778 1914 1886 1968 judi-

1053 1985 1177 2014 caris.

1108 2039 1208 2078 Ant.
1236 2037 1450 2078 Dominus
1469 2042 1694 2089 tamquam
1713 2035 1809 2077 ovis
1828 2035 1886 2077 ad

1053 2094 1276 2135 victimam
1302 2092 1459 2135 ductus
1485 2098 1569 2143 est,
1601 2097 1644 2134 et
1672 2105 1761 2134 non
1786 2093 1885 2144 ape-

1052 2150 1139 2191 ruit
1158 2162 1209 2191 os
1229 2162 1366 2191 suum.

1326 2231 1524 2271 Psalmus
1544 2232 1609 2271 89.

1143 2304 1304 2353 emine,
1332 2303 1547 2355 refugium
1571 2303 1712 2344 factus
1739 2315 1786 2344 es
1808 2314 1884 2344 no-

1147 2360 1230 2402 bis:
1248 2359 1272 2386 *
1292 2372 1317 2400 a
1338 2360 1622 2410 generatione
1643 2359 1687 2399 in
1705 2370 1883 2408 genera-

1051 2417 1228 2458 tienem.

1102 2472 1367 2523 Priusquam
1397 2475 1571 2513 montes
1599 2470 1772 2520 fierent,
1809 2475 1885 2512 aut

1052 2529 1316 2570 formaretur
1337 2532 1455 2569 terra
1481 2532 1525 2569 et
1548 2526 1682 2568 orbis:
1706 2527 1731 2552 *
1754 2539 1779 2567 a
1805 2529 1883 2568 sae-

1052 2585 1151 2626 culo
1185 2588 1229 2626 et
1262 2596 1402 2636 usque
1436 2583 1480 2623 in
1513 2582 1723 2624 saeculum
1754 2587 1803 2624 tu
1836 2595 1883 2624 es

1051 2641 1184 2682 Deus.

1103 2697 1172 2738 Ne
1197 2698 1371 2739 avertas
1401 2695 1622 2737 hominem
1645 2694 1689 2735 in
1714 2693 1881 2735 humili-
