2028 2892
672 166 782 200 Furia
810 168 859 201 iii.
886 170 1042 209 maioris
1068 170 1343 206 I‘lebdomadae.

495 262 657 303 Oratio.

237 318 367 370 djuva
402 331 484 360 nos
517 320 639 361 Deus
677 320 880 363 salutaris
913 336 987 365 no-

262 379 362 425 ster,
381 380 424 416 et
443 374 500 416 ad
514 374 728 417 beneficia
741 377 986 429 recolenda,

160 430 318 482 quibus
336 444 418 472 nos
437 431 680 473 instaurare
706 432 909 483 dignatus
928 448 986 485 es,

156 486 301 528 tribue
326 490 477 529 venire
501 487 755 539 gaudentes.
792 490 875 531 Per
900 491 987 532 Do—

155 542 323 583 minum
342 549 554 585 nostrum.

374 654 535 691 Feria
568 655 770 692 Tertia.

211 726 361 766 Absol.
393 726 534 776 Ipsius
552 727 706 776 pietas

212 791 373 832 Bened.
404 792 522 831 Deus
541 788 684 830 Pater.

300 859 367 899 De
394 856 419 897 J
422 858 583 897 eremia
610 856 844 909 Propheta.

207 924 359 965 Lectio
382 926 404 965 i.
712 928 813 979 Cap.
831 930 878 967 11.
899 941 932 969 e.

162 986 243 1037 ίῖῂ
255 981 329 1022 uid
351 986 427 1031 est,
453 982 572 1034 quod
595 982 781 1024 dilectus
800 997 923 1026 meus
942 986 986 1026 in

267 1037 400 1079 domo
415 1051 513 1079 mea
528 1039 631 1080 fecit
645 1039 812 1081 seelera
826 1040 984 1082 multa?

154 1094 368 1146 numquid
388 1107 541 1136 earnes
560 1100 725 1136 sanctae
745 1096 943 1138 auferent
962 1111 988 1139 a

153 1154 198 1191 te
216 1150 405 1191 malitias
424 1155 537 1200 tuas,
556 1152 601 1192 in
622 1151 781 1204 quibus
800 1153 987 1204 gloriata

155 1205 227 1248 es?
248 1206 422 1248 Olivam
438 1207 632 1258 uberem,
651 1208 890 1260 pulchram,
909 1210 988 1251 fru-

155 1263 365 1312 ctiferam,
385 1264 632 1316 speciosam
648 1265 825 1307 vocavit
838 1266 986 1307 Demi-

153 1332 236 1360 nus
255 1331 417 1361 nomen
435 1324 574 1361 tuum:
595 1319 652 1362 ad
667 1333 823 1362 vocem
838 1321 985 1374 loque-

155 1374 227 1424 lae,
254 1375 434 1426 grandis
460 1376 622 1418 exarsit
646 1377 758 1428 ignis
781 1377 825 1417 in
849 1391 915 1427 ea,
944 1384 988 1420 et

154 1430 387 1472 combusta
406 1436 508 1473 sunt
529 1431 689 1474 fruteta
704 1434 805 1484 ejus.
827 1433 884 1475 Et
898 1434 986 1475 Do-

153 1487 296 1528 minus
316 1489 586 1529 exercituum
605 1488 679 1540 qui
700 1488 917 1541 plantavit
931 1495 986 1539 te⁷

153 1542 329 1584 locutus
361 1548 428 1584 est
463 1556 596 1596 super
623 1548 667 1586 te
692 1545 871 1585 malum:
902 1559 984 1598 pro

153 1598 280 1639 malis
299 1598 456 1640 domus
471 1600 609 1640 Israel
629 1605 673 1642 et
690 1600 847 1642 domus
861 1601 986 1652 Juda,

156 1667 256 1706 quae
288 1654 485 1697 fecerunt
517 1655 602 1697 sibi
634 1656 690 1697 ad
726 1657 987 1699 irritandum

153 1722 235 1760 me,
254 1709 443 1752 libantes
458 1711 638 1752 Baalim.
658 1712 727 1753 Tu
743 1718 889 1754 autem
898 1714 985 1754 Do-

153 1767 269 1808 mine
289 1766 602 1809 demonstrasti
620 1768 741 1818 mihi,
763 1773 806 1810 et
826 1772 984 1820 eogno-

153 1822 211 1864 vi:
235 1827 340 1864 tunc
364 1823 597 1865 ostendisti
619 1823 725 1865 mihi
749 1824 895 1866 studia
915 1828 984 1867 eo-

153 1891 262 1919 rum.
293 1879 352 1920 Et
376 1892 459 1930 ego
485 1881 611 1932 quasi
630 1893 768 1931 agnus
787 1883 984 1922 mansue-

153 1938 243 1983 tus,
274 1934 348 1987 qui
373 1937 577 1987 portatur
602 1935 659 1977 ad
678 1937 913 1977 victimam:
942 1942 985 1979 et

153 2002 241 2031 non
259 1992 448 2041 cognovi
474 1992 576 2043 quia
595 1993 898 2043 cogitaverunt
917 2006 983 2034 su-

153 2058 234 2098 per
258 2059 329 2087 me
358 2047 558 2097 consilia,
591 2047 800 2089 dicentes:
841 2048 983 2089 Mitta-

153 2115 251 2142 mus
269 2101 436 2152 lignum
454 2103 498 2143 in
517 2116 676 2156 panem
697 2104 802 2154 ejus,
830 2108 874 2145 et
893 2116 982 2145 era-

155 2157 311 2199 damus
333 2170 433 2199 eum
453 2158 508 2200 de
526 2164 645 2201 terra
664 2159 915 2209 viventium,
941 2164 984 2201 et

153 2226 315 2255 nomen
353 2215 443 2265 ejus
480 2227 567 2256 non
597 2217 863 2256 memoretur
896 2217 982 2255 am-

153 2269 279 2321 plius.
311 2270 381 2311 Tu
404 2276 553 2312 autem
571 2271 759 2312 Domine
779 2270 983 2320 Sabaoth,

155 2325 228 2377 qui
252 2325 419 2377 judicas
444 2328 571 2379 juste,
601 2332 645 2368 et
669 2326 832 2379 probas
856 2339 982 2367 renes

154 2386 198 2422 et
230 2381 381 2431 corda,
416 2382 590 2424 videam
623 2382 833 2424 ultionem
863 2387 983 2423 tuam

155 2449 209 2478 ex
234 2438 310 2479 eis:
336 2437 417 2479 tibi
443 2439 559 2479 enim
586 2438 779 2479 revelavi
807 2450 983 2478 eausam

154 2505 308 2534 meam.

205 2555 256 2605 R.
285 2553 582 2595 Contumelias
607 2559 649 2595 et
672 2555 863 2594 terro'res
887 2565 982 2604 pas-

154 2621 228 2649 sus
253 2622 350 2650 sum
374 2609 430 2650 ab
455 2610 534 2658 eis,
564 2609 637 2661 qui
664 2613 787 2650 erant
811 2607 998 2660 pacifici*

154 2665 257 2714 mei,
286 2670 330 2706 et
356 2664 656 2707 custodientes
682 2665 797 2706 latus
826 2675 982 2712 meum,

1792 175 1866 209 209

1043 264 1251 307 dicentes:
1269 267 1549 319 Decipiamus
1569 282 1678 318 eum,
1698 274 1741 310 et
1756 282 1865 321 prae-

1043 321 1265 363 valeamus
1290 323 1366 363 illi:
1394 323 1471 365 sed
1496 330 1543 365 tu
1566 325 1754 366 Domine
1779 338 1866 366 me-

1042 389 1141 418 cum
1167 391 1214 419 es
1237 383 1461 430 tamquam
1483 379 1667 421 bellator
1686 381 1822 422 fortis.
1844 389 1864 410 *

1044 433 1214 475 Cadant
1244 435 1287 475 in
1325 435 1611 487 opprobrium
1643 438 1864 489 sempiter-

1043 503 1163 539 num,
1191 495 1239 531 ut
1266 490 1438 532 videam
1464 491 1699 533 vindictam
1722 493 1764 533 in
1790 493 1864 542 eis,

1041 546 1143 597 quia
1174 546 1253 587 tibi
1286 546 1476 588 revelavi
1506 560 1681 588 eausam
1711 561 1863 589 meam.

1043 604 1091 649 Y.
1114 602 1138 641 J
1142 601 1271 643 udiea
1295 603 1482 644 Domine
1509 616 1684 644 eausam
1709 605 1862 645 animae

1040 670 1166 707 meae,
1191 658 1395 700 defensor
1414 660 1515 700 vitae
1534 673 1654 701 meae.
1687 660 1864 701 Cadant.

1102 721 1258 760 Bened.
1288 719 1484 760 (Ihristus
1504 722 1739 772 perpetuae.

1147 790 1296 829 Lectio
1319 791 1355 830 ii.
1587 795 1687 842 (lap.
1712 796 1762 832 12.

1109 857 1232 893 ustus
1259 852 1436 904 quidem
1460 858 1507 894 tu
1532 865 1578 894 es
1597 853 1800 901 Demine,
1829 854 1864 893 si

1117 909 1336 960 disputem
1371 914 1530 949 tecum:
1567 912 1864 950 verumtamen

1040 966 1152 1017 justa
1179 965 1335 1016 loquar
1362 964 1418 1005 ad
1441 970 1499 1006 te:
1531 965 1674 1014 Quare
1697 965 1766 1005 via
1790 965 1863 1004 im-

1041 1022 1214 1073 pierum
1246 1023 1547 1073 prosperatur:
1578 1021 1690 1062 bene
1723 1026 1789 1061 est
1821 1022 1863 1061 ό-

1041 1077 1230 1126 mnibus,
1254 1077 1326 1128 qui
1346 1077 1702 1128 praevaricantur,
1728 1081 1772 1117 et
1790 1076 1864 1116 ini-

1043 1146 1127 1185 que
1147 1132 1301 1183 agunt?
1337 1132 1550 1173 Plantasti
1570 1145 1662 1181 eos,
1692 1136 1735 1173 et
1753 1131 1863 1172 radi—

1042 1202 1137 1230 cem
1151 1189 1377 1229 miserunt:
1395 1189 1631 1240 proficiunt
1646 1193 1689 1229 et
1703 1188 1865 1228 faciunt

1041 1245 1242 1286 fructum:
1261 1256 1402 1296 prope
1423 1257 1469 1285 es
1487 1250 1535 1285 tu
1555 1245 1620 1285 ori
1640 1246 1801 1291 eorum,
1821 1248 1863 1283 et

1041 1301 1170 1351 longe
1194 1314 1219 1341 a
1242 1300 1417 1341 renibus
1437 1302 1599 1341 earum.
1634 1300 1689 1341 Et
1711 1305 1758 1340 tu
1776 1299 1863 1339 Do-

1040 1358 1156 1398 mine
1175 1356 1292 1397 nosti
1311 1369 1395 1404 me,
1421 1356 1567 1397 vidisti
1586 1368 1670 1404 me,
1697 1360 1740 1396 et
1764 1367 1862 1406 pro-

1039 1413 1154 1454 basti
1182 1426 1258 1454 cor
1286 1425 1430 1453 meum
1457 1417 1615 1453 tecum:
1649 1413 1862 1462 cengrega

1040 1482 1116 1510 eos
1137 1469 1260 1521 quasi
1283 1481 1458 1532 gregem
1482 1467 1537 1508 ad
1557 1468 1791 1514 victimam,
1820 1471 1862 1507 et

1040 1525 1263 1566 sanctifica
1279 1537 1354 1566 eos
1373 1524 1416 1564 in
1432 1523 1502 1564 die
1520 1523 1761 1564 occisianis.
1783 1498 1861 1563 'Us-

1041 1593 1215 1645 quequo
1240 1579 1406 1647 lugebit
1430 1584 1560 1628 terra,
1589 1583 1632 1619 et
1658 1577 1792 1619 herba
1818 1590 1859 1618 o-

1038 1637 1149 1677 mnis
1186 1636 1375 1687 regienis
1411 1634 1644 1676 siccabitur
1682 1639 1861 1686 propter

1038 1693 1247 1733 malitiam
1275 1691 1562 1732 habitantium
1589 1690 1631 1730 in
1661 1688 1733 1731 ea?
1762 1702 1860 1730 eon-

1039 1752 1261 1800 sumptum
1294 1752 1360 1788 est
1393 1746 1565 1795 animal,
1599 1751 1641 1787 et
1673 1745 1860 1792 valuere,

1039 1804 1245 1872 queniam
1261 1803 1475 1844 dixerunt:
1493 1802 1593 1842 Non
1610 1801 1773 1842 videbit
1788 1813 1860 1840 no-

1038 1860 1214 1900 vissima
1233 1864 1393 1900 nostra.

1091 1921 1141 1983 R:
1158 1920 1279 1961 Deus
1298 1918 1449 1967 Israel,
1472 1922 1655 1981 propter
1673 1921 1716 1957 te
1736 1918 1858 1957 sust1-

1036 1975 1111 2016 nui
1129 1974 1454 2027 improperium,
1474 1973 1647 2025 operuit
1665 1973 1858 2013 reveren-

1037 2031 1097 2072 tia
1115 2031 1271 2071 faciem
1290 2042 1448 2078 meam,
1469 2030 1700 2070 extraneus
1719 2027 1857 2067 faetus

1037 2100 1134 2127 sum
1152 2085 1359 2128 fratribus
1377 2085 1497 2134 meis,
1517 2089 1560 2125 et
1577 2083 1738 2135 hospes
1757 2081 1857 2122 filiis

1035 2142 1187 2183 matris
1210 2154 1335 2183 meae:
1357 2146 1378 2168 *
1401 2140 1613 2190 Quoniam
1637 2138 1756 2179 zelus
1783 2136 1856 2178 do-

1036 2211 1133 2239 mus
1158 2203 1246 2239 tuae
1273 2196 1463 2239 comedit
1485 2208 1564 2236 me.
1604 2194 1651 2244 Y.
1674 2192 1856 2234 Intende

1037 2255 1192 2295 animae
1206 2267 1328 2303 meae,
1348 2259 1391 2294 et
1405 2252 1540 2293 libera
1555 2263 1660 2298 eam,
1678 2253 1857 2301 propter

1036 2310 1234 2351 inimicos
1253 2322 1376 2350 meos
1396 2308 1514 2359 eripe
1530 2318 1610 2346 me.
1631 2305 1857 2354 Quoniam.

1093 2370 1250 2411 Bened.
1283 2371 1428 2420 Ignem
1450 2366 1513 2407 sui
1534 2365 1705 2406 amoris.

1338 2440 1370 2477 L
1374 2439 1485 2478 ectio
1508 2437 1559 2475 iii.

1120 2497 1175 2538 eli
1179 2497 1251 2549 qui
1293 2495 1469 2536 domum
1511 2507 1668 2540 meam,
1714 2493 1856 2534 dimisi

1134 2550 1433 2593 haereditatem
1452 2562 1608 2590 meam:
1633 2548 1733 2590 dedi
1754 2548 1854 2589 dile-

1036 2612 1151 2649 ctam
1180 2607 1364 2648 animam
1393 2617 1535 2645 meam
1559 2605 1602 2644 in
1627 2617 1756 2645 manu
1781 2604 1855 2643 ini-

1034 2663 1247 2704 micorum
1268 2662 1367 2712 ejuS.
1401 2660 1535 2702 Facta
1561 2665 1626 2702 est
1649 2659 1752 2700 mihi
1770 2659 1854 2702 hae-
