<?xml version="1.0" encoding="UTF-8"?>
<!DOCTYPE html PUBLIC "-//W3C//DTD XHTML 1.0 Transitional//EN"
    "http://www.w3.org/TR/xhtml1/DTD/xhtml1-transitional.dtd">
<html xmlns="http://www.w3.org/1999/xhtml" xml:lang="en" lang="en">
 <head>
  <title>
</title>
<meta http-equiv="Content-Type" content="text/html;charset=utf-8" />
  <meta name='ocr-system' content='tesseract 3.04.00' />
  <meta name='ocr-capabilities' content='ocr_page ocr_carea ocr_par ocr_line ocrx_word'/>
</head>
<body>
  <div class='ocr_page' id='page_1' title='image "./p2breviariumroma00cathuoft_0336.png"; bbox 0 0 2028 2892; ppageno 0'>
   <div class='ocr_carea' id='block_1_1' title="bbox 560 187 1475 230">
    <p class='ocr_par' dir='ltr' id='par_1_1' title="bbox 560 187 1475 230">
     <span class='ocr_line' id='line_1_1' title="bbox 560 187 1475 230; baseline 0.002 -11"><span class='ocrx_word' id='word_1_1' title='bbox 560 187 658 219; x_wconf 74' lang='lat' dir='ltr'>Infra</span> <span class='ocrx_word' id='word_1_2' title='bbox 689 187 980 220; x_wconf 63' lang='lat' dir='ltr'>llebdomadam</span> <span class='ocrx_word' id='word_1_3' title='bbox 1011 188 1056 221; x_wconf 72' lang='lat' dir='ltr'>iv.</span> <span class='ocrx_word' id='word_1_4' title='bbox 1084 193 1173 230; x_wconf 77' lang='lat' dir='ltr'>post</span> <span class='ocrx_word' id='word_1_5' title='bbox 1197 188 1277 221; x_wconf 82' lang='lat' dir='ltr'>Oct.</span> <span class='ocrx_word' id='word_1_6' title='bbox 1306 189 1475 221; x_wconf 51' lang='lat' dir='ltr'>Pascha:</span> 
     </span>
    </p>
   </div>
   <div class='ocr_carea' id='block_1_2' title="bbox 163 280 993 551">
    <p class='ocr_par' dir='ltr' id='par_1_2' title="bbox 163 280 993 445">
     <span class='ocr_line' id='line_1_2' title="bbox 220 280 992 323; baseline 0.003 -3"><span class='ocrx_word' id='word_1_7' title='bbox 220 281 288 322; x_wconf 76' lang='lat' dir='ltr'>Ad</span> <span class='ocrx_word' id='word_1_8' title='bbox 307 280 467 322; x_wconf 83' lang='lat' dir='ltr'>Bened.</span> <span class='ocrx_word' id='word_1_9' title='bbox 494 282 591 322; x_wconf 75' lang='lat' dir='ltr'>Ant.</span> <span class='ocrx_word' id='word_1_10' title='bbox 616 282 693 323; x_wconf 92' lang='lat' dir='ltr'>Isti</span> <span class='ocrx_word' id='word_1_11' title='bbox 711 287 812 322; x_wconf 91' lang='lat' dir='ltr'>sunt</span> <span class='ocrx_word' id='word_1_12' title='bbox 830 283 992 323; x_wconf 92' lang='lat' dir='ltr'>sermo-</span> 
     </span>
     <span class='ocr_line' id='line_1_3' title="bbox 163 337 993 389; baseline -0.001 -11"><span class='ocrx_word' id='word_1_13' title='bbox 163 351 259 386; x_wconf 87' lang='lat' dir='ltr'>nes,</span> <span class='ocrx_word' id='word_1_14' title='bbox 286 340 309 364; x_wconf 80' lang='lat'>¹⁸¹</span> <span class='ocrx_word' id='word_1_15' title='bbox 337 350 448 389; x_wconf 92' lang='lat' dir='ltr'>quos</span> <span class='ocrx_word' id='word_1_16' title='bbox 483 337 684 379; x_wconf 90' lang='lat' dir='ltr'>dicebam</span> <span class='ocrx_word' id='word_1_17' title='bbox 716 337 861 386; x_wconf 86' lang='lat' dir='ltr'>vobis,</span> <span class='ocrx_word' id='word_1_18' title='bbox 894 350 993 378; x_wconf 90' lang='lat' dir='ltr'>cum</span> 
     </span>
     <span class='ocr_line' id='line_1_4' title="bbox 164 392 993 445; baseline -0.001 -11"><span class='ocrx_word' id='word_1_19' title='bbox 164 406 306 434; x_wconf 89' lang='lat' dir='ltr'>essem</span> <span class='ocrx_word' id='word_1_20' title='bbox 325 393 569 443; x_wconf 87' lang='lat' dir='ltr'>vobiscum,</span> <span class='ocrx_word' id='word_1_21' title='bbox 596 393 784 445; x_wconf 76' lang='lat' dir='ltr'>allehija,</span> <span class='ocrx_word' id='word_1_22' title='bbox 811 392 993 444; x_wconf 78' lang='lat' dir='ltr'>alleh&#39;ija.</span> 
     </span>
    </p>

    <p class='ocr_par' dir='ltr' id='par_1_3' title="bbox 167 460 993 551">
     <span class='ocr_line' id='line_1_5' title="bbox 219 460 993 503; baseline 0.001 -11"><span class='ocrx_word' id='word_1_23' title='bbox 219 460 279 492; x_wconf 72' lang='lat' dir='ltr'>Ad</span> <span class='ocrx_word' id='word_1_24' title='bbox 305 460 514 503; x_wconf 71' lang='lat' dir='ltr'>Vesperas.</span> <span class='ocrx_word' id='word_1_25' title='bbox 547 462 622 494; x_wconf 84' lang='lat' dir='ltr'>nisi</span> <span class='ocrx_word' id='word_1_26' title='bbox 655 467 830 495; x_wconf 78' lang='lat' dir='ltr'>occurrat</span> <span class='ocrx_word' id='word_1_27' title='bbox 857 461 993 495; x_wconf 85' lang='lat' dir='ltr'>festum</span> 
     </span>
     <span class='ocr_line' id='line_1_6' title="bbox 167 507 993 551; baseline 0.002 -12"><span class='ocrx_word' id='word_1_28' title='bbox 167 507 205 539; x_wconf 81' lang='lat' dir='ltr'>ix</span> <span class='ocrx_word' id='word_1_29' title='bbox 227 507 467 549; x_wconf 75' lang='lat' dir='ltr'>Lectionum,</span> <span class='ocrx_word' id='word_1_30' title='bbox 493 519 513 542; x_wconf 82' lang='lat' dir='ltr'>a</span> <span class='ocrx_word' id='word_1_31' title='bbox 532 509 656 551; x_wconf 77' lang='lat' dir='ltr'>Capit.</span> <span class='ocrx_word' id='word_1_32' title='bbox 681 510 721 542; x_wconf 83' lang='lat' dir='ltr'>fit</span> <span class='ocrx_word' id='word_1_33' title='bbox 745 509 791 542; x_wconf 83' lang='lat' dir='ltr'>dc</span> <span class='ocrx_word' id='word_1_34' title='bbox 810 510 844 542; x_wconf 67' lang='lat'>5.</span> <span class='ocrx_word' id='word_1_35' title='bbox 862 509 993 542; x_wconf 75' lang='lat' dir='ltr'>Maria.</span> 
     </span>
    </p>
   </div>
   <div class='ocr_carea' id='block_1_3' title="bbox 162 619 1000 2732">
    <p class='ocr_par' dir='ltr' id='par_1_4' title="bbox 436 619 725 656">
     <span class='ocr_line' id='line_1_7' title="bbox 436 619 725 656; baseline -0.003 0"><span class='ocrx_word' id='word_1_36' title='bbox 436 619 725 656; x_wconf 64' lang='lat' dir='ltr'>Sabbata</span> 
     </span>
    </p>

    <p class='ocr_par' dir='ltr' id='par_1_5' title="bbox 165 678 994 732">
     <span class='ocr_line' id='line_1_8' title="bbox 165 678 994 732; baseline 0.001 -13"><span class='ocrx_word' id='word_1_37' title='bbox 165 681 233 720; x_wconf 93' lang='lat' dir='ltr'>De</span> <span class='ocrx_word' id='word_1_38' title='bbox 251 679 451 732; x_wconf 82' lang='lat' dir='ltr'>Epistola</span> <span class='ocrx_word' id='word_1_39' title='bbox 469 679 590 721; x_wconf 90' lang='lat' dir='ltr'>beati</span> <span class='ocrx_word' id='word_1_40' title='bbox 608 680 632 720; x_wconf 89' lang='lat' dir='ltr'>J</span> <span class='ocrx_word' id='word_1_41' title='bbox 635 678 763 720; x_wconf 91' lang='lat' dir='ltr'>acobi</span> <span class='ocrx_word' id='word_1_42' title='bbox 778 679 994 731; x_wconf 91' lang='lat' dir='ltr'>Apostoli.</span> 
     </span>
    </p>

    <p class='ocr_par' dir='ltr' id='par_1_6' title="bbox 162 749 998 1860">
     <span class='ocr_line' id='line_1_9' title="bbox 268 749 891 803; baseline 0.005 -14"><span class='ocrx_word' id='word_1_43' title='bbox 268 749 420 790; x_wconf 80' lang='lat' dir='ltr'>Lectio</span> <span class='ocrx_word' id='word_1_44' title='bbox 442 751 464 789; x_wconf 91' lang='lat' dir='ltr'>i.</span> <span class='ocrx_word' id='word_1_45' title='bbox 730 753 833 803; x_wconf 87' lang='lat' dir='ltr'>Cap.</span> <span class='ocrx_word' id='word_1_46' title='bbox 852 754 891 792; x_wconf 76' lang='lat'>5.</span> 
     </span>
     <span class='ocr_line' id='line_1_10' title="bbox 174 812 994 867; baseline 0.004 -17"><span class='ocrx_word' id='word_1_47' title='bbox 174 824 209 850; x_wconf 55' lang='lat' dir='ltr'>:s</span> <span class='ocrx_word' id='word_1_48' title='bbox 222 824 243 867; x_wconf 49' lang='grc' dir='ltr'>χ</span> <span class='ocrx_word' id='word_1_49' title='bbox 273 813 363 864; x_wconf 85' lang='lat' dir='ltr'>gite</span> <span class='ocrx_word' id='word_1_50' title='bbox 381 825 497 854; x_wconf 92' lang='lat' dir='ltr'>nunc</span> <span class='ocrx_word' id='word_1_51' title='bbox 517 812 691 862; x_wconf 81' lang='lat' dir='ltr'>diviteS,</span> <span class='ocrx_word' id='word_1_52' title='bbox 711 813 884 864; x_wconf 90' lang='lat' dir='ltr'>plorate</span> <span class='ocrx_word' id='word_1_53' title='bbox 903 812 994 853; x_wconf 93' lang='lat' dir='ltr'>ulu-</span> 
     </span>
     <span class='ocr_line' id='line_1_11' title="bbox 170 851 994 920; baseline 0.001 -13"><span class='ocrx_word' id='word_1_54' title='bbox 170 851 197 907; x_wconf 70' lang='lat' dir='ltr'><em>s</em></span> <span class='ocrx_word' id='word_1_55' title='bbox 288 869 428 910; x_wconf 86' lang='lat' dir='ltr'>lantes</span> <span class='ocrx_word' id='word_1_56' title='bbox 444 869 487 909; x_wconf 92' lang='lat' dir='ltr'>in</span> <span class='ocrx_word' id='word_1_57' title='bbox 502 868 690 909; x_wconf 89' lang='lat' dir='ltr'>miseriis</span> <span class='ocrx_word' id='word_1_58' title='bbox 707 869 874 917; x_wconf 86' lang='lat' dir='ltr'>vestris,</span> <span class='ocrx_word' id='word_1_59' title='bbox 896 881 994 920; x_wconf 89' lang='lat' dir='ltr'>quae</span> 
     </span>
     <span class='ocr_line' id='line_1_12' title="bbox 163 924 995 966; baseline 0 -1"><span class='ocrx_word' id='word_1_60' title='bbox 163 924 397 966; x_wconf 91' lang='lat' dir='ltr'>advenient</span> <span class='ocrx_word' id='word_1_61' title='bbox 433 924 572 966; x_wconf 90' lang='lat' dir='ltr'>vobis.</span> <span class='ocrx_word' id='word_1_62' title='bbox 626 925 803 965; x_wconf 83' lang='lat' dir='ltr'>Divitiae</span> <span class='ocrx_word' id='word_1_63' title='bbox 836 929 995 965; x_wconf 87' lang='lat' dir='ltr'>vestrae</span> 
     </span>
     <span class='ocr_line' id='line_1_13' title="bbox 163 981 994 1032; baseline -0.001 -10"><span class='ocrx_word' id='word_1_64' title='bbox 163 981 425 1032; x_wconf 83' lang='lat' dir='ltr'>putrefactae</span> <span class='ocrx_word' id='word_1_65' title='bbox 445 985 560 1021; x_wconf 86' lang='lat' dir='ltr'>sunt:</span> <span class='ocrx_word' id='word_1_66' title='bbox 582 986 626 1021; x_wconf 91' lang='lat' dir='ltr'>et</span> <span class='ocrx_word' id='word_1_67' title='bbox 645 981 906 1021; x_wconf 89' lang='lat' dir='ltr'>vestimenta</span> <span class='ocrx_word' id='word_1_68' title='bbox 924 993 994 1021; x_wconf 89' lang='lat' dir='ltr'>ve-</span> 
     </span>
     <span class='ocr_line' id='line_1_14' title="bbox 163 1037 995 1085; baseline 0 -9"><span class='ocrx_word' id='word_1_69' title='bbox 163 1042 254 1078; x_wconf 89' lang='lat' dir='ltr'>stra</span> <span class='ocrx_word' id='word_1_70' title='bbox 273 1050 298 1078; x_wconf 89' lang='lat' dir='ltr'>a</span> <span class='ocrx_word' id='word_1_71' title='bbox 318 1037 446 1078; x_wconf 87' lang='lat' dir='ltr'>tineis</span> <span class='ocrx_word' id='word_1_72' title='bbox 467 1038 661 1078; x_wconf 92' lang='lat' dir='ltr'>comesta</span> <span class='ocrx_word' id='word_1_73' title='bbox 680 1041 790 1077; x_wconf 91' lang='lat' dir='ltr'>sunt.</span> <span class='ocrx_word' id='word_1_74' title='bbox 816 1037 995 1085; x_wconf 89' lang='lat' dir='ltr'>Aurum,</span> 
     </span>
     <span class='ocr_line' id='line_1_15' title="bbox 164 1092 995 1144; baseline -0.002 -10"><span class='ocrx_word' id='word_1_75' title='bbox 164 1098 208 1134; x_wconf 91' lang='lat' dir='ltr'>et</span> <span class='ocrx_word' id='word_1_76' title='bbox 236 1095 465 1143; x_wconf 82' lang='lat' dir='ltr'>argentum</span> <span class='ocrx_word' id='word_1_77' title='bbox 494 1098 689 1133; x_wconf 91' lang='lat' dir='ltr'>vestrum</span> <span class='ocrx_word' id='word_1_78' title='bbox 722 1092 995 1144; x_wconf 66' lang='lat' dir='ltr'>aeruginavit:</span> 
     </span>
     <span class='ocr_line' id='line_1_16' title="bbox 163 1148 995 1199; baseline -0.001 -10"><span class='ocrx_word' id='word_1_79' title='bbox 163 1153 208 1189; x_wconf 92' lang='lat' dir='ltr'>et</span> <span class='ocrx_word' id='word_1_80' title='bbox 241 1152 392 1199; x_wconf 80' lang='lat' dir='ltr'>aerugo</span> <span class='ocrx_word' id='word_1_81' title='bbox 432 1150 585 1190; x_wconf 92' lang='lat' dir='ltr'>eorum</span> <span class='ocrx_word' id='word_1_82' title='bbox 620 1148 663 1189; x_wconf 92' lang='lat' dir='ltr'>in</span> <span class='ocrx_word' id='word_1_83' title='bbox 696 1148 995 1189; x_wconf 85' lang='lat' dir='ltr'>testimonium</span> 
     </span>
     <span class='ocr_line' id='line_1_17' title="bbox 163 1204 995 1254; baseline 0 -10"><span class='ocrx_word' id='word_1_84' title='bbox 163 1204 290 1245; x_wconf 86' lang='lat' dir='ltr'>vobis</span> <span class='ocrx_word' id='word_1_85' title='bbox 319 1205 416 1254; x_wconf 90' lang='lat' dir='ltr'>erit,</span> <span class='ocrx_word' id='word_1_86' title='bbox 458 1209 502 1245; x_wconf 93' lang='lat' dir='ltr'>et</span> <span class='ocrx_word' id='word_1_87' title='bbox 529 1204 812 1245; x_wconf 67' lang='lat' dir='ltr'>manducabit</span> <span class='ocrx_word' id='word_1_88' title='bbox 840 1216 995 1245; x_wconf 89' lang='lat' dir='ltr'>carnes</span> 
     </span>
     <span class='ocr_line' id='line_1_18' title="bbox 163 1260 995 1311; baseline -0.001 -11"><span class='ocrx_word' id='word_1_89' title='bbox 163 1264 333 1301; x_wconf 86' lang='lat' dir='ltr'>vestras</span> <span class='ocrx_word' id='word_1_90' title='bbox 358 1260 471 1301; x_wconf 90' lang='lat' dir='ltr'>sicut</span> <span class='ocrx_word' id='word_1_91' title='bbox 490 1260 611 1311; x_wconf 85' lang='lat' dir='ltr'>ignis.</span> <span class='ocrx_word' id='word_1_92' title='bbox 644 1260 995 1301; x_wconf 87' lang='lat' dir='ltr'>Thesaurizastis</span> 
     </span>
     <span class='ocr_line' id='line_1_19' title="bbox 164 1315 995 1357; baseline -0.001 -1"><span class='ocrx_word' id='word_1_93' title='bbox 164 1315 291 1356; x_wconf 92' lang='lat' dir='ltr'>vobis</span> <span class='ocrx_word' id='word_1_94' title='bbox 325 1316 434 1356; x_wconf 91' lang='lat' dir='ltr'>iram</span> <span class='ocrx_word' id='word_1_95' title='bbox 466 1316 509 1356; x_wconf 95' lang='lat' dir='ltr'>in</span> <span class='ocrx_word' id='word_1_96' title='bbox 542 1316 794 1357; x_wconf 84' lang='lat' dir='ltr'>novissimis</span> <span class='ocrx_word' id='word_1_97' title='bbox 829 1315 995 1357; x_wconf 91' lang='lat' dir='ltr'>diebus.</span> 
     </span>
     <span class='ocr_line' id='line_1_20' title="bbox 163 1371 996 1423; baseline 0 -11"><span class='ocrx_word' id='word_1_98' title='bbox 163 1372 279 1412; x_wconf 90' lang='lat' dir='ltr'>Ecce</span> <span class='ocrx_word' id='word_1_99' title='bbox 327 1384 497 1412; x_wconf 86' lang='lat' dir='ltr'>merces</span> <span class='ocrx_word' id='word_1_100' title='bbox 549 1371 867 1423; x_wconf 90' lang='lat' dir='ltr'>operariorum,</span> <span class='ocrx_word' id='word_1_101' title='bbox 921 1372 996 1423; x_wconf 93' lang='lat' dir='ltr'>qui</span> 
     </span>
     <span class='ocr_line' id='line_1_21' title="bbox 162 1427 996 1479; baseline 0 -11"><span class='ocrx_word' id='word_1_102' title='bbox 162 1429 440 1468; x_wconf 91' lang='lat' dir='ltr'>messuerunt</span> <span class='ocrx_word' id='word_1_103' title='bbox 460 1427 663 1478; x_wconf 89' lang='lat' dir='ltr'>regiones</span> <span class='ocrx_word' id='word_1_104' title='bbox 685 1432 870 1476; x_wconf 83' lang='lat' dir='ltr'>vestras,</span> <span class='ocrx_word' id='word_1_105' title='bbox 897 1440 996 1479; x_wconf 90' lang='lat' dir='ltr'>quae</span> 
     </span>
     <span class='ocr_line' id='line_1_22' title="bbox 164 1482 996 1532; baseline 0.001 -9"><span class='ocrx_word' id='word_1_106' title='bbox 164 1482 365 1524; x_wconf 87' lang='lat' dir='ltr'>fraudata</span> <span class='ocrx_word' id='word_1_107' title='bbox 397 1487 464 1524; x_wconf 90' lang='lat' dir='ltr'>est</span> <span class='ocrx_word' id='word_1_108' title='bbox 497 1496 523 1523; x_wconf 91' lang='lat' dir='ltr'>a</span> <span class='ocrx_word' id='word_1_109' title='bbox 554 1482 698 1532; x_wconf 92' lang='lat' dir='ltr'>vobis,</span> <span class='ocrx_word' id='word_1_110' title='bbox 739 1482 913 1524; x_wconf 87' lang='lat' dir='ltr'>clamat:</span> <span class='ocrx_word' id='word_1_111' title='bbox 952 1487 996 1524; x_wconf 88' lang='lat' dir='ltr'>et</span> 
     </span>
     <span class='ocr_line' id='line_1_23' title="bbox 163 1539 997 1580; baseline 0 -1"><span class='ocrx_word' id='word_1_112' title='bbox 163 1539 329 1580; x_wconf 90' lang='lat' dir='ltr'>clamor</span> <span class='ocrx_word' id='word_1_113' title='bbox 375 1540 529 1580; x_wconf 91' lang='lat' dir='ltr'>eorum</span> <span class='ocrx_word' id='word_1_114' title='bbox 574 1539 618 1579; x_wconf 91' lang='lat' dir='ltr'>in</span> <span class='ocrx_word' id='word_1_115' title='bbox 655 1551 783 1580; x_wconf 86' lang='lat' dir='ltr'>aures</span> <span class='ocrx_word' id='word_1_116' title='bbox 818 1539 997 1579; x_wconf 88' lang='lat' dir='ltr'>Domini</span> 
     </span>
     <span class='ocr_line' id='line_1_24' title="bbox 163 1594 997 1647; baseline 0 -11"><span class='ocrx_word' id='word_1_117' title='bbox 163 1594 359 1636; x_wconf 89' lang='lat' dir='ltr'>Sabaoth</span> <span class='ocrx_word' id='word_1_118' title='bbox 378 1594 585 1636; x_wconf 85' lang='lat' dir='ltr'>introivit.</span> <span class='ocrx_word' id='word_1_119' title='bbox 606 1594 785 1647; x_wconf 86' lang='lat' dir='ltr'>Epulati</span> <span class='ocrx_word' id='word_1_120' title='bbox 805 1595 909 1636; x_wconf 91' lang='lat' dir='ltr'>estis</span> <span class='ocrx_word' id='word_1_121' title='bbox 929 1608 997 1636; x_wconf 92' lang='lat' dir='ltr'>su-</span> 
     </span>
     <span class='ocr_line' id='line_1_25' title="bbox 164 1650 996 1702; baseline 0 -11"><span class='ocrx_word' id='word_1_122' title='bbox 164 1663 244 1702; x_wconf 91' lang='lat' dir='ltr'>per</span> <span class='ocrx_word' id='word_1_123' title='bbox 272 1655 455 1700; x_wconf 89' lang='lat' dir='ltr'>terram,</span> <span class='ocrx_word' id='word_1_124' title='bbox 485 1655 529 1692; x_wconf 89' lang='lat' dir='ltr'>et</span> <span class='ocrx_word' id='word_1_125' title='bbox 556 1651 599 1691; x_wconf 94' lang='lat' dir='ltr'>in</span> <span class='ocrx_word' id='word_1_126' title='bbox 626 1650 810 1691; x_wconf 81' lang='lat' dir='ltr'>luxuriis</span> <span class='ocrx_word' id='word_1_127' title='bbox 839 1653 996 1692; x_wconf 84' lang='lat' dir='ltr'>enutri-</span> 
     </span>
     <span class='ocr_line' id='line_1_26' title="bbox 165 1705 997 1747; baseline -0.001 0"><span class='ocrx_word' id='word_1_128' title='bbox 165 1707 245 1747; x_wconf 86' lang='lat' dir='ltr'>stis</span> <span class='ocrx_word' id='word_1_129' title='bbox 265 1705 403 1747; x_wconf 92' lang='lat' dir='ltr'>corda</span> <span class='ocrx_word' id='word_1_130' title='bbox 421 1711 569 1747; x_wconf 88' lang='lat' dir='ltr'>vestra</span> <span class='ocrx_word' id='word_1_131' title='bbox 592 1706 636 1746; x_wconf 90' lang='lat' dir='ltr'>in</span> <span class='ocrx_word' id='word_1_132' title='bbox 661 1705 731 1747; x_wconf 91' lang='lat' dir='ltr'>die</span> <span class='ocrx_word' id='word_1_133' title='bbox 752 1706 997 1747; x_wconf 87' lang='lat' dir='ltr'>occisionis.</span> 
     </span>
     <span class='ocr_line' id='line_1_27' title="bbox 166 1761 998 1813; baseline 0.002 -11"><span class='ocrx_word' id='word_1_134' title='bbox 166 1761 427 1811; x_wconf 82' lang='lat' dir='ltr'>AddixistiS,</span> <span class='ocrx_word' id='word_1_135' title='bbox 448 1767 491 1804; x_wconf 92' lang='lat' dir='ltr'>et</span> <span class='ocrx_word' id='word_1_136' title='bbox 511 1762 735 1803; x_wconf 87' lang='lat' dir='ltr'>occidistis</span> <span class='ocrx_word' id='word_1_137' title='bbox 755 1763 930 1813; x_wconf 88' lang='lat' dir='ltr'>justum,</span> <span class='ocrx_word' id='word_1_138' title='bbox 955 1767 998 1804; x_wconf 91' lang='lat' dir='ltr'>et</span> 
     </span>
     <span class='ocr_line' id='line_1_28' title="bbox 166 1818 591 1860; baseline -0.002 -2"><span class='ocrx_word' id='word_1_139' title='bbox 166 1830 253 1859; x_wconf 94' lang='lat' dir='ltr'>non</span> <span class='ocrx_word' id='word_1_140' title='bbox 272 1818 435 1859; x_wconf 91' lang='lat' dir='ltr'>restitit</span> <span class='ocrx_word' id='word_1_141' title='bbox 453 1818 591 1860; x_wconf 89' lang='lat' dir='ltr'>vobis.</span> 
     </span>
    </p>

    <p class='ocr_par' dir='ltr' id='par_1_7' title="bbox 478 1889 688 1930">
     <span class='ocr_line' id='line_1_29' title="bbox 478 1889 688 1930; baseline 0 -2"><span class='ocrx_word' id='word_1_142' title='bbox 478 1889 629 1930; x_wconf 79' lang='lat' dir='ltr'>Lectio</span> <span class='ocrx_word' id='word_1_143' title='bbox 649 1890 688 1929; x_wconf 91' lang='lat' dir='ltr'>ii.</span> 
     </span>
    </p>

    <p class='ocr_par' dir='ltr' id='par_1_8' title="bbox 166 1948 998 2054">
     <span class='ocr_line' id='line_1_30' title="bbox 166 1948 998 2054; baseline -0.001 -58"><span class='ocrx_word' id='word_1_144' title='bbox 166 1948 435 2054; x_wconf 87' lang='lat' dir='ltr'>Patientes</span> <span class='ocrx_word' id='word_1_145' title='bbox 481 1955 612 2006; x_wconf 86' lang='lat' dir='ltr'>igitur</span> <span class='ocrx_word' id='word_1_146' title='bbox 659 1957 801 1996; x_wconf 85' lang='lat' dir='ltr'>estote</span> <span class='ocrx_word' id='word_1_147' title='bbox 841 1955 998 1996; x_wconf 89' lang='lat' dir='ltr'>fratres</span> 
     </span>
    </p>

    <p class='ocr_par' dir='ltr' id='par_1_9' title="bbox 167 2010 1000 2732">
     <span class='ocr_line' id='line_1_31' title="bbox 263 2010 999 2063; baseline 0 -12"><span class='ocrx_word' id='word_1_148' title='bbox 263 2023 404 2063; x_wconf 90' lang='lat' dir='ltr'>usque</span> <span class='ocrx_word' id='word_1_149' title='bbox 442 2010 498 2051; x_wconf 85' lang='lat' dir='ltr'>ad</span> <span class='ocrx_word' id='word_1_150' title='bbox 535 2010 775 2051; x_wconf 90' lang='lat' dir='ltr'>adventum</span> <span class='ocrx_word' id='word_1_151' title='bbox 811 2010 999 2051; x_wconf 89' lang='lat' dir='ltr'>Domini.</span> 
     </span>
     <span class='ocr_line' id='line_1_32' title="bbox 168 2066 998 2119; baseline -0.001 -11"><span class='ocrx_word' id='word_1_152' title='bbox 168 2067 283 2108; x_wconf 90' lang='lat' dir='ltr'>Ecce</span> <span class='ocrx_word' id='word_1_153' title='bbox 301 2066 494 2118; x_wconf 85' lang='lat' dir='ltr'>agricola</span> <span class='ocrx_word' id='word_1_154' title='bbox 514 2068 743 2119; x_wconf 84' lang='lat' dir='ltr'>exspectat</span> <span class='ocrx_word' id='word_1_155' title='bbox 756 2067 998 2118; x_wconf 87' lang='lat' dir='ltr'>pretiosum</span> 
     </span>
     <span class='ocr_line' id='line_1_33' title="bbox 167 2122 999 2174; baseline -0.001 -10"><span class='ocrx_word' id='word_1_156' title='bbox 167 2123 357 2164; x_wconf 88' lang='lat' dir='ltr'>fructum</span> <span class='ocrx_word' id='word_1_157' title='bbox 399 2127 546 2171; x_wconf 85' lang='lat' dir='ltr'>terrae,</span> <span class='ocrx_word' id='word_1_158' title='bbox 592 2123 812 2174; x_wconf 91' lang='lat' dir='ltr'>patienter</span> <span class='ocrx_word' id='word_1_159' title='bbox 855 2122 999 2164; x_wconf 89' lang='lat' dir='ltr'>ferens</span> 
     </span>
     <span class='ocr_line' id='line_1_34' title="bbox 168 2178 1000 2230; baseline 0.001 -11"><span class='ocrx_word' id='word_1_160' title='bbox 168 2178 310 2220; x_wconf 92' lang='lat' dir='ltr'>donec</span> <span class='ocrx_word' id='word_1_161' title='bbox 342 2178 530 2230; x_wconf 89' lang='lat' dir='ltr'>accipiat</span> <span class='ocrx_word' id='word_1_162' title='bbox 562 2180 914 2230; x_wconf 87' lang='lat' dir='ltr'>temporaneum,</span> <span class='ocrx_word' id='word_1_163' title='bbox 956 2184 1000 2220; x_wconf 91' lang='lat' dir='ltr'>et</span> 
     </span>
     <span class='ocr_line' id='line_1_35' title="bbox 168 2234 999 2284; baseline 0.002 -10"><span class='ocrx_word' id='word_1_164' title='bbox 168 2235 420 2276; x_wconf 87' lang='lat' dir='ltr'>serotinum.</span> <span class='ocrx_word' id='word_1_165' title='bbox 454 2234 679 2275; x_wconf 86' lang='lat' dir='ltr'>Patientes</span> <span class='ocrx_word' id='word_1_166' title='bbox 702 2234 834 2284; x_wconf 85' lang='lat' dir='ltr'>igitur</span> <span class='ocrx_word' id='word_1_167' title='bbox 858 2236 999 2276; x_wconf 88' lang='lat' dir='ltr'>estote</span> 
     </span>
     <span class='ocr_line' id='line_1_36' title="bbox 169 2289 1000 2340; baseline 0 -9"><span class='ocrx_word' id='word_1_168' title='bbox 169 2295 212 2331; x_wconf 90' lang='lat' dir='ltr'>et</span> <span class='ocrx_word' id='word_1_169' title='bbox 231 2303 322 2340; x_wconf 89' lang='lat' dir='ltr'>vos,</span> <span class='ocrx_word' id='word_1_170' title='bbox 343 2295 386 2332; x_wconf 92' lang='lat' dir='ltr'>et</span> <span class='ocrx_word' id='word_1_171' title='bbox 406 2290 665 2331; x_wconf 89' lang='lat' dir='ltr'>confirmate</span> <span class='ocrx_word' id='word_1_172' title='bbox 684 2289 820 2331; x_wconf 85' lang='lat' dir='ltr'>corda</span> <span class='ocrx_word' id='word_1_173' title='bbox 839 2296 1000 2331; x_wconf 83' lang='lat' dir='ltr'>vestra:</span> 
     </span>
     <span class='ocr_line' id='line_1_37' title="bbox 170 2346 999 2398; baseline 0.001 -12"><span class='ocrx_word' id='word_1_174' title='bbox 170 2347 375 2397; x_wconf 89' lang='lat' dir='ltr'>quoniam</span> <span class='ocrx_word' id='word_1_175' title='bbox 401 2346 614 2387; x_wconf 87' lang='lat' dir='ltr'>adventus</span> <span class='ocrx_word' id='word_1_176' title='bbox 640 2346 817 2386; x_wconf 92' lang='lat' dir='ltr'>Domini</span> <span class='ocrx_word' id='word_1_177' title='bbox 843 2359 999 2398; x_wconf 85' lang='lat' dir='ltr'>appro-</span> 
     </span>
     <span class='ocr_line' id='line_1_38' title="bbox 169 2401 999 2452; baseline 0.004 -12"><span class='ocrx_word' id='word_1_178' title='bbox 169 2401 409 2452; x_wconf 86' lang='lat' dir='ltr'>pinquavit.</span> <span class='ocrx_word' id='word_1_179' title='bbox 444 2402 594 2443; x_wconf 84' lang='lat' dir='ltr'>Nolite</span> <span class='ocrx_word' id='word_1_180' title='bbox 612 2402 899 2452; x_wconf 84' lang='lat' dir='ltr'>ingemiscere</span> <span class='ocrx_word' id='word_1_181' title='bbox 918 2402 999 2443; x_wconf 89' lang='lat' dir='ltr'>fra-</span> 
     </span>
     <span class='ocr_line' id='line_1_39' title="bbox 168 2457 999 2508; baseline 0.004 -12"><span class='ocrx_word' id='word_1_182' title='bbox 168 2461 258 2497; x_wconf 92' lang='lat' dir='ltr'>tres</span> <span class='ocrx_word' id='word_1_183' title='bbox 282 2457 324 2497; x_wconf 90' lang='lat' dir='ltr'>in</span> <span class='ocrx_word' id='word_1_184' title='bbox 349 2458 624 2506; x_wconf 89' lang='lat' dir='ltr'>alterutrum,</span> <span class='ocrx_word' id='word_1_185' title='bbox 657 2462 706 2498; x_wconf 91' lang='lat' dir='ltr'>ut</span> <span class='ocrx_word' id='word_1_186' title='bbox 730 2470 818 2498; x_wconf 93' lang='lat' dir='ltr'>non</span> <span class='ocrx_word' id='word_1_187' title='bbox 843 2457 999 2508; x_wconf 88' lang='lat' dir='ltr'>judice·</span> 
     </span>
     <span class='ocr_line' id='line_1_40' title="bbox 168 2512 999 2564; baseline 0.002 -13"><span class='ocrx_word' id='word_1_188' title='bbox 168 2512 283 2552; x_wconf 91' lang='lat' dir='ltr'>mini.</span> <span class='ocrx_word' id='word_1_189' title='bbox 316 2513 433 2554; x_wconf 92' lang='lat' dir='ltr'>Ecce</span> <span class='ocrx_word' id='word_1_190' title='bbox 459 2513 588 2564; x_wconf 83' lang='lat' dir='ltr'>judex</span> <span class='ocrx_word' id='word_1_191' title='bbox 614 2518 716 2554; x_wconf 91' lang='lat' dir='ltr'>ante</span> <span class='ocrx_word' id='word_1_192' title='bbox 739 2513 910 2564; x_wconf 87' lang='lat' dir='ltr'>januam</span> <span class='ocrx_word' id='word_1_193' title='bbox 935 2526 999 2554; x_wconf 87' lang='lat' dir='ltr'>as-</span> 
     </span>
     <span class='ocr_line' id='line_1_41' title="bbox 170 2567 1000 2621; baseline 0.004 -14"><span class='ocrx_word' id='word_1_194' title='bbox 170 2567 296 2608; x_wconf 84' lang='lat' dir='ltr'>sistit.</span> <span class='ocrx_word' id='word_1_195' title='bbox 325 2568 588 2621; x_wconf 80' lang='lat' dir='ltr'>Exemplum</span> <span class='ocrx_word' id='word_1_196' title='bbox 603 2569 813 2620; x_wconf 83' lang='lat' dir='ltr'>accipite,</span> <span class='ocrx_word' id='word_1_197' title='bbox 832 2569 1000 2618; x_wconf 86' lang='lat' dir='ltr'>fratres,</span> 
     </span>
     <span class='ocr_line' id='line_1_42' title="bbox 170 2623 999 2677; baseline 0.004 -14"><span class='ocrx_word' id='word_1_198' title='bbox 170 2623 311 2664; x_wconf 85' lang='lat' dir='ltr'>exitus</span> <span class='ocrx_word' id='word_1_199' title='bbox 337 2624 457 2672; x_wconf 89' lang='lat' dir='ltr'>mali,</span> <span class='ocrx_word' id='word_1_200' title='bbox 486 2625 668 2674; x_wconf 85' lang='lat' dir='ltr'>laboris,</span> <span class='ocrx_word' id='word_1_201' title='bbox 697 2629 741 2666; x_wconf 90' lang='lat' dir='ltr'>et</span> <span class='ocrx_word' id='word_1_202' title='bbox 765 2625 999 2677; x_wconf 88' lang='lat' dir='ltr'>patientiae,</span> 
     </span>
     <span class='ocr_line' id='line_1_43' title="bbox 169 2678 999 2732; baseline 0.005 -14"><span class='ocrx_word' id='word_1_203' title='bbox 169 2678 430 2730; x_wconf 81' lang='lat' dir='ltr'>Prophetas:</span> <span class='ocrx_word' id='word_1_204' title='bbox 462 2682 535 2732; x_wconf 94' lang='lat' dir='ltr'>qui</span> <span class='ocrx_word' id='word_1_205' title='bbox 561 2681 698 2722; x_wconf 70' lang='lat' dir='ltr'>locati</span> <span class='ocrx_word' id='word_1_206' title='bbox 727 2685 827 2722; x_wconf 90' lang='lat' dir='ltr'>sunt</span> <span class='ocrx_word' id='word_1_207' title='bbox 854 2681 898 2721; x_wconf 90' lang='lat' dir='ltr'>in</span> <span class='ocrx_word' id='word_1_208' title='bbox 925 2684 999 2722; x_wconf 93' lang='lat' dir='ltr'>no-</span> 
     </span>
    </p>
   </div>
   <div class='ocr_carea' id='block_1_4' title="bbox 1044 281 1877 745">
    <p class='ocr_par' dir='ltr' id='par_1_10' title="bbox 1044 281 1876 553">
     <span class='ocr_line' id='line_1_44' title="bbox 1044 281 1875 322; baseline 0.001 -1"><span class='ocrx_word' id='word_1_209' title='bbox 1044 281 1160 322; x_wconf 88' lang='lat' dir='ltr'>mine</span> <span class='ocrx_word' id='word_1_210' title='bbox 1191 281 1382 322; x_wconf 83' lang='lat' dir='ltr'>Domini.</span> <span class='ocrx_word' id='word_1_211' title='bbox 1425 282 1541 322; x_wconf 89' lang='lat' dir='ltr'>Ecce</span> <span class='ocrx_word' id='word_1_212' title='bbox 1571 281 1875 322; x_wconf 86' lang='lat' dir='ltr'>beatificamus</span> 
     </span>
     <span class='ocr_line' id='line_1_45' title="bbox 1046 336 1875 389; baseline -0.001 -11"><span class='ocrx_word' id='word_1_213' title='bbox 1046 349 1133 386; x_wconf 86' lang='lat' dir='ltr'>eOS‚</span> <span class='ocrx_word' id='word_1_214' title='bbox 1150 337 1224 389; x_wconf 93' lang='lat' dir='ltr'>qui</span> <span class='ocrx_word' id='word_1_215' title='bbox 1239 337 1547 378; x_wconf 88' lang='lat' dir='ltr'>sustinuerunt.</span> <span class='ocrx_word' id='word_1_216' title='bbox 1570 336 1875 378; x_wconf 86' lang='lat' dir='ltr'>Sufferentiam</span> 
     </span>
     <span class='ocr_line' id='line_1_46' title="bbox 1044 390 1876 442; baseline 0 -10"><span class='ocrx_word' id='word_1_217' title='bbox 1044 392 1068 432; x_wconf 87' lang='lat' dir='ltr'>J</span> <span class='ocrx_word' id='word_1_218' title='bbox 1071 392 1129 433; x_wconf 94' lang='lat' dir='ltr'>ob</span> <span class='ocrx_word' id='word_1_219' title='bbox 1150 392 1342 442; x_wconf 80' lang='lat' dir='ltr'>audistis,</span> <span class='ocrx_word' id='word_1_220' title='bbox 1362 398 1405 434; x_wconf 93' lang='lat' dir='ltr'>et</span> <span class='ocrx_word' id='word_1_221' title='bbox 1424 393 1557 434; x_wconf 87' lang='lat' dir='ltr'>finem</span> <span class='ocrx_word' id='word_1_222' title='bbox 1573 392 1751 433; x_wconf 84' lang='lat' dir='ltr'>Domini</span> <span class='ocrx_word' id='word_1_223' title='bbox 1769 390 1876 433; x_wconf 86' lang='lat' dir='ltr'>vidi-</span> 
     </span>
     <span class='ocr_line' id='line_1_47' title="bbox 1046 447 1876 500; baseline 0 -12"><span class='ocrx_word' id='word_1_224' title='bbox 1046 448 1139 499; x_wconf 88' lang='lat' dir='ltr'>stis,</span> <span class='ocrx_word' id='word_1_225' title='bbox 1165 449 1371 500; x_wconf 82' lang='lat' dir='ltr'>quoniam</span> <span class='ocrx_word' id='word_1_226' title='bbox 1393 448 1642 490; x_wconf 80' lang='lat' dir='ltr'>misericors</span> <span class='ocrx_word' id='word_1_227' title='bbox 1661 447 1876 488; x_wconf 83' lang='lat' dir='ltr'>Dominus</span> 
     </span>
     <span class='ocr_line' id='line_1_48' title="bbox 1047 505 1452 553; baseline -0.002 -8"><span class='ocrx_word' id='word_1_228' title='bbox 1047 509 1125 553; x_wconf 89' lang='lat' dir='ltr'>est,</span> <span class='ocrx_word' id='word_1_229' title='bbox 1148 509 1191 546; x_wconf 91' lang='lat' dir='ltr'>et</span> <span class='ocrx_word' id='word_1_230' title='bbox 1209 505 1452 546; x_wconf 89' lang='lat' dir='ltr'>miserator.</span> 
     </span>
    </p>

    <p class='ocr_par' dir='ltr' id='par_1_11' title="bbox 1051 580 1877 745">
     <span class='ocr_line' id='line_1_49' title="bbox 1350 580 1578 621; baseline 0 -2"><span class='ocrx_word' id='word_1_231' title='bbox 1350 580 1502 621; x_wconf 89' lang='lat' dir='ltr'>Lectio</span> <span class='ocrx_word' id='word_1_232' title='bbox 1523 580 1578 620; x_wconf 91' lang='lat' dir='ltr'>iii.</span> 
     </span>
     <span class='ocr_line' id='line_1_50' title="bbox 1051 639 1877 745; baseline 0 -60"><span class='ocrx_word' id='word_1_233' title='bbox 1051 639 1198 745; x_wconf 60' lang='lat' dir='ltr'>Arte</span> <span class='ocrx_word' id='word_1_234' title='bbox 1235 645 1382 686; x_wconf 89' lang='lat' dir='ltr'>omnia</span> <span class='ocrx_word' id='word_1_235' title='bbox 1418 649 1566 687; x_wconf 90' lang='lat' dir='ltr'>autem</span> <span class='ocrx_word' id='word_1_236' title='bbox 1602 645 1760 686; x_wconf 88' lang='lat' dir='ltr'>fratres</span> <span class='ocrx_word' id='word_1_237' title='bbox 1790 644 1877 686; x_wconf 88' lang='lat' dir='ltr'>mei</span> 
     </span>
    </p>
   </div>
   <div class='ocr_carea' id='block_1_5' title="bbox 1047 700 1880 1536">
    <p class='ocr_par' dir='ltr' id='par_1_12' title="bbox 1047 700 1880 1536">
     <span class='ocr_line' id='line_1_51' title="bbox 1150 700 1876 752; baseline 0.001 -12"><span class='ocrx_word' id='word_1_238' title='bbox 1150 700 1286 742; x_wconf 89' lang='lat' dir='ltr'>nolite</span> <span class='ocrx_word' id='word_1_239' title='bbox 1314 702 1472 752; x_wconf 83' lang='lat' dir='ltr'>jurare,</span> <span class='ocrx_word' id='word_1_240' title='bbox 1512 713 1656 752; x_wconf 90' lang='lat' dir='ltr'>neque</span> <span class='ocrx_word' id='word_1_241' title='bbox 1683 713 1763 752; x_wconf 91' lang='lat' dir='ltr'>per</span> <span class='ocrx_word' id='word_1_242' title='bbox 1791 712 1876 741; x_wconf 89' lang='lat' dir='ltr'>coe-</span> 
     </span>
     <span class='ocr_line' id='line_1_52' title="bbox 1047 755 1878 809; baseline 0.001 -13"><span class='ocrx_word' id='word_1_243' title='bbox 1047 755 1147 806; x_wconf 86' lang='lat' dir='ltr'>lum,</span> <span class='ocrx_word' id='word_1_244' title='bbox 1161 769 1304 808; x_wconf 91' lang='lat' dir='ltr'>neque</span> <span class='ocrx_word' id='word_1_245' title='bbox 1319 769 1399 809; x_wconf 88' lang='lat' dir='ltr'>per</span> <span class='ocrx_word' id='word_1_246' title='bbox 1412 762 1587 806; x_wconf 90' lang='lat' dir='ltr'>terram,</span> <span class='ocrx_word' id='word_1_247' title='bbox 1601 768 1744 808; x_wconf 93' lang='lat' dir='ltr'>neque</span> <span class='ocrx_word' id='word_1_248' title='bbox 1760 755 1878 797; x_wconf 86' lang='lat' dir='ltr'>aliud</span> 
     </span>
     <span class='ocr_line' id='line_1_53' title="bbox 1048 811 1877 865; baseline -0.001 -12"><span class='ocrx_word' id='word_1_249' title='bbox 1048 812 1361 864; x_wconf 69' lang='lat' dir='ltr'>quodcumque</span> <span class='ocrx_word' id='word_1_250' title='bbox 1385 814 1685 865; x_wconf 89' lang='lat' dir='ltr'>juramentum.</span> <span class='ocrx_word' id='word_1_251' title='bbox 1717 811 1782 852; x_wconf 89' lang='lat' dir='ltr'>Sit</span> <span class='ocrx_word' id='word_1_252' title='bbox 1807 824 1877 853; x_wconf 90' lang='lat' dir='ltr'>au-</span> 
     </span>
     <span class='ocr_line' id='line_1_54' title="bbox 1047 867 1876 918; baseline 0 -9"><span class='ocrx_word' id='word_1_253' title='bbox 1047 873 1137 909; x_wconf 91' lang='lat' dir='ltr'>tem</span> <span class='ocrx_word' id='word_1_254' title='bbox 1164 881 1308 910; x_wconf 90' lang='lat' dir='ltr'>sermo</span> <span class='ocrx_word' id='word_1_255' title='bbox 1337 874 1497 910; x_wconf 89' lang='lat' dir='ltr'>vester:</span> <span class='ocrx_word' id='word_1_256' title='bbox 1525 869 1622 918; x_wconf 89' lang='lat' dir='ltr'>Est,</span> <span class='ocrx_word' id='word_1_257' title='bbox 1650 872 1731 909; x_wconf 88' lang='lat' dir='ltr'>est:</span> <span class='ocrx_word' id='word_1_258' title='bbox 1758 867 1876 918; x_wconf 89' lang='lat' dir='ltr'>Non,</span> 
     </span>
     <span class='ocr_line' id='line_1_55' title="bbox 1047 923 1878 976; baseline -0.001 -12"><span class='ocrx_word' id='word_1_259' title='bbox 1047 936 1148 966; x_wconf 92' lang='lat' dir='ltr'>non:</span> <span class='ocrx_word' id='word_1_260' title='bbox 1173 930 1221 966; x_wconf 94' lang='lat' dir='ltr'>ut</span> <span class='ocrx_word' id='word_1_261' title='bbox 1245 937 1332 965; x_wconf 94' lang='lat' dir='ltr'>non</span> <span class='ocrx_word' id='word_1_262' title='bbox 1357 924 1439 966; x_wconf 92' lang='lat' dir='ltr'>sub</span> <span class='ocrx_word' id='word_1_263' title='bbox 1464 923 1624 976; x_wconf 86' lang='lat' dir='ltr'>judicio</span> <span class='ocrx_word' id='word_1_264' title='bbox 1651 923 1878 965; x_wconf 88' lang='lat' dir='ltr'>decidatis.</span> 
     </span>
     <span class='ocr_line' id='line_1_56' title="bbox 1047 978 1878 1033; baseline 0 -13"><span class='ocrx_word' id='word_1_265' title='bbox 1047 980 1267 1022; x_wconf 87' lang='lat' dir='ltr'>Tristatur</span> <span class='ocrx_word' id='word_1_266' title='bbox 1308 980 1466 1033; x_wconf 89' lang='lat' dir='ltr'>aliquis</span> <span class='ocrx_word' id='word_1_267' title='bbox 1507 978 1726 1021; x_wconf 85' lang='lat' dir='ltr'>vestrum?</span> <span class='ocrx_word' id='word_1_268' title='bbox 1771 983 1878 1020; x_wconf 90' lang='lat' dir='ltr'>oret.</span> 
     </span>
     <span class='ocr_line' id='line_1_57' title="bbox 1048 1035 1877 1089; baseline 0 -13"><span class='ocrx_word' id='word_1_269' title='bbox 1048 1036 1197 1088; x_wconf 91' lang='lat' dir='ltr'>AEquo</span> <span class='ocrx_word' id='word_1_270' title='bbox 1218 1037 1363 1078; x_wconf 91' lang='lat' dir='ltr'>animo</span> <span class='ocrx_word' id='word_1_271' title='bbox 1379 1036 1467 1078; x_wconf 88' lang='lat' dir='ltr'>est?</span> <span class='ocrx_word' id='word_1_272' title='bbox 1486 1036 1656 1089; x_wconf 83' lang='lat' dir='ltr'>psallat.</span> <span class='ocrx_word' id='word_1_273' title='bbox 1681 1035 1877 1076; x_wconf 90' lang='lat' dir='ltr'>Infirma-</span> 
     </span>
     <span class='ocr_line' id='line_1_58' title="bbox 1047 1090 1878 1145; baseline -0.001 -12"><span class='ocrx_word' id='word_1_274' title='bbox 1047 1097 1119 1133; x_wconf 94' lang='lat' dir='ltr'>tur</span> <span class='ocrx_word' id='word_1_275' title='bbox 1140 1093 1236 1145; x_wconf 91' lang='lat' dir='ltr'>quis</span> <span class='ocrx_word' id='word_1_276' title='bbox 1258 1093 1302 1133; x_wconf 90' lang='lat' dir='ltr'>in</span> <span class='ocrx_word' id='word_1_277' title='bbox 1322 1091 1474 1134; x_wconf 87' lang='lat' dir='ltr'>vobis?</span> <span class='ocrx_word' id='word_1_278' title='bbox 1502 1091 1682 1133; x_wconf 69' lang='lat' dir='ltr'>inducat</span> <span class='ocrx_word' id='word_1_279' title='bbox 1699 1090 1878 1144; x_wconf 68' lang='lat' dir='ltr'>presby-</span> 
     </span>
     <span class='ocr_line' id='line_1_59' title="bbox 1047 1149 1880 1200; baseline -0.001 -11"><span class='ocrx_word' id='word_1_280' title='bbox 1047 1153 1168 1190; x_wconf 91' lang='lat' dir='ltr'>teros</span> <span class='ocrx_word' id='word_1_281' title='bbox 1210 1149 1439 1198; x_wconf 87' lang='lat' dir='ltr'>Ecclesiae,</span> <span class='ocrx_word' id='word_1_282' title='bbox 1485 1153 1529 1190; x_wconf 87' lang='lat' dir='ltr'>et</span> <span class='ocrx_word' id='word_1_283' title='bbox 1575 1152 1702 1189; x_wconf 90' lang='lat' dir='ltr'>orent</span> <span class='ocrx_word' id='word_1_284' title='bbox 1747 1159 1880 1200; x_wconf 89' lang='lat' dir='ltr'>super</span> 
     </span>
     <span class='ocr_line' id='line_1_60' title="bbox 1048 1203 1878 1255; baseline -0.002 -10"><span class='ocrx_word' id='word_1_285' title='bbox 1048 1217 1159 1254; x_wconf 89' lang='lat' dir='ltr'>eum,</span> <span class='ocrx_word' id='word_1_286' title='bbox 1178 1207 1392 1255; x_wconf 86' lang='lat' dir='ltr'>ungentes</span> <span class='ocrx_word' id='word_1_287' title='bbox 1412 1217 1511 1246; x_wconf 91' lang='lat' dir='ltr'>eum</span> <span class='ocrx_word' id='word_1_288' title='bbox 1531 1204 1630 1245; x_wconf 92' lang='lat' dir='ltr'>oleo</span> <span class='ocrx_word' id='word_1_289' title='bbox 1644 1203 1689 1244; x_wconf 89' lang='lat' dir='ltr'>in</span> <span class='ocrx_word' id='word_1_290' title='bbox 1703 1203 1878 1244; x_wconf 89' lang='lat' dir='ltr'>nomine</span> 
     </span>
     <span class='ocr_line' id='line_1_61' title="bbox 1047 1258 1877 1302; baseline -0.001 -2"><span class='ocrx_word' id='word_1_291' title='bbox 1047 1260 1239 1301; x_wconf 82' lang='lat' dir='ltr'>Domini:</span> <span class='ocrx_word' id='word_1_292' title='bbox 1264 1266 1308 1302; x_wconf 89' lang='lat' dir='ltr'>et</span> <span class='ocrx_word' id='word_1_293' title='bbox 1328 1261 1470 1301; x_wconf 86' lang='lat' dir='ltr'>oratio</span> <span class='ocrx_word' id='word_1_294' title='bbox 1487 1259 1592 1301; x_wconf 82' lang='lat' dir='ltr'>fidei</span> <span class='ocrx_word' id='word_1_295' title='bbox 1611 1258 1800 1300; x_wconf 82' lang='lat' dir='ltr'>salvabit</span> <span class='ocrx_word' id='word_1_296' title='bbox 1818 1258 1877 1299; x_wconf 92' lang='lat' dir='ltr'>in-</span> 
     </span>
     <span class='ocr_line' id='line_1_62' title="bbox 1048 1314 1877 1366; baseline -0.002 -10"><span class='ocrx_word' id='word_1_297' title='bbox 1048 1315 1237 1366; x_wconf 85' lang='lat' dir='ltr'>firmum,</span> <span class='ocrx_word' id='word_1_298' title='bbox 1270 1321 1313 1358; x_wconf 89' lang='lat' dir='ltr'>et</span> <span class='ocrx_word' id='word_1_299' title='bbox 1345 1315 1567 1358; x_wconf 88' lang='lat' dir='ltr'>alleviabit</span> <span class='ocrx_word' id='word_1_300' title='bbox 1598 1328 1698 1357; x_wconf 91' lang='lat' dir='ltr'>eum</span> <span class='ocrx_word' id='word_1_301' title='bbox 1727 1314 1877 1355; x_wconf 91' lang='lat' dir='ltr'>Domi-</span> 
     </span>
     <span class='ocr_line' id='line_1_63' title="bbox 1047 1370 1878 1425; baseline -0.002 -13"><span class='ocrx_word' id='word_1_302' title='bbox 1047 1385 1143 1412; x_wconf 88' lang='lat' dir='ltr'>nus:</span> <span class='ocrx_word' id='word_1_303' title='bbox 1168 1377 1212 1413; x_wconf 88' lang='lat' dir='ltr'>et</span> <span class='ocrx_word' id='word_1_304' title='bbox 1232 1372 1268 1413; x_wconf 90' lang='lat' dir='ltr'>si</span> <span class='ocrx_word' id='word_1_305' title='bbox 1287 1373 1331 1413; x_wconf 91' lang='lat' dir='ltr'>in</span> <span class='ocrx_word' id='word_1_306' title='bbox 1351 1372 1546 1425; x_wconf 88' lang='lat' dir='ltr'>peccatis</span> <span class='ocrx_word' id='word_1_307' title='bbox 1567 1371 1638 1420; x_wconf 89' lang='lat' dir='ltr'>sit,</span> <span class='ocrx_word' id='word_1_308' title='bbox 1657 1370 1878 1412; x_wconf 86' lang='lat' dir='ltr'>remitten-</span> 
     </span>
     <span class='ocr_line' id='line_1_64' title="bbox 1048 1426 1880 1478; baseline -0.002 -10"><span class='ocrx_word' id='word_1_309' title='bbox 1048 1433 1119 1468; x_wconf 92' lang='lat' dir='ltr'>tur</span> <span class='ocrx_word' id='word_1_310' title='bbox 1135 1428 1185 1469; x_wconf 91' lang='lat' dir='ltr'>ei.</span> <span class='ocrx_word' id='word_1_311' title='bbox 1206 1428 1487 1469; x_wconf 91' lang='lat' dir='ltr'>Confitemini</span> <span class='ocrx_word' id='word_1_312' title='bbox 1502 1440 1607 1478; x_wconf 87' lang='lat' dir='ltr'>ergo</span> <span class='ocrx_word' id='word_1_313' title='bbox 1623 1426 1880 1467; x_wconf 89' lang='lat' dir='ltr'>alterutrum</span> 
     </span>
     <span class='ocr_line' id='line_1_65' title="bbox 1049 1481 1880 1536; baseline -0.005 -11"><span class='ocrx_word' id='word_1_314' title='bbox 1049 1485 1233 1536; x_wconf 88' lang='lat' dir='ltr'>peccata</span> <span class='ocrx_word' id='word_1_315' title='bbox 1255 1489 1415 1533; x_wconf 88' lang='lat' dir='ltr'>vestra,</span> <span class='ocrx_word' id='word_1_316' title='bbox 1444 1488 1488 1525; x_wconf 89' lang='lat' dir='ltr'>et</span> <span class='ocrx_word' id='word_1_317' title='bbox 1514 1485 1637 1524; x_wconf 87' lang='lat' dir='ltr'>orate</span> <span class='ocrx_word' id='word_1_318' title='bbox 1663 1494 1747 1534; x_wconf 92' lang='lat' dir='ltr'>pro</span> <span class='ocrx_word' id='word_1_319' title='bbox 1774 1481 1880 1522; x_wconf 87' lang='lat' dir='ltr'>invi·</span> 
     </span>
    </p>
   </div>
   <div class='ocr_carea' id='block_1_6' title="bbox 1032 1537 1879 1592">
    <p class='ocr_par' dir='ltr' id='par_1_13' title="bbox 1032 1537 1879 1592">
     <span class='ocr_line' id='line_1_66' title="bbox 1032 1537 1879 1592; baseline -0.005 -11"><span class='ocrx_word' id='word_1_320' title='bbox 1032 1552 1145 1592; x_wconf 27' lang='lat' dir='ltr'>,cem</span> <span class='ocrx_word' id='word_1_321' title='bbox 1181 1545 1229 1581; x_wconf 91' lang='lat' dir='ltr'>ut</span> <span class='ocrx_word' id='word_1_322' title='bbox 1262 1540 1504 1581; x_wconf 88' lang='lat' dir='ltr'>salvemini:</span> <span class='ocrx_word' id='word_1_323' title='bbox 1540 1538 1726 1580; x_wconf 90' lang='lat' dir='ltr'>multum</span> <span class='ocrx_word' id='word_1_324' title='bbox 1763 1537 1879 1578; x_wconf 91' lang='lat' dir='ltr'>enim</span> 
     </span>
    </p>
   </div>
   <div class='ocr_carea' id='block_1_7' title="bbox 1049 1592 1768 1648">
    <p class='ocr_par' dir='ltr' id='par_1_14' title="bbox 1049 1592 1768 1648">
     <span class='ocr_line' id='line_1_67' title="bbox 1049 1592 1768 1648; baseline -0.004 -12"><span class='ocrx_word' id='word_1_325' title='bbox 1049 1596 1167 1637; x_wconf 89' lang='lat' dir='ltr'>valet</span> <span class='ocrx_word' id='word_1_326' title='bbox 1186 1595 1443 1648; x_wconf 84' lang='lat' dir='ltr'>deprecatio</span> <span class='ocrx_word' id='word_1_327' title='bbox 1463 1595 1563 1647; x_wconf 87' lang='lat' dir='ltr'>justi</span> <span class='ocrx_word' id='word_1_328' title='bbox 1582 1592 1768 1636; x_wconf 82' lang='lat' dir='ltr'>assidua.</span> 
     </span>
    </p>
   </div>
   <div class='ocr_carea' id='block_1_8' title="bbox 1051 1679 1886 2249">
    <p class='ocr_par' dir='ltr' id='par_1_15' title="bbox 1052 1679 1882 1913">
     <span class='ocr_line' id='line_1_68' title="bbox 1283 1679 1647 1730; baseline -0.005 -10"><span class='ocrx_word' id='word_1_329' title='bbox 1283 1680 1362 1721; x_wconf 83' lang='lat' dir='ltr'>Ad</span> <span class='ocrx_word' id='word_1_330' title='bbox 1382 1679 1647 1730; x_wconf 83' lang='lat' dir='ltr'>vesperas.</span> 
     </span>
     <span class='ocr_line' id='line_1_69' title="bbox 1105 1743 1827 1797; baseline -0.001 -12"><span class='ocrx_word' id='word_1_331' title='bbox 1105 1746 1364 1797; x_wconf 84' lang='lat' dir='ltr'>Capitulum.</span> <span class='ocrx_word' id='word_1_332' title='bbox 1572 1746 1597 1784; x_wconf 89' lang='lat' dir='ltr'>J</span> <span class='ocrx_word' id='word_1_333' title='bbox 1600 1744 1726 1786; x_wconf 92' lang='lat' dir='ltr'>acobi</span> <span class='ocrx_word' id='word_1_334' title='bbox 1742 1745 1772 1785; x_wconf 90' lang='lat'>1.</span> <span class='ocrx_word' id='word_1_335' title='bbox 1788 1743 1827 1785; x_wconf 90' lang='lat' dir='ltr'>d.</span> 
     </span>
     <span class='ocr_line' id='line_1_70' title="bbox 1052 1804 1882 1913; baseline -0.007 -62"><span class='ocrx_word' id='word_1_336' title='bbox 1052 1805 1325 1913; x_wconf 81' lang='lat' dir='ltr'>Carissimi:</span> <span class='ocrx_word' id='word_1_337' title='bbox 1350 1808 1505 1850; x_wconf 89' lang='lat' dir='ltr'>Estote</span> <span class='ocrx_word' id='word_1_338' title='bbox 1531 1807 1722 1848; x_wconf 89' lang='lat' dir='ltr'>factores</span> <span class='ocrx_word' id='word_1_339' title='bbox 1746 1804 1882 1854; x_wconf 87' lang='lat' dir='ltr'>verbi,</span> 
     </span>
    </p>

    <p class='ocr_par' dir='ltr' id='par_1_16' title="bbox 1051 1860 1886 2249">
     <span class='ocr_line' id='line_1_71' title="bbox 1152 1860 1882 1910; baseline -0.008 -3"><span class='ocrx_word' id='word_1_340' title='bbox 1152 1871 1195 1907; x_wconf 90' lang='lat' dir='ltr'>et</span> <span class='ocrx_word' id='word_1_341' title='bbox 1220 1878 1309 1906; x_wconf 92' lang='lat' dir='ltr'>non</span> <span class='ocrx_word' id='word_1_342' title='bbox 1337 1863 1560 1906; x_wconf 81' lang='lat' dir='ltr'>auditores</span> <span class='ocrx_word' id='word_1_343' title='bbox 1587 1866 1776 1910; x_wconf 84' lang='lat' dir='ltr'>tantum,</span> <span class='ocrx_word' id='word_1_344' title='bbox 1807 1860 1882 1902; x_wconf 87' lang='lat' dir='ltr'>fal-</span> 
     </span>
     <span class='ocr_line' id='line_1_72' title="bbox 1051 1916 1883 1972; baseline -0.008 -9"><span class='ocrx_word' id='word_1_345' title='bbox 1051 1922 1192 1963; x_wconf 88' lang='lat' dir='ltr'>lentes</span> <span class='ocrx_word' id='word_1_346' title='bbox 1219 1923 1526 1972; x_wconf 88' lang='lat' dir='ltr'>vosmetipsos.</span> <span class='ocrx_word' id='word_1_347' title='bbox 1580 1917 1691 1968; x_wconf 90' lang='lat' dir='ltr'>Quia</span> <span class='ocrx_word' id='word_1_348' title='bbox 1719 1917 1756 1957; x_wconf 89' lang='lat' dir='ltr'>si</span> <span class='ocrx_word' id='word_1_349' title='bbox 1785 1916 1883 1967; x_wconf 87' lang='lat' dir='ltr'>quis</span> 
     </span>
     <span class='ocr_line' id='line_1_73' title="bbox 1052 1972 1884 2025; baseline -0.008 -6"><span class='ocrx_word' id='word_1_350' title='bbox 1052 1977 1227 2019; x_wconf 83' lang='lat' dir='ltr'>auditor</span> <span class='ocrx_word' id='word_1_351' title='bbox 1256 1981 1323 2018; x_wconf 89' lang='lat' dir='ltr'>est</span> <span class='ocrx_word' id='word_1_352' title='bbox 1350 1975 1490 2025; x_wconf 90' lang='lat' dir='ltr'>verbi,</span> <span class='ocrx_word' id='word_1_353' title='bbox 1530 1979 1574 2015; x_wconf 90' lang='lat' dir='ltr'>et</span> <span class='ocrx_word' id='word_1_354' title='bbox 1606 1985 1695 2014; x_wconf 93' lang='lat' dir='ltr'>non</span> <span class='ocrx_word' id='word_1_355' title='bbox 1726 1972 1884 2013; x_wconf 91' lang='lat' dir='ltr'>factor:</span> 
     </span>
     <span class='ocr_line' id='line_1_74' title="bbox 1052 2027 1884 2085; baseline -0.007 -11"><span class='ocrx_word' id='word_1_356' title='bbox 1052 2033 1123 2075; x_wconf 91' lang='lat' dir='ltr'>hic</span> <span class='ocrx_word' id='word_1_357' title='bbox 1138 2032 1464 2085; x_wconf 87' lang='lat' dir='ltr'>comparabitur</span> <span class='ocrx_word' id='word_1_358' title='bbox 1476 2031 1571 2072; x_wconf 90' lang='lat' dir='ltr'>viro</span> <span class='ocrx_word' id='word_1_359' title='bbox 1588 2027 1884 2070; x_wconf 88' lang='lat' dir='ltr'>consideranti</span> 
     </span>
     <span class='ocr_line' id='line_1_75' title="bbox 1053 2083 1884 2136; baseline -0.01 -5"><span class='ocrx_word' id='word_1_360' title='bbox 1053 2089 1220 2131; x_wconf 86' lang='lat' dir='ltr'>vultum</span> <span class='ocrx_word' id='word_1_361' title='bbox 1244 2087 1482 2130; x_wconf 90' lang='lat' dir='ltr'>nativitatis</span> <span class='ocrx_word' id='word_1_362' title='bbox 1507 2098 1598 2127; x_wconf 89' lang='lat' dir='ltr'>suae</span> <span class='ocrx_word' id='word_1_363' title='bbox 1621 2085 1665 2125; x_wconf 88' lang='lat' dir='ltr'>in</span> <span class='ocrx_word' id='word_1_364' title='bbox 1686 2083 1884 2136; x_wconf 89' lang='lat' dir='ltr'>speculo:</span> 
     </span>
     <span class='ocr_line' id='line_1_76' title="bbox 1054 2139 1886 2190; baseline -0.008 -4"><span class='ocrx_word' id='word_1_365' title='bbox 1054 2144 1351 2186; x_wconf 87' lang='lat' dir='ltr'>consideravit</span> <span class='ocrx_word' id='word_1_366' title='bbox 1378 2143 1492 2184; x_wconf 91' lang='lat' dir='ltr'>enim</span> <span class='ocrx_word' id='word_1_367' title='bbox 1520 2154 1585 2190; x_wconf 90' lang='lat' dir='ltr'>se,</span> <span class='ocrx_word' id='word_1_368' title='bbox 1618 2145 1663 2181; x_wconf 88' lang='lat' dir='ltr'>et</span> <span class='ocrx_word' id='word_1_369' title='bbox 1686 2139 1808 2189; x_wconf 86' lang='lat' dir='ltr'>abiit,</span> <span class='ocrx_word' id='word_1_370' title='bbox 1842 2143 1886 2180; x_wconf 91' lang='lat' dir='ltr'>et</span> 
     </span>
     <span class='ocr_line' id='line_1_77' title="bbox 1054 2195 1789 2249; baseline -0.01 -7"><span class='ocrx_word' id='word_1_371' title='bbox 1054 2201 1201 2242; x_wconf 89' lang='lat' dir='ltr'>statim</span> <span class='ocrx_word' id='word_1_372' title='bbox 1220 2199 1381 2241; x_wconf 85' lang='lat' dir='ltr'>oblitus</span> <span class='ocrx_word' id='word_1_373' title='bbox 1401 2203 1468 2239; x_wconf 91' lang='lat' dir='ltr'>est</span> <span class='ocrx_word' id='word_1_374' title='bbox 1488 2196 1628 2249; x_wconf 92' lang='lat' dir='ltr'>qualis</span> <span class='ocrx_word' id='word_1_375' title='bbox 1648 2195 1789 2236; x_wconf 70' lang='lat' dir='ltr'>faerit.</span> 
     </span>
    </p>
   </div>
   <div class='ocr_carea' id='block_1_9' title="bbox 1053 2260 1883 2732">
    <p class='ocr_par' dir='ltr' id='par_1_17' title="bbox 1109 2260 1828 2314">
     <span class='ocr_line' id='line_1_78' title="bbox 1109 2260 1828 2314; baseline -0.007 -11"><span class='ocrx_word' id='word_1_376' title='bbox 1109 2264 1315 2314; x_wconf 71' lang='lat' dir='ltr'>Hymnus.</span> <span class='ocrx_word' id='word_1_377' title='bbox 1351 2261 1417 2304; x_wconf 81' lang='lat' dir='ltr'>Ad</span> <span class='ocrx_word' id='word_1_378' title='bbox 1436 2262 1577 2313; x_wconf 86' lang='lat' dir='ltr'>regias</span> <span class='ocrx_word' id='word_1_379' title='bbox 1598 2260 1722 2311; x_wconf 87' lang='lat' dir='ltr'>Agni.</span> <span class='ocrx_word' id='word_1_380' title='bbox 1742 2260 1828 2299; x_wconf 91' lang='lat'>110.</span> 
     </span>
    </p>

    <p class='ocr_par' dir='ltr' id='par_1_18' title="bbox 1054 2326 1883 2495">
     <span class='ocr_line' id='line_1_79' title="bbox 1105 2326 1883 2377; baseline -0.012 -1"><span class='ocrx_word' id='word_1_381' title='bbox 1105 2328 1155 2377; x_wconf 54' lang='lat' dir='ltr'>‹V-</span> <span class='ocrx_word' id='word_1_382' title='bbox 1186 2332 1314 2373; x_wconf 90' lang='lat' dir='ltr'>Mane</span> <span class='ocrx_word' id='word_1_383' title='bbox 1339 2331 1570 2372; x_wconf 87' lang='lat' dir='ltr'>nobiscum</span> <span class='ocrx_word' id='word_1_384' title='bbox 1594 2327 1797 2376; x_wconf 86' lang='lat' dir='ltr'>Domine,</span> <span class='ocrx_word' id='word_1_385' title='bbox 1826 2326 1883 2368; x_wconf 87' lang='lat' dir='ltr'>al-</span> 
     </span>
     <span class='ocr_line' id='line_1_80' title="bbox 1054 2381 1883 2440; baseline -0.008 -11"><span class='ocrx_word' id='word_1_386' title='bbox 1054 2387 1193 2440; x_wconf 75' lang='lat' dir='ltr'>lehija.</span> <span class='ocrx_word' id='word_1_387' title='bbox 1228 2388 1275 2438; x_wconf 60' lang='lat' dir='ltr'>Rg.</span> <span class='ocrx_word' id='word_1_388' title='bbox 1300 2387 1515 2437; x_wconf 87' lang='lat' dir='ltr'>Quoniam</span> <span class='ocrx_word' id='word_1_389' title='bbox 1538 2381 1883 2435; x_wconf 89' lang='lat' dir='ltr'>advesperascit,</span> 
     </span>
     <span class='ocr_line' id='line_1_81' title="bbox 1054 2444 1236 2495; baseline -0.011 -10"><span class='ocrx_word' id='word_1_390' title='bbox 1054 2444 1236 2495; x_wconf 83' lang='lat' dir='ltr'>alleluja.</span> 
     </span>
    </p>

    <p class='ocr_par' dir='ltr' id='par_1_19' title="bbox 1053 2503 1883 2732">
     <span class='ocr_line' id='line_1_82' title="bbox 1107 2503 1882 2558; baseline 0 -12"><span class='ocrx_word' id='word_1_391' title='bbox 1107 2506 1173 2546; x_wconf 82' lang='lat' dir='ltr'>Ad</span> <span class='ocrx_word' id='word_1_392' title='bbox 1197 2506 1367 2554; x_wconf 66' lang='lat' dir='ltr'>Magnis.</span> <span class='ocrx_word' id='word_1_393' title='bbox 1403 2507 1500 2545; x_wconf 88' lang='lat' dir='ltr'>Ant.</span> <span class='ocrx_word' id='word_1_394' title='bbox 1536 2506 1686 2558; x_wconf 79' lang='lat' dir='ltr'>Usque</span> <span class='ocrx_word' id='word_1_395' title='bbox 1704 2503 1839 2546; x_wconf 91' lang='lat' dir='ltr'>modo</span> <span class='ocrx_word' id='word_1_396' title='bbox 1859 2507 1882 2531; x_wconf 84' lang='lat'>*</span> 
     </span>
     <span class='ocr_line' id='line_1_83' title="bbox 1054 2561 1883 2620; baseline -0.012 -10"><span class='ocrx_word' id='word_1_397' title='bbox 1054 2581 1141 2609; x_wconf 92' lang='lat' dir='ltr'>non</span> <span class='ocrx_word' id='word_1_398' title='bbox 1169 2567 1344 2620; x_wconf 85' lang='lat' dir='ltr'>petistis</span> <span class='ocrx_word' id='word_1_399' title='bbox 1373 2563 1612 2616; x_wconf 87' lang='lat' dir='ltr'>quidquam</span> <span class='ocrx_word' id='word_1_400' title='bbox 1638 2562 1682 2602; x_wconf 90' lang='lat' dir='ltr'>in</span> <span class='ocrx_word' id='word_1_401' title='bbox 1707 2561 1883 2602; x_wconf 88' lang='lat' dir='ltr'>nomine</span> 
     </span>
     <span class='ocr_line' id='line_1_84' title="bbox 1054 2616 1882 2676; baseline -0.012 -10"><span class='ocrx_word' id='word_1_402' title='bbox 1054 2638 1173 2666; x_wconf 88' lang='lat' dir='ltr'>meo:</span> <span class='ocrx_word' id='word_1_403' title='bbox 1215 2623 1371 2676; x_wconf 88' lang='lat' dir='ltr'>petite,</span> <span class='ocrx_word' id='word_1_404' title='bbox 1416 2626 1460 2662; x_wconf 93' lang='lat' dir='ltr'>et</span> <span class='ocrx_word' id='word_1_405' title='bbox 1496 2617 1738 2671; x_wconf 81' lang='lat' dir='ltr'>accipietis,</span> <span class='ocrx_word' id='word_1_406' title='bbox 1783 2616 1882 2658; x_wconf 91' lang='lat' dir='ltr'>alle-</span> 
     </span>
     <span class='ocr_line' id='line_1_85' title="bbox 1053 2681 1150 2732; baseline -0.01 -10"><span class='ocrx_word' id='word_1_407' title='bbox 1053 2681 1150 2732; x_wconf 73' lang='lat' dir='ltr'>laja.</span> 
     </span>
    </p>
   </div>
   <div class='ocr_carea' id='block_1_10' title="bbox 99 127 1946 2783">
    <p class='ocr_par' dir='ltr' id='par_1_20' title="bbox 99 127 1946 2783">
     <span class='ocr_line' id='line_1_86' title="bbox 99 127 1946 2783; baseline 0 0"><span class='ocrx_word' id='word_1_408' title='bbox 99 127 1946 2783; x_wconf 95' lang='lat' dir='ltr'> </span> 
     </span>
    </p>
   </div>
  </div>
 </body>
</html>
