2028 2892
697 159 808 194 Feria
834 166 970 203 quarta
996 162 1045 195 ad
1068 161 1305 197 Matutinum.

149 252 229 294 bas
257 252 394 294 cibos:
422 252 446 278 *
471 253 514 293 in
549 252 682 295 domo
715 254 798 296 Dei
830 256 976 298 ambu-

149 308 334 350 lavimus
363 321 462 350 cum
487 311 713 352 consensu.

201 365 362 407 Veniat
400 378 520 408 mors
557 379 688 419 super
724 367 839 409 illos:
874 369 897 394 *
934 374 978 410 et

150 421 420 464 descendant
451 423 495 463 in
522 423 738 464 infernum
766 425 977 466 viventes:

202 478 418 529 Quoniam
445 480 652 532 nequitiae
686 480 730 520 in
756 479 976 522 habitacu-

148 534 202 576 lis
230 537 397 576 eorum:
424 535 447 560 *
475 536 520 576 in
547 535 693 577 medio
725 538 886 578 eorum.

192 592 287 643 Ego
318 596 464 634 autem
493 591 549 634 ad
574 592 717 633 Deum
741 593 977 635 clamavi:*

149 653 193 690 et
219 648 435 690 Dominus
462 648 649 690 salvabit
675 662 757 690 me.

200 705 412 758 Vespere,
424 710 468 747 et
480 718 618 755 mane,
634 711 677 747 et
686 705 868 747 meridie
882 719 976 747 nar-

149 761 258 804 rabo
287 766 330 804 et
357 761 641 803 annuntiabo:
661 762 684 787 *
703 767 746 804 et
774 762 978 804 exaudiet

148 831 304 860 vocem
331 831 484 860 meam.

197 874 402 916 Redimet
426 875 468 915 in
491 887 601 928 pace
626 876 813 916 animam
835 888 978 916 meam

149 931 204 973 ab
232 931 310 981 his,
340 932 414 984 qui
441 935 799 985 appropinquant
826 933 977 973 mihi:*

150 989 355 1042 quoniam
365 989 478 1030 inter
492 988 653 1037 multos
665 995 788 1031 erant
797 1002 978 1030 mecum.

198 1044 554 1095 ExaudietDeus,
563 1050 606 1088 et
616 1045 859 1088 humiliabit
869 1045 978 1092 illos,

147 1103 171 1129 *
190 1102 263 1154 qui
285 1106 352 1144 est
370 1106 471 1144 ante
497 1102 668 1144 saecula.

198 1158 301 1200 Non
329 1158 444 1200 enim
473 1164 539 1200 est
566 1158 651 1200 illis
683 1159 978 1209 commutatio,

148 1219 192 1257 et
219 1227 309 1256 non
335 1215 573 1257 timuerunt
600 1215 758 1257 Deum:
786 1216 810 1241 *
833 1217 978 1257 exten-

148 1271 213 1313 dit
238 1285 415 1313 manum
439 1285 562 1313 suam
589 1272 633 1312 in
660 1271 952 1314 retribuendo.

201 1329 615 1370 Contaminaverunt
670 1330 979 1370 testamentum

148 1385 250 1437 ejus,
269 1384 397 1427 divisi
417 1390 518 1427 sunt
538 1384 594 1427 ab
618 1385 683 1426 ira
703 1384 847 1426 vultus
871 1385 979 1436 ejus:

147 1442 172 1467 '⁸‘
200 1446 244 1483 et
271 1441 644 1494 appropinquavit
671 1454 748 1482 cor
775 1441 900 1482 illius.

199 1497 357 1539 Molliti
376 1502 478 1539 sunt
495 1499 719 1539 sermones
736 1498 825 1548 ejus
845 1510 977 1550 super

149 1553 310 1595 oleum:
338 1554 361 1579 *
385 1558 428 1595 et
455 1553 539 1606 ipsi
563 1558 663 1595 sunt
690 1553 840 1605 jacula.

198 1610 224 1651 J
226 1615 324 1652 acta
342 1622 474 1662 super
492 1610 730 1651 Dominum
749 1623 899 1651 curam
914 1615 977 1651 tu-

147 1679 228 1717 am,
257 1671 301 1708 et
327 1666 422 1719 ipse
449 1671 495 1708 te
525 1666 728 1708 enutriet:
747 1667 770 1692 *
789 1679 877 1708 non
906 1665 977 1707 da-

147 1723 212 1765 bit
221 1723 266 1764 in
282 1725 495 1765 aeternum
510 1723 837 1764 fluctuationem
851 1723 977 1774 justo.

198 1780 268 1821 Tu
293 1792 402 1821 vero
429 1779 550 1821 Deus
579 1778 772 1821 deduces
801 1780 977 1828 eos,*in

147 1839 330 1889 puteum
356 1836 567 1878 interitus.

199 1893 296 1934 Viri
329 1892 602 1943 sanguinum,
639 1898 682 1935 et
714 1892 858 1934 dolosi
890 1905 977 1934 non

148 1948 438 1991 dimidiabunt
455 1948 548 1991 dies
564 1962 684 1990 suos:
699 1950 722 1975 *
738 1962 820 2000 ego
832 1955 976 1991 autem

148 2006 338 2059 sperabo
366 2006 410 2047 in
436 2011 481 2048 te
509 2005 708 2047 Domine.

199 2065 295 2105 Ant.
356 2062 520 2105 Avertit
552 2062 766 2103 Dominus
799 2062 976 2115 captivi-

147 2120 286 2160 tatem
311 2118 454 2172 plebis
482 2131 584 2160 suae.

197 2175 295 2217 Ant.
329 2175 559 2226 Quoniam.

415 2234 611 2275 psalmus
640 2236 705 2274 55.

144 2282 418 2389 Miserere
429 2289 653 2339 meiDeus,
664 2289 868 2341 quoniam
877 2300 976 2329 con-

278 2344 466 2386 culcavit
485 2358 556 2387 me
584 2345 878 2387 homo:*tota
906 2343 976 2385 die

148 2400 409 2453 impiignans
436 2401 663 2443 tribulavit
689 2414 770 2442 me.

201 2457 577 2499 Conculcaverunt
603 2470 673 2499 me
703 2457 864 2498 inimici
890 2456 976 2497 mei

147 2517 242 2554 tota
271 2513 358 2554 die:
381 2514 404 2539 *
433 2514 637 2566 quoniam
664 2513 788 2555 multi
814 2512 975 2554 bellan-

148 2573 215 2610 tes
243 2569 476 2611 adversum
502 2583 583 2611 me.

200 2625 271 2666 Ab
300 2625 528 2667 altitudine
557 2625 642 2667 diei
668 2625 974 2675 timebo:*ego

149 2694 255 2724 vero
283 2682 327 2723 in
353 2687 398 2725 te
426 2681 629 2736 sperabo.

1809 163 1853 198 65

1079 258 1132 298 In
1150 257 1246 299 Deo
1268 258 1456 301 laudabo
1477 263 1699 302 sermones
1718 274 1851 311 meos

1028 313 1072 354 in
1091 314 1188 355 Deo
1208 316 1396 367 speravi:
1414 317 1437 341 *
1456 329 1542 357 non
1560 316 1724 359 timebo
1748 317 1852 369 quid

1029 370 1160 412 faciat
1186 371 1290 412 mihi
1318 385 1431 413 caro.

1081 427 1195 468 Tota
1215 426 1285 469 die
1304 427 1438 469 verba
1456 441 1552 470 mea
1568 430 1850 471 exsecraban-

1028 487 1115 524 tur:
1143 484 1165 508 *
1194 483 1424 525 adversum
1456 498 1525 526 me
1553 498 1702 527 omnes
1737 487 1851 537 cogi-

1029 540 1216 581 tationes
1246 542 1395 582 eorum
1423 541 1466 582 in
1492 542 1663 583 malum.

1080 595 1390 639 Inhabitabunt
1427 603 1470 639 et
1505 598 1790 640 abscondent:
1827 599 1850 624 *

1029 653 1113 705 ipsi
1164 652 1415 695 calcaneum
1460 667 1604 696 meum
1650 655 1850 696 observa-

1029 709 1147 751 bunt

1081 766 1200 807 Sicut
1231 767 1525 808 sustinuerunt
1555 768 1739 808 animam
1766 781 1850 809 me-

1030 835 1109 872 am,
1129 835 1211 875 pro
1231 823 1364 864 nihilo
1384 823 1528 864 salvos
1548 823 1679 864 facies
1700 823 1810 865 illos:
1829 826 1851 851 *

1030 879 1072 919 in
1099 879 1162 920 ira
1189 879 1378 932 populos
1407 880 1663 931 confringes.

1082 935 1219 985 Deus,
1256 935 1389 976 vitam
1426 949 1567 977 meam
1604 937 1852 977 annuntiavi

1030 991 1125 1033 tibi:
1157 992 1179 1017 *
1207 993 1393 1044 posuisti
1424 991 1624 1033 lacrimas
1657 1005 1776 1033 meas
1810 993 1852 1033 in

1032 1050 1270 1100 conspectu
1297 1053 1384 1098 tuo,

1083 1105 1203 1146 Sicut
1240 1109 1283 1146 et
1315 1105 1358 1145 in
1392 1105 1679 1157 promissione
1713 1110 1802 1147 tua:
1830 1106 1852 1130 *

1030 1166 1134 1203 tunc
1162 1163 1470 1203 convertentur
1491 1161 1650 1202 inimici
1677 1162 1762 1203 mei
1790 1174 1852 1203 re-

1030 1219 1235 1259 trorsum:

1083 1275 1133 1315 In
1177 1277 1449 1326 quacumque
1486 1273 1556 1315 die
1592 1275 1852 1315 invocavero

1030 1335 1089 1371 te:
1116 1331 1139 1355 *
1160 1343 1261 1372 ecce
1291 1331 1476 1381 cognovi
1505 1331 1707 1382 quoniam
1735 1331 1852 1371 Deus

1030 1400 1152 1428 meus
1182 1400 1238 1428 es.

1081 1444 1132 1484 In
1150 1443 1248 1484 Deo
1272 1442 1462 1484 laudabo
1488 1442 1678 1491 verbum,
1698 1443 1740 1482 in
1766 1442 1851 1482 Do-

1029 1500 1147 1541 mino
1167 1499 1356 1541 laudabo
1377 1502 1637 1540 sermonem:
1657 1499 1679 1524 *
1699 1499 1740 1539 in
1755 1499 1850 1539 Deo

1030 1557 1219 1608 speravi,
1258 1569 1344 1597 non
1383 1556 1546 1597 timebo
1585 1555 1687 1607 quid
1724 1555 1851 1595 faciat

1029 1612 1134 1653 mihi
1160 1612 1304 1654 homo.

1081 1670 1132 1710 In
1167 1682 1237 1710 me
1275 1674 1374 1710 sunt
1409 1668 1528 1709 Deus
1565 1673 1667 1709 vota
1703 1673 1791 1716 tua,
1827 1667 1850 1692 *

1031 1739 1129 1778 quae
1156 1725 1348 1775 reddam,
1376 1724 1646 1766 laudationes
1673 1723 1761 1765 tibi.

1082 1782 1296 1832 Quoniam
1325 1781 1519 1833 eripuisti
1553 1781 1737 1821 animam
1764 1792 1848 1820 me-

1029 1852 1099 1879 am
1127 1837 1182 1879 de
1210 1843 1367 1887 morte,
1403 1842 1446 1879 et
1472 1835 1608 1889 pedes
1641 1849 1762 1878 meos
1795 1835 1849 1877 de

1028 1894 1167 1947 lapsu:
1186 1895 1208 1920 *
1228 1899 1276 1935 ut
1294 1894 1492 1946 placeam
1514 1906 1661 1934 coram
1685 1893 1781 1934 Deo
1806 1892 1848 1932 in

1022 1944 1189 1992 lumine
1217 1950 1462 1992 viventium.

1299 2005 1490 2045 Psalmus
1518 2006 1583 2045 56.

1027 2056 1297 2162 Miserere
1305 2063 1391 2103 mei
1400 2063 1530 2111 Deus,
1540 2061 1743 2102 miserere
1750 2059 1847 2100 mei:

1157 2120 1180 2145 *
1205 2119 1408 2171 quoniam
1426 2119 1469 2159 in
1492 2123 1535 2160 te
1561 2115 1738 2158 confidit
1761 2115 1846 2156 ani-

1027 2189 1099 2217 ma
1126 2188 1234 2217 mea.
1258 2176 1264 2182 '

1079 2233 1135 2274 Et
1150 2232 1194 2272 in
1210 2231 1365 2273 umbra
1381 2230 1546 2272 alarum
1564 2230 1735 2270 tuarum
1752 2239 1846 2278 spe·

1027 2288 1146 2338 rabo,
1175 2289 1198 2313 *
1226 2287 1367 2328 donec
1393 2288 1585 2328 transeat
1610 2283 1823 2335 iniquitas.

1080 2343 1288 2385 Clamabo
1308 2343 1364 2384 ad
1376 2343 1516 2383 Deum
1535 2340 1805 2381 altissimum:
1823 2339 1846 2364 *

1026 2401 1168 2442 Deum
1198 2400 1271 2452 qui
1298 2397 1510 2440 benefecit
1537 2395 1651 2437 mihi.

1078 2457 1195 2497 Misit
1214 2455 1268 2497 de
1289 2454 1412 2502 coelo,
1437 2458 1480 2494 et
1498 2452 1699 2493 liberavit
1721 2463 1804 2491 me:
1822 2451 1846 2475 *

1027 2512 1148 2554 dedit
1186 2512 1228 2552 in
1270 2508 1552 2562 opprobrium
1592 2506 1844 2549 conculcan-

1026 2574 1094 2610 tes
1120 2581 1200 2608 me.

1077 2624 1195 2664 Misit
1214 2623 1331 2662 Deus
1351 2619 1692 2661 misericordiam
1713 2630 1843 2665 suam,

1026 2685 1070 2724 et
1089 2679 1315 2723 veritatem
1330 2688 1462 2731 suam,
1482 2677 1505 2701 *
1525 2680 1568 2716 et
1587 2674 1743 2732 eripuit
1758 2672 1842 2715 ani-
