2066 2904
574 160 783 193 Commune
811 159 1019 203 Martyrum
1045 166 1216 201 tempore
1246 158 1433 191 vast-hali.

147 256 363 297 Dominus
382 256 426 296 in
445 255 515 298 die
535 254 825 296 solemnitatis
846 259 889 296 et
905 255 977 296 138-

147 313 267 363 titiae,
287 312 468 365 alleluia,
488 311 670 364 alleluia.

420 390 488 427 Ad
511 389 712 427 Tertiam.

203 452 301 491 Ant.
332 451 379 490 In
398 449 653 491 coelestibus
673 449 829 500 regnis.

202 516 339 567 Capit.
367 514 555 557 Stabunt
573 514 684 566 justi.
702 522 747 554 ut
769 527 898 564 supra
922 513 975 553 ad

149 571 333 613 Laudes.
351 570 435 623 [48]

202 638 252 690 Rt·
273 637 334 677 br.
358 635 508 677 Sancti
531 635 698 687 et'justi
722 635 766 675 in
784 635 976 676 Domino

146 691 346 742 gaudete,
364 697 386 719 *
400 691 598 744 Alleluia,
615 691 799 743 alleluja.
818 691 977 733 Sancti.

151 746 200 797 V.
232 749 328 790 Vos
361 748 493 799 elegit
520 748 642 789 Deus
675 747 719 788 in
747 747 977 789 haeredita-

147 809 237 846 tem
256 805 349 847 sibi.
380 804 583 856 Alleluia,
608 804 791 857 alleluja.
828 804 977 846 Gloria

147 861 277 904 Patri.
313 861 471 903 Sancti.

203 916 253 967 V.
269 917 367 959 Lux
390 919 606 971 perpetua
630 918 794 960 lucebit
814 918 976 959 sanctis

147 974 233 1016 tuis
251 974 455 1024 Domine,
484 974 666 1027 alleluja.
711 978 758 1028 R3.
777 975 835 1016 Et
853 976 975 1016 aeter-

146 1031 258 1073 nitas
278 1032 537 1084 temporum,
557 1031 740 1081 alleluja.

426 1109 494 1146 Ad
518 1109 705 1146 Sextam.

203 1171 301 1211 Ant.
329 1171 378 1211 ln
396 1170 653 1212 velamento.

58 1287 66 1307 δ
254 1243 510 1296 Capitulum.
721 1245 817 1295 Sap.
839 1243 874 1282 5.

146 1304 303 1411 Ecce
341 1308 564 1362 quomodo
599 1309 842 1362 computati
876 1314 976 1350 sunt

246 1366 359 1407 inter
387 1365 502 1407 filios
532 1365 632 1415 Dei,
663 1370 707 1408 et
736 1365 849 1407 inter
881 1377 974 1406 san-

148 1427 244 1464 ctos
264 1434 362 1463 sors
381 1421 555 1463 illorum
574 1427 651 1464 est.

203 1486 254 1538 R„
272 1486 334 1527 br.
349 1486 447 1528 Lux
466 1488 681 1540 perpetua
698 1486 861 1528 lucebit
879 1499 973 1528 san-

148 1542 229 1584 ctis
254 1543 342 1584 tuis
368 1543 573 1593 Domine,
603 1546 625 1567 *
646 1542 848 1595 Alleluja,
875 1543 975 1585 alle-

146 1598 243 1651 luja.
278 1599 386 1641 Lux.-
424 1594 471 1647 δ”.
493 1599 551 1642 Et
569 1600 790 1642 aeternitas
808 1601 975 1652 tempo-

147 1668 255 1697 rum.
287 1655 490 1709 Alleluia,
509 1655 692 1710 alleluia.
730 1655 880 1698 Gloria
898 1657 976 1698 Pa-

145 1711 213 1753 tri.
247 1711 356 1753 Lux.
392 1708 397 1715 ’

203 1766 252 1818 V.
275 1772 450 1815 Laetitia
471 1773 738 1826 sempiterna
757 1786 889 1826 super
908 1775 975 1815 ca-

146 1828 239 1882 pita
264 1831 430 1880 eorum,
457 1828 638 1881 alleluja.
680 1831 730 1882 l}-
756 1829 976 1871 Gaudium

148 1890 192 1927 et
215 1885 551 1927 exsultationem
574 1885 843 1937 obtinebunt,
865 1886 976 1928 allel.

425 1962 494 2000 Ad
513 1964 698 2000 Nonam.

205 2025 302 2064 Ant.
331 2023 574 2076 Fulgebunt
591 2025 703 2076 justi.

255 2097 510 2149 Capitulum.
648 2098 769 2138 Rom.
786 2100 821 2137 8.
839 2112 871 2139 c.

217 2161 354 2203 cimus
375 2162 581 2214 quoniam
598 2163 878 2215 diligentibus
891 2167 976 2207 De-

234 2231 309 2259 um
335 2219 480 2260 omnia
508 2222 803 2273 cooperantur
827 2221 872 2263 in
900 2222 975 2264 bo-

148 2287 262 2324 num,
277 2274 340 2325 iis,
357 2275 430 2327 qui
444 2275 687 2318 secundum
700 2279 977 2331 propositum

148 2331 295 2373 vocati
314 2336 415 2373 sunt
434 2332 584 2374 sancti.

203 2391 251 2443 R.
269 2390 330 2431 br.
357 2392 532 2435 Laetitia
554 2395 820 2447 sempiterna
844 2409 977 2449 super

150 2448 297 2501 capita
323 2451 491 2500 eorum,
517 2450 538 2472 *
562 2450 767 2504 Alleluia,
795 2452 977 2505 alleluia.

148 2503 334 2547 Laetitia.
380 2499 427 2550 Y.
461 2506 682 2548 Gaudium
714 2513 757 2549 et
791 2509 976 2551 exsulta-

148 2560 313 2603 tionem
343 2561 611 2605 obtinebunt.
647 2563 850 2616 Alleluia,
877 2566 977 2607 alle-

150 2615 246 2667 luja.
274 2616 426 2660 Gloria
443 2619 573 2661 Patri.
600 2619 783 2662 Laetitia.

306 2815 369 2839 Pars
387 2815 479 2842 Venia.

1789 154 1860 201 [49]

1084 248 1132 300 V.
1150 253 1351 295 Pretiosa
1364 254 1409 294 in
1419 256 1661 306 conspectu
1671 254 1860 304 Domini,

1030 309 1211 362 alleluja.
1253 314 1301 365 Rg.
1325 310 1448 352 Mors
1476 312 1729 352 sanctorum
1757 312 1860 363 ejuS,

1030 366 1212 419 alleluja.

1236 430 1297 471 In
1315 430 1378 471 11.
1398 430 1652 482 vesperis.

1085 495 1242 538 Antiph.
1269 494 1315 527 dc
1340 494 1549 528 Laudibus.
1575 493 1648 537 [48]

1086 548 1228 581 Psalmi
1264 553 1301 580 ut
1330 547 1365 580 in
1391 546 1415 580 1.
1445 547 1557 590 X'csp.
1585 547 1630 579 dc
1658 546 1859 578 Communi

1033 597 1168 639 Apost.
1199 593 1248 636 [1]
1274 602 1308 628 ct
1334 595 1419 628 loco
1447 594 1567 627 ultimi

1302 656 1497 695 l'salmus
1523 656 1596 694 115.

1034 710 1269 820 Credidi,
1310 716 1494 764 propter
1532 712 1651 764 quod
1687 712 1863 754 locutus

1123 780 1234 808 sum:
1261 769 1285 793 *
1315 781 1397 820 ego
1428 773 1576 810 autem
1607 768 1861 811 humiliatus

1030 836 1127 865 sum
1150 838 1290 866 nimis.
1316 840 1319 842 ’

1081 881 1176 932 Ego
1193 880 1284 922 dixi
1297 881 1341 922 in
1353 884 1537 924 excessu
1547 895 1662 924 meo:
1672 883 1696 908 *
1708 882 1861 924 Omnis

1029 937 1164 979 homo
1183 937 1385 980 mendax.

1081 993 1197 1044 Quid
1225 994 1464 1037 retribuam
1491 996 1699 1046 Domino,
1727 997 1751 1022 *
1778 1009 1861 1049 pro

1030 1049 1244 1100 omnibus,
1266 1064 1366 1103 quae
1385 1051 1587 1093 retribuit
1604 1051 1731 1093 mihi?

1082 1105 1275 1148 Calicem
1299 1107 1502 1150 salutaris
1525 1109 1756 1161 accipiam:
1775 1109 1799 1135 *
1819 1115 1862 1150 et

1029 1175 1189 1204 nomen
1207 1163 1387 1204 Domini
1404 1163 1636 1206 invocabo.

1080 1219 1199 1261 Vota
1231 1233 1330 1262 mea
1357 1221 1550 1263 Domino
1579 1221 1763 1264 reddam
1792 1234 1860 1264 co-

1029 1289 1124 1317 ram
1151 1277 1271 1318 omni
1298 1277 1467 1330 populo
1496 1279 1602 1330 ejus:
1621 1279 1645 1304 *
1665 1279 1861 1332 pretiosa

1029 1333 1072 1373 in
1092 1335 1335 1386 conspectu
1351 1335 1530 1376 Domini
1548 1348 1668 1377 mors
1688 1338 1860 1378 sancto·
1910 1338 1912 1341 ’

1029 1403 1126 1431 rum
1144 1403 1250 1442 ejus:
1912 1443 1913 1446 Ἰ

1081 1446 1118 1488 O
1135 1447 1327 1490 Domine
1348 1449 1450 1501 quia
1470 1461 1552 1500 ego
1573 1462 1725 1491 servus
1745 1455 1861 1492 tuus:

1029 1504 1052 1529 *
1073 1516 1155 1555 ego
1176 1517 1330 1546 servus
1349 1510 1465 1555 tuus,
1492 1511 1535 1548 et
1554 1506 1669 1548 filius
1691 1507 1860 1549 ancillae

1029 1565 1128 1602 tuae.

1081 1618 1298 1670 Dirupisti
1321 1620 1494 1661 vincula
1516 1633 1629 1662 mea:
1648 1621 1672 1646 *
1691 1621 1772 1663 tibi
1797 1635 1860 1663 sa-

1030 1674 1238 1716 crificabo
1258 1674 1448 1717 hostiam
1464 1676 1618 1727 laudis,
1638 1683 1682 1720 et
1700 1691 1861 1721 nomen

1029 1731 1207 1772 Domini
1224 1731 1454 1775 invocabo.

1080 1788 1202 1830 Vota
1237 1801 1335 1830 mea
1367 1790 1559 1833 Domino
1597 1791 1781 1833 reddam
1817 1792 1861 1833 in

1030 1847 1271 1897 conspectu
1299 1847 1440 1888 omnis
1466 1847 1621 1900 populi
1651 1849 1757 1900 ejus:
1774 1849 1798 1874 *
1817 1849 1861 1889 in

1029 1901 1151 1943 atriis
1172 1901 1330 1943 domus
1348 1903 1544 1955 Domini,
1565 1905 1609 1946 in
1628 1905 1776 1948 medio
1797 1906 1861 1947 tui

1028 1958 1281 2000 Jerusalem.

1083 2017 1222 2069 Capit.
1260 2020 1448 2064 Stabunt
1473 2022 1586 2074 justi.
1613 2022 1697 2076 [48]

1232 2088 1315 2127 Pro
1347 2100 1430 2127 uno
1463 2087 1661 2137 Martyre.

1083 2151 1240 2202 Hymn.
1254 2151 1374 2194 Deus
1384 2154 1560 2195 tuorum
1570 2153 1767 2196 militum.
1778 2153 1860 2206 [38]

1139 2216 1226 2258 Pro
1256 2215 1451 2268 pluribus
1484 2214 1755 2264 Martyribus.

1083 2277 1293 2328 Hymnus.
1324 2278 1420 2320 Rex
1438 2279 1640 2331 gloriose.
1656 2280 1738 2332 [38]

1083 2331 1134 2383 V.
1147 2337 1348 2380 Pretiosa
1361 2339 1405 2381 in
1420 2341 1662 2392 conspectu
1673 2341 1861 2392 Domini,

1031 2393 1142 2435 allel.
1164 2395 1214 2446 Rz.
1227 2395 1348 2437 Mors
1363 2398 1616 2438 sanctorum
1632 2398 1733 2450 ejuS,
1749 2398 1860 2440 aHel.
1909 2438 1912 2442 .

1083 2453 1153 2494 Ad
1174 2455 1346 2503 Magnis.
1390 2457 1486 2495 Ant.
1523 2458 1670 2501 Sancti
1696 2464 1739 2501 et
1761 2460 1862 2512 justi

1031 2511 1056 2538 *
1071 2511 1116 2552 in
1134 2512 1325 2554 Domino
1344 2513 1549 2564 gaudete,
1569 2515 1756 2568 alleluja:
1781 2530 1861 2559 vos

1032 2567 1163 2665 effglit
1197 2569 1319 2610 Deus
1351 2569 1396 2610 in
1429 2570 1735 2614 haereditatem
1767 2573 1862 2624 sibi,

1031 2636 1057 2664 a
1092 2637 1116 2666 e
1134 2625 1215 2676 uia.

955 2702 1214 2715 *ov——
