2066 2956
760 171 935 205 Officium
962 170 1245 204 Defunctorum.

215 270 478 312 Convertere
523 268 726 317 Demine,
777 272 820 309 et
865 269 984 321 eripe

163 327 350 368 animam
381 339 538 368 meam:
565 325 588 350 *
617 324 786 366 salvum
816 338 885 366 me
916 325 985 366 fac

162 387 344 435 propter
362 380 704 423 misericerdiam
722 385 852 430 tuam,

219 439 434 490 Queniam
462 451 548 479 non
577 442 644 479 est
670 437 714 478 in
741 442 883 478 morte
913 437 987 489 qui

163 508 331 537 memor
355 495 410 536 sit
434 495 510 536 tui:
533 495 556 520 *
579 494 623 534 in
646 494 815 534 inferno
840 498 986 534 autem

165 552 261 604 quis
281 551 560 593 confitebitur
577 549 677 592 tibi?

214 608 434 649 Laboravi
451 608 495 648 in
514 607 676 658 gemitu
694 619 804 656 meo,
826 605 984 647 lavabo

163 677 243 717 per
263 664 454 715 singulas
477 668 628 711 noctes
647 663 809 704 lectum
827 675 985 703 meum:

164 721 395 762 *lacrimis
420 721 529 762 meis
555 724 738 761 stratum
763 731 908 760 meum
932 718 984 758 ri-

164 776 290 828 gabo.

217 833 439 875 Turbatus
485 837 551 874 est
592 845 616 873 a
652 832 798 873 furore
835 831 987 872 oculus

166 904 302 932 meus:
317 892 340 916 *
359 889 598 931 inveteravi
616 889 726 930 inter
744 900 894 929 omnes
912 887 987 927 ini-

165 950 304 989 micos
322 959 456 988 meos.

218 1002 442 1045 Discedite
462 1016 488 1043 a
505 1015 575 1043 me
595 1014 763 1050 omnes,
789 1000 863 1052 qui
886 1012 988 1052 ope-

167 1060 322 1101 ramini
340 1059 628 1112 iniquitatem:
646 1059 669 1083 *
691 1057 895 1109 quoniam
919 1068 988 1096 ex-

167 1116 332 1158 audivit
346 1115 561 1157 D6minus
575 1126 729 1156 vocem
748 1113 875 1154 fletus
892 1112 989 1152 mei.

218 1172 453 1214 Exaudivit
479 1171 693 1212 Dominus
722 1168 989 1222 deprecatio-

167 1243 266 1272 nem
288 1242 446 1279 meam,
465 1230 488 1254 *
509 1227 723 1268 Deminus
748 1225 990 1267 orati6nem

167 1299 309 1327 meam
328 1285 532 1337 suscepit.

219 1342 503 1390 Erubescant‚
525 1345 568 1382 et
589 1338 902 1381 conturbentur
921 1350 990 1379 ve-

167 1398 393 1440 hementer
438 1410 589 1438 omnes
635 1395 796 1436 inimici
841 1394 940 1435 mei:
968 1395 991 1420 *

170 1457 477 1497 convertantur
506 1458 549 1494 et
580 1451 839 1494 erubescant
865 1449 991 1491 valde

169 1511 388 1553 veluciter.

219 1567 434 1620 Requiem
453 1570 671 1610 aeternam.

225 1626 325 1667 Ant.
347 1625 614 1666 Convertere
633 1621 830 1670 Domine,
850 1625 893 1662 et
912 1620 990 1661 eri-

170 1694 227 1734 pe
260 1681 447 1722 animam
476 1693 634 1722 meam:
669 1678 874 1732 quoniam
905 1689 992 1717 non

171 1742 237 1779 est
255 1738 297 1778 in
315 1742 467 1787 morte,
486 1737 559 1789 qui
577 1748 744 1777 memor
764 1734 820 1775 sit
837 1733 912 1775 tui.

224 1795 324 1836 Ant.
357 1792 602 1846 Nequando
633 1792 773 1845 rapiat
796 1792 819 1818 *
845 1795 893 1831 ut
921 1789 991 1831 leo

171 1851 359 1892 animam
383 1863 544 1900 meam,
581 1848 685 1891 dum
713 1860 802 1889 non
827 1851 894 1888 est
919 1846 993 1898 qui

171 1906 371 1957 redimat,
396 1919 539 1959 neque
565 1905 639 1958 qui
661 1904 830 1946 salvum
852 1902 992 1943 faciat.

460 1970 655 2011 Psalmus
674 1969 710 2009 7.

173 2020 402 2127 Domine
415 2020 536 2062 Deus
553 2031 675 2060 meus
688 2018 733 2058 in
746 2022 790 2058 te
805 2015 992 2068 speravi:

273 2078 297 2104 *
323 2076 491 2118 salvum
516 2088 587 2117 me
614 2075 682 2116 fac
710 2086 764 2114 ex
789 2071 990 2113 omnibus

173 2132 535 2186 persequentibus
552 2144 633 2180 me,
653 2135 696 2172 et
714 2128 852 2170 libera
868 2140 949 2169 me.

223 2187 470 2241 Nequando
490 2188 633 2240 rapiat
651 2190 699 2228 ut
716 2184 786 2226 leo
807 2184 993 2225 animam

173 2259 331 2295 meam,
350 2247 373 2271 *
394 2244 497 2286 dum
514 2256 602 2286 non
622 2248 688 2285 est
706 2240 780 2294 qui
798 2239 992 2290 redimat,

174 2315 316 2354 neque
337 2302 410 2354 qui
428 2301 595 2342 salvum
614 2300 755 2341 faciat.

224 2359 412 2400 Domine
428 2359 547 2398 Deus
562 2369 695 2406 meuS,
715 2356 751 2396 si
769 2356 852 2397 feci
866 2351 994 2402 istud,

175 2415 197 2440 *
217 2415 253 2455 si
277 2420 343 2456 est
367 2414 572 2466 iniquitas
591 2413 635 2453 in
653 2411 852 2453 manibus
871 2409 994 2451 meis:

227 2471 271 2512 Si
312 2469 483 2512 reddidi
518 2467 856 2511 retribuentibus
890 2464 996 2506 mihi

176 2526 304 2577 mala,
322 2530 346 2554 *
366 2526 565 2568 deeidam
592 2526 747 2567 merito
776 2524 830 2566 ab
859 2522 994 2564 inimi-

177 2583 238 2624 cis
258 2584 365 2624 meis
384 2584 534 2624 inanis.

228 2639 521 2691 Persequatur
567 2639 765 2679 inimicus
810 2637 994 2678 animam

176 2708 327 2746 meam,
340 2701 383 2736 et
397 2693 751 2748 comprehendat,
766 2698 809 2734 et
824 2691 994 2734 concul-

382 2845 393 2861 ε
412 2837 501 2862 Ver-na.

1766 166 1860 211 [181]

1038 272 1107 309 cet
1124 267 1170 308 in
1187 271 1306 308 terra
1324 267 1459 307 vitam
1478 277 1634 314 meam,
1659 266 1681 291 *
1707 269 1750 305 et
1771 263 1860 315 glo-

1036 324 1145 364 riam
1169 336 1311 364 meam
1337 323 1380 363 in
1407 321 1635 375 pulverem
1661 320 1861 362 deducat.

1089 381 1287 431 Exsurge
1307 379 1494 420 Dumine
1517 378 1562 418 in
1582 378 1646 418 ira
1666 382 1756 419 tua:
1775 378 1798 403 *
1820 381 1863 418 et

1039 436 1231 478 exaltare
1250 436 1294 476 in
1312 435 1471 476 finibus
1489 434 1762 475 inimicorum
1775 445 1861 475 me-

1039 494 1174 534 erum.

1089 549 1146 590 Et
1178 551 1364 599 exsurge
1392 548 1488 589 Dfie
1515 547 1635 588 Deus
1666 558 1788 587 meus
1820 545 1862 587 in

1039 607 1263 658 praecepto
1289 604 1407 657 quod
1426 603 1655 645 mandasti:
1670 605 1693 629 *
1705 608 1748 644 et
1767 615 1862 654 syn-

1040 664 1180 713 agoga
1198 661 1462 714 populorum
1482 659 1768 701 circumdabit
1786 664 1841 700 te.

1091 719 1148 760 Et
1172 723 1355 771 propter
1373 716 1486 758 hanc
1504 717 1548 757 in
1568 716 1703 757 altum
1722 717 1863 766 regre-

1041 775 1160 816 dere:
1178 778 1202 802 ²⁸¹
1221 775 1434 816 Deminus
1453 773 1616 825 judicat
1633 772 1835 825 pupulos.

1093 831 1117 872 J
1119 831 1248 872 udica
1287 843 1357 871 me
1396 830 1583 871 Domine
1627 828 1866 870 secundum

1041 888 1247 939 justitiam
1268 900 1442 940 ‘meam‚
1478 887 1501 911 *
1539 891 1582 927 et
1625 884 1866 926 secundum

1042 944 1334 985 innocentiam
1351 956 1494 984 meam
1515 948 1646 994 super
1666 954 1747 982 me.

1097 1001 1386 1042 Consumetur
1428 999 1624 1051 nequitia
1664 999 1864 1050 peccato-

1043 1070 1155 1107 rum,
1181 1062 1225 1098 et
1249 1055 1410 1107 diriges
1429 1057 1604 1107 justum,
1623 1056 1646 1081 *
1667 1058 1866 1095 scrutans

1043 1112 1179 1154 corda
1198 1118 1242 1154 et
1261 1125 1387 1154 renes
1407 1112 1539 1153 Deus.

1092 1170 1117 1210 J
1119 1174 1264 1211 ustum
1283 1169 1544 1221 adjuterium
1558 1180 1702 1208 meum
1717 1179 1742 1207 a
1757 1166 1867 1214 Duo,

1043 1227 1066 1252 *
1087 1226 1161 1278 qui
1180 1225 1324 1267 salvos
1343 1225 1446 1266 facit
1464 1229 1609 1266 rectos
1630 1222 1773 1264 corde.

1095 1283 1216 1324 Deus
1236 1281 1365 1334 judex
1383 1282 1537 1334 justus,
1563 1280 1707 1329 fortis,
1732 1284 1775 1320 et
1793 1280 1866 1331 pa-

1043 1339 1169 1380 tiens:
1187 1339 1211 1365 *
1230 1338 1443 1390 numquid
1467 1338 1668 1378 irascitur
1686 1348 1765 1388 per
1785 1337 1866 1375 sin-

1043 1395 1170 1446 gulos
1190 1393 1306 1436 dies?

1095 1451 1192 1492 Nisi
1224 1450 1423 1492 conversi
1456 1449 1638 1498 fueritis,
1676 1447 1868 1499 gladium

1045 1521 1171 1549 suum
1201 1506 1405 1549 vibrabit:
1429 1507 1452 1532 *
1477 1519 1626 1547 arcum
1654 1517 1779 1545 suum
1806 1508 1867 1544 te·

1044 1562 1195 1613 tendit,
1215 1568 1258 1605 et
1277 1563 1449 1616 paravit
1468 1562 1598 1603 illum.

1095 1621 1152 1662 Et
1176 1621 1220 1661 in
1248 1633 1300 1662 eo
1325 1619 1495 1672 paravit
1521 1630 1624 1659 vasa
1648 1616 1819 1665 mortis,
1844 1617 1867 1641 *

1045 1679 1224 1727 sagittas
1244 1689 1344 1717 suas
1363 1674 1617 1717 ardentibus
1637 1672 1791 1714 effecit.

1095 1734 1210 1774 Ecce
1230 1732 1433 1785 parturiit
1448 1730 1714 1783 injustitiam:
1728 1730 1752 1755 *
1767 1741 1867 1769 con-

1046 1790 1163 1842 cepit
1194 1789 1409 1838 dolerem,
1442 1793 1485 1830 et
1517 1786 1689 1840 peperit
1716 1785 1867 1837 iniqui-

1045 1848 1192 1887 tatem.

1098 1902 1261 1943 Lacum
1280 1901 1459 1954 aperuit,
1480 1905 1523 1941 et
1542 1899 1694 1941 effodit
1715 1911 1827 1940 eum:
1845 1897 1868 1923 *

1047 1963 1091 2000 et
1108 1958 1260 2000 incidit
1277 1958 1321 1999 in
1339 1958 1522 2007 foveam,
1544 1969 1674 2009 quam
1693 1955 1806 1997 fecit.

1065 2046 1069 2050 -
1100 2015 1388 2056 Convertetur
1415 2013 1542 2055 dolor
1565 2013 1655 2064 ejus
1675 2012 1718 2052 in
1737 2015 1869 2063 caput

1047 2071 1152 2123 ejus:
1169 2073 1193 2099 *
1212 2077 1256 2113 et
1273 2071 1317 2111 in
1335 2070 1543 2112 verticem
1561 2070 1697 2121 ipsius
1717 2066 1868 2119 iniqui·

1046 2131 1114 2169 tas
1134 2128 1223 2179 ejus
1243 2126 1490 2169 descendet.

1100 2183 1353 2226 Confitebor
1394 2181 1582 2224 Demino
1629 2178 1868 2221 secundum

1047 2239 1251 2291 justitiam
1270 2241 1377 2292 ejus:
1396 2241 1419 2266 *
1439 2243 1482 2280 et
1500 2236 1685 2290 psallam
1702 2234 1868 2276 nemini

1047 2295 1223 2337 Demini
1242 2295 1452 2337 altissimi.

1100 2353 1314 2404 Requiem
1333 2353 1548 2393 aetemam.

1101 2407 1201 2448 Ant.
1219 2406 1461 2461 Nequando
1480 2405 1622 2458 rapiat
1636 2409 1684 2445 ut
1697 2404 1767 2445 leo
1783 2404 1868 2445 ani-

1046 2479 1163 2507 mam
1180 2478 1336 2514 meam,
1362 2462 1465 2504 dum
1490 2474 1577 2502 non
1597 2465 1663 2502 est
1683 2460 1756 2512 qui
1774 2460 1868 2502 red-

1046 2523 1162 2572 imat,
1181 2533 1322 2573 neque
1343 2519 1417 2572 qui
1436 2518 1603 2560 salvum
1620 2517 1761 2558 faciat.
1932 2551 1934 2553 .

1102 2574 1153 2624 V.
1177 2580 1216 2621 A
1240 2581 1370 2630 porta
1393 2574 1530 2616 inferi.
1574 2575 1623 2625 R!-
1646 2573 1762 2614 Erue
1780 2573 1868 2613 Do-

1047 2635 1162 2677 mine
1182 2634 1346 2676 animas
1366 2633 1527 2673 eorum.

1104 2691 1229 2732 Pater
1247 2693 1407 2730 noster.
1430 2692 1569 2728 toturn
1590 2690 1771 2726 secreto.

1605 2814 1662 2847 Μ*
