2066 2904
922 885 1006 927 Die
1028 886 1059 926 1.
1081 885 1193 937 Maji.

588 960 655 1002 SS.
682 958 901 1010 Philippi
930 968 971 1003 et
1001 958 1176 1001 Jacobi
1196 958 1522 1011 Apostolorum.

878 1034 1026 1076 Duplex
1043 1033 1064 1066 2

423 1096 483 1136 In
508 1096 543 1137 1.
572 1095 822 1147 vesperis.

271 1160 354 1193 Ant.
378 1160 423 1193 dc
442 1160 645 1194 Laudibus.
665 1157 740 1193 479.
762 1161 904 1194 Psalmi
930 1166 968 1195 ut
995 1161 1030 1194 in

220 1208 241 1241 l.
260 1207 372 1250 chp.
399 1208 444 1242 dc
469 1210 610 1242 (Iomm.
636 1209 769 1251 Apost.
793 1205 838 1249 [1]

453 1260 705 1311 Capitulum.
826 1262 922 1312 Sap.
942 1262 979 1300 ε’).

417 1371 573 1413 stantia
610 1370 817 1413 adversus
849 1384 924 1413 eos
958 1372 1031 1423 qui

243 1325 256 1345 -“
269 1318 380 1430 (ME
400 1315 551 1357 tabunt
576 1316 673 1367 justi
698 1315 740 1355 in
759 1328 914 1366 magna
934 1327 1030 1357 con-

231 1414 379 1468 {effla-⁴
419 1440 464 1469 se
493 1428 859 1478 angustiaverunt,
888 1433 931 1469 et
959 1428 1031 1480 qui

213 1485 482 1527 abstulerunt
502 1484 673 1527 labotes
694 1487 854 1526 eorum.

516 1546 723 1596 Hymnus.

345 1601 470 1643 ristes
492 1607 612 1643 erant
630 1602 833 1654 Apostoli

354 1657 420 1698 De
440 1657 597 1699 Christi
616 1658 773 1700 acerbo
793 1659 951 1710 funere,

317 1714 455 1764 Quem
472 1720 612 1756 morte
632 1715 929 1757 erudelissima

315 1771 436 1812 Servi
455 1774 659 1813 necarant
677 1772 807 1825 impii.

273 1833 475 1873 Sermone
495 1844 626 1873 verax
645 1832 836 1884 Angelus

318 1887 568 1929 Mulieribus
587 1888 863 1941 praedixerat:

318 1943 421 1985 Mox
441 1956 516 1986 ore
537 1945 731 1987 Christus
750 1946 956 1997 gaudium

319 2000 451 2051 Gregi
471 2001 578 2043 feret
596 2001 798 2044 fidelium.

271 2061 339 2104 Ad
359 2062 509 2102 anxios
529 2063 769 2115 Apostolos

320 2118 504 2160 Currunt
522 2119 667 2160 statim
686 2119 788 2161 dum
806 2123 977 2172 nuntiae,

317 2173 409 2215 111ae
427 2174 624 2217 micantis
645 2174 772 2217 obvia

318 2229 475 2272 Christi
497 2236 644 2273 tenent
663 2233 853 2283 vestigia.

273 2290 459 2332 ‹ialila‘eae
480 2291 536 2333 ad
556 2291 643 2334 alta
660 2294 869 2335 montium

318 2347 373 2388 Se
392 2348 617 2390 conferunt
636 2349 849 2401 Ap6stoli,

319 2403 342 2443 J
345 2407 518 2456 esuque,
538 2404 629 2446 voti
647 2408 883 2458 compotes,

319 2460 446 2501 Almo
466 2460 648 2503 beantur
666 2462 837 2504 lumine.

277 2522 327 2560 l't
346 2520 404 2560 sis
422 2523 609 2572 perenne
627 2522 842 2564 mentibus

318 2576 526 2618 Paschale
545 2578 568 2618 J
571 2591 648 2620 esu
668 2578 886 2630 gaudium3

322 2631 360 2671 A
378 2638 517 2674 morte
537 2633 629 2676 dira
648 2635 872 2677 criminum

322 2687 435 2729 Vitae
455 2693 627 2732 renatos
646 2691 792 2734 libera.

1067 1061 1072 1066 .
1091 1031 1237 1066 classis.

1136 1094 1230 1133 Deo
1249 1088 1370 1129 Patri
1389 1088 1445 1130 sit
1463 1087 1613 1139 gloria,

1186 1147 1242 1188 Et
1259 1145 1381 1195 Filio,
1402 1145 1475 1197 qui
1494 1157 1519 1185 a
1536 1145 1718 1186 mortuis

1185 1202 1388 1251 Surrexit,
1408 1214 1459 1242 ac
1477 1200 1703 1252 Paraclito,

1184 1261 1234 1301 In
1255 1259 1516 1311 sempiterna
1536 1258 1706 1299 saecula.
1733 1259 1884 1300 Amen.

1139 1317 1185 1369 Ψ,
1203 1315 1349 1358 Sancti
1369 1320 1411 1357 et
1427 1315 1526 1367 justi
1542 1315 1585 1354 in
1599 1314 1788 1356 Demino
1803 1328 1902 1366 gau-

1084 1371 1200 1422 dete,
1227 1371 1406 1424 alleluja.
1442 1378 1492 1428 Rg.
1516 1371 1611 1413 Vos
1635 1370 1765 1422 elegit
1782 1371 1903 1413 Deus

1082 1429 1125 1470 in
1143 1427 1446 1471 haereditatem
1465 1427 1557 1478 sibi,
1578 1427 1758 1479 alleluja.

1138 1494 1208 1536 Ad
1235 1494 1406 1545 Magnis.
1445 1494 1544 1534 Ant.
1583 1489 1683 1530 Non
1705 1487 1903 1530 turbetur

1084 1559 1159 1587 eor
1179 1550 1386 1595 vestrum,
1411 1557 1553 1597 neque
1572 1544 1791 1587 formidet:
1817 1545 1905 1586 cre-

1084 1602 1184 1643 ditis
1204 1602 1246 1642 in
1266 1602 1423 1651 Deum,
1447 1601 1551 1643 etin
1569 1613 1638 1642 me
1659 1599 1837 1642 credite:
1862 1600 1905 1641 in
1960 1621 1962 1623 >

1084 1658 1215 1700 domo
1231 1658 1371 1700 Patris
1388 1658 1475 1699 mei
1493 1657 1739 1699 mansiones
1757 1657 1906 1699 multae

1084 1720 1193 1765 sunt,
1213 1714 1393 1767 alleluja,
1412 1713 1591 1766 alleluja.

1417 1784 1579 1823 Oratio.

1083 1836 1263 1941 Deus,
1292 1837 1366 1888 qui
1394 1849 1475 1878 nos
1502 1838 1643 1878 annua
1669 1836 1905 1890 Apostolo-

1177 1907 1272 1934 rum
1289 1895 1465 1936 tuorum
1482 1892 1674 1946 Philippi
1692 1899 1735 1935 et
1754 1894 1779 1935 J
1780 1893 1907 1936 acobi

1085 1950 1357 1992 solemnitate
1376 1949 1587 1992 laetificas:
1609 1956 1772 2003 praesta
1791 1953 1906 2002 quae-

1085 2020 1247 2057 sumus3
1267 2012 1314 2049 ut
1330 2019 1514 2059 quorum
1528 2006 1768 2057 gaudemus
1782 2007 1906 2049 meri-

1083 2063 1150 2113 tis,
1165 2064 1427 2106 instruamur
1442 2063 1665 2116 exemplis.
1690 2064 1773 2106 Per
1782 2064 1906 2105 Dfim.

1140 2128 1181 2161 Et
1208 2128 1245 2160 lit
1271 2137 1464 2160 commem.
1490 2126 1524 2161 S.
1550 2126 1778 2160 Catharinae.

1140 2181 1235 2220 Ant.
1260 2178 1369 2219 Veni
1387 2189 1549 2230 sponsa
1569 2176 1738 2226 Christi,
1757 2175 1906 2228 accipe

1086 2237 1302 2284 eoronam,
1323 2247 1453 2286 quam
1472 2233 1550 2276 tibi
1565 2233 1778 2275 Dominus
1796 2245 1904 2285 prae-

1085 2292 1255 2344 paravit
1273 2291 1316 2331 in
1335 2292 1555 2340 aeternum,
1574 2289 1753 2340 alleluja.

1139 2345 1185 2395 Ψ
1223 2347 1392 2388 Diffusa
1430 2352 1496 2388 est
1531 2345 1668 2397 gratia
1704 2345 1748 2385 in
1779 2343 1906 2386 labiis

1085 2404 1189 2454 tuis,
1214 2403 1395 2455 alleltija.
1439 2407 1486 2457 lx’v.
1511 2402 1752 2454 Propterea
1778 2401 1904 2443 bene-

1086 2460 1195 2502 dixit
1213 2466 1256 2502 te
1275 2459 1395 2502 Deus
1417 2459 1460 2499 in
1478 2460 1702 2507 aeternum,
1727 2457 1907 2509 alleluja.

1417 2526 1580 2566 Oratio.

1086 2577 1208 2683 Da,
1221 2582 1470 2632 quaesumus
1486 2581 1761 2631 omnipotens
1773 2578 1907 2619 Deus:

1191 2643 1254 2686 ut,
1281 2637 1353 2688 qui
1379 2635 1520 2677 beatae
1548 2635 1793 2676 Catharinae
1812 2635 1907 2676 Vir-

1086 2694 1196 2745 ginis
1220 2699 1306 2735 tuae
1331 2692 1524 2734 natalitia
1549 2692 1744 2743 colimus3
1774 2698 1817 2734 et
1836 2694 1906 2733 an-
