2066 2956
496 185 675 219 Officium
700 184 875 218 votivum
902 184 947 217 dc
974 184 1008 217 S.
1034 184 1185 226 ,Joseph
1210 183 1364 226 sponso
1391 184 1430 217 B.
1458 183 1503 217 M.
1529 183 1571 216 V.

174 281 332 323 fecisse
352 292 400 322 se
419 278 672 330 gloriantur,
692 282 736 319 et
754 277 912 319 fecisse
932 290 1010 320 eos

174 337 391 378 Dominus
410 332 631 387 agnoscit?

228 396 278 447 R.
302 392 385 434 Isti
404 395 505 434 sunt
523 390 607 431 viri
623 390 773 439 sancti,
795 403 907 443 quos
926 391 1010 432 ele-

175 449 239 501 git
260 448 477 490 Dominus
500 448 545 488 in
571 447 756 488 caritate
780 459 870 488 non
895 447 1010 496 ficta,

177 510 221 547 et
240 504 363 547 dedit
380 504 466 545 inis
481 503 667 555 gloriam
682 503 1011 556 sempiternam:

174 568 198 591 *
228 561 427 611 Quorum
461 560 662 602 doctrina
694 558 832 610 fulget
859 559 1009 601 Eccle-

174 618 258 667 sia,
294 622 343 659 ut
375 616 470 658 sole
500 617 614 658 luna.
658 615 708 667 V.
746 616 894 657 Sancti
931 628 1012 668 per

176 674 311 715 fidem
329 674 527 715 vicerunt
545 686 696 724 regna,
719 672 892 725 operati
911 676 1012 713 sunt

176 730 396 783 justitiam.
438 730 647 779 Quorum.
692 728 847 770 Gldria
877 728 1011 769 Patri.

177 787 387 837 Quorum.

368 847 590 899 Tempore
611 846 822 886 Paschali.

230 908 281 960 R.
322 906 510 950 Candidi
543 907 645 948 facti
678 911 778 948 sunt
808 905 1012 947 Nazaraei

178 966 285 1016 ejus,
305 964 491 1016 alleluja3
518 962 801 1016 splendorem
821 963 918 1003 Deo
940 962 1012 1004 de-

178 1020 352 1071 derunt,
380 1019 566 1072 alleluja:
583 1022 606 1047 *
627 1019 685 1061 Et
710 1020 823 1061 sicut
847 1018 917 1060 lac
942 1031 1012 1060 co-

179 1077 344 1128 agulati
361 1082 471 1126 sunt,
491 1076 675 1127 alleluja,
696 1075 808 1116 allel.
834 1071 884 1123 V.
904 1075 1011 1116 Can-

179 1132 375 1175 didiOres
394 1134 511 1182 nive,
536 1131 765 1174 nitidiores
788 1132 920 1182 lacte,
945 1144 1011 1172 ru-

178 1188 460 1232 bicundiores
498 1189 632 1231 ebore
669 1191 869 1240 antiquo,
915 1201 1012 1240 sap-

97 1270 102 1274 ·
178 1246 307 1299 phiro
332 1246 619 1299 pulchriores.
654 1246 722 1287 Et.
759 1245 912 1289 Gloria
935 1245 1013 1285 Pa-

177 1303 245 1344 tri.
273 1303 340 1344 Et.

478 1355 631 1397 Lectio
654 1357 707 1396 ix.

262 1414 375 1456 mnis
400 1416 550 1466 itaque
575 1413 645 1455 hic
670 1425 816 1455 sermo
841 1418 908 1454 est
927 1413 1011 1464 spi-

274 1470 424 1512 ritalis.
453 1469 571 1520 Quid
591 1474 741 1512 autem
758 1469 843 1511 Dei
862 1468 1013 1510 virtuti

177 1532 270 1569 tam
286 1526 500 1580 possibile
520 1530 603 1576 est,
634 1538 766 1578 quam
789 1529 838 1566 ut
862 1537 943 1577 per
967 1524 1014 1565 fi-

179 1584 282 1626 dem
299 1582 461 1625 salvet?
486 1587 535 1624 ut
558 1595 638 1635 per
658 1594 818 1634 aquam
837 1582 1013 1632 regene-

178 1639 268 1682 ret?
296 1644 344 1681 ut
367 1651 448 1693 per
473 1651 649 1680 crucem
670 1635 838 1679 vincat?
865 1642 915 1679 ut
933 1650 1014 1690 per

178 1695 418 1748 Evangelia
432 1693 639 1748 adoptet?
658 1699 707 1736 ut
724 1707 806 1747 per
824 1706 1013 1735 resurre-

179 1753 371 1795 ctionem
404 1764 459 1794 ex
488 1756 631 1793 morte
662 1749 879 1792 vivificet?
913 1750 1013 1800 Qui-

177 1809 262 1851 bus
287 1808 448 1850 auditis
468 1807 678 1861 Apostoli
703 1807 791 1849 cito
817 1807 1014 1856 credunt,

180 1867 366 1918 seseque
388 1865 535 1906 omnia
553 1864 785 1917 reliquisse
803 1863 1013 1916 profiten—

177 1927 260 1964 tur.
293 1921 383 1963 Sed
404 1921 518 1962 hanc
542 1923 695 1962 eorum
715 1919 1014 1962 obedientiam

179 1978 269 2019 cito
279 1978 496 2019 Deminus
510 1978 824 2026 remuneretur,
839 1988 1015 2017 omnem

180 2033 483 2075 difficultatem
499 2033 740 2086 superioris
755 2032 1013 2084 quaestionis

179 2089 431 2140 absolvens,
477 2102 577 2130 cum
609 2088 735 2131 dicit:
779 2089 893 2138 Vos,
939 2089 1014 2140 qui

179 2146 321 2188 secuti
355 2146 461 2187 estis
493 2157 564 2187 me
595 2145 639 2186 in
670 2144 1012 2195 regeneratione,

180 2201 428 2254 iudicabitis
448 2201 683 2243 duodecim
704 2200 845 2242 tribus
863 2200 1013 2249 Israel.

177 2259 290 2300 Haec
337 2258 452 2300 enim
495 2257 571 2299 illa
615 2256 889 2308 regeneratio
936 2262 1013 2307 est,

181 2327 312 2368 quam
335 2314 542 2367 Apestoli
568 2319 668 2355 sunt
694 2313 852 2363 secuti,
881 2325 1013 2365 quam

177 2371 250 2413 lex
268 2371 495 2422 indulgere
519 2383 607 2412 non
626 2370 786 2423 potuit,
815 2382 914 2421 quae
935 2382 1011 2411 eos

179 2440 312 2480 super
344 2427 579 2469 duedecim
612 2426 797 2468 thronos
829 2426 873 2466 in
905 2425 1011 2477 judi-

179 2483 331 2525 candis
362 2483 598 2525 duedecim
628 2482 832 2524 tribubus
864 2481 1011 2531 Israel,

135 2544 138 2546 ’
177 2540 222 2580 in
240 2539 476 2582 duodecim
493 2539 850 2581 Patriarcherum
870 2537 1011 2588 gloria

178 2596 412 2649 copulavit.

232 2654 297 2694 Te
315 2653 460 2694 Deum
479 2652 721 2694 laudamus.
742 2652 802 2692 15.

439 2720 751 2749 —aaeoff-a*

1234 277 1356 318 Pro
1391 277 1589 318 Feria
1622 277 1716 319 IV.

1293 350 1469 385 Officium
1496 353 1668 386 votivum

1102 399 1164 440 de
1187 401 1230 441 S.
1253 399 1444 450 Joseph
1468 405 1640 455 Sponso
1672 404 1713 442 Β.
1735 404 1789 442 Μ.
1810 404 1861 443 V.

1117 459 1351 495 Confcswrc
1371 467 1406 495 ct
1425 462 1639 495 Catholicae
1658 463 1844 496 Ecclesia·

1392 510 1570 545 Patrono.

1352 567 1613 610 Scmiduplex.

1280 639 1341 678 In
1365 638 1401 679 Ι.
1426 638 1680 689 vesperis.

1117 709 1204 742 Ant.
1232 714 1267 742 ct
1291 708 1383 751 Cap.
1410 709 1456 742 dc
1482 709 1602 742 Laud.
1624 704 1715 748 [237]
1754 708 1898 741 Psalmi

1064 762 1105 790 ut
1139 757 1178 789 in
1215 756 1239 790 Ι.
1264 757 1381 799 chp.
1417 757 1463 790 dc
1497 756 1698 790 Communi
1731 756 1900 798 Aposto-

1064 805 1198 838 lorum.
1224 800 1271 844 [1]

1378 861 1589 912 Hymnus.

1066 922 1171 1026 Te
1190 922 1215 963 J
1218 922 1358 975 oseph
1379 922 1603 987 celebrent
1620 923 1793 973 agmina
1814 926 1898 964 co'e-

1117 1035 1182 1076 Te
1209 1035 1354 1077 cuncti
1376 978 1586 1101 {legg-ient
1612 1035 1901 1078 christiadum

1119 1147 1204 1197 Qui
1224 1147 1367 1189 clarus
1380 1091 1562 1199 <1:1lilg13i1t’is,
1582 1149 1753 1201 junctus
1772 1162 1820 1190 es
1839 1151 1899 1189 in-

1223 1261 1356 1303 Casto
1376 1205 1545 1304 ingydffie
1564 1262 1747 1313 Virgini.

1068 1338 1197 1380 Almo
1223 1352 1322 1380 cum
1346 1339 1561 1405 tumidam
1585 1340 1779 1391 germine
1801 1341 1900 1381 cen-

1120 1409 1557 1517 Admirans‚]l{{i31113io
1594 1452 1787 1503 tangeris
1829 1454 1900 1493 im-

1119 1564 1287 1606 Afflatu
1309 1522 1685 1617 snsslisivlaminis
1705 1564 1901 1615 Angelus

1223 1621 1499 1673 Conceptum
1517 1625 1703 1674 puerum
1724 1621 1870 1681 docet.

1068 1702 1139 1741 Tu
1166 1703 1317 1740 natum
1344 1699 1580 1740 Deminum
1618 1699 1810 1751 stringis,
1844 1698 1901 1740 ad

1380 1757 1555 1797 exteras

1118 1812 1303 1864 AEgypti
1345 1811 1581 1865 pr6fugum
1617 1816 1666 1853 tu
1703 1812 1901 1864 sequeris

1120 1925 1344 1965 Amissum
1362 1868 1552 1990 Spdlagrffiss
1574 1924 1750 1977 quaeris,
1775 1928 1819 1965 et
1841 1925 1900 1964 in-

1222 1993 1592 2088 Miscenxseglzffiidia
1612 2037 1800 2078 fletibus.

1068 2115 1176 2156 Post
1213 2119 1401 2156 mortem
1438 2115 1631 2167 reliquos
1668 2127 1789 2156 mors
1827 2114 1900 2167 pia

1380 2173 1621 2220 consecrat,

1118 2227 1631 2292 Pahne‘nmqueerneritos
1649 2226 1790 2278 gloria
1807 2229 1899 2268 sus-

1117 2339 1186 2381 Tu
1213 2340 1364 2381 vivens
1374 2288 1591 2435 {5322OE
1618 2351 1713 2391 par,
1742 2338 1899 2380 frtieris

1222 2452 1332 2492 Mira
1352 2408 1675 2493 sorig'beatior.

1067 2529 1223 2579 Nobis,
1257 2541 1426 2570 summa
1457 2528 1602 2578 Trias‚
1635 2541 1769 2581 parce
1800 2542 1897 2582 pre-

1377 2584 1588 2634 cantibus

1116 2641 1186 2683 Da
1213 2642 1234 2682 J
1241 2639 1574 2738 osephdmeritis
1603 2641 1748 2683 sidera
1775 2643 1896 2683 scen-

1409 2709 1495 2738 ere:
