2066 2956
594 191 698 226 Infra
723 191 909 226 Octavam
934 190 1203 224 Dedicationis
1227 190 1424 224 Ecclesiae.

453 287 604 328 Lectio
626 287 679 327 vi.

155 346 462 452 Resurrexit
479 353 610 395 tertia
629 353 710 402 die,
730 357 773 395 et
793 354 883 404 ejus
903 365 991 393 vox

264 414 345 452 est:
363 409 581 451 Exaltabo
600 414 645 451 te
664 409 864 458 Domine,
886 411 990 460 quo-

159 466 276 507 niam
287 466 521 518 suscepisti
530 479 611 507 me.
631 465 860 507 Attendite
871 465 990 517 Apo-

161 522 322 564 stolum
368 522 600 564 dicentem:
642 522 833 574 Propter
872 520 992 572 quod

162 591 261 619 eum
289 578 509 620 exaltavit.
546 579 602 620 Et
628 590 718 619 non
743 577 992 629 jucundasti

160 634 359 676 inimicos
378 647 502 676 meos
520 647 654 687 super
671 646 752 675 me.
788 633 882 686 Ipsi
902 633 991 685 qui-

163 691 264 731 dem
282 690 326 731 in
346 690 506 731 Christi
530 695 672 732 morte
699 688 992 742 jucundaban-

161 751 248 796 tur,
303 746 383 787 sed
426 747 471 786 in
522 747 613 798 ejus
658 745 991 793 resurrectione,

162 802 433 852 ascensione,
494 802 811 855 praedicatione
857 801 994 852 aliqui

162 858 581 911 compungebantur.
642 859 693 899 In
745 859 835 909 ejus
887 869 992 908 ergo

161 914 489 967 praedicatione,
512 919 555 956 et
572 927 652 967 per
672 913 994 967 Apostolorum

162 970 422 1012 constantiae
469 970 812 1012 diffamationem
860 969 994 1021 aliqui

162 1026 583 1079 compungebantur,
611 1031 654 1068 et
679 1025 992 1068 converteban-

160 1087 246 1124 tur:
277 1082 413 1135 aliqui
437 1082 786 1131 obdurabantur,
820 1086 863 1123 et
892 1094 992 1122 con-

160 1138 471 1236 {undebantun
499 1138 606 1179 nulli
623 1143 771 1180 tamen
789 1136 992 1190 jucunda-

193 1196 331 1236 antur.

213 1260 263 1312 Rz.
292 1259 422 1302 Mane
442 1272 634 1310 surgens.
663 1258 767 1311 [136]

374 1345 424 1384 In
450 1345 521 1384 III.
548 1345 772 1384 Nocturno.

162 1413 316 1455 Lectio
342 1414 481 1456 sancti
503 1413 729 1464 Evangelii
752 1412 993 1454 secandum

488 1470 665 1512 Lucam.

265 1535 419 1576 Lectio
439 1534 508 1575 vii.
706 1532 809 1583 Cap.
829 1532 887 1570 19.

161 1590 239 1697 In
266 1595 342 1637 illo
369 1597 584 1648 tempore:
610 1595 840 1644 Ingressus
865 1594 889 1634 J
893 1607 992 1635 esus

226 1650 563 1703 perambulabat
585 1651 610 1691 J
613 1650 772 1692 ericho.
807 1650 864 1691 Et
889 1662 992 1691 ecce

162 1707 229 1748 vir
252 1708 428 1749 nomine
455 1706 684 1748 Zachaeus:
713 1711 756 1748 et
780 1706 851 1747 hic
876 1706 992 1758 prin-

163 1775 268 1816 ceps
302 1767 396 1805 erat
424 1762 776 1816 publicanorum,
817 1767 860 1804 et
895 1762 993 1814 ipse

164 1818 298 1860 dives.
333 1819 392 1860 Et
408 1819 587 1871 reliqua.

206 1903 399 1947 Homilia
418 1905 558 1946 sancti
577 1904 781 1955 Gregorii
797 1904 943 1956 Papae.

221 1974 304 2009 Lib.
327 1973 380 2007 27.
404 1971 619 2010 Moralium,
645 1980 727 2013 cap.
751 1969 804 2003 27.
828 1972 919 2012 post

489 2018 668 2053 medium.

188 2081 280 2138 (χί
302 2080 519 2122 veraciter
545 2080 766 2132 sapientes
792 2092 906 2129 esse,
934 2084 994 2121 at-

170 2133 253 2209 ὕ
281 2150 365 2189 que
380 2137 522 2189 ipsam
537 2136 796 2188 sapientiam
812 2139 996 2176 contem-

170 2198 206 2217 ’Ψ
282 2193 396 2245 plari
427 2192 691 2245 appetimus,
722 2191 879 2233 stultos
913 2203 995 2231 nos

164 2249 385 2291 humiliter
405 2250 733 2299 cognoscamus.
761 2246 995 2298 Relinqua-

164 2318 262 2346 mus
282 2305 458 2345 noxiam
479 2304 751 2356 sapientiam,
776 2302 996 2343 discamus

164 2360 431 2402 laudabilem
450 2360 705 2401 fatuitatem.
737 2359 852 2399 Hinc
874 2358 995 2410 quip-

165 2430 221 2469 pe
241 2416 454 2468 scriptum
474 2420 554 2456 est:
582 2414 724 2456 Stulta
742 2413 893 2455 mundi
913 2413 995 2454 ele-

165 2473 229 2523 git
256 2472 393 2521 Deus,
420 2476 469 2513 ut
494 2470 734 2512 confundat
763 2470 995 2522 sapientes.

166 2528 281 2569 Hinc
302 2541 475 2569 rursum
494 2527 668 2568 dicitur:
695 2526 740 2567 Si
767 2526 864 2577 quis
879 2524 996 2566 vide-

166 2588 238 2623 tur
262 2584 376 2624 inter
403 2596 485 2625 vos
514 2582 689 2635 sapiens
718 2593 814 2623 esse
843 2581 887 2620 in
911 2579 997 2621 hoc

168 2638 347 2689 saeculo,
371 2639 530 2680 stultus
549 2639 640 2687 fiat,
664 2642 713 2678 ut
733 2638 790 2678 sit
809 2636 997 2687 sapiens.

167 2694 282 2735 Hinc
318 2694 581 2745 evangelicae
621 2693 817 2734 historiae
861 2690 998 2732 verba

1042 287 1275 327 testantur:
1310 286 1411 338 quia
1436 284 1651 326 Zachaeus
1685 297 1785 325 cum
1817 283 1876 324 vi-

1044 341 1149 383 dere
1167 355 1261 394 prae
1281 341 1411 383 turba
1429 341 1537 382 nihil
1556 344 1725 393 posset,
1754 341 1876 391 syco-

1043 398 1156 439 mori
1186 397 1390 439 arborem
1416 397 1634 447 ascendit,
1664 401 1713 438 ut
1739 401 1876 437 trans-

1045 457 1221 496 euntem
1240 455 1479 496 Dominum
1499 455 1709 495 cerneret.
1745 453 1877 504 Syco-

1045 523 1194 552 morus
1215 511 1378 563 quippe
1398 511 1507 551 ficus
1526 510 1647 551 fatua
1666 509 1836 551 dicitur.

1094 571 1144 622 Rv.
1174 571 1345 612 Domus
1364 583 1472 612 mea.
1500 570 1604 622 [138]

1327 642 1480 682 Lectio
1506 641 1586 680 viii.

1128 704 1281 745 ussslus
1322 706 1471 756 itaque
1504 703 1718 744 Zachaeus
1755 706 1878 756 syco-

1136 773 1310 801 morum
1330 760 1478 810 subiit,
1499 765 1542 801 et
1560 760 1801 801 Dominum
1819 760 1879 801 vi-

1047 816 1125 858 dit:
1155 817 1256 868 quia
1281 817 1354 868 qui
1377 816 1529 858 mundi
1553 816 1781 857 stultitiam
1804 816 1879 857 hu-

1046 873 1206 914 militer
1226 873 1400 923 eligunt,
1419 873 1504 925 ipsi
1518 873 1602 913 Dei
1621 872 1880 924 sapientiam

1047 928 1267 970 subtiliter
1300 929 1667 981 contemplantur.
1712 928 1880 969 Pusilli-

1046 987 1182 1026 tatem
1204 998 1394 1036 namque
1423 990 1620 1026 nostram
1652 984 1709 1026 ad
1733 984 1880 1026 viden-

1047 1041 1152 1082 dum
1193 1041 1432 1082 Dominum
1474 1041 1603 1082 turba
1644 1040 1881 1093 praepedit:

1049 1097 1151 1149 quia
1168 1097 1465 1138 infirmitatem
1488 1097 1693 1137 humanae
1711 1098 1880 1146 mentis,

1046 1166 1101 1195 ne
1124 1153 1269 1195 lucem
1291 1153 1490 1194 veritatis
1514 1152 1730 1202 intendat,
1759 1155 1880 1193 cura-

1045 1223 1145 1251 rum
1169 1209 1445 1251 saecularium
1472 1209 1686 1250 tumultus
1710 1209 1881 1262 premit.

1046 1266 1134 1308 Sed
1160 1265 1402 1319 prudenter
1427 1267 1707 1317 sycomorum
1733 1267 1880 1306 ascen-

1048 1322 1207 1373 dimus,
1228 1323 1265 1362 si
1283 1321 1468 1374 provide
1489 1334 1586 1362 eam
1607 1334 1707 1373 quae
1728 1321 1879 1363 divini-

1046 1383 1118 1419 tus
1151 1378 1425 1430 praecipitur,
1471 1377 1699 1419 stultitiam
1733 1382 1880 1418 mente

1046 1436 1258 1475 tenemus.
1287 1432 1404 1482 Quid
1423 1433 1539 1474 enim
1555 1434 1600 1473 in
1615 1433 1700 1474 hoc
1715 1432 1879 1474 mundo

1047 1490 1222 1531 stultius
1243 1502 1374 1541 quam
1389 1491 1551 1529 amissa
1565 1501 1653 1530 non
1671 1491 1880 1541 quaerere,

1046 1547 1255 1598 possessa
1273 1544 1544 1597 rapientibus
1559 1545 1769 1594 relaxare,
1789 1545 1880 1586 nul-

1045 1602 1134 1643 lam
1159 1615 1241 1654 pro
1268 1601 1462 1653 acceptis
1486 1601 1652 1652 injuriis
1679 1601 1879 1653 injuriam

1046 1658 1245 1707 reddere,
1264 1658 1352 1698 imo
1371 1657 1587 1708 adjunctis
1603 1657 1699 1698 aliis
1713 1658 1879 1710 patien-

1045 1714 1152 1756 tiam
1174 1712 1398 1767 praebere?

1099 1774 1150 1825 R.
1175 1773 1369 1826 Lapides
1386 1769 1583 1825 pretiosi.
1603 1774 1707 1826 [139]

1351 1849 1503 1889 Lectio
1523 1848 1577 1887 ix.

1049 1892 1228 2016 Quasi
1261 1913 1377 1954 enim
1408 1914 1691 1965 sycomorum
1724 1925 1806 1954 nos
1838 1926 1880 1953 a-

1151 1968 1364 2010 scendere
1408 1969 1625 2010 Dominus
1667 1969 1880 2021 praecipit,

1047 2037 1146 2065 cum
1165 2024 1285 2066 dicit:
1305 2025 1389 2075 Qui
1409 2025 1550 2066 aufert
1566 2037 1664 2077 quae
1679 2030 1755 2065 tua
1770 2028 1880 2073 sunt,

1046 2093 1102 2121 ne
1127 2082 1313 2133 repetas.
1350 2082 1406 2122 Et
1429 2093 1616 2122 rursum:
1643 2081 1688 2121 Si
1714 2080 1812 2132 quis
1835 2084 1880 2121 te

1047 2137 1316 2188 percasserit
1334 2137 1378 2177 in
1398 2136 1624 2177 dexteram
1647 2135 1881 2184 maxillam,

1046 2191 1198 2243 praebe
1216 2192 1277 2233 illi
1295 2197 1338 2234 et
1358 2192 1551 2233 alteram.
1577 2192 1663 2232 Per
1682 2193 1880 2243 sycomo-

1047 2259 1144 2288 rum
1173 2248 1390 2289 Dominus
1422 2247 1638 2288 transiens
1674 2247 1881 2287 cernitur:

1049 2303 1150 2354 quia
1162 2316 1243 2355 per
1257 2303 1370 2344 hanc
1385 2303 1628 2355 sapientem
1639 2302 1878 2352 stultitiam,

1048 2359 1130 2399 etsi
1148 2359 1348 2409 necdum,
1373 2363 1421 2400 ut
1440 2362 1517 2407 est,
1544 2357 1695 2407 solide,
1715 2359 1800 2409 jam
1818 2362 1879 2399 ta-

1047 2426 1148 2455 men
1188 2427 1270 2467 per
1311 2413 1693 2466 contemplationis
1734 2413 1881 2455 lumen

1047 2469 1132 2511 Dei
1156 2471 1370 2522 sapientia
1395 2470 1521 2521 quasi
1544 2470 1587 2510 in
1610 2470 1798 2511 transitu
1821 2470 1880 2511 vi-

1049 2525 1194 2576 detur,
1224 2538 1355 2578 quam
1380 2526 1530 2567 videre
1557 2527 1780 2578 nequeunt
1807 2526 1882 2579 qui

1049 2581 1133 2622 sibi
1158 2582 1380 2634 sapientes
1406 2594 1502 2623 esse
1528 2581 1744 2623 videntur:
1778 2583 1881 2634 quia

1048 2636 1106 2678 ad
1142 2637 1502 2689 conspiciendum
1538 2637 1791 2688 Dominum,
1835 2638 1880 2678 in

1049 2691 1164 2733 elata
1198 2693 1512 2743 cogitationum
1544 2695 1723 2734 suarum
1752 2693 1882 2735 turba
