2066 2904
645 1050 1022 1106 COMMUNE
1066 1050 1481 1100 VIRGINUM.

1022 1138 1167 1154 ..αὴ

419 1194 480 1234 In
505 1193 542 1234 Ι.
562 1193 814 1244 vesperis.

256 1258 352 1295 Ant.
376 1257 390 1295 ,Ι
405 1256 488 1296 laec
509 1259 576 1296 est
590 1255 730 1306 Virgo
750 1255 937 1307 sepiens,
952 1256 976 1282 *
993 1260 1036 1297 et

202 1324 289 1352 una
308 1310 363 1352 de
382 1314 566 1352 numero
586 1310 863 1363 prudentum.

464 1372 661 1413 l'sulmus
682 1373 775 1412 109.

221 1439 238 1481 ⁴·
306 1442 309 1445 ·
330 1441 357 1485 {ss
376 1437 451 1488 ’,ρης
460 1432 541 1473 ixit
583 1432 801 1473 Deminus
842 1433 1035 1475 Demino

214 1492 244 1546 31](
302 1489 357 1530 μ’(
419 1508 449 1536 η
477 1501 592 1530 meo:
619 1489 643 1515 *
669 1488 784 1530 Sede
812 1502 838 1530 a
867 1489 1036 1531 dextris

316 1550 385 1596 “f
478 1545 603 1586 meis:

303 1594 342 1637 :3
384 1598 451 1660 4²33
525 1602 681 1643 Donec
708 1615 871 1655 ponam
899 1603 1037 1643 inimi-

324 1663 336 1665 *
365 1657 447 1666 i
478 1670 557 1699 cos
588 1663 706 1708 tuos,
738 1659 762 1685 *
796 1659 1037 1701 scabellum

202 1714 367 1767 pedum
386 1716 573 1756 tuorum.

255 1771 438 1822 Virgam
459 1771 635 1812 virtutis
654 1776 745 1812 tuae
762 1774 933 1813 emittet
948 1772 1035 1813 Do-

202 1827 347 1868 minus
374 1840 428 1868 ex
448 1827 569 1868 Sion:
589 1828 613 1853 *
633 1827 860 1869 dominare
884 1828 929 1869 in
949 1830 1035 1869 me—

205 1883 279 1924 dio
300 1883 578 1925 inimicerum
595 1886 783 1925 tuerum.

255 1939 423 1981 Tecum
451 1940 718 1993 principium
746 1940 790 1981 in
811 1940 883 1982 die
902 1940 1035 1982 virtu-

203 1995 261 2037 tis
274 2001 364 2037 tuae
380 1996 424 2037 in
440 1996 753 2049 splendoribus
768 1999 1035 2038 sanctorum:

203 2052 227 2078 *
248 2065 302 2094 ex
322 2055 450 2094 utero
468 2057 569 2094 ante
586 2052 815 2094 luciferum
833 2053 963 2104 genui
981 2059 1036 2094 te.

255 2109 426 2151 Juravit
452 2109 685 2159 Dominus,
716 2114 760 2151 et
785 2122 873 2150 non
898 2109 1035 2162 poeni-

204 2165 316 2206 tebit
352 2178 467 2207 eum:
503 2166 527 2191 *
563 2166 632 2207 Tu
671 2179 717 2207 es
746 2165 956 2207 sacerdos
992 2166 1035 2207 in

206 2224 418 2263 aeternum
442 2222 686 2264 secundum
710 2222 912 2265 Ordinem
931 2223 1035 2265 Mel-

206 2277 452 2320 chisedech.

257 2334 473 2376 D6minus
489 2347 514 2376 a
530 2334 698 2376 dextris
713 2335 812 2385 tuis,
829 2336 852 2361 *
869 2337 1036 2378 confre-

206 2389 270 2440 git
288 2390 332 2430 in
352 2390 423 2432 die
442 2391 520 2432 irae
540 2404 631 2432 suae
651 2404 790 2443 reges.

258 2445 281 2485 J
284 2445 481 2488 udicebit
497 2447 541 2488 in
554 2447 818 2498 nationibus,
834 2448 1036 2501 implebit

207 2503 373 2542 ruinas:
405 2503 428 2528 *
464 2504 780 2555 conquassabit
813 2505 959 2557 capita
992 2506 1036 2546 in

207 2562 324 2598 terra
346 2558 594 2600 multerum.

260 2613 328 2654 De
353 2616 549 2656 torrente
574 2616 618 2656 in
640 2616 712 2657 via
738 2616 876 2659 bibet:
894 2618 918 2643 *
938 2630 1036 2670 pro-

207 2670 360 2721 pterea
380 2671 591 2713 exaltabit
610 2679 753 2725 caput.

1144 1194 1243 1231 Ant.
1278 1194 1383 1233 lIaec
1407 1197 1474 1234 est
1495 1192 1636 1243 Virgo
1659 1193 1851 1246 sapiens,
1881 1198 1924 1236 et

1089 1260 1175 1289 una
1195 1247 1251 1289 de
1269 1251 1453 1290 numero
1473 1249 1751 1301 prudentum.

1144 1315 1242 1353 Ant.
1279 1315 1388 1355 Haec
1417 1318 1484 1355 est
1510 1314 1650 1366 Virgo
1680 1315 1871 1368 sepiens,
1898 1316 1923 1342 *

1092 1382 1223 1422 quam
1237 1370 1455 1411 Dominus
1474 1370 1729 1422 vigilantem
1746 1371 1924 1413 invenit.

1360 1442 1559 1483 Psalmus
1580 1444 1658 1483 112.

1156 1508 1317 1550 audate
1345 1509 1472 1561 pueri
1498 1509 1756 1551 Dominum:
1782 1510 1807 1536 *
1834 1510 1923 1551 lau-

1184 1564 1286 1606 date
1305 1578 1466 1607 nomen
1482 1565 1673 1607 Demini.

1143 1625 1208 1666 Sit
1235 1638 1397 1667 nomen
1421 1626 1601 1667 Domini
1628 1625 1922 1676 benedictum,

1090 1682 1114 1707 *
1148 1694 1202 1723 ex
1235 1681 1320 1723 hoc
1350 1695 1482 1732 nunc,
1518 1687 1562 1724 et
1594 1695 1735 1734 usque
1767 1683 1812 1723 in
1844 1684 1922 1724 sae-

1091 1738 1248 1779 culum.

1142 1798 1183 1839 A
1209 1798 1316 1840 solis
1342 1803 1443 1840 ortu
1464 1811 1605 1851 usque
1629 1798 1687 1840 ad
1705 1800 1922 1848 occasum,

1090 1855 1114 1880 *
1134 1854 1357 1896 laudabile
1378 1867 1539 1897 nomen
1558 1855 1748 1896 Domini.

1141 1915 1355 1956 Excelsus
1395 1929 1527 1968 super
1566 1928 1719 1957 omnes
1753 1916 1922 1957 Gentes

1090 1971 1318 2022 Deminus,
1337 1972 1360 1998 *
1381 1977 1425 2013 et
1453 1985 1585 2025 super
1614 1972 1754 2014 coelos
1781 1971 1922 2024 gleria

1091 2041 1192 2080 ejus.

1144 2089 1253 2139 Quis
1268 2089 1382 2130 sicut
1394 2089 1612 2130 Dominus
1622 2089 1745 2130 Deus
1759 2093 1922 2140 noster,

1094 2145 1168 2197 qui
1196 2145 1241 2186 in
1269 2145 1370 2187 altis
1398 2145 1584 2195 habitat,
1612 2145 1636 2171 *
1665 2150 1710 2187 et
1742 2145 1923 2187 humilia

1091 2201 1272 2254 respicit
1291 2202 1335 2242 in
1355 2201 1469 2243 coelo
1490 2206 1534 2243 et
1552 2202 1598 2242 in
1616 2200 1758 2243 terra?

1142 2262 1368 2304 Suscitans
1396 2275 1422 2303 a
1449 2267 1568 2304 terra
1601 2265 1797 2315 inopem,
1825 2262 1849 2288 *
1878 2267 1923 2304 et

1092 2318 1147 2360 de
1166 2320 1364 2360 stercore
1384 2318 1557 2370 erigens
1577 2321 1835 2371 pauperem:

1142 2379 1202 2421 Ut
1212 2379 1403 2420 collocet
1415 2391 1514 2420 eum
1527 2391 1626 2420 cum
1636 2378 1922 2431 principibus,

1090 2436 1114 2461 *
1134 2448 1233 2477 cum
1252 2434 1527 2487 principibus
1546 2434 1701 2487 pepuli
1720 2435 1799 2475 sui.

1144 2496 1227 2546 Qui
1247 2495 1447 2537 habitere
1462 2495 1566 2536 facit
1581 2494 1775 2536 sterilem
1786 2495 1829 2535 in
1846 2494 1921 2536 do-

1090 2565 1174 2602 mo,
1189 2553 1214 2578 *
1231 2558 1417 2593 matrem
1437 2551 1628 2592 filiorum
1647 2551 1882 2592 laetantem.

1142 2619 1240 2658 Ant.
1289 2618 1398 2658 Haec
1445 2621 1514 2658 est
1553 2617 1691 2667 Virgo
1735 2616 1922 2667 sepiens,

1092 2686 1224 2726 quam
1242 2673 1458 2714 Dominus
1477 2672 1729 2724 vigilantem
1748 2673 1922 2713 invenit.
