2066 2956
142 274 375 324 cognusco:
411 271 435 299 *
473 275 517 314 et
551 272 783 327 peccatum
819 283 965 312 meum

143 334 296 371 contra
313 342 384 371 me
404 332 470 370 est
487 339 672 380 semper.

194 384 296 428 Tibi
314 384 397 427 soli
420 383 615 437 peccavi,
641 387 685 425 et
706 382 870 423 malum
894 395 963 424 co-

142 454 235 483 ram
252 446 296 483 te
314 441 412 483 feci:
430 441 454 468 *
472 444 521 482 ut
543 438 786 492 justificeris
808 438 852 479 in
878 451 964 480 ser-

142 497 344 540 monibus
366 497 470 547 tuiS‚
499 501 543 539 et
564 496 713 537 vincas
738 508 837 537 cum
859 495 965 547 judi-

143 554 266 597 caris.

192 610 308 653 Ecce
335 610 449 652 enim
472 610 516 651 in
541 607 842 661 iniquitatibus
865 621 964 649 con-

143 668 297 720 ceptus
316 680 428 708 sum:
451 667 475 692 *
501 670 544 708 et
570 666 614 706 in
640 665 836 718 peccatis
864 677 963 706 con-

143 724 261 776 cepit
278 736 348 765 me
364 728 504 765 mater
522 734 630 763 mea.

194 780 310 821 Ecce
335 780 448 822 enim
466 779 696 821 veritatem
719 776 923 819 dilexisti:
943 779 967 804 *

143 837 308 878 incerta
340 840 383 877 et
414 835 587 877 occulta
623 834 848 887 sapientiae
879 838 967 875 tuae

143 892 432 934 manifestasti
450 891 567 933 mihi.

194 949 417 1001 Asperges
440 961 510 990 me
535 947 749 1000 hyssopo,
780 951 825 989 et
847 960 967 988 mun-

144 1003 299 1047 dabor:
319 1005 343 1031 *
366 1004 532 1046 lavabis
559 1016 647 1054 me,
679 1007 723 1045 et
750 1015 882 1056 super
908 1003 968 1044 ni-

143 1074 244 1103 vem
263 1059 514 1103 dealbabor.

195 1116 374 1159 Auditui
403 1130 504 1159 meo
538 1115 663 1159 dabis
690 1114 898 1168 gaudium
926 1120 969 1157 et

143 1174 352 1216 laetitiam:
369 1175 393 1202 *
412 1178 456 1216 et
475 1172 760 1216 exsultabunt
778 1185 880 1214 ossa
893 1171 968 1213 hu-

144 1230 316 1272 miliata.

196 1287 361 1329 Averte
388 1286 544 1327 faciem
574 1290 695 1328 tuam
723 1298 748 1327 a
773 1285 969 1338 peccatis

144 1344 267 1385 meis:
285 1344 309 1371 *
332 1347 377 1385 et
400 1354 551 1384 omnes
575 1342 825 1394 iniquitates
849 1354 969 1383 meas

147 1400 254 1442 dele.
293 1434 303 1446 ,

198 1456 286 1498 Cor
311 1455 523 1498 mundum
549 1467 650 1496 crea
675 1454 719 1495 in
741 1466 812 1496 me
834 1454 970 1495 Deus:

146 1514 170 1540 *
189 1517 234 1555 et
257 1512 457 1566 spiritum
479 1515 648 1553 rectum
670 1513 830 1552 innova
848 1511 892 1551 in
910 1510 969 1551 vi-

147 1568 342 1611 sceribus
360 1568 482 1610 meis.

197 1626 266 1668 Ne
289 1625 493 1678 projicias
516 1636 586 1665 me
605 1636 631 1664 a
649 1623 759 1664 facie
777 1627 867 1665 tua:
884 1623 908 1649 *
928 1628 972 1665 et

145 1682 354 1735 Spiritum
373 1685 572 1723 sanctum
589 1685 713 1722 tuum
727 1692 782 1722 ne
798 1680 970 1722 auferas

146 1751 173 1780 a
190 1751 271 1780 me.

197 1793 354 1837 Redde
391 1793 497 1835 mihi
535 1793 732 1836 laetitiam
767 1793 970 1834 salutaris

147 1851 227 1893 tui:
250 1851 274 1877 *
301 1855 344 1892 et
371 1851 531 1903 spiritu
556 1849 788 1903 principali
815 1849 969 1891 confir-

147 1920 219 1948 ma
235 1920 317 1949 me.

198 1963 383 2005 Docebo
416 1964 589 2016 iniquos
617 1963 710 2004 vias
736 1966 849 2004 tuas:
876 1962 900 1987 *
929 1966 972 2003 et

148 2020 270 2072 impii
288 2018 346 2061 ad
363 2024 408 2061 te
427 2021 748 2061 convertentur.

199 2075 359 2118 Libera
376 2088 446 2117 me
467 2074 522 2135 de
541 2074 822 2126 sanguinibus
840 2074 972 2123 Deus,

148 2133 269 2174 Deus
298 2132 450 2174 salutis
475 2144 602 2173 meae:
620 2131 644 2157 *
664 2135 707 2174 et
736 2130 972 2172 exsultabit

149 2189 295 2240 lingua
313 2201 410 2230 mea
428 2187 636 2240 justitiam
653 2193 784 2229 tuam.

200 2245 403 2295 D6mine,
429 2244 544 2286 labia
566 2257 664 2285 mea
683 2243 868 2296 aperies:
886 2242 910 2268 *
930 2247 974 2284 et

151 2314 201 2343 os
215 2314 360 2343 meum
375 2300 646 2342 annuntiabit
658 2300 834 2342 laudem
842 2304 974 2340 tuam.

204 2358 420 2408 Quoniam
470 2358 506 2398 si
553 2356 767 2398 voluisses
813 2355 973 2397 sacrifi-

151 2414 279 2464 cium,
304 2414 524 2456 dedissem
543 2414 709 2466 utique:
727 2414 751 2440 *
769 2412 974 2455 holocau-

152 2470 231 2512 stis
249 2483 337 2512 non
355 2469 655 2512 delectaberis.

203 2527 470 2568 Sacrificium
492 2527 589 2568 Deo
618 2526 794 2579 spiritus
818 2525 974 2566 contri-

152 2582 341 2624 bulatus:
359 2583 383 2609 *
402 2596 477 2624 cor
497 2585 749 2632 contritum,
775 2586 818 2623 et
840 2581 974 2622 humi-

152 2638 305 2679 liatum
322 2639 442 2685 Deus
461 2652 549 2681 non
569 2638 796 2691 despicies.

757 174 933 209 Officium
951 174 1236 208 Defunctorum.

205 2695 398 2746 Benigne
416 2695 484 2737 fac
498 2695 687 2736 Dumine
705 2695 749 2735 in
767 2694 883 2735 bona
900 2706 986 2735 vom

1748 171 1844 216 [189]

1017 270 1184 312 luntate
1211 275 1287 312 tua
1314 270 1431 312 Sion:
1454 271 1479 298 *
1497 274 1546 311 ut
1574 268 1845 310 aedificentur

1018 327 1131 368 muri
1147 327 1400 369 Jerusalem.

1070 384 1196 425 Tunc
1220 383 1473 436 acceptabis
1498 382 1760 424 sacrificium
1786 382 1844 433 ju-

1020 440 1164 490 ststiae,
1187 440 1447 490 oblationes,
1471 444 1515 481 et
1532 438 1804 480 holocausta:
1822 438 1846 463 *

1018 500 1128 594 ‘ruffi
1149 496 1376 549 imponent
1403 509 1536 549 super
1560 495 1697 554 altare
1721 499 1846 536 tuum

1019 567 1063 594 vl
1130 566 1191 595 os.

1072 618 1288 671 Requiem
1308 619 1528 659 aeternam.

1078 690 1174 730 Ant.
1214 686 1501 729 Exsultabunt
1526 687 1716 728 Domino
1745 699 1847 728 ossa

1020 742 1255 785 humiliata.

1075 811 1173 851 Ant.
1212 808 1383 850 Exaudi
1413 808 1602 850 Domine
1634 810 1658 836 *
1690 809 1847 864 oratio-

1020 877 1120 905 nem
1145 878 1303 908 meam:
1330 865 1388 908 ad
1412 870 1457 907 te
1483 865 1623 907 omnis
1649 878 1752 907 caro
1778 867 1847 908 ve-

1020 921 1119 963 niet.

1296 988 1493 1028 Psalnius
1514 989 1578 1027 (54.

1023 1054 1126 1160 Te
1151 1055 1280 1097 decet
1307 1055 1493 1108 hymnus
1516 1056 1638 1097 Deus
1661 1055 1704 1096 in
1728 1056 1848 1097 Sion:

1115 1113 1139 1139 *
1159 1116 1203 1154 et
1220 1112 1300 1154 tibi
1318 1111 1527 1154 reddetur
1547 1117 1699 1154 votum
1719 1113 1763 1153 in
1781 1113 1805 1154 J
1808 1126 1848 1154 e-

1021 1168 1221 1210 rusalem.

1073 1225 1247 1267 Exaudi
1280 1225 1523 1267 oraticnem
1554 1238 1713 1267 meam:
1741 1226 1764 1252 *
1793 1225 1850 1267 ad

1021 1286 1066 1323 te
1086 1283 1227 1323 omnis
1248 1295 1350 1324 caro
1370 1282 1525 1324 veniet.

1074 1338 1223 1380 Verba
1250 1339 1498 1391 iniquorum
1524 1338 1851 1391 praevaluerunt

1023 1408 1155 1448 super
1169 1408 1264 1436 nos:
1278 1396 1301 1421 *
1317 1400 1361 1437 et
1374 1395 1672 1448 impietatibus
1688 1395 1851 1436 nostris

1022 1457 1071 1494 tu
1089 1451 1411 1504 propitiaberis.

1075 1508 1250 1558 Beatus,
1272 1521 1402 1560 quem
1419 1508 1600 1559 elegisti,
1621 1513 1665 1550 et
1685 1520 1850 1549 assum-

1023 1565 1165 1618 psisti:
1184 1566 1207 1592 *
1225 1564 1486 1607 inhabitabit
1504 1565 1547 1605 in
1567 1565 1689 1606 atriis
1708 1564 1806 1606 tuis.

1076 1621 1361 1674 Replebimur
1375 1622 1420 1662 in
1434 1620 1563 1662 bonis
1577 1620 1734 1663 domus
1749 1625 1852 1662 tuae:

1023 1679 1048 1705 *
1069 1683 1267 1720 sanetum
1291 1682 1357 1719 est
1380 1678 1593 1730 templum
1611 1683 1750 1728 tuum,
1775 1677 1850 1718 mi-

1025 1735 1163 1777 rabile
1183 1735 1228 1776 in
1247 1734 1463 1786 aequitate.

1076 1791 1250 1833 Exaudi
1281 1804 1362 1833 nos
1389 1791 1510 1833 Deus
1543 1791 1745 1832 salutaris
1776 1803 1851 1832 no-

1025 1853 1131 1899 ster,
1149 1850 1173 1875 *
1193 1861 1294 1901 spes
1319 1848 1512 1889 omnium
1535 1847 1687 1889 finium
1711 1852 1851 1898 terrae,

1024 1910 1068 1947 et
1086 1905 1130 1946 in
1147 1905 1258 1946 mari
1276 1905 1416 1956 longe.

1075 1962 1335 2015 Praeparans
1349 1966 1522 2003 montes
1536 1962 1580 2002 in
1591 1961 1751 2003 virtute
1766 1966 1851 2011 tua,

1025 2020 1247 2060 accinctus
1278 2018 1493 2071 potentia:
1520 2019 1543 2045 *
1574 2018 1648 2070 qui
1681 2021 1851 2059 contur-

1023 2073 1104 2116 bas
1135 2074 1403 2128 profundum
1431 2075 1563 2116 maris
1591 2087 1746 2116 sonum
1773 2074 1850 2115 flu-

1025 2136 1175 2173 ctuum
1194 2132 1295 2184 ejus.

1076 2187 1389 2230 Turbabuntur
1427 2187 1607 2236 Gentes,
1649 2190 1693 2227 et
1731 2186 1851 2227 time-

1025 2244 1133 2286 bunt
1166 2244 1240 2296 qui
1271 2243 1470 2285 habitant
1502 2242 1710 2284 terminos
1742 2255 1768 2283 a
1797 2242 1850 2283 si-

1025 2301 1122 2351 gnis
1140 2301 1241 2342 tuis:
1258 2302 1281 2327 *
1302 2300 1444 2341 exitus
1470 2298 1688 2348 matutini,
1713 2303 1756 2340 et
1781 2300 1850 2340 ve-

1026 2369 1153 2409 spere
1172 2355 1424 2399 delectabis.

1077 2413 1278 2455 Visitasti
1319 2417 1497 2461 terram,
1543 2416 1586 2453 et
1627 2410 1852 2453 inebriasti

1027 2481 1136 2510 eam:
1178 2471 1201 2496 *
1243 2467 1543 2521 multiplicasti
1584 2466 1852 2520 locupletare

1027 2538 1133 2566 eam.

1078 2581 1262 2623 Flumen
1280 2581 1364 2622 Dei
1387 2579 1603 2633 repletum
1627 2585 1694 2622 est
1717 2582 1852 2634 aquis,

1025 2638 1192 2690 parasti
1216 2637 1362 2679 cibum
1385 2636 1574 2677 illorum:
1597 2638 1620 2664 *
1647 2638 1852 2689 quoniam

1026 2694 1086 2735 ita
1105 2699 1172 2736 est
1190 2693 1455 2746 praeparatio
1477 2693 1578 2745 ejus.
