2066 2956
532 216 602 250 Die
629 217 675 250 15.
701 217 836 251 Martii.
883 220 917 252 S.
942 219 1139 253 Zacharia·
1168 220 1279 263 Κητὼ
1305 228 1339 254 et
1365 222 1470 255 (jons.

1775 216 1842 252 19*

202 317 243 350 In
284 316 309 350 Ι.
347 315 543 349 Nocturno
580 314 780 347 Lectiones
829 311 970 347 Fidelis

150 370 289 395 sermo.
316 364 362 397 de
388 362 523 396 eodem
547 362 747 394 Communi
774 362 797 394 1.
824 363 919 395 loco.

382 432 430 470 In
450 432 499 469 II.
520 431 740 470 Noeturno.

454 496 603 536 Lectio
625 496 677 534 iv.

165 582 229 610 βψ
283 554 512 596 acharias
558 554 733 595 natione
778 554 972 603 Graecus,

296 616 421 664 patre
456 609 771 662 Polychrenio,
809 610 973 660 Grego-

161 665 218 696 ,255
254 694 269 695 ἡ
297 667 363 709 rio
397 667 527 708 tertio
558 679 613 708 ex
640 665 722 707 hac
750 666 847 707 luce
876 665 972 707 sub-

150 727 308 775 tracto,
335 722 392 765 ad
418 723 536 765 beati
563 723 681 764 Petri
709 721 974 764 Cathedram

153 786 219 824 est
263 782 450 822 evectus.
512 779 592 820 Vir
637 779 716 820 fuit
759 778 975 820 mitissimi

152 837 322 889 ingenii,
349 836 471 877 mirae
492 835 716 877 suavitatis
746 840 789 876 et
814 834 974 885 gratiae,

154 894 258 936 cleri
294 906 345 935 ac
380 892 533 945 populi
570 891 756 933 Romani
794 893 973 940 amator,

153 951 210 993 ad
236 952 345 992 iram
367 948 529 998 tardus,
557 947 613 990 ad
632 946 974 989 misericordiam

154 1013 197 1050 et
207 1006 479 1050 clementiam
494 1005 859 1058 promptissimus,
871 1003 975 1044 nulli

153 1063 314 1105 malum
361 1075 442 1115 pro
480 1061 596 1102 malo
644 1060 853 1110 reddens,
898 1058 977 1101 sed

155 1121 332 1162 vincens
363 1119 407 1160 in
436 1118 553 1160 bono
581 1117 762 1167 malum;
790 1116 901 1157 adeo
930 1121 977 1157 ut

157 1189 266 1230 quos
301 1175 515 1217 habuerat
550 1173 732 1215 aemulos
766 1178 808 1214 et
838 1172 973 1212 inimi-

156 1246 242 1283 cos,
262 1231 441 1274 eusdem
461 1231 583 1272 initio
599 1229 880 1283 pontificatus
899 1227 974 1269 ho-

155 1289 335 1331 noribus
356 1294 399 1331 et
417 1287 607 1341 praemiis
630 1286 834 1328 affecerit.
867 1285 976 1326 Pon-

155 1346 261 1388 tifex
306 1347 497 1394 ereatus,
542 1349 589 1385 ut
632 1342 803 1384 Italiam
848 1341 978 1382 armis

155 1401 551 1454 Longobardorum
618 1401 821 1440 vexatam
888 1410 978 1438 suae

156 1458 463 1511 tranquillitati
486 1457 751 1504 restitueret,
780 1453 835 1495 ad
862 1454 978 1495 Luit-

156 1514 371 1570 prandum
408 1527 575 1565 regem,
607 1513 868 1554 Interamnae
907 1509 978 1551 de-

156 1574 346 1624 gentem,
379 1576 422 1613 et
448 1570 617 1621 legatos
645 1568 776 1617 misit,
809 1572 852 1608 et
883 1567 978 1619 ipse

156 1628 380 1682 profectus
401 1632 477 1676 est,
504 1626 580 1668 ubi
599 1631 643 1668 et
668 1623 876 1666 orationis
896 1622 977 1664 ele-

157 1685 320 1737 gantia,
345 1690 398 1726 et
430 1684 532 1725 vitae
566 1681 798 1724 sanctitate
826 1680 888 1721 sic
915 1691 978 1720 re-

157 1754 257 1793 gem
291 1740 508 1789 demulsit,
544 1744 593 1780 ut
626 1750 733 1790 quas
771 1737 979 1784 civitates,

159 1796 324 1851 oppida
352 1803 395 1839 et
418 1795 681 1849 patrimonia
708 1793 763 1835 ab
782 1792 980 1834 Ecclesia

159 1854 408 1903 abstulerat,
437 1852 579 1894 eidem
605 1850 854 1892 restituerit.

211 1922 262 1974 R.
283 1918 434 1960 Inveni
452 1917 595 1959 David
623 1929 797 1958 servum
823 1926 978 1963 meum,

159 1975 258 2017 oleo
287 1979 437 2016 sancto
464 1986 563 2015 meo
583 1973 687 2014 unxi
706 1985 823 2014 eum:
848 1974 870 1996 *
891 1970 979 2010 Ma-

157 2045 238 2073 nus
254 2031 367 2073 enim
381 2043 478 2072 mea
493 2029 769 2071 auxiliabitur
784 2027 832 2069 ei.
856 2024 904 2074 V.
915 2025 982 2066 Ni-

158 2088 220 2129 hil
233 2087 435 2141 proficiet
453 2087 651 2128 inimicus
666 2086 709 2126 in
725 2097 789 2134 eo,
809 2087 852 2125 et
866 2082 979 2123 filius

158 2144 397 2197 iniquitatis
420 2156 508 2185 non
531 2141 705 2184 nocebit
730 2141 779 2183 ei.
814 2139 979 2180 Manus.

470 2215 619 2256 Lectio
642 2228 676 2253 v.

164 2276 283 2384 Sed
312 2288 355 2326 et
373 2283 573 2324 Ticinum
597 2293 735 2333 usque
757 2278 979 2332 profectus

245 2339 448 2382 eumdem
496 2337 662 2379 inflexit
676 2368 685 2386 ,
735 2340 784 2377 ut
828 2348 852 2376 a
897 2335 979 2375 Ra-

158 2399 393 2439 vennatum
441 2394 727 2448 oppressione
778 2392 979 2433 cessaret.

159 2453 341 2495 Rachim
362 2451 484 2501 adiit,
511 2449 735 2491 Perusiam
758 2447 847 2488 acri
867 2445 979 2488 obsi-

160 2509 290 2551 dione
306 2509 587 2561 prementem,
610 2517 739 2557 quem
752 2508 873 2545 tanta
887 2514 980 2543 ora-

159 2565 290 2607 tionis
309 2565 533 2616 majestate
550 2560 777 2615 permavit,
796 2564 843 2600 ut
862 2563 906 2600 et
924 2557 979 2599 ab

161 2621 277 2662 omni
306 2619 631 2674 oppugnati6ne
658 2616 904 2664 desisteret,
939 2618 982 2655 et

160 2676 381 2728 religienis
396 2678 544 2717 amore
559 2675 804 2719 succensus,
818 2671 981 2720 regiam

161 2733 418 2784 dignitatem
443 2737 486 2774 et
508 2729 866 2784 paludamentum
890 2738 980 2766 mo-

1022 312 1193 353 nachali
1215 313 1414 354 instituto
1439 318 1482 354 et
1504 312 1655 354 habitu
1673 325 1842 365 permu-

1022 370 1146 409 taret.
1171 368 1406 410 Consultus
1420 382 1445 410 a
1459 369 1647 420 Francis,
1662 382 1843 420 regnum

1022 424 1129 466 illud
1149 437 1173 465 a
1194 424 1457 475 Childerico,
1484 426 1578 467 viro
1604 426 1780 477 stupido
1801 430 1844 467 et

1023 480 1190 531 ignavo,
1211 480 1266 522 ad
1284 481 1495 533 Pipinum,
1516 482 1680 535 pietate
1701 487 1743 523 et
1762 482 1842 522 for-

1024 536 1208 578 titudine
1247 539 1545 589 praestantem,
1586 538 1844 579 auctoritate

1026 593 1269 645 apostolica
1296 594 1525 635 transtulit.
1562 594 1719 635 Multas
1748 596 1842 645 syn-

1027 649 1137 690 odos
1175 655 1218 691 et
1250 649 1432 691 concilia
1467 650 1720 699 celebravit,
1762 662 1843 702 pro

1027 706 1336 747 ecclesiasticae
1365 705 1604 759 disciplinae
1633 712 1844 747 restaura-

1025 762 1154 803 tiene.

1080 831 1128 881 R.
1154 827 1285 868 Pesui
1318 826 1576 877 adiutorium
1609 839 1738 878 super
1770 838 1846 878 po-

1027 885 1205 932 tentem,
1251 889 1294 924 et
1339 883 1524 924 exaltavi
1569 883 1754 924 electum
1790 881 1844 923 de

1028 939 1156 991 plebe
1197 952 1307 980 mea:
1350 944 1369 965 *
1402 940 1554 980 Manus
1596 938 1708 980 enirn
1748 950 1846 978 mea

1029 995 1305 1037 auxiliabitur
1333 996 1382 1036 ei.
1431 990 1478 1041 Y.
1515 995 1664 1035 Inveni
1692 992 1846 1042 David,

1030 1065 1202 1093 servum
1234 1064 1398 1100 meum,
1434 1051 1532 1092 oleo
1566 1055 1715 1091 sancto
1748 1061 1846 1090 meo

1028 1108 1132 1148 unxi
1156 1120 1265 1148 eum.
1305 1108 1469 1148 Manus.

1332 1193 1479 1232 Lectio
1502 1193 1550 1231 vi.

1030 1249 1224 1354 Romae
1252 1254 1394 1295 omnia
1419 1253 1516 1294 loca
1543 1266 1665 1294 sacra
1688 1258 1762 1295 aut
1785 1266 1847 1294 re-

1127 1312 1307 1364 paravit,
1325 1315 1398 1351 aut
1409 1309 1566 1351 ditiora
1578 1309 1730 1351 effecit.
1749 1310 1848 1350 San-

1031 1371 1201 1410 ctorum
1225 1368 1434 1418 imagines
1461 1368 1677 1407 vetustate
1708 1365 1848 1407 exole-

1030 1430 1097 1466 tas
1123 1425 1365 1473 renovavit,
1392 1428 1434 1464 et
1457 1422 1751 1463 Lateranense
1776 1434 1848 1473 pa-

1029 1481 1295 1529 triarchium,
1325 1479 1444 1532 quod
1467 1491 1623 1529 magna
1649 1479 1691 1518 in
1717 1481 1848 1530 penu-

1030 1538 1094 1578 ria
1113 1538 1349 1586 invenerat,
1376 1548 1486 1588 pene
1507 1549 1531 1576 a
1550 1547 1665 1576 novo
1686 1539 1847 1576 restau-

1030 1594 1151 1643 ravit,
1172 1607 1223 1635 ac
1239 1593 1396 1634 multas
1412 1592 1616 1643 reliquias
1632 1590 1691 1632 ibi
1706 1590 1849 1631 inven-

1030 1656 1098 1692 tas
1149 1649 1332 1691 diversis
1383 1648 1577 1689 ecclesiis
1622 1646 1849 1688 distribuit.

1031 1705 1300 1758 Pauperibus
1342 1703 1505 1746 alendis
1547 1703 1711 1744 reditus
1748 1702 1849 1743 assi-

1031 1763 1189 1814 gnavit.
1230 1760 1549 1803 Bibliothecam
1573 1759 1710 1800 sancti
1733 1758 1850 1799 Petri

1032 1819 1290 1867 construxit,
1314 1817 1538 1859 basilicam
1559 1815 1695 1857 sancti
1715 1814 1849 1855 Ge6r-

1031 1877 1089 1927 gii
1107 1876 1151 1916 in
1169 1874 1362 1917 Velabro
1387 1872 1595 1922 condidit,
1618 1870 1850 1913 aedificavit

1032 1938 1076 1975 et
1095 1932 1332 1974 oratorium
1355 1929 1468 1971 divae
1489 1928 1673 1970 Caecssiae
1691 1927 1761 1968 via
1779 1927 1848 1968 Ti-

1031 1990 1214 2032 burtina.
1257 1987 1431 2028 Clerum
1457 1984 1584 2026 valde
1613 1983 1779 2033 dilexit,
1808 1986 1850 2023 et

1033 2045 1286 2087 donativum
1314 2041 1492 2093 singulis
1517 2039 1782 2094 presbyteris
1806 2043 1850 2080 et

1033 2101 1227 2144 diaconis
1247 2098 1452 2150 erogavit.
1484 2097 1630 2138 Sancti
1650 2094 1850 2145 Gregorii

1031 2158 1317 2208 Dialogorum
1326 2155 1460 2197 libros
1470 2154 1513 2194 in
1523 2165 1712 2204 graecum
1721 2153 1851 2193 trans-

1031 2215 1140 2264 tulit,
1159 2213 1377 2264 rebusque
1396 2210 1525 2252 variis
1544 2221 1625 2262 pro
1639 2206 1849 2249 Ecclesiae

1031 2270 1219 2313 utilitate
1242 2281 1330 2310 non
1352 2267 1492 2308 minus
1510 2266 1581 2318 pie
1602 2277 1731 2317 quam
1749 2264 1848 2316 pro-

1034 2339 1161 2381 spere
1180 2325 1329 2377 gestis,
1358 2322 1599 2365 sanctitatis
1617 2321 1764 2362 laurea
1783 2323 1849 2362 est

1033 2385 1279 2439 coronatus

1090 2450 1138 2499 R.
1160 2448 1249 2488 Iste
1268 2450 1334 2487 est
1355 2444 1438 2496 qui.

1088 2518 1128 2549 In
1164 2515 1225 2548 ῙΙΙ.
1261 2513 1366 2546 Noet.
1406 2510 1569 2544 Homilia
1604 2509 1638 2541 in
1672 2508 1850 2549 Evangel.

1037 2566 1160 2599 Homo
1176 2563 1344 2606 peregre.
1367 2560 1412 2592 de
1430 2558 1563 2591 eodem
1581 2558 1685 2590 Com.
1713 2556 1736 2588 1.
1756 2556 1850 2589 loco.

1091 2619 1219 2653 Lectio
1250 2618 1297 2650 ix.
1330 2617 1374 2649 de
1405 2614 1558 2650 Homil..
1592 2619 1624 2646 et
1658 2621 1849 2645 commem.

1039 2668 1159 2701 Feriam
1184 2667 1219 2699 in
1248 2664 1361 2698 Laud.
