2028 2892
139 200 223 235 „50

704 200 807 232 Furia
836 197 1000 231 set-undu
1029 196 1073 227 ad
1103 192 1335 226 Matutinum.

176 238 1871 268 Ἀ

177 296 415 339 meridiem:
430 296 453 320 *
468 292 666 335 subditus
686 296 780 333 esto
794 288 993 336 Domino,

178 359 221 396 et
240 366 316 394 ora
335 365 442 393 eum.

229 408 328 450 Noli
348 406 541 448 aemulari
560 406 602 446 in
626 417 695 450 eo,
721 403 793 455 qui
818 412 994 454 prospe-

180 467 298 506 ratur
318 464 360 504 in
377 463 446 504 via
468 475 564 503 sua:
588 462 611 486 *
634 461 676 501 in
700 458 872 500 homine
898 456 994 497 faci-

179 523 275 562 ente
293 518 530 570 injustitias.

230 576 389 617 Desine
405 574 459 616 ab
475 574 548 623 ira,
565 579 607 614 et
618 571 869 622 derelinque
884 569 995 610 furo-

181 646 288 674 rem:
307 634 330 657 *
348 631 436 672 noli
463 628 656 671 aemulari
676 633 722 669 ut
740 625 996 677 maligneris.

231 688 442 739 Quoniam
459 686 531 739 qui
546 684 843 734 malignantur,
859 687 996 723 exter-

180 743 472 785 minabuntur:
505 743 527 767 *
562 740 820 782 sustinentes
852 743 996 779 autem

181 800 428 849 Dominum,
459 798 541 851 ipsi
572 794 890 837 haereditabunt
915 799 996 835 ter-

180 870 282 898 ram.

232 913 288 954 Et
315 911 456 953 adhuc
481 909 700 963 pusillum,
736 912 779 949 et
803 919 889 947 non
918 906 998 947 erit

181 970 404 1021 peccator:
428 969 451 992 *
478 972 520 1008 et
539 978 707 1018 quaeres
726 964 869 1005 locum
898 963 997 1014 ejus,

183 1030 225 1066 et
243 1037 329 1066 non
347 1023 548 1064 invenies.

235 1079 446 1121 Mansueti
491 1084 634 1119 autem
680 1074 999 1117 haereditabunt

182 1143 360 1179 terram:
378 1137 401 1161 *
421 1141 463 1177 et
483 1133 812 1176 delectabantur
831 1131 874 1171 in
894 1130 998 1171 mul-

182 1192 365 1235 titudine
384 1192 513 1244 pacis.

237 1247 497 1290 Observabit
511 1248 716 1300 peccator
731 1246 887 1296 justum
898 1260 906 1283 :
919 1244 942 1268 *
958 1248 1001 1284 et

184 1304 382 1347 stridebit
405 1316 536 1356 super
561 1315 659 1344 eum
683 1299 883 1342 dentibus
902 1299 1001 1340 suis,

235 1360 445 1401 Dominus
465 1365 609 1400 autem
626 1356 822 1398 irridebit
842 1369 954 1397 eum:
978 1356 1001 1380 *

186 1417 387 1469 quoniam
397 1415 607 1468 prospicit
623 1412 741 1466 quod
751 1413 894 1454 veniet
909 1411 1002 1453 dies

186 1485 285 1525 ejus.

237 1528 439 1570 Gladium
482 1527 816 1578 evaginaverunt
851 1531 1002 1577 pecca-

185 1587 321 1627 tores:
338 1586 361 1609 *
380 1582 655 1625 intenderunt
672 1595 820 1624 arcum
839 1594 973 1630 suum,

238 1641 295 1682 Ut
306 1639 504 1691 dejiciant
513 1642 751 1692 pauperem
762 1643 805 1679 et
815 1640 1004 1689 inopem:

187 1698 210 1722 *
230 1702 277 1737 ut
294 1694 511 1738 trucident
529 1701 673 1737 rectos
693 1693 836 1736 corde.

240 1751 421 1793 Gladius
455 1753 605 1792 eorum
637 1751 768 1792 intret
801 1750 844 1790 in
872 1748 1006 1790 corda

188 1809 399 1861 ipsorum:
418 1808 440 1832 *
457 1812 499 1849 et
516 1819 642 1848 arcus
658 1808 807 1848 eorum
823 1805 1005 1847 confrin-

189 1867 326 1915 gatur.

242 1920 395 1961 Melius
406 1924 472 1961 est
481 1918 700 1960 modicum
710 1919 832 1970 justo,
843 1919 865 1943 *
877 1931 1006 1971 super

191 1976 362 2018 divitias
380 1977 660 2028 peccaterum
677 1974 845 2016 multas.

243 2032 455 2082 Quoniam
507 2030 683 2072 brachia
730 2033 1008 2083 peccatorum

192 2089 487 2130 conterentur:
530 2088 553 2112 ¹*
598 2087 826 2129 confirmat
866 2092 1009 2128 autem

193 2145 327 2195 justos
345 2143 567 2184 Dominus.

243 2199 378 2242 Novit
401 2199 612 2240 Dominus
649 2198 742 2240 dies
768 2198 1011 2240 immacula-

194 2257 352 2297 torum:
385 2256 407 2280 *
439 2260 483 2297 et
521 2254 752 2296 haereditas
788 2257 938 2296 eorum
969 2255 1011 2295 in

196 2313 403 2352 aeternum
424 2311 515 2353 erit.

247 2366 346 2407 Non
387 2366 703 2408 confundentur
738 2366 781 2407 in
816 2368 1013 2419 tempore

196 2421 321 2470 malo,
341 2427 384 2464 et
399 2423 441 2463 in
456 2422 608 2464 diebus
624 2422 746 2463 famis
762 2422 1013 2463 saturabun-

196 2483 284 2519 tur:
303 2479 325 2502 *
347 2478 445 2529 quia
463 2480 716 2530 peccateres
735 2477 947 2530 peribunt.

249 2533 414 2574 Inimici
434 2547 537 2575 vero
556 2534 730 2575 Domini
753 2546 856 2575 mox
876 2539 922 2575 ut
941 2533 1014 2575 ho·

198 2589 410 2630 norificati
427 2590 582 2631 fuerint
597 2596 639 2631 et
655 2589 850 2631 exaltati:
870 2591 892 2614 ²*
913 2589 1014 2630 defi-

198 2644 370 2743 }:ientes
391 2644 755 2696 quemadmodum
780 2645 921 2686 fumus
945 2645 1014 2686 de-

214 2700 353 2742 1‘cient.

1096 281 1365 324 Mutuabitur
1379 279 1598 332 peccator,
1618 279 1662 317 et
1679 286 1768 324 non
1786 272 1870 315 sol-

1046 346 1137 382 vet:
1168 340 1191 364 *
1224 339 1360 390 justus
1391 340 1537 376 autem
1569 332 1800 373 miseretur
1828 333 1872 371 et

1045 396 1217 439 tribuet.

1099 451 1209 502 Quia
1239 447 1548 492 benedicentes
1576 444 1616 486 ei
1642 441 1871 484 haeredita-

1047 510 1155 551 bunt
1168 513 1349 550 terram:
1363 506 1386 530 *
1401 501 1712 544 maledicentes
1727 503 1873 542 autem

1049 566 1087 607 ei
1107 563 1390 617 disperibunt.

1100 619 1232 674 Apud
1247 618 1482 660 Dominum
1497 626 1672 666 gressus
1686 611 1874 654 hominis

1050 678 1306 729 dirigentur:
1324 676 1347 700 *
1368 679 1411 716 et
1429 673 1544 715 viam
1563 672 1654 723 ejus
1673 668 1803 711 volet.

1101 735 1209 776 Cum
1229 731 1450 780 ceciderit,
1474 742 1561 770 non
1586 725 1832 769 collidetur:
1851 725 1875 750 *

1051 791 1150 844 quia
1190 789 1404 830 Dominus
1449 784 1657 838 supponit
1699 793 1876 823 manum

1050 860 1182 888 suam.

1100 904 1124 944 J
1127 903 1253 944 unior
1269 901 1338 951 fui,
1355 899 1514 942 etenim
1529 897 1669 939 senui:
1687 896 1710 922 *
1731 900 1775 936 et
1788 906 1877 935 non

1050 959 1138 1001 vidi
1157 960 1315 1011 justum
1334 955 1608 1004 derelictum,
1626 965 1708 994 nec
1727 963 1877 993 semen

1051 1017 1140 1068 ejus
1161 1027 1360 1067 quaerens
1379 1024 1548 1066 panem.

1102 1072 1217 1114 Tota
1232 1070 1301 1112 die
1317 1070 1547 1111 miseretur
1563 1072 1607 1109 et
1618 1064 1838 1108 comodat:
1853 1064 1877 1089 *

1052 1134 1095 1170 et
1110 1141 1257 1170 semen
1275 1126 1389 1168 illius
1407 1126 1451 1166 in
1464 1123 1771 1166 benedictione
1786 1120 1878 1163 erit.

1104 1184 1286 1226 Declina
1305 1196 1330 1224 a
1348 1181 1479 1231 malo,
1505 1185 1549 1222 et
1567 1180 1636 1221 fac
1653 1178 1837 1221 bonum:
1854 1176 1878 1203 *

1054 1248 1097 1284 et
1115 1240 1308 1282 inhabita
1326 1239 1369 1280 in
1388 1237 1598 1279 saeculum
1616 1233 1776 1277 saeculi.

1106 1298 1216 1348 Quia
1234 1295 1447 1337 Dominus
1467 1298 1583 1335 amat
1602 1291 1817 1344 iudicium,
1837 1293 1881 1331 et

1053 1368 1141 1396 non
1162 1352 1435 1404 derelinquet
1453 1355 1629 1392 sanctos
1647 1360 1769 1390 suos:
1792 1347 1816 1372 *
1836 1346 1882 1387 in

1055 1413 1265 1453 aeternum
1285 1406 1670 1450 conservabuntur.

1106 1466 1259 1519 Iniusti
1272 1465 1522 1518 punientur:
1537 1464 1560 1489 *
1576 1468 1621 1504 et
1639 1473 1789 1504 semen
1805 1459 1881 1500 im-

1054 1524 1226 1577 piorum
1245 1521 1415 1575 peribit.

1107 1581 1130 1621 J
1133 1580 1219 1621 usti
1254 1583 1400 1620 autem
1441 1575 1766 1619 haereditabunt
1798 1578 1883 1615 ter-

1057 1650 1167 1678 ram:
1185 1637 1208 1661 *
1229 1640 1273 1677 et
1290 1633 1594 1676 inhabitabunt
1611 1633 1656 1674 in
1674 1629 1885 1673 saeculum

1057 1692 1206 1733 saeculi
1225 1703 1356 1744 super
1376 1703 1482 1733 eam.

1110 1748 1171 1790 Os
1190 1748 1289 1799 justi
1309 1746 1592 1789 meditabitur
1616 1743 1885 1798 sapientiam,
1909 1778 1914 1783 .

1058 1806 1080 1831 *
1100 1810 1143 1846 et
1163 1804 1309 1855 lingua
1333 1804 1422 1855 ejus
1443 1803 1648 1856 loquetur
1667 1799 1884 1854 judicium.

1109 1861 1200 1903 Lex
1215 1861 1298 1902 Dei
1314 1861 1403 1912 ejus
1416 1861 1460 1901 in
1479 1858 1614 1901 corde
1631 1858 1788 1911 ipsius:
1801 1856 1826 1881 *
1841 1859 1885 1897 et

1059 1930 1145 1959 non
1172 1916 1565 1970 supplantabuntur
1589 1926 1765 1966 gressus
1784 1913 1885 1964 ejus.

1111 1973 1369 2015 Considerat
1382 1975 1591 2026 peccator
1606 1972 1783 2024 justum:
1801 1969 1825 1996 *
1842 1973 1887 2010 et

1063 2030 1218 2082 quaerit
1235 2029 1500 2071 mortificare
1520 2042 1630 2070 eum.

1112 2086 1324 2128 Dominus
1344 2091 1490 2128 autem
1507 2098 1595 2126 non
1614 2082 1888 2134 derelinquet

1063 2155 1161 2184 eum
1178 2142 1222 2183 in
1236 2142 1434 2184 manibus
1450 2143 1559 2193 ejus:
1577 2142 1600 2167 *
1615 2153 1697 2182 nec
1712 2138 1887 2181 damna-

1063 2198 1125 2240 bit
1145 2211 1254 2248 eum,
1273 2211 1371 2240 cum
1385 2197 1645 2249 judicabitur
1664 2195 1736 2237 illi.

1115 2255 1333 2307 Exspecta
1360 2254 1611 2303 Dominum,
1645 2258 1689 2294 et
1717 2248 1890 2294 custodi

1065 2311 1177 2352 viam
1199 2312 1309 2362 ejus:
1333 2316 1376 2352 et
1396 2309 1605 2352 exaltabit
1624 2315 1669 2352 te
1687 2313 1736 2350 ut
1753 2307 1889 2349 haere-

1065 2366 1200 2408 ditate
1226 2366 1374 2419 capias
1401 2372 1581 2408 terram:
1612 2366 1635 2391 *
1668 2378 1768 2406 cum
1794 2375 1890 2416 per-

1066 2423 1192 2464 ierint
1212 2424 1468 2474 peccatores
1488 2421 1668 2463 videbis.

1117 2477 1221 2519 Vidi
1245 2478 1423 2530 impium
1451 2477 1840 2530 superexaltatum,
1867 2475 1890 2501 *

1067 2540 1110 2575 et
1129 2534 1345 2575 elevatum
1364 2534 1475 2576 sicut
1494 2533 1650 2575 cedros
1668 2533 1834 2575 Libani.

1119 2591 1174 2632 Et
1192 2590 1371 2632 transivi
1388 2595 1431 2631 et
1451 2603 1552 2632 ecce
1568 2603 1655 2632 non
1675 2596 1786 2632 erat:
1804 2589 1828 2615 *
1848 2594 1892 2630 et

1069 2646 1249 2697 quaesivi
1273 2659 1387 2695 eum,
1415 2651 1458 2688 et
1484 2659 1571 2688 non
1600 2651 1667 2688 est
1693 2647 1892 2687 inventus

1068 2701 1190 2744 locus
1211 2703 1312 2754 ejus.
