2066 2904
667 155 738 189 Dic
762 155 791 187 4.
819 154 918 195 Maii.
967 154 1001 188 S
1028 153 1192 187 Monieae
1216 153 1365 186 Viduae.

157 243 431 292 margaritas:
461 241 638 283 inventa
668 254 756 283 una
781 241 988 294 pretiosa,

158 296 280 339 dedit
319 298 464 340 omnia
501 311 597 348 sua,
639 302 684 339 et
715 298 990 350 comparavit

158 366 266 404 eam,
288 354 469 407 alleluja.

212 414 262 464 V.
292 413 448 465 Specie
480 416 556 454 tua
588 417 632 454 et
663 410 989 464 pulchritudine

157 476 243 521 tua,
262 469 443 522 alleluia.
480 476 530 525 Rg.
549 467 751 518 Intende,
774 469 990 520 prospere

157 527 363 580 procede,
383 532 426 568 et
444 538 590 577 regna,
613 524 795 576 alleluia.

497 596 660 637 Oratio.

159 653 326 758 Deus
345 651 624 693 moerentium
649 649 917 699 consolator,
949 654 992 691 et

253 709 298 749 in
315 713 362 750 te
381 708 652 761 sperantium
671 707 800 757 salus,
825 706 900 759 qui
917 705 990 747 be-

160 767 245 807 atae
265 765 453 806 Monicae
477 764 573 817 pias
596 763 799 805 lacrimas
821 763 866 803 in
891 775 991 803 con-

159 822 361 863 versione
385 821 462 862 fflii
485 821 553 862 sui
570 819 805 871 Augustini
826 818 991 860 miseri-

161 876 354 919 corditer
378 877 629 930 suscepisti:
651 876 711 918 da
735 875 865 917 nobis
888 875 992 916 utri-

161 937 302 986 usque
339 934 589 975 interventu
623 934 809 986 peccata
840 936 994 973 nostra

161 989 405 1042 deplorare,
426 995 469 1031 et
487 989 642 1041 gratiae
660 994 750 1031 tuae
768 988 991 1039 indulgen-

159 1046 266 1088 tiam
284 1046 492 1088 invenire.
518 1046 604 1087 Per
623 1045 872 1087 Dominum.

213 1115 257 1149 In
288 1115 315 1149 I.
343 1115 544 1150 Nocturno
580 1116 785 1150 Lectiones
819 1116 866 1150 dc
895 1116 993 1150 Scri-

160 1167 272 1206 ptura
298 1168 532 1198 occurrente.

390 1234 439 1273 In
466 1234 516 1273 II.
543 1234 766 1275 Nocturno.

475 1300 627 1341 Lectio
650 1300 701 1341 iv.

170 1380 172 1415 ξ
216 1373 280 1414 243ss
308 1358 471 1408 onica,
498 1357 638 1399 sancti
656 1357 893 1408 Augustini
918 1356 993 1398 du-

170 1421 173 1446 Ξ
191 1408 211 1472 ²3
238 1410 280 1470 flag,
339 1413 512 1467 pliciter
530 1419 688 1464 mater,
709 1414 812 1465 quia
831 1427 932 1455 eum
951 1419 995 1455 et

309 1468 317 1476 ”
337 1470 502 1512 1111111ᾶο
519 1474 563 1512 et
577 1469 692 1512 coelo
706 1470 892 1523 peperit,
906 1483 994 1511 ma-

162 1529 247 1568 rito
266 1528 460 1577 mortuo,
487 1539 617 1579 quem
643 1529 871 1568 senectute
894 1539 994 1568 con-

162 1583 327 1625 fectum
362 1583 389 1624 J
390 1595 468 1625 esu
506 1582 681 1624 Christo
727 1582 994 1634 conciliavit,

163 1644 331 1681 castam
363 1644 407 1681 et
439 1639 648 1692 operibus
676 1639 995 1681 misericordiae

163 1696 402 1738 exercitam
438 1695 698 1738 viduitatem
735 1695 909 1747 agebat:
951 1696 995 1736 in

162 1752 349 1794 assiduis
364 1764 470 1794 vero
490 1751 549 1794 ad
561 1753 706 1794 Deum
721 1752 995 1794 orationibus

161 1821 244 1861 pro
263 1808 374 1859 filio,
402 1808 477 1861 qui
497 1809 542 1849 in
561 1808 907 1850 Manichaeorum
930 1821 994 1850 se-

163 1869 280 1906 ctam
306 1865 540 1916 inciderat,
570 1865 774 1907 lacrimas
803 1865 994 1907 effunde-

161 1920 253 1964 bat:
277 1934 416 1974 quem
444 1922 576 1963 etiam
601 1921 901 1963 Mediolanum
930 1934 994 1963 se-

163 1980 264 2019 cuta
279 1982 363 2019 est:
380 1977 456 2020 ubi
469 1978 616 2031 ipsum
629 1978 883 2030 frequenter
896 1977 994 2019 hor-

162 2033 354 2084 tabatur,
382 2038 431 2076 ut
454 2033 512 2077 ad
531 2036 790 2087 episcopum
809 2033 994 2076 Ambro-

163 2090 276 2131 sium
302 2102 348 2131 se
376 2090 607 2132 conferret.
645 2089 776 2140 Quod
800 2103 901 2132 cum
922 2090 996 2132 ille

162 2145 354 2197 fecisset,
383 2146 474 2198 ejus
498 2151 543 2188 et
565 2146 755 2199 publicis
776 2147 994 2188 concioni-

161 2201 263 2252 bus,
291 2206 335 2244 et
354 2202 539 2255 privatis
563 2202 796 2255 colloquiis
816 2202 994 2244 catholi-

163 2270 227 2299 cae
246 2258 353 2300 fidei
371 2258 604 2300 veritatem
617 2258 823 2309 edoctu&
848 2259 904 2301 ab
924 2261 994 2301 eo-

162 2313 264 2356 dem
281 2314 534 2368 baptizetus
553 2319 631 2357 est.

216 2382 267 2434 152.
298 2379 489 2432 Propter
520 2379 767 2431 veritatem,
801 2386 845 2423 et
876 2394 994 2422 man-

143 2434 455 2485 suetudinem,
484 2440 528 2477 et
555 2436 778 2487 justitiam:
805 2437 895 2479 *Et
922 2436 994 2479 de-

165 2490 297 2533 ducet
327 2496 372 2533 te
402 2491 658 2534 mirabiliter
695 2493 877 2535 dextera
907 2498 995 2544 tua,

164 2546 346 2600 alleluja.
384 2544 433 2596 V.
456 2548 613 2601 Specie
636 2554 713 2591 tua
739 2554 783 2591 et
805 2549 995 2602 pulchri-

163 2602 314 2645 tudine
336 2609 412 2646 tua
434 2605 629 2656 intende,
657 2608 871 2658 prospere
894 2619 994 2658 pro-

165 2658 288 2707 cede,
308 2666 352 2702 et
370 2673 515 2712 regna.
542 2662 600 2703 Et
620 2661 827 2704 deducet..

320 2803 383 2827 Pars
401 2804 490 2828 Vei-na.

1806 145 1877 180 489

1359 244 1510 284 Lectio
1532 259 1569 284 v.

1044 295 1205 400 Mox
1223 296 1268 337 in
1286 296 1483 337 Africam
1502 296 1757 346 redeuntes,
1777 309 1877 337 cum

1164 352 1222 394 ad
1254 352 1380 394 Ostia
1411 352 1620 394 Tiberina
1658 353 1876 394 constitis-

1043 413 1155 459 sent,
1191 407 1345 450 incidit
1381 408 1425 449 in
1462 408 1641 450 febrem.
1697 410 1795 459 Quo
1834 409 1878 449 in

1042 465 1200 507 morbo
1228 479 1328 507 cum
1354 478 1451 507 eam
1478 465 1672 517 quodam
1698 465 1770 506 die
1790 465 1877 505 ani-

1043 534 1116 563 ma
1135 520 1384 572 defecisset,
1412 526 1462 562 ut
1486 534 1533 563 se
1559 521 1752 572 collegit,
1781 521 1878 571 Ubi,

1043 578 1201 630 inquit,
1229 577 1372 620 eram?
1401 578 1458 619 Et
1477 580 1673 619 astantes
1692 580 1878 628 intuens,

1042 634 1200 676 Ponite
1230 635 1302 676 hic
1332 640 1519 676 matrem
1547 638 1755 676 vestram:
1787 639 1879 676 tan-

1043 695 1138 732 tum
1156 704 1237 733 vos
1256 704 1378 743 rogo,
1397 696 1446 732 ut
1464 690 1522 732 ad
1541 690 1680 732 altare
1699 691 1881 731 Domini

1044 748 1330 790 memineritis
1349 748 1446 789 mei.
1481 747 1614 788 Nono
1638 751 1786 788 autem
1809 746 1880 788 die

1044 803 1176 846 beata
1204 804 1361 846 mulier
1388 804 1579 846 animam
1605 804 1703 845 Deo
1737 803 1879 845 reddi-

1047 860 1122 902 dit.
1173 861 1278 913 Ejus
1314 874 1478 914 corpus
1514 860 1576 902 ibi
1611 860 1655 901 in
1694 860 1882 901 ecclesia

1046 921 1213 959 sanetae
1233 917 1395 959 Aureae
1415 917 1637 970 sepultum
1658 921 1741 958 est:
1763 916 1882 969 quod

1045 976 1204 1026 postea
1253 974 1443 1016 Martino
1496 974 1649 1026 quinto
1701 974 1881 1015 Summo

1044 1030 1261 1072 Pontifice
1294 1031 1485 1072 Romam
1522 1030 1799 1079 translatum,
1839 1030 1883 1070 in

1047 1086 1234 1128 ecclesia
1267 1087 1407 1128 sancti
1437 1086 1675 1138 Augustini
1707 1086 1882 1128 honori-

1045 1143 1129 1185 fice
1150 1143 1377 1185 conditum
1397 1148 1474 1185 est.

1104 1204 1155 1255 Ην.
1184 1200 1390 1242 Dilexisti
1417 1200 1641 1252 justitiam,
1679 1204 1723 1242 et
1751 1199 1884 1241 odisti

1045 1256 1337 1309 iniquitatem:
1371 1260 1393 1283 *
1417 1258 1661 1309 Propterea
1688 1257 1813 1298 unxit
1840 1261 1883 1297 te

1046 1313 1186 1362 Deus,
1240 1314 1363 1356 Deus
1408 1318 1510 1355 tuus
1561 1314 1660 1355 oleo
1707 1313 1884 1362 laetitiae,

1047 1369 1230 1421 alleluja.
1269 1368 1319 1419 V.
1344 1371 1534 1422 Propter
1563 1370 1811 1418 veritatem,
1841 1374 1884 1410 et

1046 1426 1444 1476 mansuetudinem,
1468 1431 1511 1467 et
1529 1426 1747 1478 justitiam.
1779 1426 1883 1466 Pro-

1046 1483 1200 1534 pterea
1219 1483 1353 1524 unxit.

1348 1543 1501 1583 Lectio
1523 1543 1575 1582 vi.

1204 1598 1263 1631 Ex
1280 1598 1381 1632 libro
1400 1600 1430 1632 9.
1450 1598 1559 1632 Conf.
1579 1608 1661 1641 cap.
1682 1598 1730 1631 12.

1117 1650 1244 1692 ubdit
1271 1663 1376 1692 vero
1405 1651 1679 1702 Augustinus
1713 1650 1768 1692 de
1796 1664 1883 1692 ma-

1138 1707 1218 1749 tris
1254 1712 1398 1749 morte
1434 1707 1671 1749 disserens:
1725 1707 1884 1760 Neque

1049 1763 1164 1805 enim
1202 1763 1361 1806 decere
1397 1764 1722 1806 arbitrabamur
1755 1764 1883 1806 funus

1047 1819 1156 1861 illud
1177 1820 1421 1872 questubus
1439 1820 1696 1870 lacrimosis,
1718 1821 1884 1872 gemiti-

1046 1876 1219 1928 busque
1238 1876 1475 1927 celebrare,
1496 1877 1598 1930 quia
1614 1877 1690 1918 illa
1708 1890 1789 1919 nec
1808 1879 1884 1918 mi-

1048 1945 1161 1983 sere,
1184 1946 1267 1975 1100
1286 1936 1464 1975 omnino
1484 1933 1771 1975 moriebatur:
1798 1934 1884 1975 hoc

1049 1994 1093 2031 et
1111 1988 1388 2031 documentis
1407 2002 1581 2031 morum
1601 1990 1707 2042 ejus,
1732 1994 1776 2031 et
1795 1989 1883 2031 fide

1047 2057 1137 2086 non
1155 2045 1276 2096 ficta,
1302 2045 1636 2098 rationibusque
1665 2045 1797 2087 certis
1822 2050 1882 2087 te-

1048 2101 1272 2143 nebamus.
1299 2102 1450 2155 Atque
1468 2102 1571 2144 inde
1589 2102 1803 2154 paulatim
1818 2114 1882 2143 re-

1051 2156 1268 2199 ducebam
1292 2158 1335 2199 in
1360 2159 1594 2211 pristinum
1615 2171 1792 2199 sensum
1811 2170 1881 2199 an-

1047 2213 1192 2255 cillam
1228 2219 1365 2265 tuam,
1411 2214 1882 2266 conversationemque

1048 2271 1139 2322 ejus
1157 2271 1278 2324 piam
1295 2272 1340 2312 in
1359 2276 1404 2313 te
1425 2276 1468 2313 et
1492 2276 1707 2320 sanctam,
1735 2270 1780 2311 in
1798 2284 1880 2312 nos

1046 2325 1253 2368 blandam
1297 2332 1430 2380 atque
1466 2329 1748 2378 morigeram,
1794 2340 1882 2378 qua

1048 2382 1194 2425 subito
1233 2383 1469 2425 destitutus
1511 2396 1623 2433 sum,
1670 2387 1714 2424 et
1755 2382 1882 2425 libuit

1047 2439 1153 2481 flere
1178 2439 1234 2482 de
1260 2440 1336 2481 illa
1359 2444 1403 2481 et
1427 2452 1510 2492 pro
1537 2439 1625 2489 illa;
1655 2443 1700 2481 et
1725 2439 1762 2480 si
1782 2440 1880 2492 quis

1046 2498 1280 2547 peccatum
1323 2496 1539 2538 invenerit
1588 2496 1763 2537 flevisse
1809 2509 1880 2538 me

1046 2556 1234 2594 matrem
1256 2565 1400 2594 meam
1425 2554 1583 2602 exigua
1600 2557 1727 2604 parte
1746 2552 1880 2602 horae,

1046 2613 1234 2650 matrem
1253 2608 1392 2650 oculis
1411 2608 1521 2649 meis
1540 2610 1760 2650 mortuam
1780 2621 1880 2661 quae

1046 2677 1117 2705 me
1134 2664 1297 2706 multos
1312 2677 1451 2706 annos
1467 2665 1659 2714 fleverat,
1677 2670 1726 2707 ut
1741 2665 1880 2707 oculis
