2028 2892
813 162 1014 196 Dominica
1037 162 1294 197 pentecostes,

199 267 283 306 que
312 253 368 296 ad
395 254 694 308 perpetranda
719 257 904 308 peccata
931 253 1026 296 red-

198 316 315 361 eunt,
352 324 404 353 ac
436 312 472 352 si
505 311 602 354 haec
631 312 807 353 minime
838 311 1026 364 planxis-

118 379 121 382 ’
197 373 304 409 sent.

251 427 312 466 'l'e
332 424 475 467 Deum
493 424 734 468 laudamus.
753 425 812 466 15.

459 507 538 549 Ad
565 507 761 548 Laudes

408 575 457 602 et
498 579 594 611 per
633 568 826 602 Horas.

253 624 349 665 Ant.
369 626 393 663 1.
420 624 528 662 Cum
548 620 871 674 complerentur
889 619 913 645 *
933 617 1026 660 dies

195 677 497 728 Pentecustes‚
532 683 654 719 erant
683 690 835 719 omnes
862 675 1027 729 pariter

195 734 238 774 in
259 733 416 776 e6dem
434 734 546 785 loco,
565 734 747 786 alleluja.

252 800 317 839 ps·
348 796 562 838 D6minus
581 795 791 848 regnavit.
818 796 878 836 16.

250 861 285 900 2.
311 857 496 910 Spiritus
515 857 693 899 D6mini
711 858 734 883 *
754 856 940 910 replevit
959 868 1024 898 or-

194 912 296 955 bem
314 916 540 964 terrarum,
560 913 741 966 alleluja.

250 977 286 1015 23.
318 974 489 1027 Repleti
514 980 613 1016 sunt
638 987 790 1016 omnes
814 975 837 1000 *
862 973 1026 1027 Spiritu

195 1035 359 1081 saneto,
380 1036 423 1072 et
443 1033 672 1084 eoeperunt
690 1030 823 1083 loqui,
844 1030 1025 1082 alleluja,

194 1087 375 1140 alleluja.

250 1151 287 1189 4.
321 1150 497 1200 FonteS‚
527 1154 570 1191 et
596 1149 740 1191 6mnia
758 1150 782 1175 *
808 1162 907 1201 quae
935 1161 1024 1190 mo-

194 1206 350 1246 ventur
385 1205 429 1246 in
466 1206 607 1259 aquis,
648 1205 857 1259 hymnum
894 1204 1025 1247 dicite

193 1261 303 1312 Deo,
323 1261 504 1314 alleluja.

248 1324 284 1362 5.
318 1323 631 1376 Loquebantur
658 1325 681 1351 *
710 1323 842 1364 variis
868 1323 1026 1374 linguis

195 1378 402 1432 Apustoli
421 1380 637 1432 magnalia
652 1380 746 1431 Dei,
766 1380 948 1433 alleluia,
967 1379 1024 1421 al-

193 1435 333 1489 leluja,
353 1436 535 1491 alleluja.

301 1506 559 1558 Capitulum.
779 1507 870 1545 Aet.
887 1505 921 1544 2.

196 1566 343 1676 Cum
362 1573 686 1626 complerentur
706 1571 800 1614 dies
816 1573 1024 1614 Pentecu-

287 1634 392 1679 stes,
413 1636 535 1672 erant
555 1643 707 1671 omnes
727 1629 931 1683 discipuli
949 1631 1025 1682 pa-

195 1685 300 1727 riter
323 1686 367 1726 in
392 1685 549 1728 eudem
572 1686 688 1728 loco:
723 1691 766 1728 et
795 1686 935 1727 faetus
960 1690 1027 1727 est

195 1744 377 1795 repente
402 1741 458 1784 de
483 1743 597 1784 coelo
626 1755 775 1793 sonus,
802 1748 1026 1793 tamquam

197 1797 468 1841 advenientis
489 1799 667 1852 spiritus
682 1798 963 1848 vehementis,
983 1803 1026 1840 et

195 1854 382 1908 replevit
407 1861 547 1898 totam
575 1855 769 1906 domum,
801 1855 876 1897 ubi
904 1860 1026 1896 erant

195 1910 410 1954 sedentes.

508 1970 718 2020 Hymnus.

355 2039 453 2079 eata
472 2037 599 2080 nobis
618 2037 779 2089 gaudia

370 2094 484 2135 Anni
503 2095 677 2137 reduxit
696 2095 848 2144 Orbita,

326 2152 436 2193 Cum
454 2152 642 2205 Spiritus
661 2152 904 2194 Paraclitus

325 2208 515 2262 Illapsus
534 2214 601 2251 est
620 2209 862 2263 Apostolis.

279 2282 391 2334 Ignis
410 2282 609 2324 vibrante
628 2282 789 2324 lumine

324 2339 505 2390 Linguae
524 2339 708 2391 figuram
729 2338 895 2388 detulit,

326 2396 486 2438 Verbis
505 2402 553 2438 ut
573 2401 718 2438 essent
738 2396 908 2449 pruflui,

326 2452 381 2494 Et
401 2454 581 2495 caritate
601 2452 766 2495 fervidi.

280 2525 454 2576 Linguis
472 2527 711 2579 loquuntur
730 2526 931 2575 emnium,

328 2582 490 2624 Turbae
510 2590 671 2637 pavent
691 2583 942 2625 Gentilium:

328 2638 473 2680 Musto
491 2641 668 2683 madere
688 2640 910 2694 deputant,

328 2696 449 2746 Quos
468 2696 654 2749 Spiritus
672 2697 930 2751 repleverat.

1164 255 1333 297 patrata
1353 261 1453 298 sunt
1471 255 1567 298 haec
1585 255 1778 309 mystice,

1207 312 1389 354 Paschae
1408 315 1590 366 peracto
1608 314 1820 366 tempore,

1207 368 1341 411 Sacro
1362 369 1530 411 dierum
1550 369 1724 419 circulo,

1209 425 1305 476 Quo
1325 425 1422 477 lege
1440 425 1490 468 fit
1510 426 1720 468 remissio.

1162 499 1222 539 Te
1241 512 1355 541 nune
1373 499 1495 541 Deus
1512 499 1706 553 piissime

1207 555 1345 597 Vultu
1363 558 1594 609 precamur
1613 558 1787 607 cernuo,

1207 610 1371 665 Elapsa
1389 612 1517 654 nobis
1536 612 1708 655 eoelitus

1207 667 1386 719 Largire
1406 668 1522 711 dona
1539 669 1738 722 Spiritus.

1159 742 1335 785 Dudum
1354 745 1526 786 sacrata
1543 745 1726 797 pe'etora

1207 800 1303 841 Tua
1322 799 1501 853 replesti
1519 801 1673 852 gratia:

1207 855 1389 899 Dimitte
1407 862 1559 899 nostra
1576 857 1765 907 erimina,

1206 913 1264 955 Et
1283 912 1339 955 da
1360 914 1507 966 quieta
1524 916 1736 968 tempora.
1798 912 1802 916 ’

1165 988 1253 1028 Deo
1274 988 1393 1030 Patri
1412 988 1467 1030 sit
1485 987 1634 1040 gluria,

1205 1045 1263 1087 Et
1280 1045 1403 1096 Filio,
1424 1045 1498 1097 qui
1516 1059 1542 1087 a
1560 1045 1743 1088 murtuis

1207 1101 1412 1152 Surrexit,
1432 1115 1484 1144 ac
1501 1102 1731 1152 Paraclito,

1209 1158 1260 1198 In
1285 1158 1548 1200 saeculurum
1571 1158 1744 1201 saecula.

1387 1215 1541 1257 Amen.

1134 1278 1183 1329 V.
1214 1279 1390 1332 Repleti
1424 1286 1524 1322 sunt
1558 1293 1709 1323 omnes
1744 1280 1908 1334 Spiritu

1079 1342 1247 1386 saneto,
1280 1336 1462 1389 alleluja.
1507 1339 1556 1390 Κ.
1586 1337 1643 1379 Et
1678 1338 1908 1390 coeperunt

1078 1392 1210 1445 loqui,
1230 1392 1412 1446 alleluja.

1135 1464 1203 1506 Ad
1224 1463 1387 1506 Bened.
1422 1464 1519 1505 Ant.
1555 1462 1753 1516 Accipite
1775 1461 1907 1516 Spiri-

1077 1522 1170 1560 tum
1198 1525 1409 1561 sanetum:
1443 1531 1629 1571 quorum
1655 1518 1908 1560 remiseritis

1078 1577 1272 1627 peecata,
1291 1576 1568 1618 remittuntur
1587 1575 1660 1626 eis,
1679 1575 1860 1628 alleluja.

1411 1642 1576 1683 Oratio.

1165 1713 1257 1751 eus,
1282 1701 1356 1753 qui
1379 1700 1592 1743 hodierna
1616 1701 1686 1744 die
1707 1699 1843 1742 corda
1859 1699 1907 1741 fi-

1173 1757 1335 1799 delium
1358 1758 1497 1800 sancti
1515 1758 1702 1811 Spiritus
1719 1757 1903 1798 illustra-

1077 1814 1196 1856 ti6ne
1221 1813 1423 1856 docuisti:
1452 1813 1509 1856 da
1531 1814 1659 1857 nobis
1682 1814 1726 1855 in
1749 1812 1907 1855 eudem

1077 1871 1241 1925 Spiritu
1277 1876 1398 1913 recta
1433 1874 1605 1925 sapere,
1642 1876 1686 1913 et
1722 1869 1777 1912 de
1814 1871 1906 1923 ejus

1079 1941 1252 1982 semper
1272 1928 1571 1970 consolatiune
1590 1927 1794 1980 gaudere.
1821 1928 1908 1969 Per

1078 1985 1314 2027 Deminum
1321 1990 1519 2027 nostrum
1529 1986 1553 2026 J
1556 1998 1679 2027 esum
1688 1984 1907 2027 Christum

1078 2042 1236 2083 Filium
1263 2048 1402 2084 tuum:
1445 2042 1527 2092 Qui
1555 2047 1701 2084 tecum
1729 2041 1835 2083 vivit
1863 2046 1907 2083 et

1078 2104 1230 2150 regnat
1254 2099 1297 2140 in
1321 2099 1486 2141 unitate
1506 2097 1906 2153 ejusdem18piritus

1078 2157 1215 2198 sancti
1236 2156 1368 2197 Deus.

1350 2234 1418 2270 Ad
1441 2234 1642 2271 Primam.

1134 2295 1185 2346 R.
1208 2293 1270 2334 br.
1296 2295 1467 2337 Christe
1492 2295 1574 2336 Fili
1595 2295 1680 2337 Dei
1704 2295 1806 2345 vivi,
1830 2294 1904 2335 mi-

1079 2354 1223 2393 serere
1256 2351 1399 2402 nobis,
1436 2351 1458 2374 *¹
1487 2351 1689 2403 Alleluia,
1725 2351 1906 2402 alleluja.

1079 2409 1261 2450 Christe.
1314 2400 1364 2452 ,V-
1394 2409 1478 2458 Qui
1509 2407 1638 2450 sedes
1669 2407 1727 2449 ad
1757 2406 1904 2449 dexte-

1079 2479 1171 2507 ram
1188 2465 1341 2507 Patris.
1371 2465 1572 2518 Alleluia,
1592 2464 1773 2517 alleluja.
1803 2464 1904 2505 Glo-

1079 2522 1142 2564 ria
1159 2522 1289 2564 Patri.
1317 2521 1500 2563 Christe.

1134 2578 1184 2627 V.
1206 2583 1405 2634 Exsurge
1427 2582 1613 2633 Christe,
1638 2581 1795 2634 adjuva
1813 2594 1906 2632 nos,

1078 2640 1259 2693 alleluja.
1300 2639 1351 2690 Rv.
1376 2639 1432 2681 Et
1456 2639 1593 2681 libera
1617 2652 1698 2680 nos
1721 2644 1907 2692 propter

1078 2710 1237 2739 nomen
1254 2702 1387 2747 tuum,
1405 2695 1587 2748 alleluia.
