2028 2892
508 165 580 199 Die
605 166 656 199 22.
682 166 789 200 Febr.

348 262 432 304 Die
450 263 515 303 22.
533 262 771 304 Februarii.

146 332 195 371 In
217 331 435 373 Cathedra
457 334 500 375 S.
519 334 658 375 Petri
676 335 974 376 Antiochiae.

405 400 559 445 Duplex
577 401 709 441 maius.

359 469 421 509 In
446 468 483 509 Ι.
502 468 755 518 vesperis.

195 533 295 575 Ant,
319 532 391 571 Ps..
417 534 541 577 Capit.
560 538 597 567 et
618 534 693 567 alia
711 533 773 567 hic
791 543 867 567 non
885 543 970 576 pro-

144 580 229 623 pria
255 581 300 614 de
326 580 470 615 Comm.
496 582 605 616 Conf.
629 581 738 615 Pont.
769 580 838 624 [66]

454 638 664 688 Hymnus.

155 697 233 767 Τῇ
242 696 521 749 uodcumque
560 697 605 737 in
646 696 754 738 orbe
791 697 975 738 nexibus

158 756 206 781 ὸ
460 753 711 803 revinxeris,

198 809 294 850 Erit
316 810 560 850 revinctum
577 784 741 850 Petre⁷
730 822 774 849 111
798 821 898 850 arce
923 810 975 849 si-

458 864 627 906 derum:

197 920 256 962 Et
296 919 417 971 quod
452 920 635 962 resolvit
671 921 743 962 hic
776 921 976 972 potestas

457 975 630 1026 tradita,

198 1031 295 1072 Erit
326 1031 520 1073 solutum
552 1032 653 1073 coeli
685 1032 730 1073 in
762 1032 851 1074 alto
883 1034 976 1073 ver-

455 1087 558 1129 tice:

455 1198 556 1240 lum.
590 1250 591 1253 Ἴ

147 1265 266 1308 Patri
282 1268 474 1320 perenne
493 1268 550 1309 sit
568 1281 648 1321 per
664 1282 807 1310 aevum
821 1268 971 1319 gloria,

198 1323 387 1374 Tibique
418 1322 883 1421 laiildegsconcinamus
915 1327 977 1365 in-

201 1435 383 1476 AEterne
401 1391 532 1484 Νεξῒὲ,
558 1412 615 1476 sit
636 1437 824 1488 superne
846 1435 978 1487 Spiri-

201 1547 358 1589 Honor
375 1493 730 1610 tibiflffecfisque:
749 1551 902 1588 sancta
919 1548 977 1599 ju-

201 1658 427 1701 Laudetur
444 1606 574 1701 οῗὶῒῐῖἑ
588 1658 782 1700 Trinitas
802 1671 882 1711 per
901 1660 979 1699 sae-

459 1714 615 1757 culum.
643 1714 797 1756 Amen.

199 1767 250 1819 V.
289 1775 359 1816 Tu
394 1788 441 1817 es
468 1776 637 1817 Petrus.
673 1774 724 1825 R.
759 1775 817 1816 Et
845 1787 978 1827 super
1040 1773 1048 1793 ³⁴

150 1831 263 1872 hanc
286 1835 458 1884 petram
481 1830 712 1872 aedificabo
735 1830 979 1872 Ecclesiam
1039 1844 1062 1845 ff*
1085 1839 1129 1845 s*

150 1899 474 1994 m‘jxatlin-Magnif.
516 1944 615 1984 Ant.
653 1945 723 1987 Tu
751 1958 797 1987 es
825 1949 979 1998 pastor

153 2001 310 2051 ovium,
327 2002 534 2054 princeps
550 2001 880 2053 Apostolorum,
899 2000 980 2042 tibi

151 2055 327 2098 traditae
342 2062 444 2099 sunt
458 2057 741 2155 cggtsigegni
755 2056 979 2098 coelorum.

239 2185 333 2222 eus,
357 2173 431 2224 qui
451 2172 586 2215 beato
607 2174 740 2214 Petro
760 2172 979 2236 Apostolo

241 2234 330 2278 tuo,
351 2228 522 2270 collatis
542 2229 739 2271 clavibus
758 2228 879 2279 regni
895 2240 980 2269 coe-

152 2285 289 2334 lestis,
312 2260 477 2335 ligandi
500 2289 632 2336 atque
656 2284 855 2326 solvendi
873 2296 979 2348 pon-

152 2316 335 2381 tificiu⁷m
353 2339 589 2381 tradidisti:
615 2340 824 2390 concede;
846 2345 895 2380 ut
917 2339 977 2379 in-

152 2396 431 2436 tercessionis
457 2396 548 2447 ejus
574 2396 750 2446 auxilio,
779 2409 804 2436 a
827 2407 978 2447 pecca-

151 2453 298 2492 torum
328 2454 580 2493 nostrorum
611 2451 795 2493 nexibus
826 2450 979 2493 libere-

153 2519 264 2547 mur:
282 2507 367 2557 Qui
385 2507 496 2548 vivis
517 2512 560 2549 et
578 2520 746 2559 regnas.

205 2563 253 2597 Et
279 2563 321 2597 fit
349 2574 544 2598 commem.
570 2563 604 2599 S.
630 2564 742 2598 Pauli
770 2568 855 2597 ante
882 2563 979 2596 alias

156 2619 417 2654 quascumque
442 2622 575 2646 comm.
601 2612 717 2646 etiam
741 2611 846 2645 Festi
866 2610 978 2652 Dupl.

158 2660 222 2690 aut
244 2656 395 2692 Domin.

837 167 1042 202 Cathedrae
1067 167 1102 201 S.
1126 168 1229 201 Petri
1255 168 1485 202 Antiochiae.

1081 266 1181 305 Ant.
1234 264 1395 304 Sancte
1443 263 1578 304 Paule
1622 264 1857 316 Apostole,

1026 317 1294 369 praedicator
1339 319 1552 368 veritatis,
1599 324 1642 361 et
1686 320 1856 361 Doctor

1028 374 1252 425 Gentium,
1279 375 1503 416 intercede
1532 388 1614 427 pro
1642 376 1770 417 nobis
1800 375 1857 417 ad

1026 430 1181 479 Deum,
1203 430 1276 482 qui
1294 435 1338 472 te
1359 430 1501 481 elegit.

1080 480 1130 532 V.
1166 486 1234 526 Tu
1268 499 1315 527 es
1343 499 1421 527 vas
1452 486 1678 527 electionis
1707 492 1857 528 sancte

1026 542 1161 583 Paule
1206 542 1439 609 Apostole.
1497 543 1544 593 Ru
1585 542 1857 584 Praedicator
1908 551 1910 554 ’

1028 597 1224 639 veritatis
1246 598 1291 638 in
1313 598 1519 639 universo
1543 598 1719 639 mundo.

1364 658 1528 698 Oratio.

1116 725 1204 763 eus,
1226 713 1301 765 qui
1314 713 1638 755 multitudinem
1652 714 1858 755 Gentium

1132 768 1252 810 beati
1270 769 1395 810 Pauli
1414 770 1622 822 Apostoli
1647 770 1858 822 praedica-

1027 825 1147 866 tione
1185 824 1389 866 docuisti:
1431 826 1487 867 da
1523 826 1650 867 nobis
1689 828 1857 877 quaesu-

1027 893 1141 930 mus;
1169 885 1217 922 ut
1245 882 1365 933 cujus
1394 882 1860 922 commemorationem

1029 935 1233 986 colimus,
1265 937 1355 988 ejus
1387 936 1506 989 apud
1540 941 1585 978 te
1616 937 1860 989 patrocinia

1030 991 1279 1032 sentiamus.

1081 1055 1231 1090 Deinde
1256 1056 1296 1089 fit
1321 1065 1516 1089 commem.
1542 1054 1675 1088 Feriae.

1193 1124 1282 1164 Ad
1313 1124 1701 1165 Matutinum.

1082 1185 1206 1226 Invit.
1235 1186 1305 1226 Tu
1325 1198 1372 1227 es
1390 1191 1543 1238 pastor
1563 1187 1725 1235 ovium,
1744 1185 1859 1238 prin-

1030 1254 1135 1293 ceps
1155 1241 1490 1293 Apostolorum:
1510 1244 1532 1266 *
1553 1242 1654 1283 Tibi
1677 1241 1861 1283 tradidit

1029 1298 1150 1338 Deus
1170 1297 1316 1338 claves
1335 1298 1459 1348 regni
1478 1298 1701 1339 coelorum.

1084 1352 1151 1392 Ps.
1171 1352 1339 1402 Venite,
1359 1354 1639 1394 exsultemus.
1658 1355 1695 1394 2.

1083 1409 1240 1459 Hymn.
1281 1409 1612 1460 Quodcamque.
1640 1414 1687 1448 ut
1716 1419 1859 1457 supra.

1267 1479 1315 1517 In
1343 1478 1373 1516 Ι.
1402 1477 1625 1515 Nocturno.

1031 1542 1189 1595 Incipit
1211 1542 1413 1595 Epistola
1434 1542 1578 1594 prima
1600 1542 1718 1583 beati
1740 1542 1860 1584 Petri

1336 1598 1557 1651 Apostoli.

1134 1649 1287 1691 Lectio
1307 1650 1331 1689 i.
1604 1648 1707 1698 Cap.
1726 1649 1756 1685 1.

1036 1714 1265 1754 etrus
1289 1710 1534 1763 Apostolus
1558 1710 1583 1750 J
1586 1722 1663 1751 esu
1689 1710 1860 1759 Christi,

1040 1759 1045 1763 ’
1070 1751 1141 1792 '⁴⁵⁴³
1164 1766 1315 1807 electis
1354 1765 1535 1807 advenis
1573 1766 1860 1818 dispersionis

1075 1796 1142 1843 '⁵44⁴'
1162 1822 1309 1871 Ponti,
1329 1822 1530 1872 Galatiae,
1555 1822 1861 1874 Cappadociae,

1032 1878 1168 1927 Asiae,
1191 1882 1234 1918 et
1251 1877 1470 1930 Bithyniae
1490 1877 1732 1919 secundum
1750 1891 1859 1930 prae·
1910 1892 1912 1894 ’

1031 1933 1258 1975 scientiam
1276 1933 1362 1975 Dei
1379 1934 1539 1983 Patris,
1557 1934 1601 1974 in
1621 1934 1860 1974 sanctifica·
1910 1931 1911 1934 ’

1031 1989 1199 2030 tionem
1231 1988 1438 2041 Spiritus,
1476 1990 1521 2030 in
1555 1989 1860 2038 obedientiam,

1032 2049 1076 2085 et
1126 2045 1428 2097 aspersionem
1482 2045 1704 2095 sanguinis
1757 2044 1781 2084 J
1784 2057 1861 2085 esu

1032 2099 1207 2142 Christi:
1236 2100 1391 2142 Gratia
1408 2100 1552 2149 vobis,
1581 2105 1624 2141 et
1647 2112 1735 2151 pax
1753 2099 1860 2140 mul-

1031 2155 1264 2208 tiplicetur.
1292 2156 1559 2197 Benedictus
1578 2156 1699 2196 Deus
1719 2159 1763 2196 et
1781 2155 1860 2195 Pa-

1031 2216 1099 2252 ter
1117 2211 1295 2252 Domini
1313 2212 1453 2253 nostri
1471 2211 1496 2252 J
1499 2223 1577 2252 esu
1594 2210 1766 2259 Christi,
1786 2210 1861 2262 qui

1034 2267 1275 2309 secundum
1335 2265 1682 2308 misericordiam
1736 2278 1860 2306 suam

1033 2335 1237 2373 magnam
1260 2322 1537 2373 regeneravit
1561 2333 1642 2362 nos
1665 2321 1710 2361 in
1735 2334 1860 2373 spem

1032 2379 1193 2427 vivam,
1237 2391 1318 2431 per
1353 2376 1721 2419 resurrectionem
1755 2377 1780 2417 J
1782 2390 1860 2418 esu

1033 2434 1196 2475 Christi
1215 2447 1270 2475 ex
1283 2433 1478 2482 mortuis,
1497 2432 1540 2472 in
1554 2431 1859 2474 haereditatem

1031 2489 1425 2542 incorruptibilem,
1468 2493 1512 2529 et
1546 2487 1857 2529 incontamina-

1031 2549 1137 2595 tam,
1164 2551 1208 2587 et
1234 2543 1656 2593 immarcescibilem,
1684 2556 1855 2586 conser-

1031 2603 1180 2642 vatam
1198 2601 1242 2640 in
1262 2599 1384 2640 coelis
1404 2599 1448 2639 in
1462 2598 1601 2648 vobis,
1620 2600 1695 2651 qui
1714 2600 1758 2640 in
1776 2600 1857 2642 vir-

1030 2660 1125 2697 t1'1te
1148 2656 1232 2697 Dei
1255 2654 1535 2695 custodimini
1556 2667 1636 2706 per
1659 2655 1794 2697 fidem
1814 2656 1858 2696 in

1585 2783 1650 2815 25*
