2066 2904
207 169 283 214 [40]

630 172 838 204 Commune
869 170 1072 212 Martyrum
1100 173 1271 209 ternpore
1298 166 1488 199 Paschali.

257 263 569 315 Dirumpamus
602 262 774 307 vincula
807 263 977 303 eorum:
1009 262 1032 287 *

207 324 250 362 et
282 319 562 372 projiciamus
590 332 615 361 a
642 318 771 361 nobis
799 319 945 371 jugum
972 318 1033 370 ip-

207 388 365 417 sorum.

258 432 342 482 Qui
380 431 550 474 habitat
590 432 634 473 in
671 431 794 473 coelis
835 430 1033 472 irridebit

206 502 298 531 eos:
313 489 336 514 *
352 493 395 530 et
405 489 620 530 Dominus
640 487 926 529 subsannabit
945 499 1033 528 eos.

256 545 383 586 Tunc
403 545 608 597 loquetur
628 544 684 586 ad
704 557 781 586 eos
800 544 843 585 in
862 544 926 585 ira
944 556 1033 593 sua,

204 603 227 627 *
248 606 291 643 et
309 601 353 642 in
373 601 519 643 furore
544 614 624 643 suo
645 600 926 642 conturbabit
946 612 1033 641 eos.

255 658 351 709 Ego
371 663 518 699 autem
537 658 800 699 constitutus
821 670 917 698 sum
935 656 1034 697 Rex

205 714 260 756 ab
281 727 334 756 eo
351 728 485 767 super
499 714 603 756 Sion
622 718 816 756 montem
835 717 1034 754 sanctum

155 810 157 814 Α
206 772 306 822 eius,
325 772 348 797 *
374 770 620 824 praedicans
639 772 914 824 praeceptum
933 769 1034 820 ejus.

257 828 471 869 Dominus
504 827 614 869 dixit
647 826 703 868 ad
733 840 818 868 me:
846 827 869 852 *
897 826 1033 867 Filius

204 897 329 926 meus
349 897 396 926 es
415 890 473 934 tn,
502 897 584 936 ego
604 882 737 925 hodie
756 883 884 935 genui
903 888 959 924 te.

257 940 436 982 Postula
452 953 477 981 a
491 953 572 990 me,
587 945 630 982 et
645 939 761 982 dabo
776 939 855 982 tibi
867 939 1033 982 Gentes

205 997 508 1039 haereditatem
527 1002 662 1047 tuam,
681 998 704 1024 *
730 1001 772 1038 et
792 996 1032 1049 possessio-

204 1067 304 1096 nem
322 1059 442 1095 tuam
461 1054 671 1096 terminos
689 1058 831 1095 terrae.

256 1111 404 1161 Reges
433 1123 510 1152 eos
537 1111 580 1151 in
607 1111 730 1161 virga
757 1110 914 1160 ferrea,
937 1110 962 1136 *
990 1115 1034 1152 et

204 1173 427 1220 tamquam
446 1180 524 1209 vas
544 1167 663 1218 figuli
683 1166 930 1217 confringes
946 1179 1033 1209 eos.

257 1224 312 1265 Et
335 1237 449 1265 nunc
475 1236 601 1274 reges
626 1223 871 1275 intelligite:
890 1223 914 1249 *
941 1236 1034 1265 eru-

207 1280 356 1322 dimini
377 1281 450 1333 qui
468 1280 670 1332 judicatis
689 1284 862 1322 terram.

257 1337 426 1379 Servite
453 1337 644 1379 Domino
671 1337 715 1378 in
740 1337 915 1378 timore:
939 1338 963 1363 *
991 1341 1035 1378 et

207 1393 422 1435 exsultate
442 1394 481 1435 ei
501 1407 600 1436 cum
618 1396 821 1436 tremore.

258 1450 590 1503 Apprehendite
639 1450 915 1503 disciplinam
963 1463 1035 1492 ne-

208 1506 384 1559 quando
423 1507 635 1550 irascatur
671 1507 905 1557 DominuS,
934 1508 958 1535 *
992 1512 1036 1549 et

206 1564 399 1616 pereatis
427 1563 482 1605 de
510 1564 580 1606 via
607 1565 728 1616 justa.

260 1620 368 1661 Cum
394 1621 606 1663 exarserit
629 1621 674 1662 in
697 1620 822 1663 brevi
844 1621 910 1662 ira
934 1621 1035 1673 erS,

207 1677 230 1702 *
250 1676 368 1718 beati
388 1689 552 1728 omnes,
573 1677 647 1730 qui
666 1677 894 1720 confidunt
912 1677 956 1718 in
971 1690 1036 1719 eo.

498 1742 691 1782 l'salmus
721 1745 756 1781 5-3.

300 1789 444 1832 omine
483 1790 587 1843 quid
623 1790 900 1844 multiplicati
937 1795 1038 1833 sunt

320 1846 394 1898 qui
420 1846 629 1888 tribulant
656 1845 748 1889 me?
778 1848 801 1873 *
829 1847 954 1890 multi
977 1848 1037 1889 in-

210 1905 393 1953 surgunt
420 1902 652 1945 adversum
678 1917 760 1946 me.

262 1958 387 2000 Multi
407 1959 558 2001 dicunt
578 1961 733 2001 animae
751 1974 877 2003 meae:
893 1962 917 1987 *
936 1961 1038 2003 Non

211 2020 278 2058 est
297 2015 414 2057 salus
434 2016 519 2069 ipsi
537 2016 581 2057 in
599 2017 697 2059 Deo
718 2018 820 2070 ejus.

261 2072 331 2113 Tu
379 2077 527 2115 autem
572 2073 759 2116 Domine
809 2076 1040 2127 susceptor

211 2141 334 2171 meus
354 2141 412 2179 es,
435 2129 459 2155 *
487 2129 626 2180 gloria
642 2143 750 2180 mea,
779 2135 823 2173 et
843 2131 1039 2173 exaltans

213 2191 343 2238 caput
365 2197 522 2227 meum.

263 2242 388 2284 Voce
402 2256 501 2285 mea
517 2242 574 2285 ad
589 2243 826 2285 Dominum
841 2244 1040 2286 clamavi:

214 2299 237 2323 *
253 2304 296 2341 et
315 2299 537 2347 exaudivit
555 2312 626 2342 me
641 2299 697 2342 de
715 2304 864 2343 monte
886 2306 1039 2343 sancto

215 2367 307 2396 suo.

266 2411 360 2461 Ego
380 2411 581 2463 dormivi,
607 2418 652 2456 et
674 2415 911 2467 soporams
931 2427 1041 2457 sum:

216 2467 239 2492 *
259 2472 303 2508 et
323 2470 562 2520 exsurrexi,
594 2470 698 2523 quia
715 2470 931 2513 Dominus
951 2484 1040 2514 sus-

218 2524 334 2575 cepit
352 2537 433 2566 me.

268 2579 369 2620 Non
404 2581 568 2624 timebo
601 2583 736 2625 millia
771 2584 927 2637 populi
964 2585 1041 2626 cir-

219 2635 462 2679 cumdantis
484 2652 568 2681 me:
590 2641 613 2665 ²⁸¹
639 2643 825 2692 exsurge
844 2641 1042 2692 Domine,

219 2691 388 2734 salvum
406 2707 474 2738 me
494 2695 571 2746 fac,
599 2696 719 2739 Deus
739 2710 874 2740 meus.

1138 259 1355 310 Quoniam
1385 265 1434 302 tu
1466 260 1723 313 percussisti
1761 272 1912 302 omnes

1086 316 1371 358 adversantes
1417 315 1523 358 mihi
1565 317 1658 358 sine
1696 329 1846 358 causa:
1889 317 1913 343 *

1086 372 1240 415 dentes
1267 374 1552 426 peccatorum
1580 372 1836 415 contrivisti.

1137 430 1315 471 Domini
1339 434 1406 471 est
1430 430 1562 471 salus:
1580 427 1604 456 *
1624 435 1668 472 et
1687 442 1820 483 super
1837 431 1914 483 po-

1086 486 1237 539 pulum
1255 492 1379 528 tuum
1397 486 1648 529 benedictio
1669 491 1755 528 tua.

1142 552 1239 591 Ant.
1268 547 1453 591 Stabunt
1467 548 1567 600 justi
1581 548 1625 589 in
1639 560 1798 599 magna
1813 560 1913 589 con-

1086 604 1246 646 stantia
1270 604 1481 646 adversus
1501 617 1589 656 eos,
1613 605 1688 657 qui
1711 617 1759 647 se
1783 617 1913 656 angu-

1087 661 1337 711 stiaverunt,
1358 661 1539 713 alleluja.

1140 721 1190 773 Y.
1206 722 1354 763 Sancti
1374 726 1417 764 et
1435 722 1535 774 justi
1549 722 1593 763 in
1606 722 1798 764 Domino
1813 734 1915 774 gau-

1087 777 1203 828 dete,
1232 778 1414 831 alleluja.
1455 784 1502 835 R.
1518 779 1616 821 Vos
1639 778 1770 830 elegit
1792 778 1916 821 Deus

1085 835 1129 875 in
1147 834 1452 878 haereditatem
1471 835 1564 886 sibi,
1584 835 1767 888 alleluja.

1144 901 1267 939 l'ater
1289 902 1450 940 noster.

1144 961 1385 1001 Absolutio.
1414 957 1804 1001 1⁴]XalidiD6mine.

1147 1017 1192 1067 δ”.
1215 1018 1326 1061 Jube
1355 1018 1527 1061 domne.

1147 1082 1302 1122 Heneti.
1336 1079 1644 1122 lienedictione
1662 1081 1887 1133 perpetua.

1146 1157 1181 1189 In
1216 1156 1239 1190 Ῑ.
1274 1157 1382 1190 Noct.
1412 1158 1613 1190 Lectiones
1646 1158 1691 1190 dc
1723 1158 1919 1200 Scriptura

1091 1217 1177 1248 quac
1205 1205 1369 1238 occurrit
1396 1211 1507 1248 temp.
1530 1206 1706 1238 lumen-2115
1728 1205 1763 1238 in
1784 1205 1921 1239 Officio

1092 1254 1137 1287 dc
1164 1254 1369 1296 Tempore:
1400 1254 1458 1287 vel
1486 1254 1641 1297 quamdo
1669 1264 1742 1287 non
1771 1254 1921 1290 adsunt.

1092 1303 1137 1335 dc
1166 1302 1369 1335 Communi
1400 1302 1514 1335 unius
1544 1303 1605 1336 vel
1636 1302 1787 1345 plurim.
1815 1303 1920 1336 Mart.

1092 1355 1198 1384 extra
1225 1356 1337 1394 temp.
1364 1350 1500 1385 Pas-ch.
1521 1347 1591 1392 [54]

1148 1413 1194 1462 R.
1220 1412 1243 1450 i.
1269 1408 1435 1450 Beatus
1460 1408 1526 1451 vir
1553 1409 1628 1461 qui
1650 1409 1806 1451 metuit
1829 1409 1918 1450 Do-

1086 1466 1262 1516 minum,
1282 1465 1469 1519 alleluja:
1491 1466 1575 1507 *In
1593 1464 1812 1507 mandatis
1828 1465 1918 1518 ejus

1088 1522 1209 1575 cupit
1226 1523 1368 1573 nimis,
1394 1522 1582 1575 alleluja,
1607 1522 1794 1575 alleluja,
1819 1521 1919 1564 alle-

1087 1579 1184 1632 luia.
1227 1576 1272 1628 X'.
1294 1579 1447 1621 Gloria
1472 1584 1516 1622 et
1538 1578 1702 1622 divitiae
1721 1579 1765 1620 in
1785 1578 1918 1621 domo

1089 1637 1190 1689 ejus,
1211 1641 1255 1678 et
1273 1636 1436 1689 justitia
1455 1637 1546 1689 ejus
1564 1640 1714 1678 manet
1726 1636 1770 1677 in
1785 1637 1919 1678 seecu-

1088 1693 1178 1735 lum
1197 1692 1358 1735 saeculi.
1389 1694 1440 1734 In
1458 1692 1688 1735 mandatis.

1151 1753 1307 1792 Bcncd.
1340 1750 1590 1801 [inigenitus
1607 1749 1693 1792 Dei
1710 1749 1857 1791 Filius.

1148 1816 1196 1866 l<;.
1221 1816 1257 1854 ii.
1279 1810 1478 1853 Tristitia
1495 1814 1656 1860 vestra,
1682 1809 1870 1862 alleluja,
1901 1813 1922 1835 *

1091 1868 1382 1910 Convertetur
1408 1868 1452 1909 in
1479 1866 1704 1919 gaudium,
1738 1866 1920 1919 alleluia,

1090 1924 1273 1977 alleluja.
1312 1926 1359 1976 y,
1380 1923 1571 1967 Mundus
1590 1929 1738 1967 autem
1759 1922 1920 1976 gaude-

1088 1981 1168 2032 bit,
1196 1994 1277 2023 vos
1301 1994 1409 2024 vero
1434 1980 1814 2031 contristabimini,
1842 1979 1922 2023 sed

1089 2038 1266 2080 tristitia
1285 2043 1442 2081 vestra.
1471 2038 1774 2081 Convertetur.

1152 2097 1308 2138 sscned.
1337 2095 1521 2148 Spiritus
1540 2095 1680 2137 sancti
1698 2094 1850 2147 grafia.

1150 2161 1196 2211 leg.
1219 2160 1270 2198 iii.
1288 2156 1490 2198 Pretiosa
1508 2156 1552 2197 in
1572 2157 1815 2209 conspectu
1832 2155 1921 2196 Do-

1090 2213 1211 2263 mini,
1245 2212 1432 2265 alleluja:
1467 2215 1486 2238 *
1517 2212 1639 2254 Mors
1670 2214 1923 2254 sanctorum

1092 2271 1194 2323 ejus
1213 2269 1395 2322 alleluja.
1427 2266 1473 2317 N.
1490 2268 1694 2312 Custodit
1707 2268 1922 2311 Dominus

1093 2326 1238 2368 omnia
1270 2338 1372 2367 ossa
1402 2328 1572 2377 eorum,
1604 2339 1739 2367 unum
1771 2338 1826 2367 ex
1855 2324 1924 2366 his

1091 2396 1180 2425 non
1205 2384 1467 2424 conteretur.
1499 2382 1633 2425 Mors.
1671 2381 1821 2423 Gloria
1843 2382 1922 2422 Pa-

1092 2440 1159 2482 tri.
1190 2439 1323 2481 Mors.

1325 2518 1374 2556 In
1398 2517 1447 2556 II.
1472 2517 1695 2557 Nocturno.

1151 2590 1247 2628 Ant.
1263 2589 1382 2628 Ecce
1397 2586 1422 2612 *
1437 2584 1661 2638 quomodo
1682 2586 1926 2639 computati

1095 2648 1195 2685 sunt
1218 2643 1331 2685 inter
1355 2642 1471 2684 filios
1493 2642 1595 2691 Dei,
1624 2647 1668 2684 et
1692 2642 1805 2684 inter
1830 2655 1924 2684 san-

1095 2704 1191 2742 ctos
1211 2712 1308 2742 sors
1326 2698 1501 2741 illorum
1520 2703 1598 2749 est,
1617 2698 1799 2751 alleluia.
