2066 2904
531 177 599 209 Die¹
628 177 674 209 w.
702 176 799 216 Maji.
848 177 881 208 S.
905 175 1005 208 Petri
1031 173 1231 207 ‹ht-lestim
1260 173 1377 214 l'apae
1401 176 1436 204 ct
1462 171 1570 204 Conf.

188 270 581 313 machinationibus
620 272 786 321 tegere,
836 283 1012 312 sensum

187 326 333 368 verbis
349 326 510 373 velare:
533 339 631 377 quae
650 326 760 367 falsa
779 332 891 376 sunt,
910 339 1012 367 vera

188 380 436 430 ostendere;
474 394 572 433 quae
609 394 713 423 vera
751 387 867 431 sunt,
904 381 1012 422 falsa

187 437 498 479 demonstrare.
543 438 653 478 Haec
683 438 886 478 nimirum
913 450 1012 489 pru-

187 493 335 534 dentia
354 506 436 534 usu
455 506 480 534 a
498 493 726 544 juvenibus
745 493 896 542 scitur,
917 493 1012 534 haec

187 562 211 590 a
236 549 386 601 pueris
410 549 554 601 pretio
581 548 780 598 discitur3
806 549 918 590 hanc
938 548 1012 599 qui

187 605 346 653 sciunt,
365 606 537 647 ceteros
557 604 842 657 despiciendo
862 607 1010 657 super-

185 660 324 702 biunt:
349 660 461 702 hanc
488 661 562 712 qui
587 661 800 710 nesciunt,
828 660 1012 710 subjecti

187 721 231 757 et
247 715 389 758 timidi
408 717 450 756 in
471 716 565 757 aliis
583 716 811 757 mirantur:
836 716 936 767 quia
956 715 1010 757 ab

187 772 249 813 eis
274 771 370 813 haec
394 771 548 813 eadem
567 771 837 824 duplicitatis
857 771 1010 823 iniqui-

186 833 253 869 tas
278 828 452 869 nomine
477 828 656 880 palliata
676 827 882 877 diligitur,
907 827 1012 868 dum

185 884 343 924 mentis
361 884 626 935 perversitas
645 882 868 924 urbanitas
884 885 1012 924 voca-

185 945 266 980 tur.
299 939 409 980 Haec
435 939 519 980 sibi
538 939 882 991 obsequentibus
902 941 1012 991 prae-

186 995 292 1047 cipit
327 995 543 1036 honorum
579 995 768 1036 culmina
803 997 1011 1047 quaerere,

185 1050 346 1103 adepta
368 1051 624 1103 temporalis
647 1051 799 1101 gleriae
819 1051 1012 1092 vanitate

186 1106 394 1157 gaudere,
438 1107 630 1157 irrogata
670 1107 725 1148 ab
768 1107 863 1148 aliis
898 1107 1013 1148 mala

186 1162 468 1214 multiplicius
509 1162 710 1204 reddere:
756 1176 855 1204 cum
897 1163 1012 1204 vires

187 1221 443 1270 suppetunt,
470 1218 599 1259 nullis
623 1218 927 1260 resistentibus
946 1221 1011 1260 ce-

187 1273 304 1315 dere:
331 1286 429 1315 cum
452 1274 624 1315 virtutis
647 1274 916 1326 possibilitas
941 1274 1012 1316 de-

187 1335 264 1378 est,
284 1329 497 1382 quidquid
517 1330 694 1382 explere
708 1343 788 1383 per
802 1331 1013 1371 malitiam

186 1397 271 1426 non
286 1385 442 1435 valent,
460 1385 546 1427 hoc
560 1386 604 1426 in
618 1387 802 1438 pacifica
815 1386 1013 1428 bonitate

186 1442 400 1483 simulare.

238 1498 289 1547 K.
318 1498 453 1538 Posui
481 1497 747 1550 adjutorium
774 1511 907 1551 super
934 1512 1011 1551 po·
1067 1511 1077 1552 'f

185 1555 368 1602 tentem,
411 1559 455 1595 et
498 1554 689 1595 exaltavi
729 1555 918 1596 electum
955 1555 1011 1597 de

185 1609 315 1661 plebe
354 1622 469 1651 mea:
512 1607 534 1630 *
570 1610 726 1651 Manus
763 1612 878 1653 enim
913 1625 1012 1653 mea

186 1664 466 1706 auxiliabitur
486 1666 543 1716 ei,
569 1666 751 1718 alleluja.
782 1660 833 1711 V.
859 1668 1012 1709 Inveni

185 1721 332 1762 David
351 1733 527 1762 servum
545 1735 705 1772 meum,
734 1723 833 1765 oleo
855 1729 1010 1766 sancto

186 1788 285 1818 meo
305 1777 409 1817 unxi
429 1789 539 1818 eum.
572 1778 739 1820 Manus.

486 1832 637 1873 Lectio
658 1834 709 1873 vi.

262 1893 281 1929 t
298 1893 461 1938 contra,
478 1890 690 1942 sapientia
704 1892 916 1942 justorum
931 1897 1011 1934 est:

290 1944 350 1985 nil
384 1958 464 1997 per
499 1946 795 1988 ostensionem
829 1947 1011 1998 fingere,

187 2013 363 2041 sensum
399 2001 546 2042 verbis
584 2005 770 2054 aperire,
824 2016 929 2045 vera
963 2009 1012 2046 ut

187 2061 288 2097 sunt
305 2056 503 2107 diligere,
528 2057 637 2098 falsa
656 2058 868 2109 devitare,
893 2059 1013 2101 bona

186 2112 321 2162 gratis
340 2112 564 2162 exhibere,
590 2113 704 2154 mala
722 2113 927 2156 libentius
946 2121 1011 2157 to-

187 2167 327 2209 lerare
347 2181 478 2220 quam
493 2168 650 2218 facere3
669 2169 831 2210 nullam
845 2171 1011 2222 injuriae

187 2223 395 2265 ultienem
440 2227 654 2276 quaerere,
699 2237 781 2277 pro
827 2227 1011 2269 veritate

188 2280 494 2321 contumeliam
521 2280 691 2322 lucrum
716 2283 885 2333 putare.
924 2283 1012 2325 Sed

188 2334 283 2375 haec
313 2336 525 2386 justerum
555 2336 812 2389 simplicitas
844 2337 1011 2380 deride-

188 2395 274 2430 tur:
300 2391 400 2443 quia
420 2391 475 2433 ab
494 2391 620 2443 hujus
638 2392 790 2434 mundi
809 2394 1011 2446 sapienti-

189 2444 270 2486 bus
293 2447 495 2498 puritatis
514 2448 652 2491 virtus
677 2448 852 2490 fatuitas
877 2449 1013 2492 credi-

189 2506 270 2541 tur.
308 2501 446 2544 Omne
473 2503 586 2544 enim
615 2503 735 2556 quod
758 2504 1013 2547 innocenter

190 2556 342 2606 agitur,
361 2557 415 2598 ab
436 2559 497 2599 eis
513 2559 667 2611 procul
683 2559 816 2601 dubio
833 2561 1013 2602 stultum

189 2614 382 2664 putatur:
410 2619 453 2655 et
477 2615 690 2667 quidquid
716 2616 759 2656 in
786 2618 920 2668 opere
943 2619 1012 2658 ve-

189 2667 295 2709 ritas
327 2669 561 2720 approbat,
594 2671 757 2713 carnali
786 2672 1013 2724 sapientiae

1064 269 1231 310 fatuum
1258 271 1397 309 sonat.
1434 266 1551 317 Quid
1576 278 1765 318 namque
1790 267 1894 308 stul-

1064 325 1150 366 tius
1170 323 1345 365 videtur
1362 322 1527 364 mundo
1553 335 1684 375 quam
1703 327 1895 364 mentem

1066 380 1212 421 verbis
1228 378 1472 428 ostendere,
1486 378 1546 419 nil
1561 377 1721 419 callida
1735 378 1894 420 machi-

1064 436 1240 478 natione
1277 434 1499 484 simulare,
1543 434 1685 476 nullas
1730 434 1895 486 injuriis

1065 491 1352 533 contumelias
1377 489 1582 540 reddere,
1609 503 1692 543 pro
1718 489 1896 532 maledi-

1066 547 1267 588 centibus
1287 548 1429 595 orare,
1452 548 1760 599 paupertatem
1780 548 1896 598 quee-

1065 616 1178 653 rere,
1198 605 1408 655 possessa
1426 602 1690 654 relinquere,
1708 602 1896 654 rapienti

1064 671 1153 700 non
1178 661 1399 707 resistere,
1422 657 1687 710 percutienti
1713 657 1896 699 alteram

1064 714 1286 756 maxillam
1305 713 1529 766 praebere?

1122 774 1173 814 R.
1192 771 1284 812 Iste
1303 775 1370 811 est
1390 770 1475 821 qui.
1495 770 1571 822 [71]

1294 851 1344 890 In
1362 850 1434 889 111.
1453 849 1678 888 Nocturno.

1068 909 1221 950 Lectio
1243 908 1382 949 sancti
1400 906 1629 958 Evangelii
1653 906 1896 949 secundum

1345 963 1616 1005 Matthaem.

1174 1027 1324 1067 Lectio
1347 1026 1413 1066 vii.
1562 1025 1740 1077 Cap.19.
1757 1023 1796 1065 d.

1111 1095 1140 1122 n
1165 1080 1240 1122 illo
1266 1082 1483 1133 tempore:
1510 1080 1635 1121 Dixit
1657 1079 1815 1122 Petrus
1838 1080 1897 1123 ad

1130 1138 1294 1178 Jesum:
1322 1136 1439 1178 Ecce
1464 1149 1547 1177 nos
1572 1135 1827 1188 reliquimus
1852 1139 1896 1178 ό-

1064 1194 1198 1241 mnia,
1226 1198 1270 1234 et
1292 1192 1433 1234 secuti
1456 1205 1606 1233 sumus
1625 1197 1684 1233 te:
1707 1191 1813 1244 quid
1832 1205 1894 1234 er-

1064 1262 1121 1299 go
1142 1249 1224 1290 erit
1242 1246 1393 1290 nobis?
1421 1248 1479 1290 Et
1495 1247 1674 1300 reliqua.

1159 1322 1350 1363 Homilia
1375 1321 1640 1363 venerabilis
1665 1321 1804 1364 Bedae

1347 1377 1614 1430 Presbyteri.

1191 1444 1302 1478 Hom.
1322 1445 1360 1478 in
1378 1444 1498 1478 natali
1515 1444 1550 1478 S.
1568 1443 1780 1478 Benedicti.

1159 1500 1367 1541 erfectus
1398 1499 1472 1541 ille
1505 1503 1589 1548 est,
1631 1498 1707 1551 qui
1743 1498 1896 1541 abiens

1071 1574 1078 1607 :3
1106 1548 1172 1623 ξμς-’1
1195 1555 1346 1597 vendit
1370 1556 1516 1596 omnia
1543 1567 1643 1607 quae
1669 1554 1819 1604 habet,
1853 1560 1897 1597 et

1080 1611 1172 1635 ὲ
1197 1611 1274 1653 dat
1309 1611 1596 1664 pauperibus,
1633 1623 1686 1652 ac
1715 1611 1896 1652 veniens

1064 1668 1262 1719 sequitur
1295 1667 1532 1709 Christum:
1567 1665 1749 1708 habebit
1780 1667 1897 1708 enim

1062 1723 1319 1765 thesaurum
1341 1735 1430 1764 non
1449 1722 1728 1764 deficientem
1746 1722 1792 1762 in
1809 1735 1895 1764 coe-

1063 1779 1128 1820 lis.
1155 1778 1284 1821 Unde
1303 1778 1416 1820 bene
1434 1779 1736 1829 interrogante
1749 1778 1896 1829 Petro,

1064 1835 1175 1877 dixit
1192 1835 1356 1877 talibus
1375 1835 1401 1875 J
1403 1847 1518 1876 esus:
1537 1834 1680 1876 Amen
1700 1833 1801 1876 dico
1820 1847 1894 1876 vo-

1063 1892 1147 1942 bis,
1178 1890 1298 1944 quod
1316 1903 1399 1933 vos
1425 1891 1499 1943 qui
1523 1891 1664 1933 secuti
1688 1891 1795 1932 estis
1813 1903 1895 1941 me,

1063 1948 1107 1988 in
1134 1947 1483 1998 regeneratione,
1511 1960 1611 1988 cum
1637 1946 1802 1988 sederit
1826 1947 1894 1988 Fi-

1063 2004 1147 2045 lius
1189 2003 1378 2045 hominis
1419 2003 1464 2044 in
1504 2002 1610 2045 sede
1654 2003 1894 2055 majestatis

1064 2072 1173 2109 suae,
1203 2059 1414 2101 sedebitis
1438 2063 1483 2101 et
1501 2071 1583 2101 vos
1608 2071 1743 2111 super
1765 2057 1895 2101 sedes

1065 2115 1316 2166 duodecim,
1367 2114 1610 2166 judicantes
1660 2114 1896 2157 duodecim

1063 2171 1205 2213 tribus
1230 2171 1379 2212 Israel.
1419 2171 1472 2212 In
1499 2171 1582 2212 hac
1611 2171 1777 2224 quippe
1803 2171 1897 2212 vita

1063 2239 1147 2279 pro
1169 2227 1259 2278 ejus
1275 2228 1451 2269 nomine
1465 2226 1731 2277 laborantes,
1748 2227 1793 2267 in
1809 2226 1895 2268 alia

1064 2283 1297 2335 praemium
1325 2286 1505 2336 sperare
1533 2282 1699 2325 decuit:
1737 2283 1784 2324 id
1811 2287 1894 2332 est,

1063 2339 1107 2380 in
1131 2340 1478 2389 regeneratione3
1505 2352 1605 2381 cum
1624 2338 1828 2381 videlicet
1850 2339 1895 2380 in

1064 2395 1200 2437 vitam
1218 2394 1512 2437 immortalem
1530 2395 1739 2437 fuerimus
1754 2407 1894 2436 resur·

1063 2450 1208 2501 gendo
1228 2451 1489 2501 regenerati,
1516 2452 1590 2504 qui
1608 2452 1652 2492 in
1671 2451 1808 2492 vitam
1827 2463 1894 2492 ca-

1065 2506 1224 2549 ducam
1241 2507 1486 2548 mortaliter
1505 2510 1680 2549 eramus
1698 2506 1845 2557 geniti.

1123 2565 1173 2616 R'·
1192 2563 1372 2604 Amavit
1391 2575 1490 2604 eum
1509 2564 1742 2612 Deminus,
1765 2566 1810 2604 et
1827 2574 1893 2604 or-

1065 2619 1186 2660 navit
1218 2631 1332 2660 eum:
1371 2619 1532 2660 stolam
1567 2619 1721 2670 gloriae
1753 2617 1895 2660 induit

1066 2687 1176 2724 eum,
1206 2677 1229 2701 *
1251 2675 1308 2718 Et
1335 2674 1393 2716 ad
1418 2679 1571 2726 portas
1599 2673 1796 2727 paradisi
1822 2685 1893 2716 co-
