2066 2956
607 181 785 215 Officium
810 177 984 216 votivuin
1010 183 1056 216 dc
1081 183 1233 217 Sanctis

1258 185 1430 225 Angelis.

1787 186 1880 231 [223]

216 280 300 330 Qui
327 280 470 333 replet
500 281 544 321 in
571 281 700 323 bonis
729 280 995 323 desiderium

161 341 300 378 tuum:
324 339 348 364 *
371 337 656 379 renovabitur
679 343 727 379 ut
752 338 912 389 aquilae
936 339 995 391 ju-

161 394 318 434 ventus
337 398 431 435 tua:

213 452 397 494 Faciens
420 453 744 496 misericordias
763 454 988 496 Deminus:

160 509 184 536 *
221 513 265 550 et
303 508 509 560 judicium
552 510 754 552 Omnibus
795 510 994 563 injt'iriam

160 564 440 617 patientibus.

211 621 354 663 Notas
373 622 476 664 fecit
494 622 588 664 vias
609 635 711 664 suas
727 622 881 676 M6ysi,
901 625 925 649 *
945 623 993 663 fi-

159 676 228 718 liis
246 677 385 719 Israel
403 678 655 720 voluntates
676 692 787 720 suas.

212 733 463 785 Miserator,
497 740 541 776 et
567 735 816 777 misericors
844 735 993 777 Domi-

158 802 256 830 nus:
284 791 309 817 *
336 789 609 842 longanimis,
638 796 682 833 et
705 791 891 833 multum
916 791 992 832 mi-

160 858 360 887 sericors.

211 901 315 943 Non
347 903 391 943 in
418 905 682 956 perpetuum
713 903 941 945 irascetur:
968 906 991 931 *

158 969 302 1010 neque
332 959 376 999 in
404 961 617 1001 aeternum
644 959 992 1002 comminabitur.

211 1014 315 1056 Non
348 1015 590 1057 secsmdum
622 1019 808 1069 peccata
840 1021 992 1058 nostra

158 1070 261 1112 fecit
278 1071 422 1113 nobis:
447 1074 471 1099 *
490 1085 634 1124 neque
654 1072 898 1114 secl'mdum
916 1073 992 1113 ini-

161 1127 352 1178 quitates
371 1133 546 1170 nostras
566 1128 768 1171 retribuit
786 1129 926 1171 nobis.

210 1183 427 1233 Quoniam
450 1184 692 1226 sect'mdum
715 1184 991 1226 altitfidinem

158 1239 259 1281 coeli
282 1253 308 1281 a
331 1245 463 1282 terra:
487 1243 511 1268 *
535 1241 842 1283 corroboravit
864 1241 991 1282 mise-

157 1294 393 1338 ricerdiam
415 1309 539 1338 suam
558 1309 691 1350 super
708 1297 912 1339 timentes
932 1309 991 1338 se.

210 1352 431 1402 Quantum
465 1352 598 1395 distat
633 1358 756 1395 ortus
790 1353 845 1395 ab
879 1354 991 1395 occi-

158 1406 306 1449 dente:
331 1410 356 1435 *
374 1408 505 1460 longe
524 1409 628 1451 fecit
647 1422 672 1451 a
690 1409 819 1451 nobis
837 1409 990 1461 iniqui-

156 1465 272 1504 tates
290 1469 475 1506 nostras.

211 1519 447 1570 Quemodo
474 1521 705 1562 miseretur
729 1526 855 1574 pater
882 1520 989 1562 filio-

156 1587 269 1626 rum,
287 1576 493 1618 misertus
518 1582 586 1618 est
603 1577 820 1618 Deminus
839 1577 989 1618 timen-

156 1630 275 1672 tibus
295 1644 358 1673 se:
381 1634 406 1659 *
431 1632 638 1684 queniam
662 1633 758 1685 ipse
783 1633 991 1684 cognovit

157 1686 414 1737 figmentum
432 1693 643 1730 nostrum.

208 1742 489 1786 Recordatus
518 1750 585 1786 est
614 1744 821 1796 queniam
842 1744 988 1798 pulvis

158 1810 323 1840 sumus:
341 1802 365 1826 *
385 1800 531 1851 homo,
559 1801 672 1842 sicut
699 1801 865 1842 foenum
893 1800 988 1842 dies

157 1855 268 1906 eius,
294 1860 519 1908 tamquam
547 1857 630 1898 flos
658 1856 751 1907 agri
779 1857 842 1898 sic
869 1857 989 1898 effio-
1051 1859 1120 1893 ῖ

157 1910 281 1952 rebit.

157 2022 244 2073 illo,
265 2028 309 2065 et
326 2036 416 2065 non
434 2023 659 2067 subsistet:
678 2027 702 2052 *
720 2030 764 2066 et
782 2037 870 2066 non
890 2037 990 2075 cog-

158 2081 313 2121 nescet
332 2079 520 2132 amplius
538 2080 685 2122 locum
705 2093 843 2121 suum.

212 2135 515 2177 Misericerdia
547 2141 694 2178 autem
721 2136 899 2178 Domini
933 2135 989 2177 ab

160 2192 342 2241 aeterno,
361 2192 384 2218 *
405 2196 449 2233 et
467 2204 607 2244 usque
626 2192 671 2233 in
690 2194 902 2234 aeternum
922 2205 989 2232 su-

158 2259 239 2298 per
257 2247 460 2288 timentes
479 2260 590 2289 eum.

211 2304 268 2344 Et
303 2303 466 2355 justitia
499 2304 615 2346 illius
650 2305 694 2345 in
730 2304 846 2346 filios
882 2303 990 2345 filio-

158 2371 270 2409 rum,
297 2362 321 2386 *
353 2359 421 2400 his
454 2360 529 2411 qui
556 2366 732 2403 servant
757 2362 990 2403 testamen-

158 2419 252 2455 tum
279 2415 385 2466 ejus:

210 2470 268 2512 Et
298 2473 516 2513 memores
550 2477 650 2514 sunt
683 2471 990 2514 mandatorum

159 2526 310 2578 ipsius,
329 2529 352 2554 *
373 2526 430 2568 ad
449 2527 695 2569 faciendum
715 2541 777 2569 ea.

211 2582 426 2625 Do'minus
450 2584 493 2624 in
513 2584 627 2626 coelo
646 2584 819 2636 paravit
838 2582 990 2624 sedem

162 2650 302 2678 suam:
319 2640 343 2665 *
364 2644 408 2681 et
426 2652 609 2690 regnum
626 2640 765 2691 ipsius
787 2638 989 2680 omnibus

161 2692 465 2736 dominabitur.

211 1967 428 2017 Queniam
448 1969 626 2021 spiritus
645 1967 929 2022 pertransibit
947 1968 990 2008 in

1100 281 1355 324 Benedicite
1383 283 1576 324 Domino
1613 295 1765 324 omnes
1793 284 1880 323 An-

1046 338 1133 389 geli
1149 339 1255 388 eius:
1276 340 1299 365 *
1314 341 1520 391 potentes
1536 339 1708 387 virtfite‚
1723 338 1880 380 facien-

1046 399 1114 435 tes
1142 394 1326 436 verbum
1358 395 1490 445 illius,
1525 394 1583 436 ad
1617 393 1880 436 audiendam

1046 463 1203 491 vocem
1222 453 1474 492 sermonum
1494 452 1597 502 ejus.

1098 505 1353 548 Benedicite
1368 506 1559 548 Domino
1581 519 1733 547 omnes
1748 506 1880 548 virtti-

1045 567 1113 604 tes
1134 564 1241 614 ejus:
1260 564 1283 589 *
1303 562 1490 604 ministri
1509 564 1610 614 ejus,
1638 562 1713 613 qui
1737 562 1880 604 facitis

1045 618 1319 660 voluntatem
1338 619 1441 670 ejus.

1098 674 1354 716 Benedicite
1369 674 1561 716 Demino
1578 675 1724 716 omnia
1743 677 1879 727 epera

1047 731 1154 782 ejus:
1174 732 1197 757 *
1220 731 1265 770 in
1293 731 1411 772 omni
1438 731 1538 772 loco
1569 730 1879 772 dominationis

1047 787 1150 838 ejus,
1175 786 1362 828 benedic
1389 787 1533 828 anima
1558 799 1656 827 mea
1675 787 1879 828 Demino.

1100 845 1199 885 Ant.
1228 845 1483 889 Benedicite
1506 848 1698 889 Domino
1725 860 1879 888 omnes

1045 903 1203 954 Angeli
1235 904 1342 955 ejus,
1374 905 1580 956 potentes
1606 903 1784 953 virtlite‚
1820 904 1878 945 fa-

1046 960 1211 1001 cientes
1239 959 1424 1001 verbum
1450 959 1584 1009 illius,
1619 959 1676 1001 ad
1703 959 1879 1002 audien-

1046 1014 1148 1057 dam
1165 1028 1323 1057 vocem
1341 1017 1595 1057 sermenum
1615 1017 1717 1067 eius.

1100 1069 1149 1119 Y·
1160 1077 1212 1116 In
1226 1079 1470 1129 conspectu
1479 1076 1753 1127 Angelorum
1763 1077 1879 1129 psal-

1044 1132 1132 1173 lam
1157 1132 1238 1174 tibi
1262 1134 1384 1174 Deus
1409 1146 1545 1174 meus.
1591 1131 1638 1181 R:-
1663 1132 1879 1175 Adorabo

1045 1189 1102 1230 ad
1120 1189 1335 1242 templum
1352 1194 1551 1231 sanctum
1565 1194 1699 1239 tuum,
1720 1195 1764 1231 et
1778 1203 1878 1231 con-

1044 1245 1204 1287 fitebor
1221 1246 1385 1287 nomini
1404 1251 1494 1287 tuo.

1047 1317 1200 1360 Lectio
1224 1319 1364 1360 sancti
1386 1319 1613 1370 Evangelii
1636 1318 1878 1360 secandum

1348 1375 1373 1415 J
1375 1377 1574 1417 oannem.

1101 1426 1252 1467 Lectio
1274 1425 1340 1465 vii.
1677 1425 1780 1474 Cap.
1799 1426 1825 1463 1.

1093 1500 1120 1527 n
1144 1486 1220 1528 illo
1246 1489 1463 1540 tempore:
1491 1487 1615 1529 Vidit
1638 1488 1664 1528 J
1666 1500 1767 1529 esus
1791 1488 1876 1529 Na-

1110 1543 1287 1584 thanael
1311 1544 1561 1585 venientem
1580 1543 1637 1585 ad
1657 1557 1721 1594 se,
1747 1549 1791 1585 et
1815 1544 1876 1585 di-

1045 1599 1104 1640 cit
1132 1599 1187 1641 de
1214 1612 1283 1641 eo:
1314 1600 1430 1642 Ecce
1459 1612 1562 1642 vere
1590 1600 1805 1650 Israelita,
1834 1600 1877 1641 in

1046 1668 1134 1708 quo
1155 1656 1284 1697 dolus
1303 1669 1391 1698 non
1411 1662 1488 1698 est.
1507 1657 1564 1698 Et
1582 1656 1762 1709 reliqua.

1047 1732 1237 1775 Homilia
1266 1734 1406 1775 sancti
1433 1733 1648 1774 Bernardi
1676 1733 1877 1775 Abbatis.

1137 1796 1180 1830 In
1207 1796 1266 1830 Ps.
1292 1797 1367 1835 Qui
1389 1799 1549 1834 habitat,
1575 1796 1708 1830 Sermo
1737 1797 1783 1829 11.

1122 1859 1239 1908 5⁵11ae
1264 1867 1371 1896 vero
1391 1859 1493 1896 sunt
1517 1857 1772 1896 sanctorum
1790 1854 1877 1895 An-

1047 1922 1048 1927 *
1079 1905 1166 1969 'ta-«¹250
1187 1911 1387 1962 gelerum
1409 1910 1518 1953 viae?
1546 1911 1753 1952 Profecto
1778 1910 1876 1959 illae,

1189 1980 1299 2019 quas
1343 1968 1604 2018 Unigenitus
1657 1967 1878 2008 enarravit

1045 2022 1210 2064 dicens:
1248 2023 1470 2065 Videbitis
1498 2023 1695 2075 Angelos
1728 2035 1875 2063 ascen-

1044 2077 1198 2121 dentes
1229 2084 1273 2121 et
1301 2079 1621 2122 descendentes
1649 2091 1782 2130 super
1808 2079 1876 2118 Fi-

1042 2135 1149 2176 lium
1176 2136 1376 2177 hominis.
1429 2135 1644 2177 Ascensio
1671 2135 1804 2185 igitur
1833 2138 1877 2175 et

1044 2190 1274 2234 descensio
1315 2193 1399 2234 viae
1440 2192 1629 2241 illerum3
1676 2190 1876 2231 ascensio

1043 2253 1228 2300 propter
1261 2261 1323 2298 se,
1361 2248 1591 2290 descensio
1623 2246 1694 2288 vel
1725 2246 1876 2298 petius

1044 2303 1359 2346 condescensio
1385 2308 1570 2356 propter
1588 2315 1680 2344 nos.
1713 2302 1785 2343 Sic
1803 2301 1876 2343 be-

1044 2359 1105 2400 ati
1129 2359 1191 2400 illi
1214 2360 1394 2412 spiritus
1414 2358 1656 2400 ascendunt
1674 2370 1755 2410 per
1775 2370 1875 2399 con-

1043 2416 1375 2468 templationem
1390 2415 1485 2464 Dei,
1506 2413 1778 2455 descendunt
1795 2427 1876 2466 per

1044 2472 1397 2523 compassienem
1431 2471 1511 2519 tui,
1543 2475 1592 2512 ut
1625 2469 1876 2511 custodiant

1042 2532 1086 2568 te
1106 2528 1150 2568 in
1170 2527 1371 2569 Omnibus
1390 2527 1472 2568 viis
1491 2527 1589 2567 tuis.
1617 2525 1876 2567 Ascendunt

1043 2582 1100 2624 ad
1119 2585 1287 2624 vultum
1307 2583 1408 2634 ejus,
1431 2581 1704 2623 descendunt
1724 2580 1782 2623 ad
1799 2595 1874 2623 nu-

1043 2644 1136 2679 tum
1169 2640 1275 2690 ejus:
1321 2638 1538 2688 Queniam
1569 2638 1750 2688 Angelis
1783 2638 1873 2679 suis

992 2720 995 2723 -
1042 2694 1268 2735 mandavit
1302 2694 1357 2735 de
1389 2700 1445 2735 te.
1497 2694 1594 2735 Nec
1626 2700 1773 2736 tamen
1805 2693 1875 2735 vel
