2066 2956
204 203 298 248 [342]
360 254 365 259 ἱ
504 211 573 243 Dic
597 211 648 243 22.

206 303 465 353 erumperet.
518 299 711 340 Maxima
750 312 853 350 erga
889 298 1035 352 proxi-

204 369 322 397 mum
355 356 576 397 ferebatur
611 356 805 397 caritate.
844 355 1036 396 Infirmis

204 412 317 453 enim
349 412 391 452 in
425 425 583 462 magno
612 414 871 453 nosocomio
899 412 1034 453 incre-

205 467 326 509 dibili
347 467 582 510 sedulitate
602 468 894 518 ministrabat,
921 472 1034 509 sum·

203 524 350 576 ptibus
381 524 618 566 liberaliter
652 525 855 575 erogatis.
907 524 1034 576 Abje-

203 581 395 622 ctissima
439 594 626 633 quaeque
667 581 812 622 officia
848 581 1036 623 libenter

203 635 372 686 obibat,
396 636 548 678 tabida
575 638 705 679 etiam
726 638 1034 688 aegrotantium

202 692 350 734 ulcera
370 693 605 746 aliquando
626 694 892 735 exosculata.
921 694 1033 745 Inju-

201 749 304 797 rias,
332 750 620 791 contumelias
646 750 801 791 mulier
821 762 923 791 vere
948 750 1033 791 for-

199 805 256 846 tis
280 805 413 847 alacri
439 807 584 847 animo
611 807 799 859 excepit;
826 806 1032 847 assiduis-

202 874 287 913 que
320 863 518 914 corporis
551 863 770 915 animique
803 862 1032 904 doloribus

199 930 312 968 pene
337 918 553 969 confecta,
579 919 851 960 cruciatuum
872 919 1033 961 Christi

198 974 423 1027 particeps
443 975 533 1016 fuit.

254 1031 304 1082 R.
333 1031 537 1072 Dilexisti
564 1032 791 1083 justitiam,
826 1038 871 1074 et
899 1033 1031 1075 odisti

199 1086 490 1138 iniquitatem:
521 1092 542 1114 *
568 1089 811 1140 Propterea
839 1090 962 1131 unxit
987 1096 1031 1132 te

200 1143 344 1192 Deus,
391 1144 513 1184 Deus
559 1149 660 1184 tuus
708 1144 808 1186 oleo
854 1145 1030 1187 laetitiae.

203 1196 254 1247 Y.
276 1199 464 1251 Propter
492 1200 738 1249 veritatem,
766 1206 810 1242 et
832 1214 1030 1243 mansue-

199 1253 415 1305 tudinem,
443 1261 487 1297 et
514 1256 733 1308 justitiam.
777 1257 1031 1310 Propterea.

502 1314 654 1355 Lectio
678 1316 727 1355 vi.

200 1365 325 1469 Tot
348 1370 568 1419 tantisque
595 1369 787 1411 heroicae
813 1370 1029 1412 fortitudi-

290 1423 356 1464 nis
383 1428 427 1464 et
451 1424 674 1476 patientiae
699 1426 934 1478 probatam
959 1440 1029 1468 ex-

198 1479 469 1530 perimentis,
502 1485 634 1533 atque
667 1482 711 1522 in
743 1485 885 1533 agone
920 1483 1029 1524 chri-

199 1534 352 1576 stianae
385 1536 668 1588 perfectionis
702 1539 876 1590 egregie
903 1540 1030 1580 meri·

198 1595 298 1641 tam,
316 1590 441 1633 uberi
459 1592 774 1635 beneficiorum
793 1596 922 1648 copia
941 1596 1029 1637 Do-

199 1647 339 1688 minus
367 1649 614 1691 cumulavit.
652 1651 702 1690 In
729 1651 959 1694 diuturnas
986 1658 1030 1694 et

199 1703 449 1755 frequentes
469 1706 643 1747 extases
662 1712 805 1759 rapta,
833 1713 877 1750 et
901 1708 1028 1750 coele-

199 1758 338 1800 stibus
354 1760 717 1803 illustrationibus
733 1768 1029 1817 superumque

199 1816 545 1867 apparitionibus
566 1822 609 1859 et
629 1818 861 1871 colloquiis
881 1819 1028 1871 digna-

197 1875 259 1919 ta,
292 1873 450 1913 arcana
478 1873 561 1914 Dei
592 1874 834 1926 intelligere
860 1877 1029 1927 meruit,

199 1931 243 1967 et
270 1916 375 1968 fidei
408 1930 616 1980 mysteria
644 1931 819 1983 scriptis
847 1933 1028 1984 praecla-

199 1982 380 2024 rissimis
438 1985 709 2028 confirmare.
774 1988 1029 2041 Prophetiae

199 2038 315 2080 dono
353 2039 522 2083 claruit:
567 2041 743 2084 abditos
786 2045 1027 2086 animorum

200 2107 352 2136 sensus
375 2097 612 2149 perspexit.
647 2098 815 2141 Perditi
839 2100 1028 2143 hominis

200 2152 546 2203 conversionem,
567 2159 611 2195 et
630 2156 909 2207 tranquillam
929 2160 1028 2199 c6n·

200 2206 308 2257 jugis
335 2214 538 2259 mortem,
568 2215 611 2252 et
637 2213 845 2253 aeternam
873 2214 1028 2255 utrius-

202 2275 285 2314 que
310 2263 625 2308 beatitudinem
651 2267 1029 2311 obsecrationibus

201 2330 227 2358 a
246 2318 435 2362 D6mino
455 2321 718 2374 impetravit
747 2324 876 2366 Anno
896 2326 1028 2376 igitur

202 2374 344 2415 aetatis
377 2389 468 2418 suae
501 2379 632 2420 tertio
669 2386 712 2421 et
741 2382 1027 2431 sexagesimo,

202 2431 396 2472 extremo
407 2433 562 2475 morbo
575 2438 845 2499 oppressam,
858 2442 902 2478 et
914 2438 1027 2479 Chri·

203 2484 258 2525 sti
284 2487 501 2529 confixam
526 2491 661 2539 cruci,
696 2497 827 2544 atque
854 2492 911 2534 ad
939 2493 1027 2535 fon-

202 2545 291 2582 tem
311 2544 486 2585 aeternae
506 2545 726 2588 felicitatis
741 2548 1028 2599 anhelantem,

202 2609 325 2637 sacra
347 2597 417 2639 die
435 2599 724 2644 Exaltationis
745 2609 907 2646 sanctae
923 2605 1027 2646 Cru-

203 2652 275 2701 cis,
295 2666 349 2694 ex
369 2655 469 2695 vitae
488 2656 614 2707 hujus
629 2660 864 2710 angoribus
879 2661 1027 2702 Domi-

201 2721 282 2749 nus
315 2711 526 2753 evocavit.
574 2714 791 2757 Praeclara
826 2729 932 2757 vero
965 2717 1027 2758 fu-

678 210 814 243 Martii.
862 210 896 243 S
923 208 1145 243 Catharinae
1172 208 1310 242 Fliscae
1336 209 1508 242 Adurna:
1534 208 1619 241 vid.

1087 300 1213 340 erunt
1233 298 1288 340 de
1309 299 1557 340 Catharinae
1577 297 1812 340 virtutibus
1830 298 1917 340 Do-

1087 356 1258 396 ctorum
1292 355 1642 407 Sanctorumque
1679 354 1919 407 praeconia,

1086 411 1364 453 Summorum
1424 424 1601 464 quoque
1655 410 1920 452 Pontificum

1087 468 1277 509 oraculis
1293 468 1594 521 comprobata.
1614 467 1791 509 Cultum
1805 467 1920 508 illius

1085 523 1478 567 immemorabilem
1505 524 1691 565 asseruit
1717 524 1920 565 Clemens

1086 593 1242 622 nonus:
1296 581 1499 622 Clemens
1535 579 1792 622 undecimus
1830 581 1921 631 ejus

1085 637 1343 678 mem6riam
1373 637 1509 678 Missa
1540 642 1585 678 et
1618 636 1777 678 Officio
1811 636 1920 678 cele-

1085 693 1298 735 brandam
1319 694 1550 735 concessit.
1586 694 1789 735 Clemens
1812 705 1921 734 vero

1086 749 1375 792 duodecimus
1408 750 1535 792 novis
1570 750 1807 801 fulgentem
1842 749 1919 790 mi-

1085 806 1262 855 raculis,
1308 807 1351 847 in
1397 808 1649 848 sanctarum
1689 805 1921 847 mulierum

1085 866 1315 904 numerum
1337 863 1495 904 retulit.

1139 929 1190 968 R
1206 927 1359 969 Fallax
1377 928 1530 978 gratia,
1551 932 1595 969 et
1609 940 1722 969 vana
1741 932 1809 970 est
1826 927 1919 980 pul-

1085 984 1305 1026 chritudo:
1334 988 1357 1012 ¹⁸¹
1382 985 1539 1026 Mulier
1571 985 1731 1026 timens
1763 984 1920 1035 Deum⁷

1084 1041 1180 1092 ipsa
1199 1041 1464 1083 laudabitur.
1494 1037 1545 1089 V.
1562 1041 1678 1083 Date
1698 1041 1737 1082 ei
1758 1040 1814 1082 de
1833 1041 1917 1082 fru-

1084 1103 1156 1138 ctu
1190 1099 1398 1139 manuum
1430 1100 1625 1148 suarum,
1664 1102 1708 1139 et
1739 1097 1920 1139 laudent

1084 1166 1181 1194 eam
1207 1154 1251 1194 in
1277 1154 1418 1206 portis
1445 1157 1581 1208 6pera
1607 1155 1709 1206 ejus.
1750 1153 1919 1195 Mulier.

1087 1210 1238 1252 Gloria
1256 1211 1388 1252 Patri.
1417 1211 1585 1253 Mulier.

1138 1279 1181 1312 In
1214 1278 1278 1313 ΙΙΙ.
1311 1278 1422 1313 Noct.
1459 1279 1630 1313 Homilia
1663 1279 1701 1313 in
1733 1279 1917 1323 Evangel.

1086 1326 1217 1362 Simile
1246 1332 1315 1363 est.
1346 1327 1392 1360 de
1423 1327 1560 1361 eodem
1586 1327 1801 1362 Communi.
1824 1327 1915 1372 [125]

1137 1388 1179 1421 In
1206 1388 1443 1431 Quadrages.
1470 1388 1572 1423 Lect.
1598 1389 1647 1423 iX.
1674 1389 1720 1423 de
1746 1389 1918 1424 Homilia

1084 1435 1209 1470 Fcriae
1236 1438 1486 1472 occurrentis.
1528 1452 1535 1458 ·

1342 1522 1421 1563 Ad
1445 1522 1656 1564 Laudes.

1188 1589 1450 1641 Capitulum.
1640 1589 1761 1631 Cant.
1777 1590 1813 1629 8.

1160 1673 1259 1712 quae
1289 1659 1441 1701 multae
1466 1672 1553 1701 non
1579 1661 1820 1713 potuerunt
1845 1672 1916 1702 ex-

1201 1719 1423 1767 stinguere
1453 1717 1698 1766 caritatem‚
1730 1729 1812 1758 nec
1839 1716 1916 1758 flu-

1081 1771 1197 1813 mina
1218 1772 1561 1814 obruentillam:
1587 1773 1624 1814 si
1648 1771 1821 1814 dederit
1839 1772 1915 1814 ho·
1957 1777 1959 1779 ’

1081 1841 1154 1869 mo
1201 1841 1375 1870 omnem
1421 1828 1714 1871 substantiam
1757 1827 1915 1871 domus

1082 1897 1174 1925 suae
1193 1897 1275 1937 pro
1295 1885 1547 1936 dilectione,
1573 1885 1699 1938 quasi
1716 1884 1823 1926 nihil
1843 1884 1915 1927 de-

1082 1941 1238 1993 spiciet
1257 1954 1364 1983 eam.

1393 2007 1606 2058 Hymnus.

1159 2075 1314 2118 urbam
1334 2078 1548 2129 jacentem
1566 2080 1823 2130 pauperum,

1178 2133 1321 2182 Quam
1340 2132 1460 2175 dirus
1480 2147 1618 2184 angor
1637 2133 1858 2187 opprimit,

1135 2187 1226 2230 Ceu
1250 2189 1448 2232 membra
1468 2190 1631 2232 Christi
1650 2189 1868 2242 languida,

1132 2244 1335 2288 Matrona
1355 2246 1546 2288 clemens
1567 2247 1784 2289 confovet.

1082 2316 1200 2367 Opes
1225 2317 1444 2368 opemque
1464 2315 1706 2366 conferens,

1132 2370 1309 2423 Vilique
1328 2371 1513 2423 fungens
1531 2375 1724 2421 munere,

1131 2427 1372 2469 Persternit
1391 2428 1476 2469 illis
1495 2428 1692 2477 lectulos

1131 2482 1382 2536 Sordesque
1402 2490 1562 2536 purgat
1581 2484 1744 2526 sedula.

1083 2551 1180 2600 Quo
1202 2553 1388 2604 quisque
1407 2553 1549 2605 plagis
1569 2553 1742 2603 foedior,

1132 2608 1248 2649 Huic
1266 2608 1340 2650 illa
1359 2610 1494 2651 servit
1513 2611 1778 2663 promptior:

1131 2663 1301 2707 Tabem
1321 2677 1402 2706 nec
1422 2665 1574 2707 horret
1591 2666 1804 2707 ulcerum:

1131 2720 1325 2762 Horrere
1345 2721 1484 2763 nescit
1503 2722 1674 2764 caritas.
