2066 2956
642 232 698 266 Ss.
724 232 899 275 Quinque
926 233 1133 266 Vulnerum
1159 233 1201 266 Ι).
1228 233 1270 266 Ν.
1295 233 1326 265 ,1.
1354 232 1391 265 (1.

173 333 271 382 bus,
301 333 375 385 qui
398 331 516 385 apud
538 331 699 373 inferos
724 337 863 381 erant,
891 327 994 373 in'vi-

172 391 292 431 tante
317 388 508 440 (advenit
527 389 641 430 enim
657 393 706 429 ut
723 390 996 430 mortuorum

174 459 225 488 ac
259 446 458 488 vivorum
496 445 820 496 dominaretur)⁷
855 445 997 498 ipsam

174 515 255 555 pro
281 501 408 543 nobis
433 506 620 543 mortem
644 501 853 553 suscepit,
881 514 995 542 com-

173 562 348 601 munem
374 558 487 599 hanc
514 561 681 600 naturae
708 562 873 599 nostrae
900 571 996 610 pas-

174 616 342 658 sionem
362 615 564 656 sustinuit
583 615 626 654 in
644 627 773 655 carne
793 627 881 655 sua.

231 678 281 729 R.
310 676 479 728 Dignus
507 688 554 717 es
581 675 768 716 Do'mine
798 677 997 727 accipere

173 732 348 782 librum,
381 737 424 774 et
452 733 622 785 aperire
647 731 870 783 signacula
894 732 998 783 ejus,

176 789 381 841 quoniam
409 791 580 835 occisus
607 802 671 838 es,
704 793 748 829 et
775 786 998 829 redemisti

174 858 255 887 nos
274 846 371 887 Deo
397 847 419 869 *
434 846 486 887 In
505 846 712 896 sanguine
731 850 820 886 tuo.
851 845 900 890 V.
920 845 998 885 Fe-

176 902 274 944 cisti
294 903 408 944 enim
426 915 507 944 nos
526 902 624 943 Deo
647 906 799 943 nostro
819 914 999 952 regnum

177 963 220 1001 et
239 959 502 1001 sacerdetes.
530 959 591 999 In.
622 958 769 999 G16ria
784 958 913 998 Patri.
938 958 999 997 In.

231 1020 362 1055 Lectio
388 1020 436 1053 ix.
462 1019 508 1054 de
532 1019 671 1053 Homil.
698 1019 829 1052 Feriae.

231 1072 293 1112 Te
313 1072 455 1114 Deum
474 1071 712 1113 laudamus.
731 1071 790 1112 15.

438 1149 518 1190 Ad
543 1148 738 1189 Laudes

398 1207 444 1238 et
477 1213 569 1246 per
603 1203 782 1236 Horas

232 1260 331 1300 Ant.
348 1261 376 1299 1.
397 1259 511 1299 Vere
530 1258 762 1309 langueres
781 1258 804 1283 *
824 1262 1000 1298 nostros

174 1314 271 1366 ipse
295 1314 408 1364 tulit,
436 1319 479 1355 et
505 1313 681 1356 dolores
705 1318 880 1356 nostros
905 1313 1000 1365 ipse

174 1370 380 1422 portavit.

231 1432 299 1473 Ps.
323 1431 533 1472 Deminus
551 1431 759 1482 regnavit.
778 1431 837 1471 16.

231 1493 267 1532 2.
303 1493 402 1545 Ipse
434 1496 579 1533 autem
603 1493 627 1519 *
655 1491 906 1532 vulneratus
935 1495 1001 1531 est

175 1552 357 1600 propter
384 1548 635 1601 iniquitates
663 1553 853 1596 nostras,
884 1549 1000 1588 attri-

176 1609 247 1645 tus
267 1609 334 1645 est
351 1609 535 1657 propter
555 1604 720 1646 scelera
738 1609 898 1645 nostra.

232 1663 269 1702 3.
307 1660 509 1711 Alligavit
536 1661 749 1702 Dominus
777 1661 800 1686 *
827 1660 1002 1713 plagam

176 1717 330 1769 pepuli
344 1717 421 1766 sui,
440 1722 484 1759 et
502 1721 808 1770 percussuram
827 1717 917 1768 ejus
937 1729 1000 1757 sa-

175 1773 307 1814 navit.

233 1834 270 1872 4.
304 1830 453 1873 Omnis
481 1830 555 1882 qui
579 1830 797 1880 transibit,
816 1830 839 1855 *
859 1830 1002 1881 stupe-

179 1884 244 1927 bit
262 1898 394 1938 super
413 1898 563 1928 omnes
581 1886 733 1939 plagas
753 1887 853 1937 ejus.

234 1946 272 1985 5.
306 1945 343 1986 O
373 1955 452 1984 vos
481 1955 631 1984 omnes
657 1944 681 1968 *
710 1942 783 1994 qui
809 1941 1003 1983 transitis

181 2010 260 2051 per
273 1998 398 2047 viam,
418 1998 639 2049 attendite,
659 2004 702 2040 et
718 1998 864 2040 videte
883 1998 919 2038 si
939 2002 1005 2038 est

182 2053 309 2096 dolor
327 2054 439 2096 sicut
458 2054 586 2097 dolor
604 2067 739 2096 meus.

287 2120 544 2172 Capitulum.
764 2120 817 2159 Is.
836 2120 902 2159 53.

255 2180 416 2222 hristus
445 2179 697 2221 vulneratus
727 2185 793 2221 est
822 2184 1005 2232 propter

272 2236 523 2288 iniquitates
542 2241 726 2286 nostras,
748 2238 920 2278 attritus
940 2241 1006 2276 est

183 2298 368 2346 propter
386 2292 552 2334 scelera
570 2298 733 2334 nostra:
756 2293 876 2344 cujus
899 2291 1004 2332 livo-

183 2362 231 2390 re
251 2348 390 2390 sanati
410 2362 569 2390 sumus.

492 2409 698 2459 Hymnus.

274 2475 394 2511 ustra
413 2483 490 2511 sex
509 2470 582 2521 qui
602 2471 685 2521 jam
704 2469 882 2522 peregit,

313 2526 506 2580 Tempus
526 2525 710 2578 implens
730 2526 938 2578 corporis,

262 2582 427 2634 Sponte
445 2582 581 2623 libera
602 2580 873 2633 Redemptor

263 2637 460 2679 Passieni
479 2637 663 2686 deditus,

264 2693 416 2744 Agnus
434 2694 477 2734 in
496 2694 646 2735 Crucis
664 2693 832 2733 levatur

264 2748 560 2791 Immolandus
580 2749 739 2801 stipite.

1084 331 1195 372 Felle
1214 337 1346 384 potus
1366 345 1468 374 ecce
1487 333 1677 383 languet:

1126 387 1269 440 Spina,
1290 388 1411 439 clavi,
1431 388 1582 430 lancea

1126 444 1231 485 Mite
1251 457 1412 498 corpus
1430 446 1720 498 perforarunt:

1128 500 1254 542 Unda
1272 507 1428 551 manat,
1448 507 1491 543 et
1510 515 1651 543 cruor:

1129 557 1275 607 Terra,
1295 563 1468 610 pontus,
1488 563 1615 609 astra,
1634 558 1831 607 mundus,

1126 613 1224 663 Quo
1243 613 1443 656 lavantur
1462 615 1651 656 flumine!

1084 694 1198 734 Crux
1218 692 1371 743 fidelis,
1391 694 1501 735 inter
1521 707 1671 735 omnes

1130 749 1276 791 Arbor
1294 763 1379 791 una
1397 749 1570 791 nobilis:

1128 806 1245 847 Silva
1264 806 1396 847 talem
1415 807 1531 847 nulla
1550 806 1718 859 profert

1129 862 1315 912 Fronde,
1335 863 1454 912 flore,
1473 863 1682 914 germine:

1127 919 1266 960 Dulce
1286 919 1457 969 ferrum,
1477 919 1603 960 dulce
1621 919 1795 969 lignum,

1129 975 1268 1017 Dulce
1288 975 1461 1028 pondus
1482 975 1705 1016 sustinent.

1086 1052 1228 1094 Flecte
1248 1066 1392 1095 ramos
1412 1053 1543 1095 arbor
1563 1053 1660 1103 alta,

1130 1109 1275 1150 Tensa
1292 1110 1392 1151 laxa
1411 1112 1589 1159 viscera,

1130 1165 1187 1207 Et
1206 1166 1323 1217 rigor
1342 1167 1553 1208 lentescat
1572 1166 1654 1215 ille,

1132 1222 1271 1271 Quem
1292 1222 1413 1264 dedit
1433 1223 1652 1272 nativitas,

1130 1278 1187 1319 Et
1207 1279 1382 1332 superni
1401 1279 1596 1321 membra
1615 1279 1750 1329 Regis

1132 1334 1285 1376 Tende
1304 1336 1398 1377 miti
1418 1336 1576 1388 stipite.

1085 1412 1187 1453 Sola
1205 1413 1335 1463 digna
1353 1418 1400 1454 tu
1420 1414 1537 1455 fuisti

1133 1469 1266 1510 Ferre
1285 1469 1435 1510 mundi
1457 1469 1689 1518 victimam;

1131 1525 1277 1576 Atque
1297 1531 1474 1578 portum
1492 1526 1744 1578 praeparare

1131 1581 1247 1622 Arca
1265 1580 1427 1623 mundo
1447 1581 1668 1631 naufrago,

1131 1637 1272 1687 Quam
1291 1650 1414 1679 sacer
1434 1650 1562 1679 cruor
1581 1637 1795 1690 perunxit,

1130 1693 1271 1734 Fusus
1290 1693 1404 1745 Agni
1424 1696 1621 1746 cerpore.

1085 1772 1355 1824 Sempiterna
1375 1772 1431 1813 sit
1447 1771 1591 1813 beatae

1131 1828 1333 1870 Trinitati
1352 1828 1503 1879 gloria,

1132 1885 1279 1937 AEqua
1297 1885 1427 1934 Patri,
1445 1883 1661 1935 Filieque3

1133 1941 1217 1981 Par
1237 1939 1371 1982 decus
1390 1939 1623 1981 Paraclito:

1133 1997 1269 2038 Unius
1288 1997 1497 2049 Trinique
1515 2008 1674 2037 nomen

1133 2052 1303 2095 Laudet
1322 2052 1591 2094 universitas.

1365 2110 1516 2150 Arnen.

1110 2178 1161 2231 V.
1183 2183 1408 2225 Videbunt
1434 2184 1477 2224 in
1503 2195 1631 2234 quem
1656 2180 1879 2222 transfixe-

1057 2244 1166 2281 runt.
1206 2240 1256 2292 Rz.
1288 2240 1345 2281 Et
1375 2238 1584 2281 dolebunt
1611 2233 1879 2289 supereum,

1058 2300 1105 2336 ut
1121 2296 1165 2336 in
1183 2301 1324 2337 morte
1343 2293 1629 2348 primogeniti.

1110 2371 1181 2413 Ad
1210 2371 1370 2413 Bened.
1407 2371 1503 2412 Ant.
1548 2370 1669 2410 Unus
1696 2368 1891 2410 militum,

1057 2429 1209 2471 lancea
1225 2429 1339 2469 latus
1359 2427 1448 2478 ejus
1466 2426 1653 2478 aperuit,
1678 2430 1721 2467 et
1747 2427 1880 2467 conti-

1057 2499 1144 2527 nuo
1165 2485 1297 2527 exivit
1316 2483 1489 2533 sanguis
1509 2487 1552 2523 et
1571 2494 1694 2533 aqua.

1393 2564 1553 2605 Oratio.

1058 2631 1237 2736 Deus,
1265 2634 1338 2686 qui
1361 2633 1568 2683 unigeniti
1587 2632 1684 2673 Filii
1703 2632 1766 2673 tui
1785 2645 1880 2684 pas-

1155 2691 1291 2739 sione,
1318 2694 1360 2731 et
1378 2702 1458 2742 per
1479 2689 1669 2740 quinque
1687 2688 1882 2730 Vulnera

1061 2748 1151 2799 ejus
1171 2746 1389 2796 sanguinis
1408 2744 1631 2793 effusione,
1650 2743 1882 2785 humanam
