2066 2956
540 219 715 253 Officium
741 219 914 253 votivum
941 218 986 252 de
1012 220 1067 251 ὃς.
1094 217 1296 260 Apostolis
1322 217 1435 251 I'ctro
1462 222 1498 251 et
1522 217 1653 251 Paulo.

519 314 586 351 Ad
610 314 797 353 Sextam.

294 370 553 421 Capitulum.
776 370 931 411 Ezech.
948 371 1014 410 44.

239 430 419 538 Porta
441 434 538 476 haec
564 434 712 476 clausa
736 433 835 483 erit,
859 446 949 475 non
969 445 1067 486 ape-

339 492 489 541 rietur,
518 496 563 533 et
586 491 652 532 vir
676 503 764 532 non
788 489 968 532 intrabit
990 502 1069 542 per

241 562 351 598 eam,
381 548 587 601 queniam
614 547 830 589 Dominus
857 546 979 587 Deus
1007 547 1068 587 Is-

239 605 328 647 rael
347 606 570 656 ingressus
588 609 655 646 est
671 616 751 657 per
767 615 878 645 eam:
898 604 1067 654 eritque

239 662 388 703 clausa
410 661 608 714 principi.
643 660 856 713 Princeps
880 659 976 712 ipse
1003 672 1067 701 se-

239 717 361 760 debit
379 718 423 759 in
442 731 504 760 ea.

292 777 343 827 Rg.
358 776 420 817 br.
437 775 486 816 In
505 774 591 816 hoc
606 774 804 826 cognovi,
819 776 840 799 *
852 773 1069 824 Queniam

238 831 418 874 voluisti
428 844 509 873 me.
523 832 574 872 In
585 830 671 873 hoc
683 831 882 883 cognevi.
897 826 946 877 V.
961 830 1069 881 Que—

238 888 354 929 niam
378 901 467 930 non
491 886 698 939 gaudebit
720 887 920 929 inimicus
944 899 1069 928 meus

238 957 371 998 super
393 957 474 986 me.
509 944 723 994 Queniam
742 944 930 986 voluisti.
967 942 1068 984 Glo-

238 1001 301 1042 ria
319 1001 449 1042 Patri.
476 1001 527 1042 In
547 1000 643 1042 hoc.

294 1052 342 1103 V.
355 1057 574 1099 Exaltabo
589 1061 633 1098 te
644 1057 844 1107 Demine,
861 1056 1068 1110 queniam

238 1114 470 1179 suscepisti
502 1127 582 1156 me.
629 1114 680 1165 R.
711 1114 806 1156 Nec
837 1112 1068 1156 delectasti

238 1173 437 1212 innnicos
456 1183 580 1213 meos
600 1183 734 1224 super
752 1183 833 1212 me.

429 1236 648 1288 Tempore
671 1234 879 1275 Paschali.

293 1296 341 1336 R·.
363 1294 423 1335 br.
450 1298 500 1337 In
523 1296 608 1339 hoc
633 1296 837 1348 cognovi,
862 1295 1068 1348 queniam

239 1352 415 1396 voluisti
433 1367 518 1403 me,
540 1354 562 1375 *
582 1354 786 1406 Alleluia,
806 1352 990 1404 alleluja.
1017 1353 1068 1393 In

238 1409 334 1451 hoc.
361 1403 410 1455 Y.
431 1411 647 1461 Queniam
664 1423 752 1452 non
769 1408 978 1461 gaudebit
992 1409 1067 1449 ini-

239 1468 378 1507 micus
410 1479 532 1509 meus
566 1480 698 1520 super
728 1479 810 1508 me.
864 1465 1067 1518 Alleluia,

239 1521 421 1575 alleluia.
452 1522 601 1565 Gloria
620 1524 750 1565 Patri.
778 1524 829 1564 In
847 1522 944 1564 hoc.

291 1573 343 1624 V.
355 1579 572 1622 Exaltabo
588 1586 632 1622 te
647 1580 846 1630 Domine,
863 1579 1068 1631 queniam

239 1636 471 1689 suscepisti
489 1649 574 1686 me,
594 1636 776 1690 alleluia.
810 1636 861 1688 R».
880 1636 976 1678 Nec
995 1633 1067 1677 de-

239 1691 410 1734 lectasti
442 1693 641 1735 inimicos
672 1707 796 1735 meos
828 1706 960 1746 super
987 1705 1067 1742 me,

239 1748 421 1802 alleluja.

516 1819 584 1856 Ad
607 1821 791 1856 Nonam.

293 1875 551 1928 Capitulum.
749 1875 888 1927 Apoc.
909 1875 965 1914 12.

309 1937 458 1987 ignum
476 1950 681 1989 magnum
700 1936 906 1990 apparuit
923 1936 968 1976 in
983 1949 1067 1977 coe-

321 1993 381 2034 lo:
404 1993 561 2035 Mulier
585 1996 743 2035 amicta
768 1991 878 2043 sole,
903 1996 947 2034 et
966 1992 1069 2034 luna

240 2049 321 2092 sub
340 2048 529 2103 pedibus
549 2051 656 2103 erS,
682 2054 726 2092 et
748 2050 794 2091 in
813 2049 957 2102 capite
978 2050 1068 2102 ejus

241 2108 404 2148 corena
424 2106 648 2148 stellarum
669 2105 914 2148 duedecim.

293 2162 343 2214 Rv.
376 2162 439 2204 br.
479 2162 698 2204 Exaltabo
730 2167 774 2205 te
807 2163 1012 2213 Demine,
1045 2166 1067 2190 *

242 2220 457 2270 Queniam
477 2220 710 2273 suscepisti
728 2233 810 2262 me.
841 2218 1069 2261 Exaltabo.

242 2274 293 2321 V.
323 2277 419 2318 Nec
452 2275 683 2319 delectasti
714 2276 913 2318 inimicos
945 2289 1069 2318 meos

243 2345 374 2385 super
392 2346 474 2374 me.
507 2334 734 2384 Queniam.
767 2332 921 2374 Gleria
937 2332 1070 2375 Patri.

243 2388 471 2431 Exaltabo.

295 2437 343 2488 V.
354 2446 639 2488 Immaculata
649 2445 892 2498 Conceptio
903 2450 978 2487 tua
986 2446 1070 2487 Dei

245 2499 444 2542 Genitrix
473 2502 623 2553 Virgo.
671 2501 719 2553 R·.
750 2500 971 2544 Gaudium
999 2515 1069 2544 an-

244 2557 457 2600 nuntiavit
476 2559 679 2600 universo
699 2558 874 2600 mundo.

429 2621 648 2673 Tempore
671 2623 878 2664 Paschali.

277 2681 345 2745 ⁸Rg.
365 2681 425 2721 br.
448 2683 664 2726 Exaltabo
683 2690 728 2726 te
746 2685 944 2734 Demine,
965 2687 1069 2737 que-

246 2749 359 2778 mam
383 2741 613 2792 suscepisti
636 2754 721 2789 me,
738 2743 760 2766 *
783 2741 983 2793 Alleluia,
1013 2741 1069 2782 al-

1122 314 1262 366 leluja.
1289 313 1519 356 Exaltabo.
1544 311 1594 362 Y.
1610 313 1706 355 Nec
1721 312 1951 355 delectasti

1122 371 1320 413 inimicos
1342 383 1465 412 meos
1490 383 1622 424 super
1640 383 1721 411 me.
1753 369 1951 423 Alleluia,

1122 427 1304 480 alleluia.
1334 427 1487 469 Gleria
1504 427 1634 470 Patri.
1662 425 1892 468 Exaltabo.

1173 493 1224 542 Y.
1272 491 1558 534 Immaculata
1596 491 1839 544 Conceptio
1875 497 1952 533 tua

1122 549 1204 591 Dei
1216 549 1571 601 GenitrixVirgo,
1583 548 1765 601 alleluja.
1783 550 1834 603 Rg.
1844 548 1954 590 Gau-

1122 604 1242 647 dium
1261 605 1532 648 annuntiavit
1551 605 1756 647 universo
1775 604 1951 655 mundo,

1122 662 1304 715 alleluja.

1327 744 1389 785 In
1411 744 1473 785 H.
1497 742 1752 794 vesperis.

1175 812 1313 846 Omnia
1337 816 1378 845 ut
1403 811 1441 845 in
1465 810 1491 845 Ι.
1516 809 1633 853 Vesp.
1657 813 1814 853 praeter:

1179 872 1249 913 Ad
1275 872 1449 921 Magnis.
1477 872 1577 912 Ant.
1613 871 1777 913 Sancta
1802 871 1951 921 Maria,

1121 928 1144 954 *
1168 931 1375 970 succurre
1398 927 1587 978 miseriS‚
1611 928 1710 980 juva
1729 927 1950 981 pusillani-

1120 997 1230 1034 mes,
1259 984 1408 1026 refove
1436 983 1624 1034 flebileS,
1657 997 1735 1027 ora
1763 997 1847 1038 pro
1874 986 1951 1038 ρό-

1120 1042 1237 1094 pulo,
1256 1041 1468 1083 interveni
1484 1054 1566 1095 pro
1583 1041 1713 1092 clero,
1729 1040 1951 1083 intercede

1120 1111 1202 1151 pro
1224 1097 1387 1140 deveto
1406 1098 1596 1140 femineo
1617 1111 1739 1140 sexu:
1764 1098 1951 1140 sentiant

1121 1167 1274 1197 omnes
1299 1160 1424 1197 tuum
1442 1154 1660 1208 juvamen,
1685 1154 1951 1207 quicumque

1121 1211 1344 1253 celebrant
1371 1216 1493 1253 tuam
1518 1216 1715 1254 sanctam
1738 1211 1950 1253 Immacu-

1120 1268 1255 1310 latam
1276 1268 1633 1321 Conceptienem.

1411 1364 1661 1404 ROMAE.

1301 1433 1423 1474 Pro
1459 1432 1659 1475 Feria
1692 1433 1771 1474 ΠΙ.

1350 1494 1527 1530 Officium
1551 1494 1728 1530 votivum

1121 1547 1182 1589 de
1197 1548 1267 1590 Ss.
1282 1548 1539 1600 Apostolis
1552 1549 1702 1591 Petro
1717 1549 1768 1591 et
1781 1546 1953 1591 Paulo?
1970 1557 1974 1560 ’

1408 1614 1669 1658 Semiduplex.

1175 1670 1313 1706 Omnia
1335 1671 1381 1705 de
1403 1671 1547 1706 Comm.
1566 1670 1702 1714 Apost.
1719 1668 1767 1712 [1]
1789 1669 1853 1704 vel
1870 1667 1951 1712 [21],

1123 1729 1194 1763 pro
1221 1719 1445 1754 diversitate
1470 1719 1656 1763 temporis
1681 1722 1823 1762 praeter
1845 1727 1952 1761 sequ.

1288 1784 1338 1823 In
1358 1783 1551 1834 utrisque
1571 1782 1781 1834 Vesperis.

1176 1845 1226 1897 V.
1251 1848 1501 1890 Constitues
1530 1859 1607 1889 eos
1634 1846 1856 1900 principes
1883 1859 1950 1888 su-

1122 1917 1201 1958 per
1229 1917 1403 1946 omnem
1429 1909 1602 1946 terram.
1650 1906 1702 1958 R.
1731 1903 1951 1945 Memores

1122 1966 1248 2003 erunt
1266 1960 1452 2002 neminis
1470 1960 1534 2002 tui
1553 1959 1752 2002 Domine.

1176 2022 1247 2064 Ad
1267 2023 1440 2074 Magnis.
1461 2023 1559 2064 Ant.
1584 2021 1739 2063 Petrus
1758 2020 1949 2074 Apesto-

1121 2077 1204 2127 lus,
1233 2080 1256 2105 *
1284 2083 1328 2120 et
1351 2078 1513 2119 Paulus
1537 2077 1708 2119 Doctor
1734 2076 1950 2127 Gentium,

1121 2134 1205 2187 ipsi
1245 2147 1326 2176 nos
1367 2134 1611 2177 docuerunt
1649 2133 1792 2185 legem
1830 2138 1951 2175 tuam

1121 2190 1319 2232 Demine.
1572 2236 1580 2244 ‚

1458 2236 1624 2276 Orat1o.

1211 2303 1303 2341 eus,
1328 2292 1448 2343 cujus
1472 2289 1654 2332 dextera
1676 2289 1855 2332 beatum
1873 2290 1950 2331 Pe-

1233 2353 1348 2389 trum
1366 2346 1662 2389 ambulantem
1676 2346 1719 2387 in
1734 2345 1950 2396 fluetibus,

1122 2415 1175 2445 ne
1192 2405 1473 2455 mergeretur,
1493 2402 1640 2451 erexit,
1661 2407 1704 2444 et
1719 2404 1951 2455 coapesto-

1122 2459 1211 2500 lum
1230 2460 1321 2511 ejus
1336 2459 1528 2509 Paulum,
1547 2459 1678 2501 tertio
1695 2458 1950 2509 naufragan-

1122 2521 1221 2566 tem,
1245 2515 1300 2558 de
1323 2514 1546 2569 profundo
1568 2514 1714 2568 pelagi
1735 2514 1951 2557 liberavit:

1123 2572 1282 2614 exaudi
1306 2585 1387 2614 nos
1411 2572 1645 2625 propitius,
1674 2575 1718 2613 et
1741 2570 1951 2622 concede,

1122 2634 1170 2670 ut
1215 2629 1442 2670 amberum
1485 2628 1651 2669 meritis
1696 2628 1951 2670 aeternitatis

1123 2684 1306 2734 g16riam
1339 2686 1676 2736 consequamur:
1726 2684 1810 2734 Qui
1841 2683 1951 2725 vivis

1124 2746 1167 2782 et
1186 2754 1341 2792 regnas
1361 2754 1461 2782 cum
1480 2741 1578 2782 Deo
1597 2741 1737 2782 Patre.
