2028 2892
194 179 263 215 368

761 180 855 212 1ιιῐι’;ι
884 184 993 213 (max
1010 191 1066 212 aum
1097 180 1350 214 l'cmccoslcs.

195 276 317 318 dedit
344 275 428 316 illis
454 275 661 317 virtutem
687 281 731 317 et
754 275 1020 328 potestatem
1073 272 1280 314 Imitandi
1296 273 1408 315 enim
1424 275 1647 327 specimen
1662 274 1795 325 dedit,
1810 288 1898 318 non

195 345 327 385 super
356 331 501 373 omnia
527 330 758 380 daem6nia,
787 336 830 372 et
858 335 905 371 ut
932 329 1020 370 lan—

194 391 352 440 guores
372 390 590 429 curarent:
610 393 653 429 et
667 388 785 429 misit
798 387 897 428 illos
912 399 1021 439 prae-

195 445 342 487 dicare
362 457 542 495 regnum
557 445 653 494 Dei,
672 449 714 486 et
734 446 889 485 sanare
907 443 1021 484 infir-

194 514 302 551 mos,
322 500 504 553 alleluja.

529 562 537 591 (
555 561 663 596 mm<
675 575 691 595 ι,

282 627 374 664 euS,
400 615 474 666 qui
497 614 708 656 hodierna
728 614 798 656 die
822 613 957 655 corda
976 614 1022 654 fi-

291 670 453 712 delium
474 672 611 713 sancti
633 672 820 724 Spiritus
839 670 1022 712 illustra-

194 728 314 770 tione
335 727 537 770 docuisti:
566 727 621 769 da
647 728 773 769 nobis
798 728 841 768 in
867 726 1023 769 eodem

195 783 361 837 Spiritu
393 789 513 826 recta
546 787 721 838 sapere,
769 790 813 826 et
845 783 900 826 de
934 785 1024 835 ejus

196 853 371 893 semper
391 841 689 883 consolatione
708 841 911 892 gaudere.
939 841 1024 882 Per

196 897 431 938 Dominum
453 930 558 938 .....
578 898 620 938 in
643 898 810 940 unitate
830 897 1024 949 ejusdem

196 953 384 1005 Spiritus
403 955 541 996 sancti
559 955 690 996 Deus.

255 1016 317 1054 .th
351 1016 518 1056 Mamili.
560 1018 651 1055 lut.
690 1016 875 1068 Spiritus
901 1017 923 1041 *
951 1017 1025 1068 qui

190 1083 223 1124 >a
241 1071 372 1113 Patre
398 1072 615 1125 procedit,
644 1072 829 1123 alleluja:
856 1073 928 1114 ille
955 1086 1024 1114 me

197 1127 463 1178 clarificabit,
487 1128 668 1180 alleluja,
688 1128 869 1181 alleluja.

432 1245 556 1281 Feri
570 1256 594 1281 a
626 1246 653 1282 S
668 1250 793 1282 exta

304 1302 338 1342 ⁴)
355 1311 375 1335 ιι
391 1311 410 1335 ιι
428 1306 438 1336 1
457 1311 478 1336 ιι
494 1314 518 1332 ⁴·
534 1312 549 1336 ι·
591 1298 660 1337 'l'c
676 1313 713 1337 ιη
731 1313 794 1349 po
810 1312 826 1337 1·
842 1313 862 1339 ιι
878 1314 929 1338 m.

255 1361 300 1408 Χῖ
335 1362 523 1415 Spiritus
550 1363 812 1413 Paraclitus‚
843 1363 1025 1416 alleluia.

206 1420 248 1469 lla
268 1418 457 1461 Docebit
476 1433 555 1461 vos
577 1421 732 1470 omnia,
752 1420 933 1473 alleluja.

257 1477 380 1518 l‘ater
399 1481 559 1518 noster.

257 1539 494 1580 ,xlwsolutiw
532 1540 670 1590 Ipsius
690 1540 842 1591 pietas.

260 1599 414 1638 Heneti.
452 1599 706 1650 1·1vangelica
729 1598 872 1641 lectio.

204 1666 354 1707 Lectio
379 1668 519 1709 sancti
537 1668 762 1720 Evangelii
787 1670 1027 1711 secundum

526 1724 702 1766 Lucam.

310 1781 455 1821 Lectio
480 1783 499 1819 i.
712 1786 922 1835 (lapsid.

198 1833 274 1940 In
307 1838 382 1880 illo
415 1840 630 1891 tempore:
669 1839 853 1880 Factum
886 1844 953 1881 est
983 1839 1026 1880 in

273 1907 359 1936 una
391 1894 576 1945 dierum,
610 1901 653 1937 et
684 1895 811 1936 Jesus
845 1895 1028 1938 sedebat

201 1950 376 1992 docens.
412 1951 469 1992 Et
494 1957 618 1994 erant
644 1951 849 2004 pharisaei
875 1951 1025 1994 seden-

199 2012 279 2058 teS,
298 2012 342 2049 et
360 2007 469 2059 legis
489 2007 706 2058 doctores,
727 2009 801 2061 qui
819 2011 1028 2052 venerant

201 2077 254 2105 ex
283 2065 400 2105 omni
429 2064 610 2107 castello
640 2065 853 2115 Galilaeae,
886 2071 930 2107 et
955 2067 1026 2107 Ju-

201 2119 326 2169 daeae‚
355 2125 399 2163 et
424 2121 681 2163 Jerusalem:
710 2127 753 2163 et
779 2122 915 2163 virtus
939 2123 1025 2164 Do-

200 2177 305 2218 mini
337 2182 431 2219 erat
462 2177 519 2219 ad
552 2178 792 2220 sanandum
831 2192 918 2220 eos.
972 2180 1028 2222 Et

201 2233 379 2286 reliqua.

319 2302 504 2344 llomilia
531 2304 669 2345 sancti
696 2304 920 2346 Ambrosii

506 2361 726 2413 Episcopi.

274 2420 338 2452 {Ab
368 2424 394 2453 ξι,
418 2434 449 2453 ιιι
471 2434 549 2464 cup
570 2424 598 2455 Γ).
622 2422 746 2456 laium,
774 2430 854 2464 posi
886 2424 958 2455 init.

236 2502 247 2529 ¹.
328 2484 393 2512 on
435 2474 577 2514 otiosa
618 2473 743 2525 hujus
783 2474 1027 2527 paralytici,

214 2482 330 2590 Qu&
356 2542 435 2570 nec
474 2534 657 2581 angusta
694 2530 907 2572 medicina
945 2537 1027 2580 est,

218 2585 330 2604 ζμ
357 2586 531 2638 quando
559 2588 773 2629 Dominus
802 2593 845 2629 et
879 2590 1028 2629 orasse

205 2643 499 2694 praemittitur:
534 2657 620 2685 non
656 2644 806 2696 utique
845 2650 1028 2697 propter

205 2698 467 2749 suffragium,
483 2701 560 2742 sed
575 2706 757 2753 propter
769 2701 1028 2753 exemplum.

1074 329 1284 381 precandi
1321 329 1530 372 ambitum
1562 331 1798 383 requisivit.
1842 331 1900 373 Et

1076 386 1435 428 convenientibus
1469 399 1523 428 ex
1554 387 1672 429 omni
1707 388 1900 438 Galilaea,

1077 447 1120 483 et
1143 441 1314 493 Judaea,
1347 448 1390 485 et
1416 443 1658 486 Jerusalem
1687 445 1796 496 legis
1825 445 1900 487 do-

1077 498 1287 549 ctoribus,
1311 500 1423 541 inter
1443 503 1690 542 ceterorum
1708 501 1902 543 remedia

1077 624 1131 652 na
1160 610 1432 654 describitur.
1473 613 1667 655 Primum
1696 615 1902 664 omnium,

1078 667 1197 720 quod
1231 673 1332 710 ante
1365 667 1571 719 diximus,
1603 673 1902 724 unusquisque

1078 737 1194 775 aeger
1225 725 1429 778 petendae
1462 729 1716 779 precatores
1752 727 1904 769 salutis

1078 780 1210 824 debet
1237 782 1461 833 adhibere,
1494 796 1574 836 per
1604 796 1713 836 quos
1740 789 1904 826 nostrae

1077 839 1179 880 vitae
1212 842 1429 892 compago
1462 840 1672 890 resoluta,
1711 845 1903 883 actuum-

1080 908 1164 947 que
1210 899 1462 938 nostrorum
1510 896 1666 939 clauda
1710 898 1904 949 vestigia,

1078 952 1200 994 verbi
1226 952 1420 995 coelestis
1449 953 1643 996 remedio
1672 954 1904 996 reformen-

1077 1013 1159 1050 tur.

1139 1074 1181 1122 Ιιῖ.
1198 1070 1299 1112 Non
1319 1083 1398 1111 vos
1418 1084 1488 1112 me
1506 1071 1708 1122 elegistis,
1729 1071 1807 1113 sed
1823 1085 1905 1123 ego

1079 1127 1189 1177 elegi
1208 1140 1303 1176 VOS,
1331 1132 1374 1168 et
1396 1128 1527 1180 posui
1546 1141 1640 1169 vos:
1662 1133 1681 1151 ⁸
1702 1128 1762 1170 Ut
1785 1129 1906 1179 eatis

1080 1188 1123 1224 et
1165 1183 1354 1224 fructum
1396 1183 1607 1234 afferatis,
1654 1191 1697 1226 et
1739 1185 1906 1226 fructus

1079 1244 1224 1281 vester
1260 1241 1453 1289 maneat,
1495 1240 1685 1293 alleluja,
1726 1240 1907 1294 alleluja.

1085 1293 1129 1342 Y·
1165 1296 1286 1337 Sicut
1318 1296 1436 1338 misit
1467 1309 1538 1338 me
1564 1297 1714 1347 Pater,
1748 1302 1792 1339 et
1825 1310 1907 1349 ego

1079 1353 1205 1394 mitto
1226 1365 1317 1394 vos.
1345 1353 1405 1394 Ut
1425 1353 1546 1394 eatis.

1138 1418 1292 1458 {it-ned.
1325 1417 1527 1459 Divinum
1546 1418 1763 1460 auxilium.

1396 1498 1542 1537 Lecti«)
1566 1498 1599 1537 ii.

1147 1565 1210 1606 int
1230 1565 1359 1615 igitur
1380 1564 1515 1617 aliqui
1534 1565 1772 1607 monitores
1791 1578 1907 1608 men-

1157 1621 1225 1671 tis,
1245 1622 1319 1674 qui
1337 1621 1527 1662 animum
1541 1620 1739 1672 hominis,
1760 1635 1906 1674 quam-

1080 1678 1146 1719 vis
1180 1677 1410 1719 exterioris
1447 1677 1648 1730 corporis
1682 1677 1907 1721 debilitate

1079 1735 1348 1786 torpentem,
1381 1732 1437 1775 ad
1469 1734 1696 1786 superiora
1729 1735 1908 1785 erigant.

1080 1790 1275 1840 Quorum
1302 1802 1453 1831 rursus
1479 1788 1751 1831 adminiculis
1778 1796 1822 1832 et
1847 1796 1907 1833 at-

1079 1846 1236 1887 tollere
1263 1851 1306 1887 et
1331 1845 1559 1887 humiliare
1583 1859 1629 1887 se
1647 1846 1784 1888 facilis
1809 1852 1908 1890 ante

1079 1903 1104 1944 J
1108 1915 1229 1944 esum
1265 1902 1451 1951 locetur,
1498 1902 1732 1944 Dominico
1769 1903 1907 1945 videri

1080 1958 1237 2010 dignus
1256 1960 1449 2011 aspectu.
1477 1958 1779 2000 Humilitatem
1795 1960 1908 2001 enim

1080 2015 1261 2068 respicit
1297 2014 1530 2057 Dominus:
1576 2015 1677 2066 quia
1715 2016 1909 2068 respexit

1080 2071 1369 2113 humilitatem
1389 2071 1557 2112 ancillae
1577 2084 1678 2112 suae.
1711 2072 1907 2122 Quorum

1080 2127 1211 2169 fidem
1231 2133 1279 2169 ut
1299 2127 1417 2177 vidit,
1438 2126 1561 2169 dixit:
1585 2128 1744 2177 Homo,
1764 2128 1906 2169 remit-

1079 2188 1228 2226 tuntur
1260 2184 1341 2226 tibi
1372 2186 1555 2237 peccata
1587 2189 1672 2226 tua.
1723 2185 1906 2235 Magnus

1079 2242 1304 2290 Dominus,
1325 2242 1399 2294 qui
1420 2241 1602 2282 aliorum
1617 2241 1772 2283 merito
1787 2241 1905 2293 igno-

1080 2298 1162 2339 scit
1181 2297 1289 2338 aliis:
1309 2304 1353 2339 et
1373 2297 1475 2339 dum
1496 2297 1606 2339 alios
1621 2297 1790 2350 probat,
1812 2297 1906 2339 aliis

1080 2353 1247 2396 relaxat
1262 2356 1416 2395 errata.
1446 2355 1534 2395 Cur
1552 2353 1670 2406 apud
1689 2359 1743 2403 te,
1763 2353 1906 2403 homo,

1081 2410 1247 2460 collega
1259 2423 1345 2451 non
1356 2410 1510 2460 valeat,
1526 2424 1623 2452 cum
1635 2410 1754 2463 apud
1764 2411 1905 2451 Deum

1081 2479 1232 2508 servus
1265 2471 1308 2507 et
1340 2464 1654 2508 interveniendi
1687 2466 1905 2516 meritum,

1081 2529 1123 2565 et
1142 2524 1207 2574 jus
1226 2522 1386 2563 habeat
1403 2521 1687 2574 impetrandi?

1135 2592 1182 2640 Ην.
1215 2588 1403 2640 Spiritus
1427 2587 1603 2627 Domini
1629 2586 1813 2639 replevit
1838 2599 1904 2627 or·

1080 2644 1181 2686 bem
1199 2646 1428 2686 terrarum:
1450 2644 1466 2663 *
1487 2643 1544 2684 Et
1562 2643 1646 2684 hoc
1666 2642 1786 2695 quod
1806 2645 1904 2684 con—

1079 2701 1188 2744 tinet
1207 2700 1360 2750 omnia‚
1381 2700 1604 2743 scientiam
1623 2699 1755 2741 habet
1770 2700 1904 2750 vocis,
