2028 2892
403 1293 623 1354 FERIA
663 1294 937 1367 QUINTA
981 1295 1053 1355 IN
1095 1295 1302 1357 COENA
1347 1297 1617 1358 DOMINI.

905 1396 955 1397 W
975 1392 982 1401 .
994 1390 1113 1403 .0.WWW

315 1442 403 1482 Ad
434 1443 824 1484 Matutinum.

393 1514 442 1552 In
467 1514 496 1553 Ι.
520 1514 742 1555 Nocturno.

221 1629 225 1630 ⁷
247 1624 257 1626 ,
310 1624 332 1625 W
351 1623 354 1624 γ
446 1583 710 1635 Antiphona.

295 1650 299 1652 ’
347 1664 363 1694 ,⁷
403 1642 496 1683 elus
516 1642 672 1684 domus
687 1647 774 1684 tuae
789 1643 981 1685 comedit

180 1716 190 1724 =
212 1696 227 1733 ¹.-
291 1712 383 1754 1151&
420 1711 500 1747 me,
521 1703 564 1739 et
580 1698 819 1751 opprebria
835 1712 981 1751 expro-

215 1760 217 1767 ⁴
276 1754 315 1806 χ’,
332 1753 383 1808 557
420 1754 641 1795 brantium
686 1754 765 1796 tibi
814 1755 979 1796 cecide—

421 1815 522 1851 runt
541 1823 674 1862 super
692 1823 772 1852 me.

422 1882 620 1922 Psalmus
650 1884 716 1922 68.

221 1946 366 1986 alvum
390 1960 459 1988 me
485 1947 552 1988 fac
572 1948 708 1988 Deus:
727 1948 751 1973 *
773 1948 977 1999 queniam

228 2002 499 2044 intraverunt
518 2016 644 2054 aquae
665 2016 803 2054 usque
819 2003 874 2043 ad
891 2003 976 2043 ani-

151 2070 267 2098 mam
287 2054 441 2098 meam.

202 2113 368 2153 Infixus
394 2126 491 2154 sum
515 2115 559 2154 in
584 2114 686 2154 limo
710 2113 931 2165 profsmdi:
952 2114 976 2139 *

151 2173 195 2209 et
212 2181 301 2209 non
325 2173 391 2209 est
410 2169 665 2210 substantia.

201 2224 316 2265 Veni
343 2225 387 2264 in
415 2224 690 2265 altitfidinem
716 2224 861 2264 maris:
885 2225 909 2250 *
932 2228 976 2264 et

150 2281 390 2331 tempestas
411 2279 620 2321 demersit
637 2292 718 2320 me.

201 2334 421 2376 Laboravi
444 2335 652 2384 clamans,
680 2347 824 2375 raucae
848 2334 975 2375 factae

152 2395 254 2432 sunt
281 2391 429 2432 fauces
456 2403 582 2431 meae:
606 2392 628 2417 *
654 2390 904 2431 defecerunt
932 2391 974 2429 ό-

150 2445 237 2486 culi
280 2447 382 2496 mei,
429 2446 532 2487 dum
575 2459 705 2498 spero
749 2446 792 2485 in
834 2446 975 2485 Deum

149 2513 306 2541 meum.

201 2556 478 2609 Multiplicati
508 2562 609 2598 sunt
633 2569 765 2608 super
793 2555 973 2606 capillos

151 2612 306 2663 capitis
350 2613 452 2661 mei,
489 2614 513 2639 *
550 2613 624 2664 qui
675 2611 859 2652 oderunt
903 2621 973 2649 me

149 2667 296 2717 gratis.

1087 1442 1330 1483 Consortati
1376 1447 1475 1483 sunt
1521 1443 1594 1494 qui
1639 1443 1856 1494 persecuti

1035 1502 1135 1538 sunt
1153 1511 1224 1539 me
1242 1498 1403 1539 inimici
1422 1499 1508 1539 mei
1528 1499 1696 1549 injuste:
1715 1498 1737 1522 *
1759 1510 1855 1548 quae

1034 1566 1121 1594 non
1140 1554 1275 1605 rapui,
1295 1558 1399 1594 tunc
1419 1554 1710 1595 exsolvebam.

1087 1609 1208 1650 Deus
1227 1614 1274 1650 tu
1294 1610 1379 1650 scis
1395 1610 1685 1661 insipientiam
1700 1622 1856 1649 meam:

1033 1666 1056 1691 *
1073 1670 1116 1706 et
1134 1665 1292 1706 delicta
1311 1679 1408 1707 mea
1427 1679 1452 1706 a
1471 1671 1514 1706 te
1533 1679 1620 1706 non
1641 1670 1740 1705 sunt
1761 1665 1855 1705 abs-

1033 1721 1220 1763 cendita.

1084 1777 1185 1817 Non
1219 1777 1479 1818 erubescant
1510 1778 1553 1817 in
1585 1789 1653 1817 me
1683 1775 1755 1826 qui
1785 1788 1854 1815 ex-

1032 1834 1233 1884 spectant
1251 1837 1295 1873 te
1314 1833 1513 1881 Demine,
1529 1833 1551 1857 *
1567 1831 1753 1872 Demine
1773 1830 1852 1870 vir-

1030 1891 1183 1929 tatum.

1082 1944 1183 1984 Non
1215 1943 1537 1985 confundantur
1569 1955 1700 1993 super
1732 1954 1800 1982 me
1828 1941 1851 1966 *

1032 2000 1106 2051 qui
1126 2004 1325 2051 quaerunt
1344 2004 1398 2048 te,
1416 1999 1537 2039 Deus
1556 1997 1701 2038 Israel.

1082 2055 1296 2104 Queniam
1314 2059 1496 2106 propter
1515 2059 1558 2095 te
1577 2052 1757 2093 sustinui
1775 2063 1849 2102 op-

1029 2110 1274 2162 prebrium:
1306 2111 1329 2136 *
1361 2109 1533 2161 operuit
1564 2107 1759 2149 confasio
1790 2106 1847 2145 fa-

1029 2165 1140 2206 ciem
1158 2178 1311 2206 meam.

1080 2221 1324 2262 Extraneus
1352 2220 1492 2260 factus
1520 2230 1613 2258 sum
1642 2215 1846 2256 fratribus

1028 2277 1152 2324 meis,
1172 2278 1196 2303 *
1220 2281 1264 2317 et
1290 2277 1543 2328 peregn'nus
1571 2272 1670 2312 filiis
1697 2271 1846 2311 matris

1028 2345 1147 2372 meae.

1080 2387 1294 2436 Quoniam
1313 2386 1430 2427 zelus
1451 2384 1605 2425 domus
1624 2388 1712 2423 tuae
1732 2395 1846 2423 com-

1029 2442 1118 2484 edit
1136 2456 1220 2484 me:
1235 2444 1258 2469 *
1274 2447 1317 2483 et
1332 2439 1567 2493 opprebria
1584 2438 1846 2490 exprobran-

1028 2499 1134 2539 tium
1153 2498 1244 2545 tibi,
1264 2496 1512 2538 ceciderunt
1530 2507 1662 2546 super
1680 2506 1761 2534 me.

1078 2555 1135 2594 Et
1154 2553 1305 2605 operui
1324 2553 1366 2591 in
1385 2550 1539 2601 jeji'mio
1560 2550 1746 2590 animam
1760 2561 1845 2589 me-

995 2621 998 2625 *
1028 2622 1112 2649 am:
1131 2610 1155 2635 *
1174 2613 1217 2649 et
1235 2609 1395 2648 factum
1416 2611 1481 2646 est
1500 2606 1543 2645 in
1560 2604 1845 2657 opprebrium

1026 2664 1143 2704 mihi.
