2028 2892
582 172 651 205 Die
681 171 727 204 153.

154 269 289 320 ditus,
334 269 500 311 Ariano
538 270 750 322 episcopo
788 269 979 311 venienti

154 326 453 379 exprobravit,
480 330 528 367 ut
552 325 722 376 debuit,
751 326 930 379 ejusque
954 340 979 368 a

154 396 201 424 se
232 382 462 436 perfidiam
498 381 640 433 dignis
672 382 978 435 increpationi-

153 439 236 481 bus
262 438 437 492 repulit:
465 438 567 490 quia
595 438 679 480 etsi
706 440 896 480 exterius
923 440 978 492 ja-

153 495 281 537 cebat
314 495 490 546 ligatus,
529 494 648 547 apud
680 508 728 536 se
756 500 903 537 tamen
935 497 978 537 in

152 564 310 603 magno
337 552 495 593 mentis
525 552 711 594 calmine
739 552 885 594 stabat
915 566 978 595 se-

152 612 292 650 curus
333 609 406 651 Ad
433 621 481 651 se
508 611 656 661 itaque
683 611 861 651 reverso
891 612 978 662 epi-

152 678 309 718 scopo,
353 665 542 707 Arianus
578 671 706 718 pater
741 666 978 717 infremuit,

152 724 388 774 statimque
417 735 520 764 suos
549 723 824 775 apparitores
851 723 978 773 misit,

153 779 228 829 qui
252 779 650 821 constantissimum
670 779 979 821 Confessorem

83 876 87 881 ,
151 835 235 877 Dei
261 835 350 877 illic
377 835 452 877 ubi
484 835 669 888 jacebat,
710 835 977 887 occiderent3

153 891 274 945 quod
297 897 341 934 et
363 892 527 934 facturn
547 897 624 935 est.
663 893 778 935 Nam
804 906 907 934 mox
930 899 979 935 ut

151 949 336 1000 ingressi
355 954 466 999 sunt,
485 951 673 996 securim
690 950 872 993 cerebro
887 952 978 1003 ejus

150 1005 394 1056 infigentes,
418 1007 553 1049 vitam
572 1008 770 1060 corporis
790 1007 978 1050 abstule-

150 1066 264 1103 runt:
291 1062 464 1115 hocque
488 1064 533 1104 in
557 1076 610 1105 eo
630 1064 859 1106 valuerunt
881 1077 977 1117 per-

151 1120 303 1169 imere,
343 1118 463 1172 quod
493 1120 638 1173 ipsum
672 1133 863 1173 quoque,
904 1121 978 1173 qui

150 1177 405 1229 peremptus
438 1181 521 1226 est,
562 1177 606 1218 in
643 1190 691 1219 se
722 1180 978 1219 constiterat

150 1231 416 1285 despexisse.
469 1233 557 1276 Sed
588 1246 669 1287 pro
703 1234 978 1276 ostendenda

149 1302 253 1330 vera
279 1290 370 1342 ejus
394 1290 550 1341 gloria,
583 1292 774 1343 superna
800 1303 977 1343 quoque

148 1358 237 1386 non
256 1345 433 1388 defuere
452 1347 671 1389 miracula.
703 1348 817 1389 Nam
841 1347 977 1400 coepit

148 1402 193 1442 in
236 1406 452 1445 nocturno
499 1404 671 1445 silentio
716 1403 976 1457 psalmodiae

149 1463 303 1500 cantus
337 1459 393 1501 ad
426 1472 586 1513 corpus
618 1460 813 1512 ejusdem
840 1460 976 1511 Regis

150 1520 194 1557 et
216 1516 421 1569 Martyris
445 1517 599 1559 audiri:
625 1522 757 1570 atque
780 1517 881 1559 ideo
906 1530 975 1558 ve-

149 1572 308 1615 raciter
325 1573 470 1624 Regis,
492 1574 592 1626 quia
613 1579 656 1615 et
674 1574 890 1626 Martyris.

206 1630 255 1681 Rz.
282 1629 558 1672 Desiderium
592 1632 747 1672 animae
780 1631 871 1683 ejus
902 1631 974 1672 tri-

147 1684 282 1728 buisti
309 1686 349 1728 ei
375 1687 579 1738 Domine,
616 1689 638 1710 *
666 1687 723 1729 Et
750 1687 975 1729 voluntate

147 1741 362 1784 labiorum
389 1744 480 1796 ejus
507 1757 595 1786 non
627 1743 838 1785 fraudasti
866 1756 975 1785 eum.

152 1799 201 1847 V.
218 1799 434 1850 Quoniam
452 1801 705 1853 praevenisti
723 1813 822 1842 eum
840 1801 884 1841 in
902 1800 974 1842 be-

148 1855 468 1898 nedictionibus
497 1855 757 1899 dulcedinis:
788 1857 976 1910 posuisti

148 1911 193 1952 in
220 1913 364 1966 capite
391 1914 483 1966 ejus
510 1915 719 1955 coronam
746 1912 801 1955 de
827 1912 975 1966 lapide

149 1968 357 2021 pretioso.
383 1969 451 2012 Et.

337 2026 557 2078 Tempore
588 2025 794 2066 Paschali.

204 2082 253 2132 151.
270 2082 321 2122 In
340 2083 478 2125 servis
497 2084 596 2134 suis,
620 2083 802 2135 alleluja,
824 2086 845 2107 *
865 2083 974 2124 Con-

150 2137 363 2180 solabitur
390 2139 528 2190 Deus,
557 2140 739 2192 alleluja.
785 2135 832 2186 Y.
858 2140 882 2180 J
884 2139 975 2181 udi-

150 2194 268 2237 cabit
286 2195 502 2238 D6minus
525 2197 739 2250 populum
762 2209 904 2246 suum,
932 2200 976 2237 et

150 2250 195 2292 in
213 2252 352 2293 servin
373 2253 472 2294 suis.
501 2253 821 2295 Consolabitur.

452 2309 601 2350 Lectio
622 2310 673 2349 vi.

152 2342 381 2466 Quidam
404 2366 536 2408 etiam
558 2366 718 2416 ferunt,
746 2365 867 2418 quod
889 2366 976 2407 illic

238 2425 454 2464 nocturno
466 2425 664 2476 tempore
675 2425 871 2464 accensae
880 2422 977 2463 lam-

150 2477 287 2529 pades
307 2479 589 2532 apparebant.
612 2479 740 2522 Unde
757 2484 801 2521 et
816 2479 977 2520 factum

152 2538 234 2583 est,
262 2537 476 2587 quatenus
501 2549 662 2588 corpus
686 2536 817 2585 illius,
846 2540 894 2576 ut
917 2536 975 2576 vi-

153 2589 311 2633 de'licet
329 2592 549 2644 Martyris,
577 2594 667 2645 jure
691 2605 717 2634 a
741 2592 907 2634 cunctis
930 2592 976 2632 fi-

153 2645 322 2689 delibus
348 2649 547 2690 venerari
576 2648 810 2691 debuisset.
846 2649 977 2689 Pater

154 2715 260 2744 vero
291 2705 486 2757 perfidus
519 2710 562 2747 et
593 2705 828 2758 parricida,
861 2717 975 2746 corn-

306 2844 371 2869 Pm
386 2845 479 2870 Verna.

754 173 910 214 Aprilis
958 172 992 204 S.
1019 163 1303 211 llermcncgildi
1332 171 1436 204 Mart.

1030 271 1176 311 motus
1203 269 1477 321 poenitentia,
1513 269 1598 311 hoc
1625 270 1781 311 fecisse
1810 282 1858 311 se

1031 324 1187 376 doluit,
1218 339 1300 368 nec
1329 331 1476 368 tamen
1499 339 1639 379 usque
1666 325 1724 367 ad
1749 325 1857 367 obti-

1031 382 1219 424 nendam
1256 382 1442 424 salutem
1477 383 1691 436 poenituit.
1743 382 1858 424 Nam

1032 439 1134 491 quia
1153 452 1256 480 vera
1282 444 1397 480 esset
1422 438 1638 480 catholica
1656 438 1768 480 fides
1788 452 1857 490 ag-

1030 496 1168 545 ndvit,
1197 495 1276 537 sed
1299 495 1442 547 gentis
1468 508 1559 536 suae
1583 496 1741 537 timdre
1760 508 1856 548 per-

1031 553 1224 602 territus,
1271 552 1327 594 ad
1362 552 1476 593 hanc
1510 554 1739 604 pervenire
1770 565 1858 593 non

1030 609 1198 650 meruit.
1252 609 1350 660 Qui,
1388 608 1547 650 oborta
1584 608 1857 659 aegritudine,

1031 665 1088 707 ad
1114 667 1310 707 extrema
1333 664 1573 718 perductus
1600 669 1683 713 est,
1713 669 1756 706 et
1779 664 1857 706 Le-

1031 722 1170 764 andro
1191 724 1420 775 episcopo,
1442 734 1572 774 quem
1589 722 1711 774 prius
1731 721 1857 763 vehe-

1030 780 1199 820 menter
1218 779 1447 829 afflixerat,
1474 778 1777 820 Reccaredum
1795 790 1859 819 re-

1030 849 1130 887 gem
1148 836 1286 877 filium
1305 849 1442 884 suum,
1464 848 1593 888 quem
1612 835 1656 875 in
1676 847 1755 876 sua
1772 833 1858 875 hae-

1031 893 1119 934 resi
1137 892 1427 945 relinquebat,
1453 890 1763 934 commendare
1789 904 1858 932 cu-

1030 950 1160 1000 ravit,
1179 954 1228 991 ut
1246 949 1290 990 in
1309 950 1407 1002 ipso
1429 961 1605 1002 quoque
1623 948 1729 990 talia
1747 948 1858 989 face-

1030 1012 1114 1056 ret,
1144 1006 1290 1059 qualia
1313 1011 1357 1048 et
1379 1007 1423 1047 in
1442 1006 1576 1047 fratre
1596 1005 1686 1046 suis
1706 1004 1859 1046 exhor-

1030 1063 1268 1104 tationibus
1296 1063 1480 1104 fecisset.
1519 1063 1614 1113 Qua
1642 1074 1859 1103 commen-

1032 1119 1209 1161 datione
1254 1119 1446 1172 expleta,
1500 1118 1731 1160 defunctus
1782 1122 1860 1159 est.

1029 1176 1137 1218 Post
1179 1176 1299 1227 eujus
1343 1180 1532 1217 mortem
1577 1174 1859 1216 Reccaredus

1030 1245 1108 1274 rex
1127 1245 1214 1274 non
1233 1237 1405 1285 patrem
1423 1231 1655 1285 perfidum,
1679 1230 1759 1272 sed
1777 1230 1859 1272 fra-

1030 1294 1143 1331 trem
1165 1290 1404 1342 Martyrem
1427 1301 1633 1341 sequens,
1662 1288 1717 1329 ab
1737 1287 1859 1328 Aria-

1031 1359 1099 1387 nae
1127 1346 1348 1387 haereseos
1376 1346 1592 1398 pravitate
1618 1346 1858 1386 conversus

1030 1407 1112 1452 est,
1144 1405 1373 1455 totamque
1397 1401 1730 1452 Visigothorum
1758 1413 1857 1451 gen-

1029 1463 1118 1500 tem
1142 1459 1203 1500 ita
1228 1458 1285 1500 ad
1310 1471 1459 1500 veram
1482 1457 1689 1511 perduxit
1713 1457 1858 1507 fidem,

1028 1520 1076 1557 ut
1108 1515 1275 1557 nullum
1310 1515 1354 1556 in
1391 1527 1470 1556 suo
1502 1527 1638 1566 regno
1671 1513 1859 1555 militare

1028 1574 1319 1625 permitteret,
1354 1572 1428 1624 qui
1454 1572 1577 1622 regni
1604 1571 1688 1612 Dei
1716 1570 1858 1611 hostis

1030 1631 1241 1670 exsistere
1273 1642 1354 1682 per
1384 1628 1637 1669 haereticam
1668 1627 1856 1680 pravita-

1028 1690 1118 1727 tem
1136 1698 1224 1727 non
1244 1686 1427 1727 timeret.
1454 1685 1550 1726 Nec
1564 1685 1722 1725 mirum
1738 1682 1858 1735 quod

1028 1755 1146 1784 verae
1177 1741 1281 1784 fidei
1312 1741 1580 1795 praedicator
1609 1741 1750 1782 factus
1780 1745 1858 1789 est,

1030 1799 1104 1852 qui
1122 1799 1255 1840 frater
1274 1804 1342 1841 est
1361 1799 1580 1851 Martyris:
1605 1798 1724 1849 cujus
1743 1796 1858 1838 hunc

1030 1868 1207 1908 quoque
1251 1855 1408 1897 merita
1447 1854 1671 1907 adjuvant,
1715 1858 1763 1895 ut
1801 1852 1857 1893 ad

1029 1912 1342 1965 omnipotentis
1382 1912 1466 1953 Dei
1510 1911 1723 1963 gremium
1767 1914 1857 1951 tam

1027 1968 1189 2010 multos
1209 1968 1401 2010 reducat.

1084 2026 1133 2077 Rv-
1174 2028 1297 2070 Stola
1331 2028 1622 2079 jucunditatis.
1665 2027 1753 2079 [30]
1788 2028 1853 2068 vel

1028 2085 1151 2126 Filiae
1169 2086 1194 2126 J
1197 2085 1424 2127 erusalem.
1445 2084 1529 2137 [44]

1082 2152 1125 2185 In
1161 2152 1224 2185 111.
1264 2152 1371 2186 Noct.
1416 2153 1528 2186 ctiam
1570 2159 1680 2195 temp.
1719 2153 1852 2186 Iaseh.

1031 2200 1199 2234 Homilia
1231 2201 1267 2233 in
1292 2201 1436 2241 Evang.
1467 2201 1510 2236 Si
1542 2200 1628 2245 quis
1660 2199 1775 2235 vem't.
1806 2201 1852 2235 dc

1030 2248 1174 2282 Comm.
1193 2249 1305 2282 unius
1322 2249 1429 2282 Mart.
1456 2254 1561 2283 extra
1587 2254 1698 2291 temp.
1718 2248 1852 2283 l'usch.

1032 2296 1058 2328 1.
1076 2296 1174 2330 loco.
1198 2297 1266 2341 [31]
1291 2307 1375 2331 cum
1395 2296 1471 2339 RH-
1491 2307 1558 2339 pro
1585 2302 1695 2339 temp.
1721 2297 1851 2340 qualit.

1082 2348 1123 2381 In
1149 2348 1339 2390 Quadrag.
1373 2349 1500 2382 Lectio
1529 2348 1574 2382 ix.
1607 2348 1652 2382 dc
1685 2349 1850 2383 llomilia

1029 2399 1065 2429 et
1090 2406 1283 2430 commem.
1308 2397 1389 2430 Fer.
1416 2397 1449 2429 in
1479 2396 1595 2430 Laud.

1080 2448 1196 2492 Vesp.
1223 2450 1268 2483 de
1295 2460 1398 2491 sequ.
1426 2459 1557 2482 comm.
1583 2459 1704 2491 price..
1731 2449 1851 2483 Feriar-

1030 2496 1068 2529 in
1091 2496 1282 2538 Quadrug.
1313 2502 1348 2530 ct
1377 2496 1432 2530 ss.
1461 2496 1564 2530 Mart.
1590 2497 1753 2531 Tiburtii
1784 2504 1851 2531 etc.

1081 2553 1105 2596 5
1134 2550 1343 2583 Commune
1374 2550 1429 2581 Ss.
1459 2549 1607 2592 Apost
1639 2550 1782 2593 Evang.
1817 2556 1852 2584 et

1029 2596 1237 2641 Martyrum
1253 2602 1422 2639 tempore
1438 2596 1573 2630 l'asch.
1590 2598 1753 2632 habetur
1767 2609 1850 2632 cum

1028 2645 1116 2678 aliis
1140 2645 1416 2679 communibus
1442 2645 1548 2678 infra.
1574 2646 1642 2691 [21]
1663 2652 1699 2680 ct
1721 2647 1794 2691 [38]

1581 2833 1645 2866 29
