2066 2956
234 197 332 244 [388]

593 195 661 228 Die
687 196 745 226 34).
772 192 870 232 Maii,
918 193 951 224 S.
979 189 1211 224 Fcrdinandi
1238 188 1299 222 111.
1329 188 1442 229 let-,uis
1469 186 1576 221 Conf.

234 298 336 345 tius:
363 300 411 336 ut
438 293 512 335 tali
537 289 744 345 praesidio
771 288 939 337 muniti,
968 300 1057 329 cer-

236 356 377 395 tantes
402 352 444 391 in
464 349 567 397 vita,
598 346 827 389 victeriam
853 344 907 387 de
932 344 1057 385 hoste

236 409 424 459 maligno
478 404 688 455 consequi
742 402 964 444 valeamus
1015 400 1057 440 in

236 470 387 506 morte.
423 463 507 504 Per
530 460 776 501 Deminum.

439 541 500 581 In
522 540 584 580 11.
604 536 852 587 vesperis.

288 605 421 639 Omnia
449 608 487 637 nt
514 603 548 635 in
577 602 600 635 I.
627 602 741 644 Vesp.
766 598 859 642 [383]

290 661 356 701 Ad
387 660 558 710 Magnis.
597 659 694 699 Ant.
737 658 895 697 Sancta
923 653 1059 694 Maria

238 719 441 757 succurre
478 714 669 761 miseris,
706 712 802 763 juva
838 710 1059 763 pusillani-

236 786 346 822 mes,
379 772 527 812 refove
559 769 740 818 flebiles,
774 781 850 809 ora
878 780 959 820 pro
984 769 1060 819 po-

237 829 358 881 pulo,
382 827 592 869 interveni
614 839 696 879 pro
722 825 854 874 clero,
878 819 1058 864 interce-

239 885 293 927 de
316 898 397 938 pro
424 884 586 925 devoto
611 884 797 925 femineo
819 894 939 923 sexu:
967 882 1059 921 sen-

238 943 347 984 tiant
380 954 531 983 omnes
565 946 687 982 tuum
715 941 933 991 juvamen,
972 938 1060 991 qui-

239 1003 424 1050 cumque
453 1004 575 1040 tuum
605 1002 800 1038 sanctum
828 995 1063 1047 implorant

238 1055 453 1102 auxilium,
474 1054 655 1105 alleluja.

502 1151 582 1191 Die
602 1151 673 1190 30.
693 1149 804 1201 Maji.

267 1220 309 1260 S.
332 1218 636 1260 Perdinandi
652 1219 738 1259 111.
763 1217 965 1257 Castellae
991 1223 1034 1258 et

333 1274 534 1323 Legionis
556 1274 660 1320 Reg.
681 1274 965 1313 Confessoris.

518 1339 776 1381 Semiduplex.

289 1396 423 1429 Omnia
446 1395 491 1429 de
510 1395 711 1428 Communi
730 1395 837 1429 Conf.
856 1405 932 1429 non
952 1395 1058 1429 Pont.

242 1443 313 1486 [84]
332 1450 470 1486 praeter
495 1455 599 1487 sequ.

567 1500 729 1540 Oratio.

328 1573 421 1609 eus,
451 1560 523 1611 qui
551 1559 682 1601 beato
708 1560 959 1602 Confessori
988 1567 1064 1603 tuo

343 1615 620 1658 Ferdineindo
672 1617 862 1669 praeliari
914 1619 1063 1670 praelia

241 1679 330 1723 tua,
357 1679 398 1714 et
426 1672 526 1714 fidei
545 1673 743 1714 inimicos
764 1677 972 1727 superare
993 1674 1063 1716 de-

242 1729 358 1771 disti:
389 1728 598 1779 concede;
630 1735 677 1771 ut
710 1731 800 1781 ejus
829 1744 909 1773 nos
938 1731 1064 1772 inter-

243 1787 439 1827 cessiOne
458 1787 628 1834 muniti,
655 1786 709 1828 ab
729 1787 930 1829 hestibus
949 1801 1065 1829 men-

242 1843 298 1884 tis
318 1848 360 1883 et
380 1843 578 1894 cerporis
597 1842 842 1885 liberemur.
874 1845 958 1886 Per
976 1845 1063 1886 Do-

242 1899 403 1939 minum
423 1905 631 1940 nostrum.

294 1964 335 1998 Et
351 1966 390 1999 fit
404 1976 536 1999 comm.
552 1967 586 1998 S.
602 1965 741 1999 Felicis
758 1965 782 1998 l.
797 1965 888 2008 Pap.
905 1970 940 1998 et
954 1963 1059 1998 Mart.

292 2022 389 2060 Ant.
427 2022 523 2062 Lux
547 2023 760 2073 perpetua
785 2022 947 2064 lucebit
972 2035 1064 2063 san-

243 2076 323 2117 ctis
339 2077 425 2118 tuis
440 2077 638 2127 Domine,
659 2084 702 2119 et
721 2079 944 2120 aeternitas
961 2081 1065 2121 tem-

242 2145 408 2184 porum,
428 2133 608 2186 alleluja.

291 2195 339 2246 Y.
361 2198 507 2240 Sancti
527 2204 570 2240 et
585 2200 684 2251 justi
699 2200 740 2240 in
757 2200 947 2241 Domino
964 2213 1063 2250 gau-

244 2252 353 2303 dete,
379 2254 559 2307 alleluja.
588 2258 636 2308 R.
668 2256 762 2297 Vos
789 2257 918 2307 elegit
946 2257 1065 2298 Deus

244 2309 286 2349 in
306 2309 606 2353 haereditatem
627 2312 720 2362 sibi,
742 2313 923 2364 alleluja.

570 2378 732 2418 Oratio.

293 2436 567 2479 nfirmitatem
594 2444 789 2481 nostram
809 2440 995 2493 respice,
1022 2454 1064 2481 o-

309 2495 555 2545 mnipotens
584 2495 718 2537 Deus:
751 2502 794 2538 et
828 2497 928 2548 quia
961 2510 1065 2549 pon-

246 2546 327 2589 dus
345 2551 537 2602 prepriae
556 2552 739 2593 actiOnis
757 2558 924 2603 gravat,
947 2553 1065 2595 beati

245 2604 401 2646 Felicis
425 2606 627 2659 Martyris
650 2609 711 2650 tui
737 2615 867 2661 atque
887 2610 1063 2650 Pontifi-

245 2661 318 2710 cis,
337 2662 590 2705 intercessio
611 2665 802 2715 gloriosa
822 2679 903 2707 nos
923 2668 1065 2718 prote-

244 2724 328 2769 gat.
356 2719 439 2759 Per
458 2719 702 2761 Deminum.

1166 285 1206 318 In
1235 284 1260 318 Ι.
1292 283 1491 318 Nocturno
1526 283 1730 317 Lectiones
1763 282 1811 316 de
1840 281 1938 316 Scri-

1113 339 1223 377 ptura
1250 338 1481 367 occurrente.

1341 393 1389 431 In
1414 393 1464 431 II.
1491 392 1712 431 Nocturno.

1413 452 1564 493 Lectio
1583 452 1637 492 iv.

1146 520 1206 562 Ἰῑσνῑ
1232 508 1498 554 erdinandus
1529 508 1684 551 tertius
1694 540 1703 558 ‚
1737 507 1940 550 Castellae

1116 591 1125 614 ς
1151 597 1224 636 χι
1250 574 1292 610 et
1324 565 1529 617 Legionis
1561 577 1656 615 rex,
1691 565 1761 606 cui
1794 565 1941 606 Sancti

1116 618 1224 653 L
1250 623 1588 675 cognomentum
1638 622 1721 673 jam
1766 621 1868 663 inde
1915 634 1941 662 a

1115 685 1303 736 quatuor
1335 679 1507 722 saeculis
1544 678 1943 720 ecclesiasticerum

1115 746 1158 782 et
1190 737 1464 780 saecularium
1497 737 1736 777 consensus
1768 733 1942 784 dedere,

1115 801 1283 838 tantum
1311 793 1556 847 prudentiae
1585 791 1843 834 adolescens
1868 790 1941 832 ad-

1114 853 1199 894 huc
1228 852 1449 905 specimen
1477 849 1682 903 praebuit,
1711 853 1759 890 ut
1785 848 1943 890 Beren-

1115 909 1236 961 gairia
1251 914 1399 957 mater,
1421 906 1623 949 Castellae
1639 908 1797 957 regina,
1817 918 1843 947 a
1859 919 1945 958 qua

1114 968 1347 1019 persancte
1367 963 1579 1006 educatus
1599 963 1751 1012 fuerat,
1771 961 1944 1004 abdica-

1114 1030 1207 1064 tum
1239 1035 1263 1063 a
1295 1035 1342 1064 se
1370 1034 1553 1072 regnum
1577 1020 1621 1061 in
1644 1019 1783 1060 filium
1807 1024 1944 1061 trans-

1115 1080 1273 1122 tulerit.
1309 1079 1359 1119 In
1387 1091 1457 1127 eo,
1489 1077 1705 1129 adjunctis
1729 1076 1850 1128 regni
1875 1089 1944 1118 cu-

1116 1137 1186 1184 ris,
1202 1135 1334 1187 regiae
1350 1135 1533 1176 virtutes
1554 1134 1779 1183 emicuere,
1798 1145 1946 1184 magn-

1117 1192 1336 1242 animitas,
1382 1190 1631 1240 clementia‚
1675 1189 1858 1242 justitia,
1903 1195 1947 1232 et

1116 1262 1209 1302 prae
1237 1249 1395 1290 ceteris
1426 1246 1654 1289 catholicae
1683 1245 1788 1288 fidei
1814 1246 1946 1296 zelus,

1117 1306 1296 1357 ejusque
1326 1304 1518 1356 religiosi
1547 1303 1689 1345 cultus
1715 1302 1868 1345 tuendi
1895 1315 1946 1344 ac

1115 1361 1391 1415 propagandi
1434 1360 1592 1402 ardens
1630 1358 1834 1402 studium.
1893 1359 1946 1402 Id

1116 1419 1322 1472 praestitit
1346 1418 1389 1458 in
1412 1417 1564 1470 primis
1583 1417 1816 1458 haereticos
1835 1417 1945 1458 inse-

1118 1475 1296 1525 ctando,
1350 1486 1460 1526 quos
1510 1473 1663 1516 nullibi
1712 1475 1947 1525 regnerum

1119 1534 1295 1574 suorum
1312 1534 1552 1573 consistere
1566 1544 1736 1584 passus,
1754 1531 1946 1584 propriis

1117 1590 1213 1642 ipse
1249 1588 1449 1630 manibus
1486 1588 1600 1639 ligna
1636 1586 1946 1630 comburendis

1118 1645 1336 1687 damnatis
1382 1644 1444 1692 ad,
1483 1657 1639 1696 rogum
1689 1642 1947 1686 advehebat.

1117 1702 1329 1744 Praestitit
1348 1706 1526 1754 insuper
1545 1702 1589 1742 in
1611 1699 1844 1752 erigendis,
1870 1700 1945 1742 do-

1117 1758 1264 1800 tandis
1292 1764 1335 1800 et
1363 1756 1674 1805 consecrandis
1707 1757 1946 1799 christiano

1117 1816 1203 1857 ritu
1220 1815 1504 1865 Cordubensi,
1521 1814 1769 1864 Giennensi,
1788 1814 1946 1868 Hispa-

1116 1872 1242 1923 lensi,
1269 1877 1311 1914 et
1337 1872 1519 1913 aliarum
1543 1872 1718 1913 urbium
1737 1871 1946 1921 ecclesiis,

1116 1929 1311 1971 Maurico
1333 1931 1582 1982 ereptarum
1598 1929 1710 1980 jugo,
1731 1928 1946 1981 simulque

1117 1986 1159 2026 in
1193 1985 1487 2041 instaurandis
1518 1985 1737 2039 primariis
1769 1985 1946 2038 templis

1117 2043 1347 2093 Toletano,
1367 2042 1593 2093 Burgensi,
1618 2047 1661 2084 et
1680 2042 1786 2092 aliis,
1810 2041 1883 2094 pia
1902 2047 1947 2084 et

1117 2100 1235 2151 regia
1254 2100 1560 2141 munificentia.

1169 2156 1218 2207 Rz.
1246 2157 1494 2199 Honestum
1521 2157 1625 2198 fecit
1652 2155 1774 2197 illum
1798 2155 1945 2196 Demi-

1117 2227 1214 2263 nus,
1239 2220 1282 2255 et
1302 2213 1539 2255 custodivit
1559 2226 1657 2254 eum
1676 2213 1732 2255 ab
1751 2212 1946 2262 inimicis,

1118 2277 1161 2312 et
1189 2284 1213 2312 a
1242 2270 1547 2313 seductoribus
1577 2271 1738 2312 tutavit
1767 2269 1942 2322 illumzff‘

1118 2328 1174 2368 Et
1208 2327 1330 2369 dedit
1362 2328 1424 2368 illi
1457 2328 1699 2369 claritatem
1728 2329 1945 2376 aeternam,

1118 2383 1299 2435 alleluja.
1329 2377 1377 2429 YV.
1402 2384 1426 2424 J
1428 2389 1574 2426 ustum
1594 2383 1778 2425 deduxit
1797 2383 1944 2425 Demi-

1117 2454 1197 2481 nus
1217 2453 1297 2493 per
1316 2441 1409 2482 vias
1428 2446 1588 2488 rectas,
1609 2445 1653 2482 et
1672 2439 1865 2482 ostendit
1885 2439 1946 2481 illi

1118 2510 1298 2548 regnum
1317 2497 1411 2538 Dei.
1439 2497 1495 2538 Et
1515 2496 1647 2538 dedit.

1428 2551 1579 2592 Lectio
1598 2564 1636 2590 v,

1118 2606 1267 2712 Inter
1290 2610 1386 2652 haec
1405 2623 1485 2663 per
1505 2610 1709 2651 Castellae
1729 2615 1772 2652 et
1791 2610 1945 2661 Legie-

1183 2667 1249 2708 nis
1282 2680 1481 2717 regnum,
1518 2667 1562 2707 in
1601 2679 1688 2719 quo
1726 2667 1839 2719 patri
1873 2665 1945 2706 Al-

1118 2723 1289 2775 phenso
1315 2725 1604 2774 successerat,
1633 2723 1830 2765 collectis
1855 2735 1943 2764 ma-
