2028 2892
164 215 227 250 116

225 314 320 351 Ant.
346 310 406 348 l)e
425 304 656 359 profundis
673 301 858 344 clamavi
875 299 932 341 ad
946 304 991 340 te

165 365 364 407 Domine.

224 435 319 472 Ant.
349 433 513 481 Speret.

429 498 624 537 psalmus
649 497 736 535 13o.

255 557 400 598 omine
431 569 517 597 non
550 559 616 596 est
650 553 887 595 exaltatum
916 562 993 591 cor

261 627 422 655 meum:
437 613 460 637 *
475 624 618 663 neque
638 609 740 651 clati
761 613 862 649 sunt
878 605 993 647 Oculi

166 670 263 711 mei.

219 727 374 778 Neque
391 723 609 766 ambulavi
627 723 670 763 in
685 721 870 772 magnis:
885 720 908 744 *
923 732 994 760 ne·

171 795 255 835 que
274 782 317 822 in
338 779 610 822 mirabilibus
631 791 763 830 super
785 790 865 818 me.

221 839 266 880 Si
298 851 385 878 non
423 836 643 877 humiliter
680 833 939 875 sentiebam:
971 832 994 856 *

169 894 249 936 scd
270 893 458 935 exaltavi
478 893 663 933 animam
684 903 840 931 meam:

221 951 343 992 Sicut
364 949 609 990 ablactatus
625 952 691 988 est
708 959 840 998 super
856 949 996 985 matre

172 1020 260 1055 sua,
278 1007 302 1031 *
322 1007 382 1047 ita
402 1004 633 1046 retributio
658 1003 702 1044 in
726 1002 869 1043 anima
888 1013 996 1042 mea.

225 1063 380 1115 Speret
413 1060 549 1102 Israel
581 1060 624 1100 in
652 1059 863 1107 Demino‚
891 1058 914 1083 *
944 1070 998 1098 ex

174 1119 258 1160 hoc
278 1131 392 1159 nunc
413 1123 456 1158 et
475 1129 615 1168 usque
636 1116 680 1155 in
700 1114 920 1155 saeculum.

230 1184 327 1221 Ant.
356 1184 511 1235 Speret
529 1180 666 1222 Israel
684 1181 728 1220 in
745 1179 948 1220 Demino.

229 1251 379 1301 Tcmp.
419 1247 625 1288 I’aschali.
671 1247 766 1286 Ant.
808 1243 999 1295 Alleluia,

174 1303 355 1355 alleluja,
384 1302 564 1354 alleluja.

230 1369 367 1411 Capit..
402 1368 589 1410 ily-mnus,
620 1361 675 1406 δ’..
703 1366 926 1408 Antiphona
954 1364 1001 1397 acl

180 1418 406 1459 Magnificat.
432 1421 467 1449 ct
493 1414 623 1448 oratio
650 1424 719 1456 pro
738 1413 938 1456 Tempore.
965 1416 1002 1446 ut

180 1466 212 1498 in
244 1464 424 1507 vesperis
451 1463 572 1496 Fcrizc
600 1461 641 1494 ΙΙ.
671 1461 741 1495 112.

231 1521 382 1554 Preces.
416 1520 448 1552 si
475 1518 649 1553 dicendae
683 1518 775 1551 sint.
816 1517 1003 1550 habentur

178 1579 292 1611 supra
321 1569 355 1601 in
384 1568 497 1610 vesp.
526 1567 604 1600 Fer.
635 1566 676 1599 H.
699 1566 770 1600 112.

382 1653 451 1655 a?
470 1639 641 1666 ᾼφφὴ

237 1725 387 1766 Feria
405 1725 583 1775 quinta
602 1725 667 1766 ad.
686 1726 951 1777 vesperas.

233 1798 328 1837 Ant.
365 1797 416 1836 Et
436 1795 586 1836 omnis.

231 1866 381 1917 Tcmp.
415 1866 619 1906 l'aschali.
655 1867 751 1906 Ant.
789 1864 979 1916 Alleluia.

445 1935 641 1975 psalmus
664 1936 739 1975 131.

189 1990 298 2046 {2³33ss
340 1986 514 2026 emento
535 1986 721 2027 Demine
741 1985 901 2035 David,
920 1987 943 2011 *
964 1991 1007 2027 et

190 2047 219 2059 ”
358 2042 498 2082 omnis
529 2042 874 2083 mansuetndinis
902 2043 1007 2094 ejus:

186 2107 218 2118 ‘³
327 2098 336 2119 ³
391 2098 512 2138 Sicut
548 2098 703 2148 juravit
738 2099 944 2147 DeminQ
984 2099 1007 2124 *

183 2159 333 2194 votum
351 2154 473 2194 vovit
492 2154 588 2194 Deo
609 2154 762 2195 Jacob:

234 2210 278 2251 Si
299 2211 507 2251 introiero
526 2210 569 2250 in
588 2209 917 2252 tabernaculum
935 2210 1009 2252 do-

184 2278 280 2306 mus
300 2279 421 2314 meae,
437 2267 460 2291 *
476 2266 513 2306 si
531 2266 771 2308 ascendero
791 2267 834 2307 in
849 2267 1010 2308 lectum

187 2322 311 2363 strati
327 2322 431 2363 mei:

238 2377 281 2417 Si
307 2377 472 2420 dedero
499 2391 699 2420 somnum
730 2379 867 2420 oculis
892 2380 1011 2429 meis,

187 2434 210 2458 *
228 2439 270 2474 et
284 2434 505 2486 palpebris
519 2435 628 2476 meis
645 2434 1012 2477 dormitationem:

240 2490 294 2530 Et
339 2491 531 2542 requiem
574 2490 846 2543 temporibus
888 2492 1012 2532 meis:

189 2544 328 2587 donec
354 2547 569 2588 inveniam
592 2547 739 2588 locum
764 2547 966 2596 Domino,
990 2549 1012 2573 *

188 2600 514 2644 tabernaculum
534 2604 630 2644 Deo
651 2602 801 2644 Jacob.

241 2657 355 2699 Ecce
375 2658 618 2700 audivimus
636 2672 731 2700 eam
747 2660 789 2699 in
805 2659 1014 2711 Ephrata:

190 2712 213 2736 *
234 2712 474 2755 invenimus
494 2727 589 2755 eam
609 2716 651 2755 in
670 2715 837 2768 campis
857 2715 989 2756 silvae.

744 210 850 244 Furia
877 209 1007 251 quintu
1035 206 1082 239 nd
1104 205 1306 247 vesperas.

1095 296 1379 338 Introibimus
1438 295 1481 334 in
1542 290 1875 334 tabernaculum

1044 354 1150 404 ejus:
1183 353 1206 378 *
1243 351 1525 393 adorabimus
1564 349 1608 389 in
1643 347 1761 396 loco,
1801 345 1877 387 ubi

1045 411 1259 451 steterunt
1277 407 1415 460 pedes
1436 407 1537 458 ejus.
1701 449 1706 454 ι

1096 467 1235 516 Surge
1254 464 1444 505 Demine
1463 463 1507 502 in
1529 460 1726 513 requiem
1745 464 1877 508 tuam,

1045 523 1067 547 *
1085 526 1133 563 tu
1153 527 1196 563 et
1215 533 1317 562 arca
1335 517 1693 560 sanctificationis
1711 521 1811 558 tuae.

1097 577 1360 620 Sacerdotes
1396 575 1459 616 tui
1495 573 1731 615 induantur
1762 572 1878 623 justi·

1046 635 1167 676 tiam:
1187 635 1210 659 *
1231 638 1275 675 et
1293 632 1432 674 sancti
1451 631 1514 672 tui
1535 629 1766 671 exsultent.

1098 691 1286 743 Propter
1317 687 1461 729 David
1491 699 1668 728 servum
1690 690 1830 733 tuum,
1855 683 1879 709 *

1047 760 1134 788 non
1154 748 1328 787 avertas
1347 745 1505 786 faciem
1520 742 1683 784 Christi
1701 740 1776 783 tui.

1098 804 1122 844 J
1124 803 1266 844 uravit
1300 801 1516 842 Dominus
1542 797 1689 840 David
1723 796 1881 839 verita-

1047 865 1150 906 tem,
1178 864 1222 901 et
1245 871 1333 900 non
1353 855 1631 898 frustrabitur
1651 867 1762 896 eam:
1781 853 1805 878 *
1825 851 1881 894 de

1050 917 1193 957 fructu
1212 915 1376 957 ventris
1395 913 1460 955 tui
1480 925 1644 965 ponam
1664 922 1797 963 super
1817 921 1881 950 se-

1049 972 1150 1014 dem
1169 977 1300 1013 tuam.

1101 1029 1145 1070 Si
1163 1027 1452 1069 custodierint
1471 1025 1549 1066 filii
1567 1024 1631 1065 tui
1649 1023 1882 1065 testamen-

1050 1090 1143 1126 tum
1173 1098 1336 1134 meum,
1368 1083 1392 1108 *
1425 1087 1469 1123 et
1501 1080 1754 1123 testimonia
1784 1090 1884 1120 mea

1051 1142 1157 1190 haec,
1179 1154 1278 1193 quae
1298 1139 1471 1182 docebo
1492 1151 1584 1179 eos:

1103 1198 1160 1239 Et
1179 1198 1257 1239 filii
1277 1199 1430 1239 cerum
1448 1207 1589 1247 usque
1603 1194 1648 1235 in
1663 1191 1885 1241 saeculum,

1052 1256 1075 1280 *
1097 1254 1313 1296 sedebunt
1335 1265 1467 1305 super
1486 1250 1639 1292 sedem
1657 1254 1789 1291 tuam.

1106 1311 1323 1361 Queniam
1344 1309 1475 1360 elegit
1493 1307 1710 1349 Deminus
1729 1306 1847 1347 Sion:
1862 1304 1886 1330 *

1054 1368 1185 1418 elegit
1202 1380 1299 1408 eam
1318 1367 1361 1407 in
1382 1364 1699 1406 habitatiunem
1719 1361 1813 1404 sibi.

1106 1425 1217 1465 Haec
1254 1423 1428 1475 requies
1463 1433 1563 1462 mea
1599 1420 1644 1461 in
1676 1418 1888 1460 saeculum

1055 1481 1226 1522 saeculi:
1261 1481 1284 1505 *
1325 1479 1395 1520 hic
1432 1475 1642 1519 habitabo
1681 1474 1889 1528 queniam

1056 1537 1166 1588 elegi
1186 1550 1294 1578 eam.

1107 1593 1300 1635 Viduam
1337 1592 1429 1644 ejus
1459 1589 1728 1632 benedicens
1759 1587 1889 1629 bene-

1057 1650 1218 1691 dicam:
1244 1650 1268 1675 *
1297 1651 1518 1703 pauperes
1551 1646 1643 1698 ejus
1678 1643 1889 1686 saturabo

1057 1706 1256 1759 panibus.

1110 1761 1374 1804 Sacerdotes
1394 1761 1487 1812 ejus
1502 1758 1679 1800 induam
1697 1755 1891 1799 salutari:

1058 1820 1082 1845 *
1102 1824 1146 1861 et
1166 1818 1305 1860 sancti
1325 1818 1416 1869 ejus
1435 1815 1728 1858 exsultatiOne
1751 1812 1892 1855 exsul-

1059 1875 1224 1917 tabunt.

1111 1932 1222 1973 Illuc
1250 1930 1496 1983 producam
1520 1941 1659 1970 cornu
1682 1924 1846 1980 David,
1868 1924 1893 1950 *

1059 1988 1213 2041 paravi
1231 1987 1455 2028 lucernam
1475 1985 1650 2027 Christo
1669 1995 1782 2025 meo.

1114 2042 1320 2085 Inimicos
1332 2043 1423 2095 ejus
1434 2041 1611 2083 induam
1623 2039 1895 2082 confusione:

1062 2102 1084 2127 *
1097 2114 1230 2154 super
1245 2100 1389 2152 ipsum
1406 2103 1553 2140 autem
1568 2095 1787 2139 efflorebit
1800 2107 1894 2136 san-

1064 2157 1271 2199 ctificatio
1291 2169 1400 2197 mea.

1120 2225 1215 2263 Ant.
1229 2224 1284 2262 Et
1292 2221 1432 2262 omnis
1439 2217 1786 2260 mansuetudinis
1794 2216 1896 2268 ejus.

1118 2289 1154 2327 A
1161 2294 1216 2328 nt.
1240 2288 1365 2327 Ecce.

1333 2366 1531 2406 Psalmus
1553 2367 1635 2405 132.

1066 2430 1226 2536 Ecce
1253 2445 1382 2484 quam
1408 2431 1590 2480 bonum,
1618 2435 1661 2472 et
1686 2442 1818 2483 quam
1839 2429 1897 2480 ju-

1066 2545 1068 2547 >
1170 2488 1361 2529 cundum
1389 2489 1412 2514 *
1440 2488 1639 2529 habitare
1668 2487 1826 2527 fratres
1854 2485 1897 2525 in

1066 2558 1214 2586 unum:

1119 2606 1239 2646 Sicut
1249 2606 1516 2655 unguentum
1526 2605 1570 2645 in
1581 2603 1766 2657 capite‚*
1779 2600 1899 2654 quod

1069 2660 1297 2702 descendit
1315 2661 1358 2701 in
1378 2660 1579 2711 barbam,
1610 2659 1795 2702 barbam
1814 2658 1899 2698 Aa·

1069 2729 1160 2766 ron,
