2028 2892
655 180 726 213 Die
752 180 800 213 14.
826 181 982 223 Aprilis.
1022 163 1064 214 5
1088 180 1230 214 Justini
1255 180 1361 214 Mart.

1799 177 1865 213 447

159 281 406 334 Iosophiam
426 279 653 332 amplexus
673 283 750 320 est.
782 279 898 320 Hinc
922 291 986 319 sa·

161 351 246 379 crae
264 337 501 390 Scripturae
519 335 658 376 libros
677 335 751 376 diu
763 338 985 387 noctuque

158 408 253 448 prae
270 393 470 435 manibus
488 388 665 442 h‘abens,
683 392 744 433 ita
763 404 818 433 ex
835 395 987 433 eorum

158 450 441 492 meditatione
462 449 634 491 divinus
652 449 827 499 ignisin
842 448 986 489 anima

160 508 250 558 ejus
282 506 460 556 exarsit,
495 511 544 547 ut
580 518 631 547 ea
667 518 753 557 qua
788 504 986 558 pollebat

160 562 416 604 eruditionis
462 563 522 612 vi,
577 562 839 604 eminentem
882 562 907 602 J
909 574 986 603 esu

159 619 322 661 Christi
353 619 579 660 scientiam
611 618 815 671 adeptus,
853 618 984 671 pluri-

156 689 229 717 ma
243 677 553 728 conscripserit
567 675 790 717 volumina
805 675 862 716 ad
877 674 985 716 chri-

158 733 344 774 stianam
374 732 506 775 fidem
539 731 860 785 exponendam,
897 745 984 772 ma-

157 792 311 841 gisque
330 788 672 842 propagandam.

207 845 257 896 Rz.
290 846 538 887 Honestum
562 846 667 887 fecit
690 845 813 886 illum
834 845 984 886 Domi-

157 916 254 952 nus,
280 907 323 943 et
342 902 579 944 custodivit
598 915 697 944 eum
716 901 771 943 ab
791 902 984 951 inimicis,

158 963 203 1001 et
227 971 253 999 a
281 957 588 1000 seductoribus
614 959 775 1001 tutavit
801 958 937 999 illum:
957 962 980 985 *

156 1014 214 1056 Et
245 1013 367 1056 dedit
398 1015 462 1056 illi
493 1015 735 1057 claritatem
764 1017 983 1056 aeternam.

153 1064 203 1116 V.
241 1071 571 1124 Descenditque
606 1084 705 1112 cum
736 1071 811 1112 illo
845 1071 889 1111 in
920 1071 982 1112 fo-

155 1141 295 1179 veam,
315 1132 359 1169 et
376 1128 421 1168 in
438 1127 622 1169 vinculis
641 1141 730 1169 non
749 1127 981 1180 dereliquit

157 1197 268 1226 eum.
295 1184 352 1226 Et
371 1183 493 1226 dedit
511 1184 585 1225 illi.

338 1240 558 1291 Tempore
586 1240 795 1281 Paschali.

208 1297 259 1348 R.
283 1298 381 1339 Lux
402 1299 617 1350 perpetua
638 1297 802 1339 lucebit
821 1298 982 1339 sanctis

156 1356 243 1398 tuis
262 1355 468 1404 Domine,
495 1354 516 1376 *
543 1355 601 1396 Et
627 1355 850 1396 aeternitas
878 1357 983 1395 tem-

157 1425 331 1465 porum,
356 1411 542 1462 alleluja,
569 1411 752 1463 alleluja.
782 1405 832 1456 V.
856 1411 983 1452 Laeti-

157 1469 218 1510 tia
254 1468 520 1520 sempiterna
557 1468 638 1508 erit
674 1480 805 1519 super
839 1468 985 1520 capita

159 1527 325 1567 eorum:
348 1523 556 1575 gaudium
581 1529 624 1566 et
647 1524 984 1565 exsultationem

158 1581 428 1623 obtinebunt.
454 1581 521 1623 Et.

462 1637 615 1678 Lectio
635 1651 671 1677 v.

203 1699 301 1736 nter
319 1695 655 1748 praeclarissima
673 1695 830 1736 Justini
851 1697 986 1747 opera

222 1752 337 1795 binae
374 1752 566 1793 eminent
601 1751 705 1793 fidei
737 1751 985 1794 christianae

159 1809 385 1862 apologiae,
406 1821 515 1860 quas
534 1821 634 1851 cum
653 1821 802 1850 coram
820 1811 984 1860 senatu,

158 1865 500 1919 imperatoribus
520 1866 742 1907 Antonino
760 1865 858 1915 Pio,
878 1867 984 1918 ejus-

160 1935 244 1974 que
264 1922 375 1973 filiis,
392 1935 474 1964 nec
492 1934 580 1963 non
596 1922 746 1964 Marco
762 1923 985 1965 Antonino

158 1979 295 2030 Vero,
320 1983 364 2021 et
381 1979 518 2020 Lucio
538 1978 719 2020 Aurelio
741 1978 985 2022 Commodo

161 2035 322 2076 Christi
364 2035 554 2077 asseclas
592 2035 830 2077 saevissime
869 2035 984 2077 dive-

158 2091 361 2142 xantibus
383 2094 670 2144 porrexisset,
698 2091 984 2144 eamdemque

158 2147 292 2189 fidem
325 2147 589 2201 disputando
622 2150 796 2190 strenue
821 2161 983 2202 propu-

157 2207 350 2255 gnasset,
382 2205 571 2246 obtinuit
594 2209 644 2246 ut
669 2218 695 2246 a
720 2204 982 2253 Christiano-

157 2274 254 2302 rum
279 2261 400 2303 caede
424 2261 603 2314 publico
626 2262 873 2315 principum
895 2261 982 2304 edi-

158 2322 230 2359 cto
248 2320 540 2371 temperatum
557 2318 699 2360 fuerit.
726 2319 894 2360 Verum
911 2319 936 2359 J
937 2332 981 2359 u-

158 2376 271 2416 stino
290 2374 408 2415 haud
426 2375 643 2427 parcitum
656 2380 732 2417 est.
754 2375 868 2416 Nam
884 2375 982 2416 Cre-

158 2431 317 2472 scentis
339 2431 503 2483 Cynici,
532 2432 651 2483 cujus
671 2432 805 2473 vitam
828 2436 872 2472 et
894 2444 982 2472 mo-

158 2498 228 2527 res
258 2487 448 2529 nefarios
478 2487 780 2538 redarguerat,
815 2487 989 2528 insidiis

159 2545 404 2593 accusatus,
436 2557 460 2585 a
493 2543 753 2585 satellitibus
786 2556 979 2596 compre-

158 2597 317 2640 hensus
350 2605 427 2641 est.
484 2599 716 2642 Adductus
749 2604 894 2641 autem
925 2599 981 2641 ad

159 2653 312 2697 Romae
347 2656 583 2709 praesidem
625 2656 799 2697 nomine
835 2655 979 2697 Rusti-

158 2723 273 2761 cum,
306 2725 404 2754 cum
436 2712 507 2754 hic
540 2712 596 2754 ab
624 2725 677 2754 eo
707 2712 981 2764 quaesivisset

1039 290 1241 329 quaenam
1252 280 1400 318 essent
1405 275 1752 317 Christianorum
1762 287 1866 328 prae·

1039 336 1184 386 cepta,
1215 332 1327 374 hanc
1355 332 1516 374 bonam
1545 332 1865 373 confessionem

1039 403 1188 432 coram
1228 389 1375 430 multis
1394 388 1599 440 {testibus
1637 388 1864 429 confessus

1039 452 1119 489 est:
1137 447 1326 487 Rectum
1340 445 1510 496 dogma,
1527 444 1647 496 quod
1662 458 1742 486 nos
1754 445 1866 486 Chri-

1038 504 1168 545 stiani
1189 502 1389 544 homines
1414 514 1513 543 cum
1535 502 1700 554 pietate
1720 504 1863 543 serva-

1037 573 1149 610 mus,
1176 560 1262 601 hoc
1290 564 1373 600 est:
1401 563 1450 599 ut
1467 559 1611 600 Deum
1635 572 1768 599 unum
1794 571 1864 600 ex-

1038 617 1278 658 istimemus
1304 616 1516 657 factorem
1540 619 1671 667 atque
1699 618 1862 656 creato-

1037 687 1130 716 rem
1156 673 1348 715 omnium
1375 685 1474 724 quae
1498 670 1715 721 videntur,
1749 684 1863 723 quae-

1039 743 1123 782 que
1152 729 1378 782 corporeis
1408 727 1546 769 oculis
1574 740 1662 769 non
1686 732 1864 769 cernun-

1037 792 1123 837 tur3
1151 792 1195 829 et
1217 787 1455 828 Dominum
1471 785 1496 826 J
1499 797 1621 826 esum
1646 784 1864 826 Christum

1037 844 1122 885 Dei
1163 843 1322 884 Filium
1365 841 1651 883 confiteamur
1694 841 1797 882 olim
1840 854 1866 882 a

1038 900 1267 952 prophetis
1303 898 1659 952 praenuntiatum,
1706 898 1780 950 qui
1822 903 1866 939 et

1037 956 1214 998 humani
1232 956 1402 1007 generis
1417 953 1547 1006 judex
1562 957 1771 996 venturus
1788 959 1864 996 est.

1087 1015 1137 1065 Ην.
1172 1011 1451 1054 Desiderium
1482 1011 1638 1052 animae
1671 1012 1761 1062 ejus
1792 1011 1863 1052 tri-

1039 1070 1172 1112 buisti
1204 1071 1243 1111 ei
1270 1069 1473 1117 Domine,
1497 1071 1519 1094 *
1550 1068 1607 1109 Et
1638 1067 1864 1109 voluntate

1037 1126 1253 1168 labiorum
1281 1126 1371 1178 ejus
1398 1137 1487 1166 non
1514 1123 1726 1165 fraudasti
1754 1137 1864 1165 eum.

1035 1178 1085 1229 V.
1107 1182 1323 1233 Quoniam
1340 1180 1592 1234 praevenisti
1611 1193 1710 1222 eum
1728 1180 1773 1220 in
1791 1179 1863 1222 be-

1037 1238 1357 1281 nedictionibus
1390 1237 1646 1279 dulcedinis:
1676 1236 1864 1289 posuisti

1038 1296 1081 1336 in
1109 1296 1254 1348 capite
1283 1296 1373 1347 ejus
1401 1297 1609 1336 coronam
1637 1293 1692 1335 de
1716 1291 1864 1346 lapide

1036 1353 1244 1405 pretioso.
1272 1353 1340 1393 Et.

1219 1403 1440 1455 Tempore
1468 1402 1675 1443 Paschali.

1088 1465 1137 1516 R.
1165 1465 1216 1505 ln
1235 1465 1371 1506 servis
1391 1465 1491 1515 suis,
1510 1465 1692 1514 allelu‘a,
1709 1465 1730 1487 *
1755 1464 1862 1505 Con-

1038 1522 1249 1564 solabitur
1261 1522 1393 1571 Deus,
1413 1522 1594 1574 alleluja.
1622 1520 1670 1565 Y.
1692 1521 1717 1561 J
1718 1519 1862 1562 udica-

1037 1579 1101 1621 bit
1119 1579 1333 1620 Dominus
1352 1579 1565 1632 populum
1586 1591 1726 1628 suum,
1753 1582 1796 1618 et
1820 1577 1863 1617 in

1040 1636 1176 1677 servis
1196 1636 1296 1677 suis.
1326 1634 1645 1677 Consolabitur.

1336 1690 1488 1731 Lectio
1509 1691 1562 1731 vi.

1037 1726 1296 1850 Quoniam
1323 1749 1348 1790 J
1349 1751 1517 1791 ustinus
1544 1749 1588 1789 in
1614 1748 1757 1802 prima
1786 1761 1864 1789 sua

1141 1808 1346 1860 apologia
1398 1806 1545 1860 palam
1599 1809 1864 1858 exposuerat

1038 1863 1264 1917 quemodo
1305 1863 1540 1905 Christiani
1582 1865 1863 1904 convenirent

1038 1921 1095 1963 ad
1123 1934 1252 1963 sacra
1275 1920 1555 1970 celebranda,
1590 1924 1634 1961 et
1663 1932 1862 1972 quaenam

1037 1978 1197 2019 fuerint
1225 1977 1338 2019 sacri
1367 1977 1492 2029 hujus
1514 1978 1753 2018 conventus
1773 1989 1861 2027 my-

1038 2035 1169 2076 steria
1201 2035 1257 2077 ad
1288 2033 1563 2087 repellendas
1590 2033 1862 2074 ethnicorum

1038 2091 1290 2142 calumnias,
1326 2090 1559 2143 exquisivit
1587 2090 1642 2131 ab
1671 2102 1723 2131 eo
1751 2101 1860 2141 prae-

1038 2160 1108 2189 ses
1148 2149 1192 2189 in
1235 2161 1425 2201 quonam
1465 2148 1565 2188 loco
1610 2147 1862 2187 conveniret

1035 2204 1131 2257 ipse
1159 2209 1204 2246 et
1231 2205 1365 2247 ceteri
1388 2205 1514 2256 hujus
1532 2203 1663 2245 Urbis
1684 2201 1860 2243 Christiss

1036 2260 1201 2303 fideles.
1258 2262 1452 2303 Justinus
1492 2265 1638 2302 autem
1673 2258 1859 2300 reticens

1036 2319 1327 2360 conventuum
1346 2318 1457 2367 loca,
1474 2329 1530 2358 ne
1549 2320 1699 2358 sancta
1717 2320 1760 2357 et
1779 2315 1858 2356 fra-

1034 2378 1124 2415 tres
1142 2374 1353 2427 proderet
1372 2373 1566 2423 canibus,
1592 2371 1858 2414 domicilium

1034 2435 1203 2472 tantum
1223 2445 1348 2473 suum
1370 2429 1593 2478 indicavit,
1615 2428 1692 2471 ubi
1714 2431 1856 2470 mane-

1034 2500 1096 2538 re,
1129 2493 1174 2529 et
1199 2487 1437 2540 discipulos
1461 2485 1662 2528 excolere
1687 2484 1859 2528 solebat

1032 2556 1168 2595 penes
1204 2543 1421 2585 celebrem
1455 2543 1629 2584 titulum
1662 2542 1857 2583 Pastoris

1032 2600 1076 2640 in
1094 2601 1264 2642 aedibus
1281 2599 1500 2641 Pudentis.
1535 2599 1725 2641 Demum
1746 2612 1856 2651 prae-

1033 2669 1103 2698 ses
1130 2657 1355 2709 optionem
1382 2656 1422 2697 ei
1453 2655 1575 2698 dedit
1599 2656 1671 2698 vel
1697 2661 1746 2698 ut
1774 2656 1856 2698 diis

1031 2713 1314 2762 sacrificaret,
1342 2713 1411 2754 vel
1434 2725 1515 2765 per
1527 2717 1674 2765 totum
1694 2725 1854 2766 corpus
