2066 2956
639 203 706 236 Dic
733 206 762 235 ἵ).
788 202 901 235 Junii.
952 202 989 234 Β.
1017 201 1060 234 M.
1088 201 1128 233 V.
1157 200 1287 233 Matris
1312 199 1539 233 Gratiarum.

245 299 438 342 absentia
457 296 775 351 praenuntiavit,
795 295 873 337 sed
893 295 1061 337 animos

245 356 482 403 hominum,
502 353 788 404 cogitationes
809 357 852 394 et
869 352 1062 393 maculas

244 411 568 463 introspexit.i
549 410 644 451 Nec
668 409 809 450 minor
831 409 874 449 in
898 408 1063 449 morbis

245 466 515 532 depellendis
564 466 630 507 vis
682 464 855 506 exstitit.
916 464 1063 506 Multis

245 524 356 566 enirn
372 525 566 565 extremo
581 521 737 563 morbo
753 520 1063 569 laborantibus,

245 586 317 622 aut
343 580 483 621 crucis
507 579 648 629 signo,
677 583 752 619 aut
776 590 902 629 aquae
927 589 1063 618 sacrae

246 636 496 689 aspersione
541 634 818 687 desperatam
866 633 1064 685 corporis

244 693 472 734 sanitatem
492 691 692 740 restituit;
710 695 754 731 et
771 691 986 730 mortuam
1006 689 1063 730 fe-

243 749 404 789 minam
433 748 521 789 suis
546 746 749 799 precibus
775 746 818 786 in
843 746 975 787 vitam
999 758 1063 786 re-

244 804 428 846 vocavit.
480 804 547 845 Ita
575 815 677 853 erga
705 814 854 843 omnes
883 801 1064 843 caritate

244 860 409 910 affecta,
429 860 562 901 vitam
581 858 768 910 denique
787 858 937 910 ipsam,
962 857 1065 899 dum

245 922 338 958 atra
364 917 456 957 lues
484 917 769 966 grassaretur,
797 927 878 966 pro
908 914 1065 955 civium

244 972 543 1014 incolumitate
563 972 658 1012 Deo
685 970 857 1020 obtulit,
886 975 929 1012 et
952 983 1064 1011 mor-

244 1029 301 1070 bo
322 1030 524 1080 correpta
542 1026 837 1080 placidissimo
858 1027 975 1067 exitu
989 1026 1061 1066 mi-

244 1085 384 1136 gravit
410 1084 466 1125 ad
491 1084 725 1136 Sponsum,
755 1095 868 1124 anno
893 1082 1064 1123 millesi-

244 1153 316 1181 mo
363 1139 679 1181 sexcentesimo
732 1138 1064 1191 quadragesimo

247 1197 408 1249 quinto,
436 1196 578 1237 aetatis
607 1208 697 1236 suae
726 1200 851 1236 sexto
880 1200 924 1236 et
951 1195 1065 1245 vige-

246 1254 366 1294 simo.
401 1253 554 1294 Statim
579 1257 681 1304 post
706 1251 874 1293 ebitum
897 1264 950 1292 ex
977 1251 1065 1302 ejus

246 1309 452 1360 sanguine
479 1310 685 1350 concreto
711 1307 1066 1349 candidissimum

245 1365 380 1406 lilium
398 1364 576 1417 prodiit,
597 1378 650 1406 ex
671 1377 757 1416 quo
775 1364 871 1416 ipsa
891 1364 1065 1414 Quiten-

246 1422 305 1462 sis
329 1421 405 1462 lilii
427 1434 585 1463 nomen
608 1421 806 1463 obtinuit.
841 1421 976 1461 Fama
995 1433 1065 1461 au-

246 1483 334 1519 tem
362 1478 602 1519 sanctitatis
632 1478 761 1529 longe
788 1477 962 1529 lateque
987 1476 1064 1517 dif-

246 1534 355 1583 fiisa,
375 1539 418 1575 et
437 1547 462 1575 a
480 1534 576 1575 Deo
596 1534 793 1586 pluribus
813 1533 945 1584 signis
966 1545 1065 1574 con-

246 1590 430 1640 firmata,
457 1591 559 1631 Pius
586 1603 726 1631 nonus
750 1590 952 1631 Pontifex
976 1590 1065 1630 Ma-

246 1647 386 1687 ximus
415 1647 690 1699 purissimam
717 1647 928 1697 virginem
957 1646 1065 1687 sole-

246 1703 334 1744 mni
372 1704 631 1744 caeremonia
667 1703 802 1745 sacris
835 1703 1066 1745 beatorum

247 1759 368 1801 fastis
387 1758 629 1812 adscripsit.

302 1818 346 1855 1ἐ·
376 1815 624 1857 Afferentur
642 1816 763 1867 Regi
785 1815 895 1868 [108]

299 1860 337 1909 In
366 1877 426 1910 111.
450 1876 507 1909 No
512 1883 644 1909 cturno
671 1876 837 1909 llomilii
864 1876 900 1909 in
920 1876 973 1910 Ex
979 1887 1062 1918 ang.

245 1923 375 1958 Simile
413 1924 485 1959 erit
522 1934 679 1967 regnum
716 1924 901 1959 coelorum
934 1922 1066 1958 decem
1122 1913 1206 1964 ‘33⁶³ss

247 1971 472 2014 virginibus.
502 1972 546 2004 dc
572 1971 703 2004 codem
730 1971 940 2005 Communi.
967 1970 1064 2015 [110]

514 2058 596 2100 Die
616 2059 653 2099 9.
672 2058 796 2099 Junii.

246 2126 298 2167 B.
313 2126 488 2168 Mariae
499 2127 555 2168 V.
572 2126 750 2168 Matris
766 2126 1064 2168 Gratiarum.

500 2186 648 2229 Duplex
676 2187 807 2225 maius.

298 2248 431 2281 Omnia
470 2255 507 2280 ut
546 2248 580 2280 in
616 2246 740 2279 Festi<
775 2246 814 2279 Β.
847 2246 890 2279 M.
924 2247 965 2279 Y.
998 2257 1063 2289 pei·

249 2305 385 2328 annum
410 2294 500 2338 [152]
524 2300 659 2336 praeter
685 2305 788 2336 sequ.

410 2360 458 2399 In
485 2359 672 2411 utrisque
699 2360 904 2412 Vesperis.

304 2423 348 2467 δ’.
370 2424 464 2465 Ave
484 2425 629 2475 Maria,
649 2425 789 2476 gratia
807 2426 946 2478 plena,
968 2425 1065 2468 alle-

250 2479 344 2531 liija.
372 2480 418 2530 R·-
439 2480 650 2522 Dominus
669 2486 823 2531 tecum,
844 2481 1023 2532 alleluja.

300 2538 366 2578 Ad
391 2539 556 2586 Magnis.
590 2541 686 2580 Ant.
720 2543 756 2581 O
781 2542 910 2584 beata
928 2542 1065 2593 Virgo

250 2597 400 2637 Maria:
430 2602 477 2638 tu
508 2598 644 2639 veniae
679 2611 803 2648 vena,
835 2603 883 2640 tu
914 2599 1065 2649 gratiae

251 2652 400 2701 Mater,
419 2658 465 2694 tu
483 2666 584 2705 spes
602 2654 760 2703 mundi,
780 2654 937 2696 exaudi
952 2655 1067 2697 filios

249 2714 350 2751 tuos
370 2708 604 2751 clamantes
624 2710 680 2751 ad
698 2715 752 2760 te,
772 2710 952 2763 alleluja.

1450 296 1610 337 Oratio.

1115 348 1297 453 DeuS,
1324 349 1398 402 qui
1421 348 1610 389 humano
1629 346 1775 399 generi
1793 344 1936 387 beatae

1207 406 1356 447 Mariae
1375 404 1622 456 virginitate
1645 402 1850 445 foecunda
1872 414 1935 443 re-

1113 462 1350 516 parationis
1370 462 1553 513 gratiam
1573 459 1811 502 contulisti:
1839 470 1936 500 con-

1115 519 1237 570 cede;
1261 524 1309 561 ut
1334 532 1463 571 quam
1483 517 1636 568 gratiae
1658 516 1843 558 Matrem
1863 527 1936 568 ap-

1114 576 1362 640 pellamus'
1351 589 1393 616 111
1415 574 1560 623 terris,
1588 574 1678 626 ejus
1701 572 1815 614 felici
1839 582 1936 613 con-

1115 632 1252 673 sortio
1296 631 1544 684 perenniter
1582 629 1855 682 perfruamur
1894 628 1938 668 in

1115 688 1249 730 coelis.
1276 688 1360 729 Per
1379 687 1624 728 Dominum.

1168 759 1314 793 Deinde
1340 759 1378 792 fit
1398 768 1591 792 commem.
1614 758 1669 792 Ss.
1690 758 1798 791 Mart.
1819 756 1937 791 Primi

1116 814 1151 841 et
1178 808 1206 841 F
1210 807 1372 841 elici·1ni

1168 859 1237 899 Ad
1271 859 1310 898 V
1315 871 1391 909 esp
1448 859 1546 898 Ant
1596 856 1694 896 Lux
1725 854 1940 905 perpetua

1115 912 1279 954 lucebit
1299 872 1460 953 sanpctis
1483 909 1569 951 tuis
1588 908 1790 959 Domine,
1817 913 1861 951 et
1883 921 1938 949 ae-

1115 969 1294 1010 ternitas
1313 969 1572 1019 temporum,
1591 964 1772 1016 alleluja.

1170 1026 1218 1077 V.
1235 1028 1383 1071 Sancti
1402 1032 1446 1069 et
1462 1026 1561 1078 justi
1575 1026 1619 1066 in
1631 1025 1823 1066 Domino
1838 1037 1938 1075 gau-

1117 1085 1233 1135 dete,
1261 1084 1443 1136 alleluja.
1476 1088 1527 1138 R.
1547 1082 1642 1123 Vos
1666 1081 1796 1132 elegit
1818 1081 1940 1122 Deus

1116 1142 1160 1182 in
1178 1141 1482 1183 haereditatem
1501 1138 1594 1188 sibi,
1613 1137 1795 1189 alleluia.

1447 1209 1608 1250 Oratio.

1116 1257 1246 1363 Fac
1261 1275 1352 1312 nos,
1374 1263 1623 1314 quaesumus
1639 1258 1837 1307 Domine,
1854 1270 1942 1299 san-

1208 1321 1379 1360 ctorum
1398 1318 1640 1368 Martyrum
1659 1317 1835 1357 tuorum
1851 1314 1941 1354 Pri-

1117 1374 1176 1415 mi
1188 1379 1231 1416 et
1239 1374 1448 1416 Feliciani
1459 1385 1633 1426 semper
1647 1372 1760 1413 festa
1770 1370 1942 1412 sectari:

1119 1444 1305 1483 quorum
1321 1429 1536 1480 suffragiis
1550 1427 1839 1482 protectionis
1853 1431 1941 1468 tuae

1118 1486 1232 1529 dona
1251 1488 1501 1529 sentiamus.
1527 1486 1613 1527 Per
1631 1484 1877 1526 Dominum.

1171 1555 1212 1589 In
1231 1554 1255 1587 Ι.
1274 1553 1382 1587 Noet.
1407 1552 1506 1587 Lect.
1531 1552 1615 1594 Ego
1633 1548 1834 1594 sapientia.
1851 1547 1942 1592 [156]

1350 1624 1399 1663 In
1418 1623 1468 1662 ΙΙ.
1488 1623 1710 1663 Nocturno.

1158 1690 1309 1728 Sermo
1330 1686 1468 1728 sancti
1486 1686 1670 1727 Thomae
1687 1684 1908 1738 Episcopi.

1326 1753 1439 1787 Conc.
1460 1752 1486 1785 1.
1505 1751 1550 1785 de
1569 1752 1735 1787 Annunt.

1417 1807 1598 1849 Lectio
1588 1821 1640 1847 iv.

1126 1875 1192 1922 ζα
1210 1876 1253 1927 *³3:71⁷
1269 1865 1542 1908 dmirandam
1561 1868 1766 1918 omnique
1780 1866 1941 1908 virtute

1125 1966 1127 1973 .
1149 1919 1255 1990 '‘52593'3'2'*
1280 1925 1563 1975 praestantem
1579 1923 1845 1965 Genitricem
1858 1922 1941 1964 Dei

1194 1985 1257 2007 ff*
1281 1980 1463 2021 Mariam
1479 1993 1561 2033 pro
1579 1980 1666 2021 mei
1680 1979 1840 2031 ingenii
1854 1979 1940 2020 exi-

1117 2036 1281 2086 guitate
1313 2041 1409 2078 toto
1443 2036 1574 2078 animi
1606 2035 1824 2078 desiderio
1852 2035 1940 2077 lau-

1117 2092 1223 2134 dare
1261 2092 1533 2143 desiderans,
1569 2092 1736 2134 nuUum
1771 2092 1862 2134 fere
1897 2092 1940 2133 in

1116 2149 1259 2190 Sacris
1278 2149 1456 2191 Litteris
1475 2149 1601 2202 potui
1620 2150 1812 2202 reperire
1830 2161 1940 2201 prae-

1118 2205 1309 2256 conium,
1335 2205 1454 2258 quod
1473 2205 1530 2247 ad
1547 2205 1738 2247 litteram
1757 2206 1847 2257 ejus
1866 2217 1940 2246 no-

1116 2261 1183 2303 bis
1219 2261 1403 2313 gloriam
1444 2261 1833 2314 excellentiamque
1869 2260 1940 2303 de-

1116 2320 1340 2359 monstret.
1404 2317 1519 2359 Nam
1557 2318 1639 2360 etsi
1671 2318 1725 2360 de
1757 2318 1831 2359 illa
1861 2330 1942 2370 per

1116 2374 1356 2427 prophetas
1383 2374 1574 2427 plurima
1603 2375 1784 2427 mystice
1813 2373 1940 2424 dicta,

1116 2431 1318 2483 factaque
1364 2431 1528 2484 passim
1562 2431 1778 2482 legantur,
1822 2430 1940 2472 unde

1117 2488 1260 2540 possit
1279 2488 1451 2530 virtutis
1467 2489 1557 2540 ejus
1571 2487 1825 2539 magnitudo
1842 2499 1939 2528 con-

1118 2546 1248 2594 stare,
1285 2545 1328 2585 in
1365 2544 1624 2595 evangelicis
1658 2548 1820 2593 tamen,
1865 2547 1941 2585 aut

1117 2600 1371 2652 apostolicis
1408 2600 1582 2653 scriptis
1618 2612 1740 2641 rarus
1778 2598 1833 2641 de
1867 2599 1940 2641 illa

1118 2669 1279 2706 sermo,
1308 2662 1351 2698 et
1378 2656 1517 2698 multo
1541 2656 1682 2697 rarior
1706 2655 1800 2697 laus
1824 2656 1939 2697 inve-

1117 2714 1248 2762 nitur;
1283 2713 1497 2766 quamvis,
1530 2717 1578 2754 ut
1609 2725 1759 2754 verum
1790 2713 1939 2764 fatear,
