2066 2904
844 142 1054 176 Commune
1079 141 1292 184 Virginum.

212 245 451 286 Dominum
471 244 648 285 Patrem
667 243 847 284 Demini
866 243 969 293 mei,
994 247 1042 283 ut

211 314 300 343 non
321 300 598 352 derelinquat
616 312 687 341 me
707 300 751 340 in
773 299 844 341 die
863 299 1041 341 tribula-

210 357 343 399 ti6nis
368 370 496 407 meae,
526 362 569 399 et
597 357 640 397 in
667 358 868 409 tempore
891 368 1040 408 super-

210 413 368 454 berum
406 413 500 454 sine
537 412 769 465 adjutorio.
827 411 1040 453 Laudabo

209 481 370 511 nomen
389 474 514 510 tuum
533 468 726 518 assidue,
753 473 796 509 et
821 467 1039 509 collauda-

208 525 268 567 bo
296 525 405 567 illud
432 525 476 565 in
505 524 800 574 confessiene,
839 528 882 565 et
912 536 1039 565 exau-

209 581 301 623 dita
329 586 396 623 est
425 582 568 623 oratio
601 593 709 622 mea.
750 581 807 621 Et
840 579 1039 621 liberasti

207 651 278 679 me
301 638 356 679 de
379 637 647 690 perditiene,
676 641 719 678 et
745 635 945 689 eripuisti
968 648 1039 677 me

209 694 264 735 de
278 696 478 746 tempore
494 694 655 745 iniquo.
675 693 920 745 Propterea
937 704 1037 733 con-

206 750 384 799 fitebor,
418 755 461 791 et
487 749 664 791 laudem
692 749 836 790 dicam
863 747 961 798 tibi,
994 752 1038 789 et

206 806 465 848 benedicam
483 805 649 847 nemini
668 804 857 846 Demini.

259 864 306 914 R·.
335 863 492 915 Specie
519 867 606 903 tua.
634 861 745 914 [105]

438 951 485 989 In
507 951 557 989 ΙΙ.
580 951 804 990 Nocturno.

205 1018 275 1059 Ex
298 1019 412 1060 libro
438 1018 478 1058 S.
503 1017 726 1070 Cypriani,
754 1016 967 1069 Episcopi
994 1020 1037 1057 et

204 1074 428 1127 Martyris,
461 1074 517 1115 de
549 1073 779 1125 disciplina
811 1077 855 1113 et
883 1072 1037 1114 habitu

500 1129 742 1180 Virginum.

312 1190 343 1228 Ι
348 1190 461 1230 ectio
487 1190 538 1230 ix.
772 1191 874 1242 Cap.
894 1193 930 1230 2.

247 1259 295 1287 Ἦ
274 1259 419 1375 {dunc
445 1256 574 1297 nobis
598 1255 655 1296 ad
674 1256 867 1306 virgines
889 1269 1034 1297 sermo

324 1304 438 1361 '‚est
473 1324 659 1363 quarum
689 1324 776 1363 quo
806 1312 1035 1353 sublimior

216 1386 325 1389 ’,ἡ
380 1368 492 1409 leria
512 1372 590 1417 est,
608 1368 747 1419 maior
767 1372 811 1409 et
831 1381 937 1409 cura
957 1373 1034 1410 est

203 1423 306 1465 Flos
325 1428 393 1466 est
411 1423 483 1465 ille
505 1399 794 1465 ecclesiastici
813 1424 1033 1475 germinis,

204 1479 339 1521 decus
370 1485 503 1532 atque
538 1482 846 1521 ornamentum
878 1481 1034 1532 gratiae

203 1536 431 1588 spiritalis,
467 1536 571 1578 laeta
596 1536 790 1586 indoles,
817 1536 962 1578 laudis
991 1541 1035 1578 et

202 1592 383 1633 honeris
417 1605 529 1645 opus
560 1595 779 1644 integrum
810 1597 943 1644 atque
973 1593 1034 1634 in-

203 1652 472 1701 corruptum,
492 1649 577 1690 Dei
595 1649 742 1699 imago
760 1649 1034 1701 respendens

202 1704 259 1746 ad
274 1705 611 1746 sanctimdniam
621 1705 812 1754 Domini,
822 1705 1034 1746 illustrior

201 1761 349 1812 pertio
374 1761 519 1812 gregis
541 1761 715 1802 Christi.
754 1761 931 1803 Gaudet
953 1774 1034 1814 per

203 1816 317 1866 illas,
348 1822 482 1869 atque
515 1817 560 1857 in
585 1817 670 1858 illis
696 1817 877 1868 largiter
904 1817 1034 1859 floret

203 1872 416 1914 Ecclesiae
435 1873 589 1914 matris
608 1873 803 1924 gloriosa
821 1873 1032 1915 foecundi-

202 1932 285 1969 tas:
310 1931 564 1981 quanteque
583 1929 684 1981 plus
703 1929 888 1981 copiesa
904 1929 1032 1981 virgi-

202 1984 317 2025 nitas
338 1988 522 2026 numero
543 1998 624 2026 suo
639 1984 775 2035 addit,
792 1990 917 2027 tanto
932 1986 1033 2038 plus

201 2040 411 2091 gaudium
434 2041 588 2082 matris
613 2041 820 2093 augescit.
856 2041 929 2083 Ad
952 2042 1032 2083 has

201 2096 435 2148 lequimur,
449 2097 529 2138 has
540 2097 827 2139 adhortamur
839 2097 1031 2139 affectio-

200 2165 255 2193 ne
265 2153 415 2205 petius
425 2166 556 2206 quam
564 2155 802 2206 potestate:
812 2166 901 2195 non
912 2154 1033 2206 quod

202 2210 402 2259 extremi,
432 2214 476 2251 et
494 2210 677 2260 minimi,
709 2215 753 2251 et
772 2209 1031 2252 humilitatis

200 2270 365 2306 nostrae
396 2265 637 2307 admodum
669 2266 835 2307 censcii
863 2266 1031 2318 aliquid

201 2320 258 2361 ad
278 2324 510 2363 censuram
529 2322 719 2364 licentiae
739 2322 1030 2373 vindicemus3

201 2376 280 2417 sed
304 2377 423 2429 quod
447 2377 504 2419 ad
528 2378 871 2420 sollicitudinem
889 2379 1029 2430 magis

201 2432 333 2482 cauti,
358 2434 458 2485 plus
485 2434 540 2476 de
561 2434 729 2476 diaboli
747 2434 1030 2477 infestatic'me

200 2487 442 2530 timeamus.

250 2539 302 2590 Rt·
333 2544 524 2597 Propter
551 2547 802 2597 veritatem,
838 2551 883 2588 et
911 2560 1028 2588 man-

200 2599 497 2651 suetudinem,
526 2607 569 2643 et
586 2603 811 2654 justitiam:
828 2601 851 2627 *
872 2603 929 2644 Et
955 2602 1027 2645 de-

201 2654 333 2697 ducet
367 2660 411 2697 te
442 2658 700 2700 mirabiliter
731 2658 914 2701 dextera
941 2664 1027 2701 tua.

1096 239 1147 291 V.
1165 242 1323 295 Specie
1341 247 1418 285 tua
1435 248 1479 285 et
1500 242 1829 296 pulchritudine
1847 249 1924 285 tua

1095 298 1292 350 intende,
1317 301 1532 352 prospere
1557 299 1768 353 procede,
1797 305 1842 342 et
1859 313 1924 343 re-

1094 368 1190 405 gna.
1226 355 1310 409 Et„

1405 409 1560 451 Lectio
1580 424 1618 451 v.

1093 461 1302 568 Neque
1323 468 1465 509 inanis
1489 468 1585 509 haec
1605 468 1752 510 cautio
1772 474 1854 519 est,
1879 474 1925 511 et

1202 537 1313 565 vana
1335 524 1548 574 formido,
1574 537 1673 576 quae
1693 524 1751 566 ad
1768 525 1924 567 salutis

1091 578 1208 619 viam
1224 580 1424 629 consulit,
1445 593 1545 632 quae
1563 579 1784 622 dominica
1804 586 1848 623 et
1863 581 1923 623 vi—

1091 634 1198 676 talia
1217 638 1446 688 praecepta
1461 635 1667 687 custudit,
1685 641 1736 679 ut
1755 649 1854 689 quae
1875 650 1923 679 se

1095 689 1270 732 Christo
1283 691 1538 741 dicaverint,
1555 696 1600 733 et
1610 705 1636 733 a
1647 693 1811 734 carnali
1822 706 1923 735 con-

1094 747 1367 799 cupiscentia
1385 748 1657 798 recedenteS,
1675 753 1767 790 tam
1781 762 1923 800 carne,

1093 815 1225 855 quam
1244 809 1392 846 mente
1411 817 1459 846 se
1473 804 1571 846 Deo
1587 805 1800 856 voverint,
1821 818 1922 847 con-

1091 862 1311 902 summent
1337 873 1450 913 opus
1477 874 1605 902 suum
1631 874 1792 913 magno
1811 864 1922 914 prae-

1090 915 1180 956 mio
1214 916 1497 958 destinatum:
1530 930 1613 959 nec
1645 918 1793 959 ornari
1823 918 1922 970 jam,

1089 976 1166 1013 aut
1184 972 1361 1024 placere
1380 976 1603 1026 cuiquam,
1622 974 1707 1016 nisi
1726 974 1921 1016 Demino

1090 1040 1188 1078 suo,
1206 1028 1429 1079 studeant,
1454 1042 1479 1070 a
1497 1042 1586 1081 quo
1607 1034 1652 1071 et
1670 1030 1922 1073 mercedem

1089 1084 1353 1135 virginitatis
1405 1088 1687 1138 exspectant,
1747 1086 1922 1129 dicente

1090 1140 1204 1192 ipso:
1224 1141 1326 1182 Non
1349 1154 1502 1184 omnes
1526 1142 1705 1195 capiunt
1725 1142 1921 1194 verbum,

1090 1197 1170 1238 sed
1207 1197 1271 1237 illi
1308 1197 1468 1249 quibus
1506 1198 1659 1240 datum
1693 1203 1770 1240 est.
1811 1199 1921 1241 Sunt

1089 1253 1205 1293 enirn
1229 1254 1468 1306 spadones,
1499 1254 1573 1307 qui
1599 1267 1655 1296 ex
1679 1258 1808 1297 utero
1832 1268 1919 1297 ma-

1088 1308 1169 1349 tris
1198 1309 1262 1350 sic
1288 1310 1381 1351 nati
1408 1315 1525 1351 sunt:
1557 1315 1602 1352 et
1630 1316 1733 1353 sunt
1761 1311 1919 1364 spade-

1088 1377 1182 1414 nes,
1203 1365 1279 1416 qui
1296 1367 1441 1408 coacti
1460 1371 1562 1408 sunt
1581 1366 1637 1408 ab
1653 1366 1920 1418 hominibus;

1088 1424 1133 1461 et
1157 1426 1259 1462 sunt
1283 1421 1522 1474 spadenes,
1550 1422 1626 1474 qui
1653 1425 1824 1477 seipsos
1852 1436 1919 1466 ca-

1088 1479 1340 1519 straverunt
1365 1483 1552 1531 propter
1576 1492 1761 1530 regnum
1786 1480 1919 1522 coele-

1088 1545 1196 1574 rum.

1139 1588 1191 1641 Ιζι.
1226 1590 1431 1633 Dilexisti
1454 1591 1685 1644 justitiam,
1713 1596 1758 1634 et
1786 1592 1920 1636 odisti

1086 1645 1381 1697 iniquitatem:
1405 1647 1429 1673 *
1454 1648 1700 1700 Propterea
1723 1650 1849 1691 unxit
1873 1654 1919 1692 te

1087 1701 1225 1752 Deus,
1277 1703 1398 1744 Deus
1444 1708 1547 1745 tuus
1593 1704 1693 1746 eleo
1739 1704 1919 1748 laetitiae.

1085 1751 1139 1804 V.
1164 1758 1354 1811 Propter
1373 1760 1624 1810 veritatem,
1654 1764 1699 1802 et
1718 1774 1917 1805 mansue-

1086 1813 1301 1865 tudinem,
1331 1820 1375 1857 et
1402 1816 1624 1887 justitiam.
1663 1818 1918 1870 Propterea.

1385 1877 1540 1919 Lectio
1562 1878 1615 1919 vi.

1173 1933 1286 1973 enuo
1315 1945 1494 1985 quoque
1517 1946 1598 1986 per
1621 1934 1734 1976 hanc
1757 1935 1918 1988 Angeli

1191 2000 1347 2030 vocem
1366 1990 1651 2032 continentiae
1669 2004 1826 2033 munus
1850 2004 1917 2033 os-

1086 2043 1302 2095 tenditur,
1354 2045 1584 2097 virginitas
1635 2046 1917 2099 praedicatur.

1085 2100 1145 2141 Hi
1177 2105 1296 2151 sunt,
1334 2102 1409 2154 qui
1444 2114 1544 2143 cum
1577 2102 1836 2145 mulieribus
1867 2117 1916 2147 se

1085 2169 1173 2198 non
1207 2157 1621 2209 coinquinaverunt:
1657 2159 1847 2211 virgines
1876 2173 1916 2203 e-

1085 2212 1173 2253 nim
1191 2215 1543 2266 permanserunt:
1565 2214 1612 2255 hi
1635 2220 1738 2257 sunt
1757 2216 1833 2269 qui
1851 2230 1915 2259 se-

1086 2272 1279 2321 quuntur
1297 2269 1474 2320 Agnum
1501 2274 1782 2323 quocumque
1805 2273 1916 2315 ierit.

1083 2325 1240 2377 Neque
1260 2325 1376 2367 enim
1395 2331 1567 2368 tantum
1586 2327 1793 2368 masculis
1813 2341 1914 2370 con-

1083 2381 1280 2423 tinentiae
1307 2382 1496 2432 gratiam
1519 2383 1737 2424 Duminus
1764 2396 1915 2437 repro-

1082 2438 1234 2487 mittit,
1278 2442 1323 2478 et
1360 2438 1543 2479 feminas
1579 2440 1794 2491 praeterit:
1834 2441 1914 2483 sed

1083 2493 1291 2545 queniam
1309 2493 1470 2535 femina
1488 2494 1572 2535 viri
1591 2496 1740 2547 pertio
1762 2501 1845 2547 est,
1869 2502 1913 2539 et

1083 2562 1136 2590 ex
1165 2562 1218 2591 eo
1247 2554 1424 2602 sumpta
1456 2554 1590 2602 atque
1617 2551 1806 2594 formata
1835 2558 1912 2604 est,

1082 2605 1125 2645 in
1140 2606 1381 2659 Scripturis
1402 2606 1493 2647 fere
1512 2606 1716 2649 omnibus
1736 2608 1793 2650 ad
1811 2622 1912 2662 pro-

1081 2661 1322 2714 toplastum
1331 2662 1453 2703 Deus
1468 2662 1676 2714 lequitur,
1693 2665 1795 2716 quia
1809 2670 1912 2708 sunt
