2028 2892
743 157 946 192 Dominica
972 158 1022 192 ad
1044 157 1250 200 Vespcras.

198 246 433 299 Quomodo
447 247 741 299 persequatur
755 260 867 288 unus
881 247 974 288 mil-

144 305 197 356 le,
212 305 236 331 *
257 308 301 347 et
321 303 409 346 duo
431 302 584 355 fugent
604 302 759 344 decem
777 302 935 345 millia?

195 362 356 403 Nonne
369 359 484 409 ideo,
503 359 606 411 quia
616 359 737 401 Deus
753 372 858 401 suus
874 362 974 402 ven-

146 418 270 504 didit>
287 429 380 468 605,
398 416 422 443 *
446 420 491 458 et
511 416 729 457 Dominus
758 416 976 458 conclusit

144 474 263 516 illos.

196 531 300 573 Non
321 529 438 572 enim
457 533 525 571 est
539 529 662 570 Deus
680 533 831 571 noster
850 534 899 572 ut
915 530 976 572 dii

147 589 315 629 eorum:
333 586 358 613 *
379 590 423 628 et
446 585 612 627 inimici
630 586 772 627 nostri
792 590 894 628 sunt
917 588 976 639 ju-

147 644 280 686 dices.

197 701 267 743 De
285 702 415 742 vinea
433 698 742 749 Sodomorum,
759 701 887 741 vinea
906 701 976 741 eo-

146 770 253 809 rum,
263 757 288 783 *
299 762 344 799 et
358 756 414 798 de
429 755 692 798 suburbanis
700 756 976 797 Gomorrhae:

191 814 289 856 Uva
317 815 471 878 eorum
497 825 584 854 uva
602 812 734 863 fellis,
753 812 776 838 *
797 817 842 854 et
859 812 977 854 botri

146 882 420 912 amarissimi

197 926 277 969 Fel
292 926 535 969 draconum
549 926 699 968 vinum
715 927 879 976 eorum,
893 926 917 952 *
933 930 977 967 et

146 985 364 1026 venenum
384 982 590 1036 aspidum
606 981 861 1024 insanabile.

197 1040 358 1082 Nonne
391 1039 488 1081 haec
522 1038 701 1081 condita
729 1044 831 1080 sunt
859 1038 977 1091 apud

146 1109 228 1147 me,
245 1096 270 1124 *
287 1100 331 1138 et
348 1096 521 1148 signata
538 1095 583 1136 in
603 1095 824 1137 thesauris
843 1094 976 1137 meis?

197 1153 298 1195 Mea
322 1157 389 1195 est
411 1152 539 1202 ultio,
570 1156 614 1194 et
633 1164 715 1204 ego
735 1151 977 1194 retribuam

145 1210 191 1251 in
238 1211 461 1262 tempore,
508 1208 533 1235 *
577 1212 627 1250 ut
674 1207 849 1250 labatur
896 1221 976 1261 pes

146 1267 313 1308 eorum:
974 1302 979 1306 .

197 1322 332 1364 Juxta
359 1325 426 1363 est
454 1321 548 1363 dies
573 1320 852 1374 perditionis,
880 1321 904 1347 *
933 1325 977 1362 et

146 1378 304 1421 adesse
322 1378 532 1420 festinant
550 1379 763 1430 tempora.

196 1434 223 1476 J
222 1434 421 1476 udicabit
438 1433 656 1475 Dominus
674 1433 889 1486 populum
908 1446 975 1474 su-

145 1504 231 1541 um,
249 1491 274 1518 *
294 1490 401 1532 etin
420 1490 559 1532 servis
575 1489 666 1531 suis
680 1488 976 1533 miserebitur:

198 1546 383 1589 Videbit
411 1545 532 1598 quod
558 1546 778 1587 infirmata
805 1545 863 1586 sit
889 1558 975 1586 ma-

146 1616 240 1655 nus,
253 1603 279 1630 *
294 1607 339 1645 et
357 1602 496 1645 clausi
513 1614 692 1655 quoque
711 1601 976 1652 defecerunt,

146 1659 401 1712 residuique
420 1658 671 1711 consumpti
691 1662 802 1700 sunt.

198 1716 258 1758 Et
277 1716 412 1758 dicet:
439 1715 528 1758 Ubi
552 1719 654 1757 sunt
675 1714 736 1757 dii
756 1716 926 1764 eorum,
954 1715 978 1740 *

148 1772 193 1817 in
215 1772 375 1825 quibus
392 1771 616 1814 habebant
634 1769 865 1813 fiduciam?

199 1830 269 1872 De
284 1841 471 1882 quorum
481 1828 671 1870 victimis
686 1827 980 1870 comedebant

149 1886 325 1939 adipes,
343 1886 368 1913 *
388 1890 432 1928 et
458 1885 670 1928 bibebant
697 1884 847 1926 vinum
873 1884 978 1926 liba-

148 1943 330 1984 minum:

202 1999 409 2051 Surgant,
438 2002 483 2040 et
510 1997 781 2050 opitulentur
801 1997 938 2047 vobis,
955 1998 980 2023 *

152 2060 197 2098 et
213 2055 259 2096 in
276 2055 543 2097 necessitate
561 2066 643 2096 vos
661 2055 909 2106 protegant.

203 2111 368 2154 Videte
389 2110 510 2164 quod
530 2123 612 2163 ego
636 2110 719 2151 sim
737 2109 875 2159 solus,
892 2109 916 2136 *
937 2114 981 2151 et

151 2181 241 2210 non
262 2167 320 2210 sit
339 2167 452 2209 alius
470 2168 591 2209 Deus
610 2170 773 2220 praeter
791 2178 878 2207 me:

203 2224 300 2276 Ego
329 2223 546 2273 occidam,
576 2227 620 2265 et
649 2235 730 2275 ego
755 2223 904 2264 vivere
922 2221 980 2261 fa-

153 2281 279 2322 ciam:
306 2279 570 2333 percutiam‚
595 2283 639 2321 et
660 2291 742 2330 ego
764 2276 940 2326 sanabo,
957 2277 981 2302 *

154 2341 198 2379 et
215 2349 305 2378 non
325 2340 392 2378 est
413 2335 488 2388 qui
508 2334 564 2377 de
581 2348 714 2377 manu
727 2347 826 2376 mea
838 2333 982 2386 possit
1046 2350 1049 2351 ⁷
1068 2347 1110 2385 ³(

154 2396 318 2435 eruere.

205 2449 386 2491 Levabo
402 2448 460 2490 ad
471 2447 633 2489 coelum
642 2459 820 2488 manum
829 2457 982 2494 meam,
1046 2439 1051 2465 ’ἶ
1072 2434 1155 2467 Ξ

157 2510 200 2548 et
218 2505 378 2547 dicam:
396 2504 420 2530 *
438 2504 556 2546 Vivo
583 2516 665 2555 ego
689 2503 735 2544 in
759 2503 983 2544 aeternum.

206 2561 253 2603 Si
298 2564 458 2603 acuero
505 2565 555 2602 ut
598 2559 743 2611 fulgur
789 2556 983 2609 gladium

155 2630 318 2668 meum,
352 2618 376 2644 *
410 2621 455 2659 et
497 2615 733 2668 arripuerit
777 2613 984 2666 judicium

157 2686 312 2715 manus
331 2685 446 2716 mea:

1783 153 1853 189 107

1079 247 1284 289 Reddam
1298 247 1510 289 ultionem
1522 248 1723 290 hostibus
1732 249 1851 299 meis,

1028 305 1052 330 *
1072 308 1116 346 et
1134 304 1202 345 his
1225 304 1299 356 qui
1319 303 1506 346 oderunt
1520 317 1590 346 me
1603 305 1852 346 retribuam.

1080 360 1316 402 Inebriabo
1337 362 1519 412 sagittas
1542 374 1662 403 meas
1682 362 1851 413 sangui-

1027 430 1099 468 ne,
1131 417 1155 443 *
1188 422 1232 459 et
1263 417 1434 469 gladius
1467 429 1590 459 meus
1623 417 1852 460 devorabit

1029 486 1194 524 carnes,

1080 531 1148 572 De
1168 532 1323 571 cruore
1340 530 1596 580 occisorum,
1610 531 1633 557 *
1649 535 1692 572 et
1711 530 1766 573 de
1785 543 1851 572 ca-

1029 587 1250 640 ptivitate,
1288 586 1441 628 nudati
1472 587 1746 628 inimicorum
1784 589 1850 629 ca-

1028 643 1144 696 pitis.

1081 700 1279 742 Laudate
1296 700 1462 741 Gentes
1481 699 1694 752 populum
1714 701 1814 752 ejus,
1828 700 1852 726 *

1031 769 1134 808 quia
1152 757 1407 807 sanguinem
1427 758 1653 798 servorum
1675 758 1853 798 suorum

1029 813 1282 855 ulciscetur:

1081 870 1139 911 Et
1158 869 1397 911 vindictam
1416 869 1628 911 retribuet
1643 869 1687 909 in
1702 869 1853 911 hostes

1031 928 1199 977 eorum,
1231 926 1254 952 *
1288 930 1332 968 et
1361 926 1580 978 propitius
1612 925 1694 967 erit
1724 930 1854 967 terrae

1029 983 1184 1036 populi
1203 983 1280 1024 sui.

1085 1052 1185 1092 Ant.
1225 1050 1339 1090 Date
1378 1046 1722 1098 magnitudinem
1756 1048 1853 1089 Deo

1029 1109 1192 1146 nostro.

1086 1173 1185 1213 Ant.
1224 1171 1274 1210 In
1306 1168 1517 1222 cymbalis
1551 1168 1853 1210 benesonanti-

1029 1226 1113 1268 bus
1132 1227 1156 1253 *
1175 1226 1353 1268 laudate
1371 1226 1525 1266 Deum.

1083 1293 1152 1333 Ps.
1181 1291 1382 1333 Laudate
1401 1291 1517 1332 Dfim
1540 1290 1595 1332 de
1616 1290 1750 1332 coelis.
1777 1290 1832 1330 17.

1084 1364 1128 1397 In
1153 1363 1344 1405 Quadrag.
1374 1361 1512 1404 Capit,
1536 1360 1673 1404 llynm.
1696 1364 1731 1393 ct
1756 1354 1798 1399 Y.
1819 1364 1859 1393 ut

1033 1412 1072 1446 in
1096 1412 1214 1445 Laud.
1241 1411 1323 1444 Fer.
1349 1410 1394 1443 II.
1414 1408 1466 1443 53.
1495 1413 1531 1442 ct
1551 1408 1603 1443 54.

1084 1466 1149 1499 Ad
1176 1464 1410 1499 Benedictus
1440 1463 1527 1496 Ant.
1554 1461 1725 1505 propriu,
1750 1466 1790 1494 ut
1821 1460 1857 1493 in

1032 1514 1156 1548 Feriis
1182 1511 1507 1555 Quadragcsimae.

1075 1566 1234 1605 Preces,
1266 1564 1421 1608 quando
1455 1562 1629 1597 dicendae
1661 1566 1762 1597 sunt,
1793 1560 1856 1593 ha-

1032 1615 1170 1648 bentur
1194 1623 1312 1656 supra
1334 1612 1374 1646 in
1396 1611 1509 1645 Feria
1532 1610 1577 1644 H.
1597 1609 1649 1644 54.

1290 1690 1598 1709 *0*th—

1111 1768 1387 1819 Dominica
1411 1766 1480 1817 ad
1501 1766 1780 1831 vesperas.

1089 1855 1217 1894 Pater
1236 1855 1397 1893 noster.
1426 1853 1519 1892 Ave
1538 1849 1686 1890 Maria.

1084 1914 1135 1965 V.
1159 1917 1280 1958 Deus
1299 1915 1343 1956 in
1363 1913 1636 1967 adjuterium.
1664 1913 1722 1953 15.

1085 1983 1183 2023 Ant.
1212 1980 1336 2022 Dixit
1362 1979 1587 2021 Dominus.

1085 2047 1238 2098 Temp.
1260 2043 1469 2085 Paschali.
1501 2044 1598 2083 Ant.
1628 2039 1819 2091 Alleluia.

1084 2116 1163 2150 Sub
1195 2125 1270 2158 qua
1300 2113 1382 2147 sola
1407 2112 1494 2146 Ant.
1521 2111 1696 2145 dicuntur
1721 2120 1851 2143 omncs

1032 2163 1177 2197 Psalmi
1193 2163 1462 2205 Yespemmm,
1485 2164 1560 2194 tam
1583 2159 1620 2192 in
1638 2157 1850 2192 Dominicis

1032 2221 1147 2255 quam
1171 2211 1210 2244 in
1234 2209 1367 2244 Feriis.

1291 2269 1488 2310 Psalmus
1509 2267 1598 2306 109.

1077 2362 1090 2374 Α.
1166 2329 1246 2371 ixit
1262 2327 1476 2369 Dominus
1493 2322 1684 2364 Domino
1703 2333 1816 2363 meo:
1830 2321 1854 2347 *

1048 2393 1049 2409 *
1071 2382 1155 2434 hijs
1183 2384 1298 2427 Sede
1317 2396 1342 2425 a
1361 2379 1527 2424 dextris
1545 2378 1671 2420 meis:

1222 2442 1376 2482 Donec
1394 2448 1555 2489 ponam
1571 2434 1773 2476 inimicos
1791 2438 1854 2475 tu-

1035 2512 1097 2549 OS‚
1115 2499 1140 2524 *
1159 2495 1396 2539 scabellum
1414 2491 1579 2545 pedum
1596 2492 1782 2532 tuorum.

1086 2554 1268 2605 Virgam
1288 2548 1461 2593 virtutis
1479 2552 1568 2588 tuae
1586 2549 1754 2588 emittet
1768 2547 1854 2586 Do-

994 2621 998 2625 ·
1034 2612 1178 2653 minus
1204 2621 1258 2650 ex
1276 2607 1396 2648 Sion:
1414 2604 1438 2630 *
1458 2603 1683 2645 dominare
1706 2603 1749 2643 in
1770 2603 1854 2642 me-

1036 2667 1110 2709 dio
1130 2664 1404 2707 inimicorum
1420 2661 1606 2702 tuorum.
