2028 2892
604 172 672 206 hic
702 174 747 206 13.
773 172 931 215 Aprilis.
978 173 1012 205 S.
1040 171 1323 214 llcrmcnegildi
1350 171 1455 204 Mart.

341 270 428 311 Ad
463 270 848 313 matutinum.

491 335 699 385 Hymnus.

277 393 376 435 ullis
405 398 450 436 te
477 394 648 444 genitor
674 393 898 436 blanditiis
926 398 1008 435 tra-

493 450 569 501 hit,

236 506 337 548 Non
357 507 460 549 vitae
479 508 650 560 caperis
670 507 815 549 divitis
835 507 937 556 otio,

236 563 573 606 Gemmarumve
592 564 745 613 nitore,

236 620 523 672 Regnandive
543 620 758 673 cupidine.

188 686 305 727 Diris
324 699 412 728 non
431 686 547 728 acies
565 691 610 728 te
628 686 761 736 gladii
779 685 917 735 minis,

235 742 330 784 Nec
366 747 502 785 terret
541 743 761 796 perimens
799 741 1013 784 carnificis

494 799 630 841 furor:

236 856 351 897 Nam
368 859 574 897 mansura
593 854 770 897 caducis

238 912 427 954 Praefers
447 912 607 965 gaadia
626 911 833 954 coelitum.

189 981 314 1021 Nunc
338 990 420 1019 nos
447 990 471 1019 e
497 977 713 1030 Superum
740 978 924 1030 protege
951 978 1013 1018 se-

499 1034 628 1076 dibus

239 1091 455 1142 ClemenS,
479 1096 611 1143 atque
629 1096 799 1144 preces,
819 1090 928 1133 dum
948 1092 1015 1132 ca-

499 1148 643 1189 nimus
661 1152 736 1189 tua

240 1206 480 1256 Quaesitam
498 1217 605 1247 nece
624 1204 824 1258 palmam,

239 1262 395 1304 Pronis
414 1261 592 1303 auribus
612 1262 776 1315 excipe.

189 1329 253 1371 Sit
272 1341 417 1370 rerum
435 1327 626 1392 Domino
647 1327 756 1379 jugis
774 1327 917 1370 honor
937 1327 1016 1368 Pa-

244 1442 301 1484 Et
318 1441 482 1483 Natum
499 1388 724 1506 {fgiebrent
743 1454 822 1483 ora
839 1442 1016 1494 precan-

242 1502 773 1607 Divinnmqutssusndpremis

242 1612 421 1653 Flamen
440 1611 645 1654 laudibus
666 1611 857 1653 efferant.

505 1668 658 1710 Amen.

245 1731 285 1763 In
313 1729 335 1762 1.
361 1728 470 1762 Noct.
506 1728 540 1761 in
576 1726 766 1768 Quadrng.
799 1726 899 1759 Lcct.
932 1726 1020 1760 Fra-

193 1782 287 1813 tres:
316 1777 533 1812 Debitores.
558 1776 605 1810 dc
635 1774 837 1810 Communi
868 1774 1017 1816 plurim.

192 1826 299 1859 Μαι-ἵ.
332 1825 401 1868 [54]
433 1835 517 1858 cum
547 1825 624 1868 NR„
658 1824 704 1857 de
731 1823 873 1857 Comm.
905 1823 1018 1856 unius=

195 1874 300 1907 Mart.
325 1874 395 1917 [26]

246 1926 364 1960 Extra
389 1925 579 1967 Quadrag.
606 1925 652 1958 dc
677 1923 813 1967 Script.
839 1933 982 1958 occurr.

425 1999 474 2038 In
496 1999 546 2037 ΙΙ.
571 1998 793 2038 Nocturno.

196 2067 261 2107 Ex
289 2064 401 2106 libro
429 2065 718 2116 Dialogorum
751 2064 889 2106 sancti
917 2064 1021 2105 Gre-

471 2122 583 2173 gorii
602 2122 747 2174 Papae.

435 2187 516 2222 Lib.
541 2188 570 2221 3.
611 2186 703 2230 Cap.
728 2188 779 2221 31.

496 2244 647 2285 Lectio
668 2244 720 2284 iv.

208 2316 283 2365 Ῐ-’ξζ
331 2307 651 2359 ermenegildus
670 2320 763 2358 rex,
781 2307 1025 2359 Leovigildi

241 2368 290 2419 μζζ
349 2366 464 2416 regis
473 2363 807 2416 Visigothorum
825 2364 951 2415 filius,
970 2364 1025 2407 ab

241 2415 259 2434 ‘⁵
349 2423 514 2464 Ariana
538 2421 696 2463 haeresi
721 2422 778 2464 ad
803 2420 935 2463 fidem
959 2434 1025 2463 ca-

200 2478 407 2521 tholicam
417 2479 511 2521 viro
523 2478 889 2521 reverendissimo
898 2477 1027 2519 Lean-

201 2535 282 2577 dro
314 2535 567 2588 Hispalensi
599 2537 830 2588 episcopo,
863 2534 1027 2576 dudum

201 2592 307 2633 mihi
339 2592 382 2632 in
414 2592 615 2634 amicitiis
642 2591 910 2633 familiariter
939 2591 1026 2643 jun-

203 2652 291 2697 cto,
336 2647 620 2700 praedicante,
667 2649 903 2690 conversus
950 2652 1029 2689 est.

204 2705 343 2755 Quem
368 2709 494 2756 pater
520 2705 726 2756 Arianus,
759 2709 808 2747 ut
833 2703 889 2747 ad
916 2706 1029 2746 eam-

1063 265 1164 308 dem
1189 265 1394 307 haeresim
1419 264 1599 315 rediret,
1627 270 1671 307 et
1698 266 1890 319 praemiis

1063 322 1266 372 suadere,
1294 326 1338 363 et
1365 322 1492 363 minis
1516 323 1682 364 terrere
1707 323 1891 364 conatus

1064 384 1142 422 est.
1196 379 1393 431 Cumque
1429 378 1502 421 ille
1539 378 1891 421 constantissime

1063 435 1371 489 responderet,
1402 447 1640 488 numquam
1668 448 1716 477 se
1743 448 1892 477 veram

1064 492 1198 535 fidem
1221 505 1356 546 posse
1381 492 1645 545 relinquere,
1673 505 1804 545 quam
1828 504 1892 534 se-

1064 550 1150 592 mel
1178 550 1444 601 agnovisset:
1475 549 1613 591 iratus
1639 554 1766 602 pater
1793 561 1893 591 eum

1064 606 1254 659 privavit
1287 617 1439 656 regno,
1476 604 1698 659 rebusque
1735 618 1892 659 exspo-

1064 662 1186 705 liavit
1221 661 1435 704 omnibus.
1488 662 1684 714 Cumque
1716 675 1798 705 nec
1831 662 1894 705 sic

1065 720 1271 762 virtutem
1293 718 1451 760 mentis
1470 718 1585 759 illius
1608 718 1803 761 emollire
1824 729 1915 760 va-'

1065 776 1230 826 luisset,
1248 776 1292 816 in
1307 780 1428 817 arcta
1441 774 1564 816 illum
1580 774 1780 817 custodia
1795 787 1894 817 con-

1067 832 1267 883 cludens,
1305 831 1467 873 collum
1501 835 1745 884 manusque
1780 831 1895 873 illius

1067 889 1182 931 ferro
1199 888 1361 940 ligavit.
1390 888 1538 941 Coepit
1551 890 1699 940 itaque
1714 888 1894 931 Herme-

1067 944 1267 997 negildus
1292 958 1371 987 rex
1395 945 1561 997 juvenis
1584 946 1806 987 terrenum
1831 957 1894 987 re-

1067 1016 1199 1054 gnum
1220 1001 1462 1055 despicere,
1487 1006 1531 1044 et
1549 1001 1653 1043 forti
1676 1001 1895 1044 desiderio

1069 1060 1249 1101 coeleste
1270 1071 1488 1112 quaerens,
1514 1059 1559 1099 in
1582 1058 1733 1100 ciliciis
1751 1059 1896 1100 vincu-

1068 1117 1183 1159 latus
1210 1118 1372 1169 jacens,
1401 1115 1692 1169 omnipotenti
1715 1115 1814 1157 Deo
1840 1114 1896 1157 ad

1070 1172 1404 1215 confortandum
1414 1186 1472 1223 se,
1487 1185 1644 1225 preces
1659 1171 1896 1223 effundere3

1070 1232 1282 1282 tantoque
1308 1229 1536 1272 sublimius
1555 1229 1740 1281 gloriam
1759 1233 1896 1271 trans-

1071 1286 1212 1329 e1'1ntis
1229 1285 1381 1328 mundi
1399 1285 1642 1339 despicere,
1669 1289 1834 1337 quanto
1854 1289 1899 1327 et

1071 1343 1279 1395 religatus
1324 1344 1564 1394 agnoverat
1606 1341 1715 1383 nihil
1752 1341 1897 1391 fuisse,

1072 1399 1192 1453 quod
1210 1398 1406 1453 potnerit
1423 1398 1592 1440 auferri.

1125 1460 1176 1512 R.
1199 1457 1448 1498 Honestum
1474 1455 1576 1497 fecit
1603 1454 1725 1496 illum
1750 1454 1898 1496 Domi-

1071 1526 1170 1564 nus,
1191 1517 1235 1555 et
1254 1511 1492 1555 custodivit
1511 1524 1611 1553 eum
1629 1510 1684 1553 ab
1704 1510 1899 1561 inimicis,

1073 1576 1116 1612 et
1144 1583 1169 1611 a
1198 1568 1504 1612 seductoribus
1530 1568 1689 1610 tutavit
1715 1567 1852 1609 illum:
1875 1571 1898 1596 *

1072 1628 1129 1669 Et
1163 1625 1284 1668 dedit
1316 1625 1378 1666 illi
1413 1625 1654 1667 claritatem
1682 1626 1901 1667 aeternam.

1074 1681 1124 1732 V.
1156 1681 1486 1734 Descenditque
1522 1694 1621 1723 cum
1653 1680 1729 1723 illo
1763 1681 1808 1722 in
1838 1681 1899 1722 fo-

1073 1753 1215 1790 veam,
1235 1745 1278 1781 et
1298 1739 1342 1779 in
1360 1737 1544 1780 vinculis
1562 1749 1650 1778 non
1669 1736 1901 1790 dereliquit

1074 1810 1184 1839 eum.
1223 1796 1281 1838 Et
1301 1794 1424 1838 dedit
1441 1793 1514 1835 illi.

1264 1853 1482 1904 Tempore
1504 1852 1713 1893 Paschali.

1127 1913 1177 1964 R.
1196 1909 1294 1950 Lux
1316 1910 1531 1962 perpetua
1552 1908 1716 1951 lucebit
1739 1907 1902 1949 sanctis

1074 1966 1161 2009 tuis
1185 1966 1391 2016 Domine,
1415 1967 1438 1991 ¹⁸¹
1461 1966 1520 2008 Et
1550 1964 1770 2007 aeternitas
1796 1966 1901 2007 tem-

1074 2036 1249 2077 porum,
1273 2022 1461 2075 alleluja,
1486 2022 1668 2075 alleluja.
1699 2018 1749 2071 V.
1774 2021 1903 2063 Laeti-

1074 2081 1135 2123 tia
1172 2080 1439 2134 sempiterna
1475 2080 1558 2122 erit
1590 2091 1722 2132 super
1757 2078 1904 2131 capita

1077 2139 1242 2179 eorum:
1267 2135 1477 2188 gaudium
1501 2141 1546 2179 et
1569 2135 1903 2178 exsultationem

1077 2193 1348 2237 obtinebunt.
1375 2194 1442 2236 Et.

1384 2250 1536 2291 Lectio
1556 2263 1593 2290 v.

1146 2306 1460 2360 uperveniente
1501 2310 1648 2348 autem
1678 2304 1904 2347 Paschalis

1155 2363 1405 2406 festivitatis
1425 2363 1510 2413 die,
1533 2363 1811 2415 intempestae
1828 2373 1903 2402 no-

1079 2421 1160 2463 ctis
1185 2420 1377 2470 silentio,
1406 2420 1463 2461 ad
1489 2433 1588 2461 eum
1610 2418 1806 2472 perfidus
1830 2430 1903 2471 pa-

1078 2483 1146 2521 ter
1170 2477 1381 2519 Arianum
1407 2478 1666 2529 episcopum
1691 2474 1825 2525 misit,
1858 2479 1906 2516 ut

1081 2548 1135 2577 ex
1160 2536 1251 2587 ejus
1276 2546 1407 2575 manu
1432 2532 1657 2584 sacrilegae
1680 2543 1906 2573 consecra-

1080 2592 1211 2634 tionis
1256 2590 1606 2632 communionem
1647 2590 1906 2641 perciperet,

1081 2653 1212 2700 atque
1244 2660 1324 2701 per
1355 2646 1440 2688 hoc
1471 2645 1528 2688 ad
1554 2645 1692 2699 patris
1720 2644 1907 2695 gratiam

1081 2704 1225 2747 redire
1243 2705 1493 2747 mereretur.
1529 2701 1617 2745 Sed
1634 2702 1701 2744 vir
1718 2702 1815 2743 Deo
1835 2699 1906 2743 de-
