2028 2892
210 183 275 218 182

541 279 700 320 Oratio.

290 342 418 379 raesta
452 338 715 389 quaesumus,
746 337 1020 387 omnipotens

303 394 437 435 Deus:
469 398 516 434 ut
548 405 658 444 quos
690 392 843 443 jejunia
874 393 1019 432 votiva

207 452 433 501 castigant:
483 450 578 501 ipsa
625 461 798 501 quoque
843 447 1018 489 devetio

207 511 355 547 sancta
374 505 579 549 laetificet;
598 510 644 546 ut
662 504 844 546 terrenis
861 503 1018 544 affecti-

204 563 286 604 bus
305 562 526 612 mitigatis,
550 560 715 602 facilius
740 560 934 601 coelestia
953 572 1018 600 ca—

206 619 384 671 piamus.
410 618 494 659 Per
513 618 758 658 Deminum.

260 676 329 716 Ad
356 676 525 726 Magnis.
563 677 659 715 Ant.
696 673 908 726 Propheta
933 685 1018 713 ma-

206 744 314 782 gnus
337 732 360 757 *
383 730 568 771 surrexit
597 730 639 770 in
672 729 812 778 nobis,
845 735 888 771 et
919 729 1019 781 quia

207 788 325 829 Deus
346 787 535 828 visitavit
552 786 723 838 plebem
742 799 874 827 suam.

540 853 699 891 Oratio.

208 902 406 1007 Populi
429 908 493 949 tui
510 908 629 949 Deus
649 908 869 950 institutor
893 913 936 950 et
955 921 1017 950 re-

294 970 398 1015 ctor,
417 967 607 1017 peccata,
628 965 782 1017 quibus
797 965 1017 1017 impugna-

205 1026 290 1071 tur,
316 1021 497 1073 expelle:
525 1026 572 1062 ut
598 1034 769 1074 semper
791 1021 869 1063 tibi
888 1021 1018 1073 placi-

204 1084 289 1127 tus,
318 1083 360 1120 et
385 1083 462 1119 tuo
489 1078 722 1120 munimine
749 1078 805 1119 sit
830 1081 1018 1119 securus.

204 1135 286 1176 Per
303 1134 547 1175 Deminum.

405 1252 439 1287 F
458 1262 480 1287 e
498 1251 544 1287 ri
561 1261 586 1287 a
621 1251 649 1287 S
666 1263 689 1287 e
708 1264 732 1287 x
749 1256 764 1287 t
782 1263 817 1288 a.

208 1309 356 1350 Lectio
380 1309 516 1350 sancti
537 1309 757 1359 Evangelii
779 1309 1016 1350 secundum

501 1365 525 1405 J
527 1367 718 1407 oannem.

335 1432 481 1472 Lectio
502 1433 523 1471 i.
724 1433 824 1483 Cap.
843 1434 891 1472 11.

203 1485 277 1591 In
297 1491 372 1532 illo
391 1492 600 1543 tempore:
620 1493 726 1533 Erat
741 1491 917 1543 quidam
931 1492 1018 1533 lan-

269 1560 405 1599 guens
430 1547 620 1590 Lazarus
651 1562 676 1590 a
700 1548 928 1599 Bethania,
963 1548 1018 1590 de

205 1603 383 1645 castello
408 1604 555 1646 Mariae
581 1610 623 1647 et
647 1605 829 1646 Marthae
854 1605 1017 1647 sororis

206 1660 304 1710 ejus.
332 1661 387 1701 Et
405 1660 580 1712 reliqua.

212 1737 392 1778 llomih'a
406 1738 542 1778 sancti
555 1739 782 1789 Augustini
798 1739 1016 1791 Episcopi.

282 1804 403 1837 Tract.
421 1805 473 1838 45).
493 1806 527 1837 in
546 1805 743 1840 ¹loannem.
762 1812 848 1848 post
868 1806 944 1840 init.

203 1856 317 1959 nn
333 1858 546 1910 superiori
556 1858 741 1901 lectione
751 1860 1016 1910 meministis,

306 1914 424 1966 quod
448 1914 658 1956 Deminus
682 1916 785 1957 exiit
808 1916 862 1958 de
885 1917 1016 1958 mani-

204 1970 286 2012 bus
305 1972 471 2020 eorum,
498 1971 570 2023 qui
589 1971 782 2024 lapidare
804 1973 924 2014 illum
944 1986 1016 2015 vo-

205 2027 389 2077 luerant,
429 2033 472 2069 et
499 2027 696 2070 discessit
723 2034 841 2070 trans
868 2029 1016 2071 Jorda-

205 2096 318 2134 nem,
346 2083 420 2126 ubi
442 2084 629 2125 Joannes
650 2084 910 2138 baptizabat.
950 2086 1018 2128 Ibi

205 2152 310 2191 ergo
337 2140 525 2182 Domino
553 2141 807 2192 constituto,
834 2142 1018 2184 infirma-

205 2196 333 2238 batur
357 2197 399 2237 in
426 2197 638 2238 Bethania
663 2198 870 2239 Lazarus:
900 2199 1019 2250 quod

206 2253 432 2295 castellum
460 2259 551 2296 erat
578 2254 824 2306 proximum
850 2255 1019 2296 Jeroso-

206 2309 342 2361 lymis.
374 2310 509 2351 Maria
529 2315 672 2352 autem
692 2316 800 2361 erat,
827 2324 923 2363 quae
946 2325 1019 2352 un-

207 2366 268 2407 xit
290 2366 524 2408 Dominum
547 2369 784 2418 unguento,
814 2372 856 2408 et
884 2370 1019 2409 exter-

207 2422 262 2463 sit
288 2422 423 2474 pedes
451 2424 540 2475 ejus
570 2423 737 2476 capillis
765 2423 869 2473 suis,
902 2425 1020 2475 cujus

207 2479 338 2520 frater
357 2479 546 2521 Lazarus
564 2479 870 2521 infirmabatur.
897 2480 1020 2521 Mise-

207 2540 306 2576 runt
342 2548 443 2586 ergo
480 2538 654 2578 sorores
696 2537 785 2587 ejus
822 2536 877 2577 ad
913 2549 1020 2577 eum.

206 2591 230 2632 J
232 2604 302 2632 am
316 2592 593 2642 intelligimus
609 2606 695 2644 quo
710 2593 929 2642 miserunt,
948 2592 1020 2634 ubi

208 2652 300 2688 erat
326 2648 349 2688 J
354 2660 470 2688 esus:
503 2650 707 2700 queniam
733 2648 890 2690 absens
919 2654 1020 2698 erat,

207 2708 325 2746 trans
348 2704 370 2744 J
374 2704 581 2746 ordanem
605 2705 779 2747 scilicet.
813 2705 1022 2747 Miserunt

633 186 731 219 lul'ru
759 185 1046 219 llcbdomadam
1074 184 1119 217 iv.
1146 184 1467 225 Quadra-sesima

1073 276 1128 318 ad
1146 276 1399 327 Dominum,
1425 277 1671 319 nuntiantes
1697 278 1816 330 quod
1833 291 1888 321 ae-

1072 334 1265 384 grotaret
1283 333 1415 374 frater
1435 335 1597 383 earum,
1620 338 1668 375 ut
1686 334 1722 375 si
1742 333 1888 386 digna-

1072 391 1207 438 retur,
1239 392 1423 439 venstet,
1453 394 1496 430 et
1521 402 1620 431 eum
1642 389 1696 431 ab
1716 391 1888 441 aegritti-

1072 444 1172 486 dine
1190 445 1408 487 liberaret.
1440 445 1518 487 Ille
1539 445 1706 489 dIstulit
1723 449 1889 498 sanare,

1073 507 1119 543 ut
1139 508 1289 554 posset
1306 503 1576 544 resuscitare.

1129 563 1178 614 R.
1199 560 1249 600 In
1267 559 1385 600 mari.
1404 559 1488 600 174.

1383 619 1532 659 Lectio
1554 619 1593 659 ii.

1155 672 1230 714 uid
1255 685 1359 723 ergo
1384 672 1691 714 nuntiaverunt
1715 675 1889 715 sorores

1165 727 1276 780 ejus?
1295 728 1494 779 Domine,
1509 741 1611 771 ecce
1626 742 1756 781 quem
1769 742 1889 771 amas

1071 786 1113 826 in
1147 787 1322 827 rmatur.
1372 785 1473 826 Non
1510 784 1726 837 dixerunt,
1761 785 1890 828 Veni:

1071 843 1234 884 amanti
1251 842 1365 883 enim
1378 842 1680 884 tantummodo
1694 843 1889 884 nuntian-

1072 898 1175 940 dum
1198 899 1288 940 fuit.
1328 898 1429 940 Non
1459 911 1577 940 ausae
1606 904 1707 940 sunt
1729 898 1890 941 dicere:

1071 955 1201 1005 Veni,
1233 960 1276 997 et
1300 968 1418 996 sana:
1448 968 1535 996 non
1561 968 1678 996 ausae
1705 960 1806 997 sunt
1828 955 1889 997 di-

1071 1025 1180 1062 cere,
1199 1011 1265 1054 Ibi
1283 1012 1392 1064 jube,
1412 1017 1456 1054 et
1473 1011 1544 1053 hic
1562 1011 1648 1053 fiet.
1671 1011 1757 1053 Cur
1776 1011 1890 1054 enim

1071 1081 1157 1110 non
1173 1073 1216 1110 et
1230 1069 1337 1119 istae,
1357 1069 1393 1110 si
1411 1068 1521 1110 fides
1541 1068 1655 1109 illius
1675 1069 1887 1110 centurio-

1072 1126 1136 1166 nis
1159 1125 1260 1167 inde
1286 1123 1511 1167 laudatur?
1539 1124 1615 1166 Ait
1635 1125 1763 1167 enim:
1788 1125 1889 1167 Non

1071 1195 1167 1223 sum
1195 1181 1350 1233 dignus
1377 1187 1426 1224 ut
1455 1182 1590 1223 intres
1617 1181 1697 1223 sub
1725 1186 1891 1224 tectum

1071 1251 1227 1280 meum:
1270 1237 1349 1280 sed
1371 1243 1541 1280 tantum
1567 1237 1637 1280 dic
1662 1237 1815 1288 verbo,
1846 1243 1891 1280 et

1070 1294 1293 1337 sanabitur
1311 1308 1419 1348 puer
1437 1307 1570 1337 meus.
1596 1294 1716 1336 Nihil
1734 1294 1891 1336 horum

1070 1352 1181 1402 istae,
1222 1352 1300 1393 sed
1334 1351 1652 1393 tantummodo:
1690 1351 1890 1401 Demi‘ne,

1071 1421 1172 1450 ecce
1193 1421 1321 1460 quem
1340 1421 1460 1450 amas
1478 1408 1732 1449 infirmatur.
1766 1407 1890 1449 suffi-

1070 1465 1130 1506 cit
1148 1470 1195 1506 ut
1218 1466 1408 1507 neveris:
1433 1477 1522 1507 non
1547 1465 1660 1507 enim
1681 1476 1819 1514 amas,
1847 1468 1891 1506 et

1072 1521 1248 1563 deseris.

1128 1584 1177 1634 lx‘f.
1198 1578 1282 1629 Qui
1299 1578 1686 1631 persequebantur.
1705 1577 1792 1619 174.

1371 1639 1521 1679 Lectio
1542 1638 1596 1678 iii.

1076 1691 1237 1797 Dicit
1256 1690 1425 1743 aliquis:
1452 1690 1684 1740 Quemodo
1708 1704 1788 1744 per
1809 1691 1889 1733 La-

1163 1761 1312 1789 zarum
1330 1749 1538 1800 peccator
1556 1746 1890 1798 significabatur,

1071 1810 1115 1847 et
1146 1818 1171 1847 a
1201 1804 1392 1846 Demino
1425 1803 1488 1844 sic
1519 1802 1771 1845 amabatur?
1802 1804 1888 1846 Au-

1071 1862 1162 1904 diat
1185 1874 1283 1903 eum
1307 1859 1538 1902 dicentem:
1569 1859 1670 1901 Non
1693 1860 1793 1902 veni
1815 1873 1889 1902 vo-

1071 1920 1172 1960 care
1210 1918 1360 1970 justos,
1403 1915 1482 1958 sed
1521 1918 1787 1969 peccatores.
1844 1917 1888 1958 Si

1071 1975 1185 2017 enim
1202 1975 1457 2027 peccatores
1471 1973 1592 2014 Deus
1611 1984 1698 2014 non
1713 1975 1889 2024 amaret,

1072 2030 1126 2074 de
1151 2031 1263 2073 coelo
1287 2029 1343 2071 ad
1365 2035 1527 2072 terram
1545 2042 1633 2070 non
1656 2028 1889 2072 descende-

1072 2093 1148 2130 ret.
1202 2087 1398 2129 Audiens
1430 2091 1575 2128 autem
1605 2086 1630 2127 J
1633 2098 1747 2136 esus,
1781 2086 1890 2128 dixit

1071 2145 1149 2186 eis:
1199 2143 1434 2185 Infirmitas
1475 2142 1570 2183 haec
1606 2154 1692 2183 non
1730 2147 1797 2184 est
1832 2142 1888 2184 ad

1070 2205 1270 2250 mortem,
1306 2199 1384 2241 sed
1420 2211 1501 2252 pro
1537 2198 1674 2250 gloria
1709 2199 1807 2249 Dei,
1842 2204 1890 2240 ut

1070 2257 1337 2308 glorificetur
1363 2255 1499 2296 Filius
1525 2255 1620 2296 Dei.
1655 2255 1774 2296 Talis
1801 2255 1889 2306 glo-

1071 2313 1255 2354 rificatio
1291 2312 1427 2364 ipsius
1462 2324 1550 2353 non
1585 2312 1729 2364 ipsum
1761 2311 1889 2361 auxit,

1072 2368 1150 2411 sed
1181 2368 1306 2410 nobis
1338 2368 1513 2420 profuit.
1551 2368 1650 2409 Hoc
1683 2372 1749 2409 est
1783 2380 1887 2419 ergo

1073 2424 1192 2477 quod
1211 2425 1281 2474 ait,
1299 2424 1400 2466 Non
1418 2429 1484 2466 est
1499 2424 1555 2466 ad
1570 2428 1770 2465 mortem:
1789 2423 1889 2476 quia

1073 2486 1116 2523 et
1138 2482 1234 2534 ipsa
1255 2493 1373 2521 mors
1397 2493 1484 2522 non
1509 2484 1602 2522 erat
1619 2479 1675 2521 ad
1694 2484 1889 2528 mortem,

1073 2537 1150 2579 sed
1174 2537 1321 2590 potius
1344 2537 1400 2578 ad
1423 2536 1691 2578 miraculum:
1720 2547 1806 2588 quo
1831 2535 1889 2576 fa-

1073 2599 1144 2635 cto
1159 2593 1387 2635 crederent
1397 2593 1595 2635 hemines
1604 2594 1648 2633 in
1659 2591 1889 2641 Christum,

1074 2655 1117 2691 et
1149 2650 1336 2692 vitarent
1363 2662 1511 2691 veram
1537 2653 1733 2691 mortem.
1777 2648 1888 2690 Sane

1074 2705 1217 2748 videte
1262 2705 1628 2758 quemadmodum
1667 2709 1889 2756 tamquam
