<?xml version="1.0" encoding="UTF-8"?>
<!DOCTYPE html PUBLIC "-//W3C//DTD XHTML 1.0 Transitional//EN"
    "http://www.w3.org/TR/xhtml1/DTD/xhtml1-transitional.dtd">
<html xmlns="http://www.w3.org/1999/xhtml" xml:lang="en" lang="en">
 <head>
  <title>
</title>
<meta http-equiv="Content-Type" content="text/html;charset=utf-8" />
  <meta name='ocr-system' content='tesseract 3.04.00' />
  <meta name='ocr-capabilities' content='ocr_page ocr_carea ocr_par ocr_line ocrx_word'/>
</head>
<body>
  <div class='ocr_page' id='page_1' title='image "./p2breviariumroma00cathuoft_0377.png"; bbox 0 0 2028 2892; ppageno 0'>
   <div class='ocr_carea' id='block_1_1' title="bbox 589 159 1379 201">
    <p class='ocr_par' dir='ltr' id='par_1_1' title="bbox 589 159 1379 201">
     <span class='ocr_line' id='line_1_1' title="bbox 589 159 1379 201; baseline 0.003 -10"><span class='ocrx_word' id='word_1_1' title='bbox 589 159 698 192; x_wconf 79' lang='lat' dir='ltr'>Feria</span> <span class='ocrx_word' id='word_1_2' title='bbox 725 159 773 192; x_wconf 77' lang='lat' dir='ltr'>vi.</span> <span class='ocrx_word' id='word_1_3' title='bbox 799 164 887 201; x_wconf 74' lang='lat' dir='ltr'>post</span> <span class='ocrx_word' id='word_1_4' title='bbox 912 159 1093 193; x_wconf 76' lang='lat' dir='ltr'>Octavam</span> <span class='ocrx_word' id='word_1_5' title='bbox 1118 159 1379 194; x_wconf 79' lang='lat' dir='ltr'>Ascensionis.</span> 
     </span>
    </p>
   </div>
   <div class='ocr_carea' id='block_1_2' title="bbox 130 254 954 2719">
    <p class='ocr_par' dir='ltr' id='par_1_2' title="bbox 134 254 954 1083">
     <span class='ocr_line' id='line_1_2' title="bbox 135 254 952 307; baseline 0.004 -12"><span class='ocrx_word' id='word_1_6' title='bbox 135 254 352 307; x_wconf 77' lang='lat' dir='ltr'>impesuit.</span> <span class='ocrx_word' id='word_1_7' title='bbox 384 255 667 296; x_wconf 88' lang='lat' dir='ltr'>Elaboremus</span> <span class='ocrx_word' id='word_1_8' title='bbox 687 268 800 306; x_wconf 89' lang='lat' dir='ltr'>ergo,</span> <span class='ocrx_word' id='word_1_9' title='bbox 824 259 952 298; x_wconf 86' lang='lat' dir='ltr'>caris-</span> 
     </span>
     <span class='ocr_line' id='line_1_3' title="bbox 136 310 953 362; baseline 0.005 -12"><span class='ocrx_word' id='word_1_10' title='bbox 136 310 248 360; x_wconf 84' lang='lat' dir='ltr'>simi,</span> <span class='ocrx_word' id='word_1_11' title='bbox 275 316 322 352; x_wconf 92' lang='lat' dir='ltr'>ut</span> <span class='ocrx_word' id='word_1_12' title='bbox 350 310 716 362; x_wconf 89' lang='lat' dir='ltr'>quemadmodum</span> <span class='ocrx_word' id='word_1_13' title='bbox 740 313 953 354; x_wconf 84' lang='lat' dir='ltr'>Dominus</span> 
     </span>
     <span class='ocr_line' id='line_1_4' title="bbox 135 365 953 420; baseline 0.006 -14"><span class='ocrx_word' id='word_1_14' title='bbox 135 366 179 406; x_wconf 94' lang='lat' dir='ltr'>in</span> <span class='ocrx_word' id='word_1_15' title='bbox 198 366 280 408; x_wconf 89' lang='lat' dir='ltr'>hac</span> <span class='ocrx_word' id='word_1_16' title='bbox 299 365 368 408; x_wconf 89' lang='lat' dir='ltr'>die</span> <span class='ocrx_word' id='word_1_17' title='bbox 393 371 542 408; x_wconf 89' lang='lat' dir='ltr'>nostro</span> <span class='ocrx_word' id='word_1_18' title='bbox 568 380 666 408; x_wconf 93' lang='lat' dir='ltr'>cum</span> <span class='ocrx_word' id='word_1_19' title='bbox 689 370 873 420; x_wconf 85' lang='lat' dir='ltr'>corpore</span> <span class='ocrx_word' id='word_1_20' title='bbox 897 368 953 411; x_wconf 89' lang='lat' dir='ltr'>ad</span> 
     </span>
     <span class='ocr_line' id='line_1_5' title="bbox 136 423 954 478; baseline 0.005 -15"><span class='ocrx_word' id='word_1_21' title='bbox 136 424 321 475; x_wconf 85' lang='lat' dir='ltr'>superna</span> <span class='ocrx_word' id='word_1_22' title='bbox 354 423 624 473; x_wconf 86' lang='lat' dir='ltr'>conscendit,</span> <span class='ocrx_word' id='word_1_23' title='bbox 657 424 718 465; x_wconf 87' lang='lat' dir='ltr'>ita</span> <span class='ocrx_word' id='word_1_24' title='bbox 744 437 824 466; x_wconf 87' lang='lat' dir='ltr'>nos</span> <span class='ocrx_word' id='word_1_25' title='bbox 852 431 954 478; x_wconf 87' lang='lat' dir='ltr'>post</span> 
     </span>
     <span class='ocr_line' id='line_1_6' title="bbox 135 478 951 534; baseline 0.006 -16"><span class='ocrx_word' id='word_1_26' title='bbox 135 478 254 519; x_wconf 88' lang='lat' dir='ltr'>illum</span> <span class='ocrx_word' id='word_1_27' title='bbox 281 479 502 530; x_wconf 84' lang='lat' dir='ltr'>quomodo</span> <span class='ocrx_word' id='word_1_28' title='bbox 527 482 777 532; x_wconf 82' lang='lat' dir='ltr'>pessumus,</span> <span class='ocrx_word' id='word_1_29' title='bbox 806 494 884 534; x_wconf 89' lang='lat' dir='ltr'>spe</span> <span class='ocrx_word' id='word_1_30' title='bbox 910 495 951 523; x_wconf 88' lang='lat' dir='ltr'>a·</span> 
     </span>
     <span class='ocr_line' id='line_1_7' title="bbox 135 533 951 589; baseline 0.006 -15"><span class='ocrx_word' id='word_1_31' title='bbox 135 533 412 584; x_wconf 84' lang='lat' dir='ltr'>scendamus,</span> <span class='ocrx_word' id='word_1_32' title='bbox 454 540 513 587; x_wconf 64' lang='lat' dir='ltr'>et&gt;</span> <span class='ocrx_word' id='word_1_33' title='bbox 537 535 669 578; x_wconf 91' lang='lat' dir='ltr'>corde</span> <span class='ocrx_word' id='word_1_34' title='bbox 709 540 951 589; x_wconf 87' lang='lat' dir='ltr'>sequamur.</span> 
     </span>
     <span class='ocr_line' id='line_1_8' title="bbox 134 590 952 646; baseline 0.007 -16"><span class='ocrx_word' id='word_1_35' title='bbox 134 590 239 643; x_wconf 89' lang='lat' dir='ltr'>Ipso</span> <span class='ocrx_word' id='word_1_36' title='bbox 280 590 438 632; x_wconf 88' lang='lat' dir='ltr'>affectu</span> <span class='ocrx_word' id='word_1_37' title='bbox 476 592 640 644; x_wconf 86' lang='lat' dir='ltr'>pariter</span> <span class='ocrx_word' id='word_1_38' title='bbox 676 598 718 635; x_wconf 90' lang='lat' dir='ltr'>et</span> <span class='ocrx_word' id='word_1_39' title='bbox 753 594 952 646; x_wconf 89' lang='lat' dir='ltr'>profectu</span> 
     </span>
     <span class='ocr_line' id='line_1_9' title="bbox 135 646 952 703; baseline 0.006 -16"><span class='ocrx_word' id='word_1_40' title='bbox 135 646 419 688; x_wconf 87' lang='lat' dir='ltr'>ascendamus</span> <span class='ocrx_word' id='word_1_41' title='bbox 440 653 542 700; x_wconf 84' lang='lat' dir='ltr'>post</span> <span class='ocrx_word' id='word_1_42' title='bbox 564 649 698 690; x_wconf 88' lang='lat' dir='ltr'>illum:</span> <span class='ocrx_word' id='word_1_43' title='bbox 727 650 855 692; x_wconf 85' lang='lat' dir='ltr'>etiam</span> <span class='ocrx_word' id='word_1_44' title='bbox 872 664 952 703; x_wconf 93' lang='lat' dir='ltr'>per</span> 
     </span>
     <span class='ocr_line' id='line_1_10' title="bbox 134 703 950 756; baseline 0.005 -13"><span class='ocrx_word' id='word_1_45' title='bbox 134 703 238 744; x_wconf 83' lang='lat' dir='ltr'>vitia</span> <span class='ocrx_word' id='word_1_46' title='bbox 261 716 312 744; x_wconf 89' lang='lat' dir='ltr'>ac</span> <span class='ocrx_word' id='word_1_47' title='bbox 335 705 560 756; x_wconf 84' lang='lat' dir='ltr'>passiones</span> <span class='ocrx_word' id='word_1_48' title='bbox 585 710 769 747; x_wconf 87' lang='lat' dir='ltr'>nostras.</span> <span class='ocrx_word' id='word_1_49' title='bbox 805 707 850 748; x_wconf 90' lang='lat' dir='ltr'>Si</span> <span class='ocrx_word' id='word_1_50' title='bbox 871 708 950 749; x_wconf 90' lang='lat' dir='ltr'>uti-</span> 
     </span>
     <span class='ocr_line' id='line_1_11' title="bbox 136 763 951 813; baseline 0.007 -14"><span class='ocrx_word' id='word_1_51' title='bbox 136 772 219 811; x_wconf 93' lang='lat' dir='ltr'>que</span> <span class='ocrx_word' id='word_1_52' title='bbox 237 763 532 813; x_wconf 82' lang='lat' dir='ltr'>unusquisque</span> <span class='ocrx_word' id='word_1_53' title='bbox 550 767 746 804; x_wconf 88' lang='lat' dir='ltr'>nostrum</span> <span class='ocrx_word' id='word_1_54' title='bbox 764 763 951 805; x_wconf 81' lang='lat' dir='ltr'>subdere</span> 
     </span>
     <span class='ocr_line' id='line_1_12' title="bbox 136 815 951 871; baseline 0.006 -15"><span class='ocrx_word' id='word_1_55' title='bbox 136 828 209 856; x_wconf 88' lang='lat' dir='ltr'>eas</span> <span class='ocrx_word' id='word_1_56' title='bbox 227 815 310 857; x_wconf 92' lang='lat' dir='ltr'>sibi</span> <span class='ocrx_word' id='word_1_57' title='bbox 327 816 511 868; x_wconf 78' lang='lat' dir='ltr'>studeat,</span> <span class='ocrx_word' id='word_1_58' title='bbox 531 830 581 859; x_wconf 87' lang='grc'>36</span> <span class='ocrx_word' id='word_1_59' title='bbox 597 831 728 871; x_wconf 92' lang='lat' dir='ltr'>super</span> <span class='ocrx_word' id='word_1_60' title='bbox 746 832 819 861; x_wconf 87' lang='lat' dir='ltr'>eas</span> <span class='ocrx_word' id='word_1_61' title='bbox 837 825 951 862; x_wconf 86' lang='lat' dir='ltr'>stare</span> 
     </span>
     <span class='ocr_line' id='line_1_13' title="bbox 135 874 952 928; baseline 0.007 -16"><span class='ocrx_word' id='word_1_62' title='bbox 135 874 409 922; x_wconf 80' lang='lat' dir='ltr'>consuescat,</span> <span class='ocrx_word' id='word_1_63' title='bbox 445 886 498 915; x_wconf 83' lang='lat' dir='ltr'>ex</span> <span class='ocrx_word' id='word_1_64' title='bbox 524 874 630 927; x_wconf 88' lang='lat' dir='ltr'>ipsis</span> <span class='ocrx_word' id='word_1_65' title='bbox 662 875 743 917; x_wconf 89' lang='lat' dir='ltr'>sibi</span> <span class='ocrx_word' id='word_1_66' title='bbox 770 876 952 928; x_wconf 87' lang='lat' dir='ltr'>gradum</span> 
     </span>
     <span class='ocr_line' id='line_1_14' title="bbox 135 928 952 985; baseline 0.007 -17"><span class='ocrx_word' id='word_1_67' title='bbox 135 928 359 978; x_wconf 83' lang='lat' dir='ltr'>construit,</span> <span class='ocrx_word' id='word_1_68' title='bbox 384 941 470 980; x_wconf 93' lang='lat' dir='ltr'>quo</span> <span class='ocrx_word' id='word_1_69' title='bbox 491 931 631 983; x_wconf 88' lang='lat' dir='ltr'>possit</span> <span class='ocrx_word' id='word_1_70' title='bbox 653 931 710 973; x_wconf 90' lang='lat' dir='ltr'>ad</span> <span class='ocrx_word' id='word_1_71' title='bbox 727 933 952 985; x_wconf 85' lang='lat' dir='ltr'>superiora</span> 
     </span>
     <span class='ocr_line' id='line_1_15' title="bbox 134 984 950 1038; baseline 0.007 -14"><span class='ocrx_word' id='word_1_72' title='bbox 134 984 438 1026; x_wconf 84' lang='lat' dir='ltr'>conscendere.</span> <span class='ocrx_word' id='word_1_73' title='bbox 464 986 709 1029; x_wconf 90' lang='lat' dir='ltr'>Elevabunt</span> <span class='ocrx_word' id='word_1_74' title='bbox 727 1001 817 1038; x_wconf 86' lang='grc'>1108,</span> <span class='ocrx_word' id='word_1_75' title='bbox 837 989 874 1029; x_wconf 88' lang='grc'>81</span> <span class='ocrx_word' id='word_1_76' title='bbox 889 989 950 1030; x_wconf 89' lang='lat' dir='ltr'>fu·</span> 
     </span>
     <span class='ocr_line' id='line_1_16' title="bbox 134 1039 478 1083; baseline 0.012 -4"><span class='ocrx_word' id='word_1_77' title='bbox 134 1039 243 1081; x_wconf 93' lang='lat' dir='ltr'>erint</span> <span class='ocrx_word' id='word_1_78' title='bbox 259 1040 369 1081; x_wconf 89' lang='lat' dir='ltr'>infra</span> <span class='ocrx_word' id='word_1_79' title='bbox 386 1054 478 1083; x_wconf 88' lang='lat' dir='ltr'>nos.</span> 
     </span>
    </p>

    <p class='ocr_par' dir='ltr' id='par_1_3' title="bbox 132 1096 950 1489">
     <span class='ocr_line' id='line_1_17' title="bbox 187 1096 950 1149; baseline 0.008 -13"><span class='ocrx_word' id='word_1_80' title='bbox 187 1098 238 1149; x_wconf 62' lang='lat' dir='ltr'>Rz.</span> <span class='ocrx_word' id='word_1_81' title='bbox 266 1096 367 1138; x_wconf 93' lang='lat' dir='ltr'>Non</span> <span class='ocrx_word' id='word_1_82' title='bbox 403 1097 601 1140; x_wconf 78' lang='lat' dir='ltr'>turbetur</span> <span class='ocrx_word' id='word_1_83' title='bbox 634 1112 710 1141; x_wconf 94' lang='lat' dir='ltr'>cor</span> <span class='ocrx_word' id='word_1_84' title='bbox 742 1105 950 1142; x_wconf 87' lang='lat' dir='ltr'>vestrum:</span> 
     </span>
     <span class='ocr_line' id='line_1_18' title="bbox 134 1152 950 1205; baseline 0.007 -13"><span class='ocrx_word' id='word_1_85' title='bbox 134 1164 214 1202; x_wconf 91' lang='lat' dir='ltr'>ego</span> <span class='ocrx_word' id='word_1_86' title='bbox 242 1152 355 1194; x_wconf 89' lang='lat' dir='ltr'>vado</span> <span class='ocrx_word' id='word_1_87' title='bbox 384 1153 440 1196; x_wconf 86' lang='lat' dir='ltr'>ad</span> <span class='ocrx_word' id='word_1_88' title='bbox 466 1155 654 1205; x_wconf 87' lang='lat' dir='ltr'>Patrem;</span> <span class='ocrx_word' id='word_1_89' title='bbox 687 1160 730 1197; x_wconf 88' lang='lat' dir='ltr'>et</span> <span class='ocrx_word' id='word_1_90' title='bbox 761 1169 859 1198; x_wconf 92' lang='lat' dir='ltr'>cum</span> <span class='ocrx_word' id='word_1_91' title='bbox 886 1170 950 1198; x_wconf 87' lang='lat' dir='ltr'>as-</span> 
     </span>
     <span class='ocr_line' id='line_1_19' title="bbox 134 1209 949 1262; baseline 0.009 -14"><span class='ocrx_word' id='word_1_92' title='bbox 134 1210 334 1260; x_wconf 90' lang='lat' dir='ltr'>sumptus</span> <span class='ocrx_word' id='word_1_93' title='bbox 351 1209 475 1252; x_wconf 90' lang='lat' dir='ltr'>fuero</span> <span class='ocrx_word' id='word_1_94' title='bbox 495 1223 519 1251; x_wconf 86' lang='lat' dir='ltr'>a</span> <span class='ocrx_word' id='word_1_95' title='bbox 534 1211 671 1262; x_wconf 86' lang='lat' dir='ltr'>vobis,</span> <span class='ocrx_word' id='word_1_96' title='bbox 690 1212 860 1254; x_wconf 89' lang='lat' dir='ltr'>mittam</span> <span class='ocrx_word' id='word_1_97' title='bbox 878 1226 949 1254; x_wconf 89' lang='lat' dir='ltr'>vo-</span> 
     </span>
     <span class='ocr_line' id='line_1_20' title="bbox 132 1263 949 1320; baseline 0.009 -16"><span class='ocrx_word' id='word_1_98' title='bbox 132 1263 215 1314; x_wconf 89' lang='lat' dir='ltr'>bis,</span> <span class='ocrx_word' id='word_1_99' title='bbox 242 1264 428 1317; x_wconf 88' lang='lat' dir='ltr'>alleluja,</span> <span class='ocrx_word' id='word_1_100' title='bbox 458 1264 479 1287; x_wconf 88' lang='lat'>*</span> <span class='ocrx_word' id='word_1_101' title='bbox 506 1268 713 1320; x_wconf 92' lang='lat' dir='ltr'>Spiritum</span> <span class='ocrx_word' id='word_1_102' title='bbox 739 1270 949 1319; x_wconf 83' lang='lat' dir='ltr'>veritatiS,</span> 
     </span>
     <span class='ocr_line' id='line_1_21' title="bbox 133 1319 949 1378; baseline 0.007 -17"><span class='ocrx_word' id='word_1_103' title='bbox 133 1323 176 1361; x_wconf 90' lang='lat' dir='ltr'>et</span> <span class='ocrx_word' id='word_1_104' title='bbox 201 1319 408 1370; x_wconf 87' lang='lat' dir='ltr'>gaudebit</span> <span class='ocrx_word' id='word_1_105' title='bbox 434 1335 510 1364; x_wconf 92' lang='lat' dir='ltr'>cor</span> <span class='ocrx_word' id='word_1_106' title='bbox 537 1329 741 1374; x_wconf 86' lang='lat' dir='ltr'>vestrum,</span> <span class='ocrx_word' id='word_1_107' title='bbox 769 1325 949 1378; x_wconf 89' lang='lat' dir='ltr'>alleluja.</span> 
     </span>
     <span class='ocr_line' id='line_1_22' title="bbox 133 1372 950 1431; baseline 0.01 -16"><span class='ocrx_word' id='word_1_108' title='bbox 133 1372 183 1422; x_wconf 65' lang='lat' dir='ltr'>V.</span> <span class='ocrx_word' id='word_1_109' title='bbox 209 1377 303 1428; x_wconf 89' lang='lat' dir='ltr'>Ego</span> <span class='ocrx_word' id='word_1_110' title='bbox 331 1379 498 1430; x_wconf 88' lang='lat' dir='ltr'>rogabo</span> <span class='ocrx_word' id='word_1_111' title='bbox 525 1380 715 1431; x_wconf 89' lang='lat' dir='ltr'>Patrem,</span> <span class='ocrx_word' id='word_1_112' title='bbox 749 1386 792 1422; x_wconf 89' lang='lat' dir='ltr'>et</span> <span class='ocrx_word' id='word_1_113' title='bbox 820 1382 950 1423; x_wconf 88' lang='lat' dir='ltr'>alium</span> 
     </span>
     <span class='ocr_line' id='line_1_23' title="bbox 132 1431 949 1489; baseline 0.009 -17"><span class='ocrx_word' id='word_1_114' title='bbox 132 1431 394 1474; x_wconf 83' lang='lat' dir='ltr'>Paraclitum</span> <span class='ocrx_word' id='word_1_115' title='bbox 419 1435 540 1477; x_wconf 89' lang='lat' dir='ltr'>dabit</span> <span class='ocrx_word' id='word_1_116' title='bbox 562 1436 698 1478; x_wconf 88' lang='lat' dir='ltr'>vobis.</span> <span class='ocrx_word' id='word_1_117' title='bbox 732 1438 949 1489; x_wconf 90' lang='lat' dir='ltr'>Spiritum.</span> 
     </span>
    </p>

    <p class='ocr_par' dir='ltr' id='par_1_4' title="bbox 429 1492 653 1534">
     <span class='ocr_line' id='line_1_24' title="bbox 429 1492 653 1534; baseline -0.004 0"><span class='ocrx_word' id='word_1_118' title='bbox 429 1492 580 1534; x_wconf 87' lang='lat' dir='ltr'>Lectio</span> <span class='ocrx_word' id='word_1_119' title='bbox 601 1493 653 1533; x_wconf 82' lang='lat' dir='ltr'>vi.</span> 
     </span>
    </p>

    <p class='ocr_par' dir='ltr' id='par_1_5' title="bbox 131 1543 947 1649">
     <span class='ocr_line' id='line_1_25' title="bbox 131 1543 947 1649; baseline 0.006 -58"><span class='ocrx_word' id='word_1_120' title='bbox 131 1543 244 1649; x_wconf 89' lang='lat' dir='ltr'>De</span> <span class='ocrx_word' id='word_1_121' title='bbox 262 1551 376 1592; x_wconf 87' lang='lat' dir='ltr'>vitiis</span> <span class='ocrx_word' id='word_1_122' title='bbox 392 1552 551 1594; x_wconf 88' lang='lat' dir='ltr'>nostris</span> <span class='ocrx_word' id='word_1_123' title='bbox 570 1553 731 1595; x_wconf 83' lang='lat' dir='ltr'>scalam</span> <span class='ocrx_word' id='word_1_124' title='bbox 746 1554 872 1596; x_wconf 89' lang='lat' dir='ltr'>nobis</span> <span class='ocrx_word' id='word_1_125' title='bbox 889 1555 947 1596; x_wconf 86' lang='lat' dir='ltr'>fa-</span> 
     </span>
    </p>

    <p class='ocr_par' dir='ltr' id='par_1_6' title="bbox 130 1607 949 2657">
     <span class='ocr_line' id='line_1_26' title="bbox 239 1607 948 1663; baseline 0.006 -15"><span class='ocrx_word' id='word_1_126' title='bbox 239 1607 389 1658; x_wconf 85' lang='lat' dir='ltr'>cimus,</span> <span class='ocrx_word' id='word_1_127' title='bbox 416 1609 452 1650; x_wconf 91' lang='lat' dir='ltr'>si</span> <span class='ocrx_word' id='word_1_128' title='bbox 475 1609 579 1650; x_wconf 89' lang='lat' dir='ltr'>vitia</span> <span class='ocrx_word' id='word_1_129' title='bbox 601 1610 696 1663; x_wconf 89' lang='lat' dir='ltr'>ipsa</span> <span class='ocrx_word' id='word_1_130' title='bbox 721 1611 948 1653; x_wconf 86' lang='lat' dir='ltr'>calcamus.</span> 
     </span>
     <span class='ocr_line' id='line_1_27' title="bbox 131 1661 949 1709; baseline 0.009 -7"><span class='ocrx_word' id='word_1_131' title='bbox 131 1661 245 1703; x_wconf 90' lang='lat' dir='ltr'>Nam</span> <span class='ocrx_word' id='word_1_132' title='bbox 278 1676 376 1705; x_wconf 92' lang='lat' dir='ltr'>cum</span> <span class='ocrx_word' id='word_1_133' title='bbox 411 1664 616 1708; x_wconf 88' lang='lat' dir='ltr'>bonitatis</span> <span class='ocrx_word' id='word_1_134' title='bbox 652 1669 830 1709; x_wconf 86' lang='lat' dir='ltr'>auctore</span> <span class='ocrx_word' id='word_1_135' title='bbox 860 1680 949 1709; x_wconf 91' lang='lat' dir='ltr'>non</span> 
     </span>
     <span class='ocr_line' id='line_1_28' title="bbox 132 1719 947 1771; baseline 0.009 -13"><span class='ocrx_word' id='word_1_136' title='bbox 132 1719 327 1761; x_wconf 90' lang='lat' dir='ltr'>ascendit</span> <span class='ocrx_word' id='word_1_137' title='bbox 340 1720 514 1771; x_wconf 87' lang='lat' dir='ltr'>malitia,</span> <span class='ocrx_word' id='word_1_138' title='bbox 528 1735 608 1764; x_wconf 89' lang='grc'>1166</span> <span class='ocrx_word' id='word_1_139' title='bbox 623 1735 721 1764; x_wconf 87' lang='grc'>611111</span> <span class='ocrx_word' id='word_1_140' title='bbox 731 1723 841 1765; x_wconf 88' lang='lat' dir='ltr'>Filio</span> <span class='ocrx_word' id='word_1_141' title='bbox 852 1724 947 1765; x_wconf 89' lang='lat' dir='ltr'>Vir-</span> 
     </span>
     <span class='ocr_line' id='line_1_29' title="bbox 131 1773 947 1830; baseline 0.009 -16"><span class='ocrx_word' id='word_1_142' title='bbox 131 1773 240 1824; x_wconf 87' lang='lat' dir='ltr'>ginis</span> <span class='ocrx_word' id='word_1_143' title='bbox 257 1774 392 1818; x_wconf 90' lang='lat' dir='ltr'>libido</span> <span class='ocrx_word' id='word_1_144' title='bbox 410 1781 541 1829; x_wconf 90' lang='lat' dir='ltr'>atque</span> <span class='ocrx_word' id='word_1_145' title='bbox 555 1778 734 1821; x_wconf 79' lang='lat' dir='ltr'>luxuria.</span> <span class='ocrx_word' id='word_1_146' title='bbox 760 1779 870 1830; x_wconf 91' lang='lat' dir='ltr'>Non,</span> <span class='ocrx_word' id='word_1_147' title='bbox 888 1780 947 1821; x_wconf 89' lang='lat' dir='ltr'>in-</span> 
     </span>
     <span class='ocr_line' id='line_1_30' title="bbox 134 1832 946 1888; baseline 0.009 -18"><span class='ocrx_word' id='word_1_148' title='bbox 134 1841 277 1881; x_wconf 87' lang='lat' dir='ltr'>quam,</span> <span class='ocrx_word' id='word_1_149' title='bbox 305 1832 542 1875; x_wconf 87' lang='lat' dir='ltr'>ascendunt</span> <span class='ocrx_word' id='word_1_150' title='bbox 565 1835 669 1877; x_wconf 89' lang='lat' dir='ltr'>vitia</span> <span class='ocrx_word' id='word_1_151' title='bbox 691 1840 794 1888; x_wconf 91' lang='lat' dir='ltr'>post</span> <span class='ocrx_word' id='word_1_152' title='bbox 817 1836 946 1877; x_wconf 89' lang='lat' dir='ltr'>virtu-</span> 
     </span>
     <span class='ocr_line' id='line_1_31' title="bbox 131 1889 946 1944; baseline 0.01 -18"><span class='ocrx_word' id='word_1_153' title='bbox 131 1889 224 1927; x_wconf 92' lang='lat' dir='ltr'>tum</span> <span class='ocrx_word' id='word_1_154' title='bbox 258 1890 501 1939; x_wconf 88' lang='lat' dir='ltr'>parentem,</span> <span class='ocrx_word' id='word_1_155' title='bbox 538 1893 720 1943; x_wconf 82' lang='lat' dir='ltr'>peccata</span> <span class='ocrx_word' id='word_1_156' title='bbox 754 1897 856 1944; x_wconf 92' lang='lat' dir='ltr'>post</span> <span class='ocrx_word' id='word_1_157' title='bbox 889 1893 946 1943; x_wconf 93' lang='lat' dir='ltr'>ju-</span> 
     </span>
     <span class='ocr_line' id='line_1_32' title="bbox 132 1945 949 1992; baseline 0.009 -10"><span class='ocrx_word' id='word_1_158' title='bbox 132 1946 264 1992; x_wconf 82' lang='lat' dir='ltr'>stum,</span> <span class='ocrx_word' id='word_1_159' title='bbox 301 1956 381 1985; x_wconf 91' lang='lat' dir='ltr'>nec</span> <span class='ocrx_word' id='word_1_160' title='bbox 416 1945 685 1988; x_wconf 78' lang='lat' dir='ltr'>infirmitates</span> <span class='ocrx_word' id='word_1_161' title='bbox 722 1961 773 1989; x_wconf 91' lang='lat' dir='ltr'>ac</span> <span class='ocrx_word' id='word_1_162' title='bbox 806 1947 949 1989; x_wconf 91' lang='lat' dir='ltr'>morbi</span> 
     </span>
     <span class='ocr_line' id='line_1_33' title="bbox 131 1999 948 2054; baseline 0.009 -17"><span class='ocrx_word' id='word_1_163' title='bbox 131 2004 315 2049; x_wconf 91' lang='lat' dir='ltr'>possunt</span> <span class='ocrx_word' id='word_1_164' title='bbox 336 1999 399 2041; x_wconf 89' lang='lat' dir='ltr'>ire</span> <span class='ocrx_word' id='word_1_165' title='bbox 423 2007 525 2053; x_wconf 85' lang='lat' dir='ltr'>post</span> <span class='ocrx_word' id='word_1_166' title='bbox 548 2003 774 2044; x_wconf 91' lang='lat' dir='ltr'>medicum.</span> <span class='ocrx_word' id='word_1_167' title='bbox 812 2004 948 2054; x_wconf 86' lang='lat' dir='ltr'>Igitur</span> 
     </span>
     <span class='ocr_line' id='line_1_34' title="bbox 132 2053 948 2110; baseline 0.01 -17"><span class='ocrx_word' id='word_1_168' title='bbox 132 2053 168 2093; x_wconf 87' lang='lat' dir='ltr'>si</span> <span class='ocrx_word' id='word_1_169' title='bbox 206 2053 364 2097; x_wconf 88' lang='lat' dir='ltr'>intrare</span> <span class='ocrx_word' id='word_1_170' title='bbox 403 2057 539 2109; x_wconf 90' lang='lat' dir='ltr'>ipsius</span> <span class='ocrx_word' id='word_1_171' title='bbox 576 2058 733 2100; x_wconf 92' lang='lat' dir='ltr'>medici</span> <span class='ocrx_word' id='word_1_172' title='bbox 767 2072 948 2110; x_wconf 90' lang='lat' dir='ltr'>regnum</span> 
     </span>
     <span class='ocr_line' id='line_1_35' title="bbox 132 2108 947 2164; baseline 0.01 -15"><span class='ocrx_word' id='word_1_173' title='bbox 132 2108 341 2160; x_wconf 85' lang='lat' dir='ltr'>volumus,</span> <span class='ocrx_word' id='word_1_174' title='bbox 364 2113 482 2164; x_wconf 88' lang='lat' dir='ltr'>prius</span> <span class='ocrx_word' id='word_1_175' title='bbox 506 2114 686 2155; x_wconf 86' lang='lat' dir='ltr'>vulnera</span> <span class='ocrx_word' id='word_1_176' title='bbox 707 2119 855 2156; x_wconf 87' lang='lat' dir='ltr'>nostra</span> <span class='ocrx_word' id='word_1_177' title='bbox 877 2128 947 2156; x_wconf 90' lang='lat' dir='ltr'>cu-</span> 
     </span>
     <span class='ocr_line' id='line_1_36' title="bbox 130 2166 946 2212; baseline 0.01 -8"><span class='ocrx_word' id='word_1_178' title='bbox 130 2166 284 2206; x_wconf 90' lang='lat' dir='ltr'>remus.</span> <span class='ocrx_word' id='word_1_179' title='bbox 312 2166 569 2210; x_wconf 88' lang='lat' dir='ltr'>Ordinemus</span> <span class='ocrx_word' id='word_1_180' title='bbox 590 2175 632 2212; x_wconf 92' lang='lat' dir='ltr'>et</span> <span class='ocrx_word' id='word_1_181' title='bbox 651 2169 946 2212; x_wconf 86' lang='lat' dir='ltr'>custodiamus</span> 
     </span>
     <span class='ocr_line' id='line_1_37' title="bbox 130 2220 945 2278; baseline 0.01 -18"><span class='ocrx_word' id='word_1_182' title='bbox 130 2220 173 2260; x_wconf 94' lang='lat' dir='ltr'>in</span> <span class='ocrx_word' id='word_1_183' title='bbox 191 2221 316 2263; x_wconf 91' lang='lat' dir='ltr'>nobis</span> <span class='ocrx_word' id='word_1_184' title='bbox 334 2227 493 2265; x_wconf 90' lang='lat' dir='ltr'>statum</span> <span class='ocrx_word' id='word_1_185' title='bbox 509 2226 733 2278; x_wconf 88' lang='lat' dir='ltr'>utriusque</span> <span class='ocrx_word' id='word_1_186' title='bbox 749 2226 945 2268; x_wconf 83' lang='lat' dir='ltr'>substan-</span> 
     </span>
     <span class='ocr_line' id='line_1_38' title="bbox 130 2276 946 2334; baseline 0.009 -17"><span class='ocrx_word' id='word_1_187' title='bbox 130 2276 216 2327; x_wconf 79' lang='lat' dir='ltr'>fiae3</span> <span class='ocrx_word' id='word_1_188' title='bbox 235 2290 289 2318; x_wconf 92' lang='lat' dir='ltr'>ne</span> <span class='ocrx_word' id='word_1_189' title='bbox 308 2279 503 2330; x_wconf 90' lang='lat' dir='ltr'>animam,</span> <span class='ocrx_word' id='word_1_190' title='bbox 521 2281 778 2324; x_wconf 85' lang='lat' dir='ltr'>nobiliorem</span> <span class='ocrx_word' id='word_1_191' title='bbox 797 2282 946 2334; x_wconf 89' lang='lat' dir='ltr'>utique</span> 
     </span>
     <span class='ocr_line' id='line_1_39' title="bbox 131 2331 946 2390; baseline 0.01 -18"><span class='ocrx_word' id='word_1_192' title='bbox 131 2331 315 2374; x_wconf 84' lang='lat' dir='ltr'>hominis</span> <span class='ocrx_word' id='word_1_193' title='bbox 350 2336 613 2387; x_wconf 85' lang='lat' dir='ltr'>portionem,</span> <span class='ocrx_word' id='word_1_194' title='bbox 648 2340 812 2379; x_wconf 86' lang='lat' dir='ltr'>tartaro</span> <span class='ocrx_word' id='word_1_195' title='bbox 844 2352 946 2390; x_wconf 91' lang='lat' dir='ltr'>pars</span> 
     </span>
     <span class='ocr_line' id='line_1_40' title="bbox 132 2386 945 2447; baseline 0.009 -18"><span class='ocrx_word' id='word_1_196' title='bbox 132 2386 336 2431; x_wconf 85' lang='lat' dir='ltr'>devolvat</span> <span class='ocrx_word' id='word_1_197' title='bbox 365 2391 557 2434; x_wconf 92' lang='lat' dir='ltr'>inferior:</span> <span class='ocrx_word' id='word_1_198' title='bbox 592 2393 670 2435; x_wconf 90' lang='lat' dir='ltr'>sed</span> <span class='ocrx_word' id='word_1_199' title='bbox 697 2407 844 2436; x_wconf 93' lang='lat' dir='ltr'>secum</span> <span class='ocrx_word' id='word_1_200' title='bbox 870 2397 945 2447; x_wconf 84' lang='lat' dir='ltr'>po-</span> 
     </span>
     <span class='ocr_line' id='line_1_41' title="bbox 130 2443 946 2503; baseline 0.01 -19"><span class='ocrx_word' id='word_1_201' title='bbox 130 2443 215 2485; x_wconf 87' lang='lat' dir='ltr'>tius</span> <span class='ocrx_word' id='word_1_202' title='bbox 234 2446 346 2487; x_wconf 90' lang='lat' dir='ltr'>coelo</span> <span class='ocrx_word' id='word_1_203' title='bbox 371 2448 683 2491; x_wconf 88' lang='lat' dir='ltr'>sanctificatum</span> <span class='ocrx_word' id='word_1_204' title='bbox 701 2463 861 2503; x_wconf 92' lang='lat' dir='ltr'>corpus</span> <span class='ocrx_word' id='word_1_205' title='bbox 880 2463 946 2491; x_wconf 90' lang='grc'>36-</span> 
     </span>
     <span class='ocr_line' id='line_1_42' title="bbox 134 2502 945 2559; baseline 0.01 -19"><span class='ocrx_word' id='word_1_206' title='bbox 134 2502 274 2550; x_wconf 84' lang='lat' dir='ltr'>quirat</span> <span class='ocrx_word' id='word_1_207' title='bbox 292 2506 445 2545; x_wconf 78' lang='grc'>11311113</span> <span class='ocrx_word' id='word_1_208' title='bbox 458 2504 700 2555; x_wconf 79' lang='lat' dir='ltr'>gloriesior:</span> <span class='ocrx_word' id='word_1_209' title='bbox 719 2506 816 2559; x_wconf 91' lang='lat' dir='ltr'>ipso</span> <span class='ocrx_word' id='word_1_210' title='bbox 832 2505 945 2557; x_wconf 84' lang='lat' dir='ltr'>adju-</span> 
     </span>
     <span class='ocr_line' id='line_1_43' title="bbox 134 2557 947 2612; baseline 0.01 -17"><span class='ocrx_word' id='word_1_211' title='bbox 134 2557 270 2606; x_wconf 87' lang='lat' dir='ltr'>vante,</span> <span class='ocrx_word' id='word_1_212' title='bbox 290 2559 363 2610; x_wconf 81' lang='lat' dir='ltr'>qui</span> <span class='ocrx_word' id='word_1_213' title='bbox 379 2560 484 2601; x_wconf 88' lang='lat' dir='ltr'>vivit</span> <span class='ocrx_word' id='word_1_214' title='bbox 501 2566 543 2602; x_wconf 90' lang='lat' dir='ltr'>et</span> <span class='ocrx_word' id='word_1_215' title='bbox 560 2566 710 2612; x_wconf 89' lang='lat' dir='ltr'>regnat</span> <span class='ocrx_word' id='word_1_216' title='bbox 727 2562 770 2602; x_wconf 93' lang='lat' dir='ltr'>in</span> <span class='ocrx_word' id='word_1_217' title='bbox 788 2562 947 2603; x_wconf 70' lang='lat' dir='ltr'>saecula</span> 
     </span>
     <span class='ocr_line' id='line_1_44' title="bbox 134 2612 578 2657; baseline 0.016 -7"><span class='ocrx_word' id='word_1_218' title='bbox 134 2612 400 2655; x_wconf 79' lang='lat' dir='ltr'>saeculorum.</span> <span class='ocrx_word' id='word_1_219' title='bbox 427 2615 578 2657; x_wconf 91' lang='lat' dir='ltr'>Amen.</span> 
     </span>
    </p>

    <p class='ocr_par' dir='ltr' id='par_1_7' title="bbox 180 2667 851 2719">
     <span class='ocr_line' id='line_1_45' title="bbox 180 2667 851 2719; baseline 0.009 -12"><span class='ocrx_word' id='word_1_220' title='bbox 180 2667 230 2719; x_wconf 68' lang='lat' dir='ltr'>R.</span> <span class='ocrx_word' id='word_1_221' title='bbox 259 2668 511 2712; x_wconf 86' lang='lat' dir='ltr'>Ascendens</span> <span class='ocrx_word' id='word_1_222' title='bbox 531 2672 735 2715; x_wconf 90' lang='lat' dir='ltr'>Christus.</span> <span class='ocrx_word' id='word_1_223' title='bbox 762 2673 851 2713; x_wconf 87' lang='grc'><strong>323.</strong></span> 
     </span>
    </p>
   </div>
   <div class='ocr_carea' id='block_1_3' title="bbox 285 2810 455 2836">
    <p class='ocr_par' dir='ltr' id='par_1_8' title="bbox 285 2810 455 2836">
     <span class='ocr_line' id='line_1_46' title="bbox 285 2810 455 2836; baseline 0.012 -2"><span class='ocrx_word' id='word_1_224' title='bbox 285 2810 348 2834; x_wconf 82' lang='lat' dir='ltr'>Pars</span> <span class='ocrx_word' id='word_1_225' title='bbox 363 2810 455 2836; x_wconf 84' lang='lat' dir='ltr'>Verna.</span> 
     </span>
    </p>
   </div>
   <div class='ocr_carea' id='block_1_4' title="bbox 1225 261 1615 301">
    <p class='ocr_par' dir='ltr' id='par_1_9' title="bbox 1225 261 1615 301">
     <span class='ocr_line' id='line_1_47' title="bbox 1225 261 1615 301; baseline 0.005 -2"><span class='ocrx_word' id='word_1_226' title='bbox 1225 261 1274 299; x_wconf 89' lang='lat' dir='ltr'>In</span> <span class='ocrx_word' id='word_1_227' title='bbox 1300 261 1370 300; x_wconf 90' lang='grc' dir='ltr'><strong>ΙΙΙ.</strong></span> <span class='ocrx_word' id='word_1_228' title='bbox 1396 261 1615 301; x_wconf 78' lang='lat' dir='ltr'>Nocturno.</span> 
     </span>
    </p>
   </div>
   <div class='ocr_carea' id='block_1_5' title="bbox 1002 323 1822 727">
    <p class='ocr_par' dir='ltr' id='par_1_10' title="bbox 1002 323 1822 727">
     <span class='ocr_line' id='line_1_48' title="bbox 1013 323 1820 377; baseline 0.007 -14"><span class='ocrx_word' id='word_1_229' title='bbox 1013 323 1166 364; x_wconf 88' lang='lat' dir='ltr'>Lectio</span> <span class='ocrx_word' id='word_1_230' title='bbox 1185 324 1322 365; x_wconf 90' lang='lat' dir='ltr'>sancti</span> <span class='ocrx_word' id='word_1_231' title='bbox 1345 324 1568 377; x_wconf 87' lang='lat' dir='ltr'>Evangelii</span> <span class='ocrx_word' id='word_1_232' title='bbox 1585 327 1820 368; x_wconf 89' lang='lat' dir='ltr'>secundum</span> 
     </span>
     <span class='ocr_line' id='line_1_49' title="bbox 1304 380 1523 422; baseline 0.009 -2"><span class='ocrx_word' id='word_1_233' title='bbox 1304 380 1328 420; x_wconf 91' lang='lat' dir='ltr'><strong>J</strong></span> <span class='ocrx_word' id='word_1_234' title='bbox 1330 382 1523 422; x_wconf 85' lang='lat' dir='ltr'>oannem.</span> 
     </span>
     <span class='ocr_line' id='line_1_50' title="bbox 1112 442 1725 494; baseline 0.003 -13"><span class='ocrx_word' id='word_1_235' title='bbox 1112 442 1263 483; x_wconf 86' lang='lat' dir='ltr'>Lectio</span> <span class='ocrx_word' id='word_1_236' title='bbox 1284 443 1351 482; x_wconf 69' lang='lat' dir='ltr'>vii.</span> <span class='ocrx_word' id='word_1_237' title='bbox 1496 442 1597 494; x_wconf 82' lang='lat' dir='ltr'>Cap.</span> <span class='ocrx_word' id='word_1_238' title='bbox 1615 444 1670 483; x_wconf 78' lang='lat'>15.</span> <span class='ocrx_word' id='word_1_239' title='bbox 1687 444 1725 485; x_wconf 91' lang='lat' dir='ltr'>d.</span> 
     </span>
     <span class='ocr_line' id='line_1_51' title="bbox 1003 497 1821 603; baseline 0.006 -61"><span class='ocrx_word' id='word_1_240' title='bbox 1003 497 1078 603; x_wconf 88' lang='lat' dir='ltr'>In</span> <span class='ocrx_word' id='word_1_241' title='bbox 1095 501 1169 543; x_wconf 90' lang='lat' dir='ltr'>illo</span> <span class='ocrx_word' id='word_1_242' title='bbox 1187 504 1401 555; x_wconf 88' lang='lat' dir='ltr'>tempore:</span> <span class='ocrx_word' id='word_1_243' title='bbox 1420 504 1540 546; x_wconf 85' lang='lat' dir='ltr'>Dixit</span> <span class='ocrx_word' id='word_1_244' title='bbox 1554 504 1580 544; x_wconf 86' lang='lat' dir='ltr'>J</span> <span class='ocrx_word' id='word_1_245' title='bbox 1582 517 1680 546; x_wconf 90' lang='lat' dir='ltr'>esus</span> <span class='ocrx_word' id='word_1_246' title='bbox 1698 505 1821 547; x_wconf 87' lang='lat' dir='ltr'>disci-</span> 
     </span>
     <span class='ocr_line' id='line_1_52' title="bbox 1067 558 1821 612; baseline 0.005 -13"><span class='ocrx_word' id='word_1_247' title='bbox 1067 558 1180 612; x_wconf 89' lang='lat' dir='ltr'>pulis</span> <span class='ocrx_word' id='word_1_248' title='bbox 1200 559 1304 600; x_wconf 86' lang='lat' dir='ltr'>suis:</span> <span class='ocrx_word' id='word_1_249' title='bbox 1325 560 1434 601; x_wconf 90' lang='lat' dir='ltr'>Cum</span> <span class='ocrx_word' id='word_1_250' title='bbox 1453 561 1619 602; x_wconf 89' lang='lat' dir='ltr'>venerit</span> <span class='ocrx_word' id='word_1_251' title='bbox 1636 561 1821 603; x_wconf 83' lang='lat' dir='ltr'>Paracli-</span> 
     </span>
     <span class='ocr_line' id='line_1_53' title="bbox 1002 617 1822 667; baseline 0.004 -11"><span class='ocrx_word' id='word_1_252' title='bbox 1002 620 1083 665; x_wconf 91' lang='lat' dir='ltr'>tus,</span> <span class='ocrx_word' id='word_1_253' title='bbox 1099 628 1228 667; x_wconf 92' lang='lat' dir='ltr'>quem</span> <span class='ocrx_word' id='word_1_254' title='bbox 1243 628 1324 667; x_wconf 90' lang='lat' dir='ltr'>ego</span> <span class='ocrx_word' id='word_1_255' title='bbox 1339 617 1508 658; x_wconf 89' lang='lat' dir='ltr'>mittam</span> <span class='ocrx_word' id='word_1_256' title='bbox 1520 617 1644 659; x_wconf 86' lang='lat' dir='ltr'>vobis</span> <span class='ocrx_word' id='word_1_257' title='bbox 1660 618 1822 659; x_wconf 87' lang='lat' dir='ltr'>aPatre</span> 
     </span>
     <span class='ocr_line' id='line_1_54' title="bbox 1003 672 1821 727; baseline 0.004 -14"><span class='ocrx_word' id='word_1_258' title='bbox 1003 672 1211 725; x_wconf 88' lang='lat' dir='ltr'>Spiritum</span> <span class='ocrx_word' id='word_1_259' title='bbox 1224 673 1429 723; x_wconf 85' lang='lat' dir='ltr'>veritatis,</span> <span class='ocrx_word' id='word_1_260' title='bbox 1450 674 1523 725; x_wconf 93' lang='lat' dir='ltr'>qui</span> <span class='ocrx_word' id='word_1_261' title='bbox 1542 687 1567 715; x_wconf 88' lang='lat' dir='ltr'>a</span> <span class='ocrx_word' id='word_1_262' title='bbox 1580 674 1709 715; x_wconf 87' lang='lat' dir='ltr'>Patre</span> <span class='ocrx_word' id='word_1_263' title='bbox 1723 687 1821 727; x_wconf 89' lang='lat' dir='ltr'>pro-</span> 
     </span>
    </p>
   </div>
   <div class='ocr_carea' id='block_1_6' title="bbox 1004 727 1823 1047">
    <p class='ocr_par' dir='ltr' id='par_1_11' title="bbox 1004 727 1823 783">
     <span class='ocr_line' id='line_1_55' title="bbox 1004 727 1823 783; baseline 0.004 -14"><span class='ocrx_word' id='word_1_264' title='bbox 1004 727 1134 779; x_wconf 89' lang='lat' dir='ltr'>cedit,</span> <span class='ocrx_word' id='word_1_265' title='bbox 1161 728 1232 770; x_wconf 85' lang='grc'>1116</span> <span class='ocrx_word' id='word_1_266' title='bbox 1260 730 1554 771; x_wconf 83' lang='lat' dir='ltr'>testimonium</span> <span class='ocrx_word' id='word_1_267' title='bbox 1579 730 1823 783; x_wconf 91' lang='lat' dir='ltr'>perhibebit</span> 
     </span>
    </p>

    <p class='ocr_par' dir='ltr' id='par_1_12' title="bbox 1004 783 1434 838">
     <span class='ocr_line' id='line_1_56' title="bbox 1004 783 1434 838; baseline 0.002 -12"><span class='ocrx_word' id='word_1_268' title='bbox 1004 783 1058 826; x_wconf 91' lang='lat' dir='ltr'>de</span> <span class='ocrx_word' id='word_1_269' title='bbox 1076 797 1157 826; x_wconf 89' lang='lat' dir='ltr'>me.</span> <span class='ocrx_word' id='word_1_270' title='bbox 1184 785 1240 826; x_wconf 90' lang='lat' dir='ltr'>Et</span> <span class='ocrx_word' id='word_1_271' title='bbox 1258 786 1434 838; x_wconf 92' lang='lat' dir='ltr'>reliqua.</span> 
     </span>
    </p>

    <p class='ocr_par' dir='ltr' id='par_1_13' title="bbox 1010 863 1822 967">
     <span class='ocr_line' id='line_1_57' title="bbox 1010 863 1822 917; baseline -0.002 -11"><span class='ocrx_word' id='word_1_272' title='bbox 1010 867 1076 906; x_wconf 92' lang='lat' dir='ltr'>De</span> <span class='ocrx_word' id='word_1_273' title='bbox 1094 863 1284 905; x_wconf 90' lang='lat' dir='ltr'>Homilia</span> <span class='ocrx_word' id='word_1_274' title='bbox 1303 864 1342 906; x_wconf 90' lang='lat' dir='ltr'>S.</span> <span class='ocrx_word' id='word_1_275' title='bbox 1353 864 1586 915; x_wconf 85' lang='lat' dir='ltr'>Augustini</span> <span class='ocrx_word' id='word_1_276' title='bbox 1603 865 1822 917; x_wconf 82' lang='lat' dir='ltr'>Episcopi.</span> 
     </span>
     <span class='ocr_line' id='line_1_58' title="bbox 1080 932 1751 967; baseline 0.001 -2"><span class='ocrx_word' id='word_1_277' title='bbox 1080 932 1203 966; x_wconf 78' lang='lat' dir='ltr'>Tract.</span> <span class='ocrx_word' id='word_1_278' title='bbox 1229 932 1280 966; x_wconf 71' lang='lat'>92.</span> <span class='ocrx_word' id='word_1_279' title='bbox 1307 933 1344 966; x_wconf 92' lang='lat' dir='ltr'>in</span> <span class='ocrx_word' id='word_1_280' title='bbox 1371 933 1506 967; x_wconf 81' lang='lat' dir='ltr'>Joann.</span> <span class='ocrx_word' id='word_1_281' title='bbox 1532 933 1630 967; x_wconf 83' lang='lat' dir='ltr'>circa</span> <span class='ocrx_word' id='word_1_282' title='bbox 1656 933 1751 967; x_wconf 79' lang='lat' dir='ltr'>med.</span> 
     </span>
    </p>

    <p class='ocr_par' dir='ltr' id='par_1_14' title="bbox 1007 985 1823 1047">
     <span class='ocr_line' id='line_1_59' title="bbox 1007 985 1823 1047; baseline -0.001 -19"><span class='ocrx_word' id='word_1_283' title='bbox 1007 1000 1036 1047; x_wconf 53' lang='lat' dir='ltr'><strong>ij</strong></span> <span class='ocrx_word' id='word_1_284' title='bbox 1051 990 1108 1043; x_wconf 55' lang='lat' dir='ltr'>{gs}</span> <span class='ocrx_word' id='word_1_285' title='bbox 1118 1001 1147 1026; x_wconf 61' lang='lat' dir='ltr'>„s</span> <span class='ocrx_word' id='word_1_286' title='bbox 1156 986 1243 1028; x_wconf 91' lang='lat' dir='ltr'>enit</span> <span class='ocrx_word' id='word_1_287' title='bbox 1258 985 1328 1027; x_wconf 90' lang='lat' dir='ltr'>die</span> <span class='ocrx_word' id='word_1_288' title='bbox 1342 987 1624 1028; x_wconf 83' lang='lat' dir='ltr'>Pentecostes</span> <span class='ocrx_word' id='word_1_289' title='bbox 1638 986 1823 1039; x_wconf 89' lang='lat' dir='ltr'>Spiritus</span> 
     </span>
    </p>
   </div>
   <div class='ocr_carea' id='block_1_7' title="bbox 998 1028 1824 2560">
    <p class='ocr_par' dir='ltr' id='par_1_15' title="bbox 999 1028 1824 1982">
     <span class='ocr_line' id='line_1_60' title="bbox 1007 1028 1823 1097; baseline -0.002 -12"><span class='ocrx_word' id='word_1_290' title='bbox 1007 1052 1055 1097; x_wconf 95' lang='lat' dir='ltr'>T</span> <span class='ocrx_word' id='word_1_291' title='bbox 1077 1028 1152 1097; x_wconf 50' lang='grc' dir='ltr'>(Λ</span> <span class='ocrx_word' id='word_1_292' title='bbox 1172 1048 1346 1084; x_wconf 87' lang='lat' dir='ltr'>sanctus</span> <span class='ocrx_word' id='word_1_293' title='bbox 1383 1042 1425 1082; x_wconf 92' lang='lat' dir='ltr'>in</span> <span class='ocrx_word' id='word_1_294' title='bbox 1466 1048 1638 1084; x_wconf 90' lang='lat' dir='ltr'>centum</span> <span class='ocrx_word' id='word_1_295' title='bbox 1674 1043 1823 1094; x_wconf 86' lang='lat' dir='ltr'>viginti</span> 
     </span>
     <span class='ocr_line' id='line_1_61' title="bbox 1051 1080 1824 1150; baseline -0.001 -10.054"><span class='ocrx_word' id='word_1_296' title='bbox 1051 1100 1076 1122; x_wconf 36' lang='grc' dir='ltr'>’ἵ</span> <span class='ocrx_word' id='word_1_297' title='bbox 1093 1080 1141 1117; x_wconf 57' lang='grc' dir='ltr'>”””“Ῑ</span> <span class='ocrx_word' id='word_1_298' title='bbox 1171 1098 1366 1140; x_wconf 81' lang='lat' dir='ltr'>homines</span> <span class='ocrx_word' id='word_1_299' title='bbox 1378 1101 1676 1150; x_wconf 85' lang='lat' dir='ltr'>congregatos,</span> <span class='ocrx_word' id='word_1_300' title='bbox 1686 1099 1730 1139; x_wconf 92' lang='lat' dir='ltr'>in</span> <span class='ocrx_word' id='word_1_301' title='bbox 1741 1099 1824 1150; x_wconf 93' lang='lat' dir='ltr'>qui-</span> 
     </span>
     <span class='ocr_line' id='line_1_62' title="bbox 1003 1153 1824 1208; baseline 0.001 -13"><span class='ocrx_word' id='word_1_302' title='bbox 1003 1153 1083 1195; x_wconf 91' lang='lat' dir='ltr'>bus</span> <span class='ocrx_word' id='word_1_303' title='bbox 1110 1159 1154 1196; x_wconf 93' lang='lat' dir='ltr'>et</span> <span class='ocrx_word' id='word_1_304' title='bbox 1176 1155 1383 1208; x_wconf 78' lang='lat' dir='ltr'>Apestoli</span> <span class='ocrx_word' id='word_1_305' title='bbox 1409 1168 1559 1196; x_wconf 92' lang='lat' dir='ltr'>omnes</span> <span class='ocrx_word' id='word_1_306' title='bbox 1585 1160 1723 1197; x_wconf 86' lang='lat' dir='ltr'>erant:</span> <span class='ocrx_word' id='word_1_307' title='bbox 1751 1155 1824 1207; x_wconf 91' lang='lat' dir='ltr'>qui</span> 
     </span>
     <span class='ocr_line' id='line_1_63' title="bbox 1001 1210 1824 1264; baseline 0.001 -13"><span class='ocrx_word' id='word_1_308' title='bbox 1001 1210 1075 1252; x_wconf 93' lang='lat' dir='ltr'>illo</span> <span class='ocrx_word' id='word_1_309' title='bbox 1092 1210 1326 1264; x_wconf 89' lang='lat' dir='ltr'>adimpleti,</span> <span class='ocrx_word' id='word_1_310' title='bbox 1346 1225 1444 1253; x_wconf 90' lang='lat' dir='ltr'>cum</span> <span class='ocrx_word' id='word_1_311' title='bbox 1459 1211 1615 1263; x_wconf 88' lang='lat' dir='ltr'>linguis</span> <span class='ocrx_word' id='word_1_312' title='bbox 1634 1212 1824 1253; x_wconf 80' lang='lat' dir='ltr'>emnium</span> 
     </span>
     <span class='ocr_line' id='line_1_64' title="bbox 1001 1267 1822 1321; baseline 0.001 -14"><span class='ocrx_word' id='word_1_313' title='bbox 1001 1267 1195 1317; x_wconf 85' lang='lat' dir='ltr'>gentium</span> <span class='ocrx_word' id='word_1_314' title='bbox 1208 1268 1499 1319; x_wconf 89' lang='lat' dir='ltr'>loquerentur,</span> <span class='ocrx_word' id='word_1_315' title='bbox 1514 1268 1662 1321; x_wconf 92' lang='lat' dir='ltr'>plures</span> <span class='ocrx_word' id='word_1_316' title='bbox 1678 1281 1732 1309; x_wconf 84' lang='lat' dir='ltr'>ex</span> <span class='ocrx_word' id='word_1_317' title='bbox 1745 1268 1822 1317; x_wconf 89' lang='lat' dir='ltr'>his,</span> 
     </span>
     <span class='ocr_line' id='line_1_65' title="bbox 1003 1323 1821 1376; baseline 0 -12"><span class='ocrx_word' id='word_1_318' title='bbox 1003 1323 1076 1374; x_wconf 94' lang='lat' dir='ltr'>qui</span> <span class='ocrx_word' id='word_1_319' title='bbox 1095 1323 1287 1373; x_wconf 86' lang='lat' dir='ltr'>oderant,</span> <span class='ocrx_word' id='word_1_320' title='bbox 1309 1329 1430 1365; x_wconf 86' lang='lat' dir='ltr'>tanto</span> <span class='ocrx_word' id='word_1_321' title='bbox 1449 1324 1657 1365; x_wconf 84' lang='lat' dir='ltr'>miraculo</span> <span class='ocrx_word' id='word_1_322' title='bbox 1679 1329 1821 1376; x_wconf 88' lang='lat' dir='ltr'>stupe-</span> 
     </span>
     <span class='ocr_line' id='line_1_66' title="bbox 1001 1379 1821 1432; baseline 0.001 -12"><span class='ocrx_word' id='word_1_323' title='bbox 1001 1379 1104 1420; x_wconf 86' lang='lat' dir='ltr'>facti</span> <span class='ocrx_word' id='word_1_324' title='bbox 1127 1379 1496 1432; x_wconf 81' lang='lat' dir='ltr'>(quandoquidem</span> <span class='ocrx_word' id='word_1_325' title='bbox 1520 1380 1736 1429; x_wconf 86' lang='lat' dir='ltr'>viderunt,</span> <span class='ocrx_word' id='word_1_326' title='bbox 1761 1380 1821 1421; x_wconf 94' lang='grc'>10-</span> 
     </span>
     <span class='ocr_line' id='line_1_67' title="bbox 1003 1437 1821 1488; baseline 0.001 -12"><span class='ocrx_word' id='word_1_327' title='bbox 1003 1438 1161 1487; x_wconf 90' lang='lat' dir='ltr'>quente</span> <span class='ocrx_word' id='word_1_328' title='bbox 1183 1437 1329 1486; x_wconf 88' lang='lat' dir='ltr'>Petro,</span> <span class='ocrx_word' id='word_1_329' title='bbox 1353 1441 1443 1478; x_wconf 90' lang='lat' dir='ltr'>tam</span> <span class='ocrx_word' id='word_1_330' title='bbox 1465 1449 1667 1487; x_wconf 91' lang='lat' dir='ltr'>magnum</span> <span class='ocrx_word' id='word_1_331' title='bbox 1691 1442 1821 1488; x_wconf 90' lang='lat' dir='ltr'>atque</span> 
     </span>
     <span class='ocr_line' id='line_1_68' title="bbox 1002 1491 1821 1545; baseline 0.002 -13"><span class='ocrx_word' id='word_1_332' title='bbox 1002 1491 1193 1533; x_wconf 89' lang='lat' dir='ltr'>divinum</span> <span class='ocrx_word' id='word_1_333' title='bbox 1216 1492 1510 1534; x_wconf 85' lang='lat' dir='ltr'>testimonium</span> <span class='ocrx_word' id='word_1_334' title='bbox 1530 1492 1747 1545; x_wconf 91' lang='lat' dir='ltr'>perhiberi</span> <span class='ocrx_word' id='word_1_335' title='bbox 1767 1492 1821 1534; x_wconf 91' lang='lat' dir='ltr'>de</span> 
     </span>
     <span class='ocr_line' id='line_1_69' title="bbox 1003 1547 1821 1600; baseline 0.002 -12"><span class='ocrx_word' id='word_1_336' title='bbox 1003 1547 1190 1598; x_wconf 90' lang='lat' dir='ltr'>Christo,</span> <span class='ocrx_word' id='word_1_337' title='bbox 1213 1553 1261 1589; x_wconf 84' lang='lat' dir='ltr'>ut</span> <span class='ocrx_word' id='word_1_338' title='bbox 1283 1548 1369 1598; x_wconf 91' lang='lat' dir='ltr'>ille,</span> <span class='ocrx_word' id='word_1_339' title='bbox 1394 1549 1468 1600; x_wconf 94' lang='lat' dir='ltr'>qui</span> <span class='ocrx_word' id='word_1_340' title='bbox 1492 1551 1661 1590; x_wconf 90' lang='lat' dir='ltr'>occisus</span> <span class='ocrx_word' id='word_1_341' title='bbox 1685 1549 1739 1590; x_wconf 88' lang='lat' dir='ltr'>ab</span> <span class='ocrx_word' id='word_1_342' title='bbox 1760 1549 1821 1590; x_wconf 91' lang='lat' dir='ltr'>eis</span> 
     </span>
     <span class='ocr_line' id='line_1_70' title="bbox 1000 1604 1819 1657; baseline 0.002 -13"><span class='ocrx_word' id='word_1_343' title='bbox 1000 1604 1112 1645; x_wconf 89' lang='lat' dir='ltr'>inter</span> <span class='ocrx_word' id='word_1_344' title='bbox 1132 1606 1329 1646; x_wconf 84' lang='lat' dir='ltr'>mortuos</span> <span class='ocrx_word' id='word_1_345' title='bbox 1352 1604 1658 1657; x_wconf 78' lang='lat' dir='ltr'>deputabatur,</span> <span class='ocrx_word' id='word_1_346' title='bbox 1682 1617 1819 1646; x_wconf 91' lang='lat' dir='ltr'>resur-</span> 
     </span>
     <span class='ocr_line' id='line_1_71' title="bbox 1000 1660 1819 1714; baseline 0.002 -14"><span class='ocrx_word' id='word_1_347' title='bbox 1000 1662 1174 1710; x_wconf 83' lang='lat' dir='ltr'>rexisse,</span> <span class='ocrx_word' id='word_1_348' title='bbox 1195 1665 1238 1702; x_wconf 90' lang='lat' dir='ltr'>et</span> <span class='ocrx_word' id='word_1_349' title='bbox 1252 1662 1398 1702; x_wconf 86' lang='lat' dir='ltr'>vivere</span> <span class='ocrx_word' id='word_1_350' title='bbox 1414 1660 1686 1714; x_wconf 87' lang='lat' dir='ltr'>probaretur)</span> <span class='ocrx_word' id='word_1_351' title='bbox 1706 1674 1819 1702; x_wconf 94' lang='lat' dir='ltr'>com-</span> 
     </span>
     <span class='ocr_line' id='line_1_72' title="bbox 1000 1715 1821 1768; baseline 0.001 -11"><span class='ocrx_word' id='word_1_352' title='bbox 1000 1716 1150 1768; x_wconf 82' lang='lat' dir='ltr'>puncti</span> <span class='ocrx_word' id='word_1_353' title='bbox 1165 1715 1297 1758; x_wconf 93' lang='lat' dir='ltr'>corde</span> <span class='ocrx_word' id='word_1_354' title='bbox 1315 1717 1514 1758; x_wconf 88' lang='lat' dir='ltr'>conversi</span> <span class='ocrx_word' id='word_1_355' title='bbox 1527 1721 1636 1766; x_wconf 84' lang='lat' dir='ltr'>sunt,</span> <span class='ocrx_word' id='word_1_356' title='bbox 1657 1721 1700 1758; x_wconf 88' lang='lat' dir='ltr'>et</span> <span class='ocrx_word' id='word_1_357' title='bbox 1713 1717 1821 1758; x_wconf 88' lang='lat' dir='ltr'>tanti</span> 
     </span>
     <span class='ocr_line' id='line_1_73' title="bbox 1001 1772 1819 1826; baseline 0.002 -14"><span class='ocrx_word' id='word_1_358' title='bbox 1001 1772 1229 1823; x_wconf 75' lang='lat' dir='ltr'>sanguinis,</span> <span class='ocrx_word' id='word_1_359' title='bbox 1252 1776 1341 1813; x_wconf 87' lang='lat' dir='ltr'>tam</span> <span class='ocrx_word' id='word_1_360' title='bbox 1365 1773 1495 1826; x_wconf 91' lang='lat' dir='ltr'>impie</span> <span class='ocrx_word' id='word_1_361' title='bbox 1520 1778 1650 1824; x_wconf 87' lang='lat' dir='ltr'>atque</span> <span class='ocrx_word' id='word_1_362' title='bbox 1673 1773 1819 1814; x_wconf 86' lang='lat' dir='ltr'>imma-</span> 
     </span>
     <span class='ocr_line' id='line_1_74' title="bbox 999 1828 1818 1881; baseline 0.002 -13"><span class='ocrx_word' id='word_1_363' title='bbox 999 1828 1110 1869; x_wconf 89' lang='lat' dir='ltr'>niter</span> <span class='ocrx_word' id='word_1_364' title='bbox 1137 1828 1238 1878; x_wconf 90' lang='lat' dir='ltr'>fusi,</span> <span class='ocrx_word' id='word_1_365' title='bbox 1272 1828 1583 1880; x_wconf 86' lang='lat' dir='ltr'>indulgentiam</span> <span class='ocrx_word' id='word_1_366' title='bbox 1614 1830 1818 1881; x_wconf 87' lang='lat' dir='ltr'>percepe-</span> 
     </span>
     <span class='ocr_line' id='line_1_75' title="bbox 999 1883 1819 1938; baseline 0.001 -14"><span class='ocrx_word' id='word_1_367' title='bbox 999 1889 1108 1934; x_wconf 89' lang='lat' dir='ltr'>runt,</span> <span class='ocrx_word' id='word_1_368' title='bbox 1126 1884 1222 1937; x_wconf 91' lang='lat' dir='ltr'>ipso</span> <span class='ocrx_word' id='word_1_369' title='bbox 1238 1883 1453 1938; x_wconf 89' lang='lat' dir='ltr'>redempti</span> <span class='ocrx_word' id='word_1_370' title='bbox 1468 1884 1674 1936; x_wconf 88' lang='lat' dir='ltr'>sanguine</span> <span class='ocrx_word' id='word_1_371' title='bbox 1692 1897 1819 1936; x_wconf 91' lang='lat' dir='ltr'>quem</span> 
     </span>
     <span class='ocr_line' id='line_1_76' title="bbox 999 1939 1211 1982; baseline 0.005 -2"><span class='ocrx_word' id='word_1_372' title='bbox 999 1939 1211 1982; x_wconf 90' lang='lat' dir='ltr'>fuderunt.</span> 
     </span>
    </p>

    <p class='ocr_par' dir='ltr' id='par_1_16' title="bbox 998 1996 1818 2374">
     <span class='ocr_line' id='line_1_77' title="bbox 1053 1996 1818 2050; baseline -0.001 -12"><span class='ocrx_word' id='word_1_373' title='bbox 1053 1999 1103 2050; x_wconf 71' lang='lat' dir='ltr'>R.</span> <span class='ocrx_word' id='word_1_374' title='bbox 1124 1997 1219 2048; x_wconf 90' lang='lat' dir='ltr'>Ego</span> <span class='ocrx_word' id='word_1_375' title='bbox 1237 1997 1403 2048; x_wconf 78' lang='lat' dir='ltr'>rogabo</span> <span class='ocrx_word' id='word_1_376' title='bbox 1422 1998 1606 2046; x_wconf 90' lang='lat' dir='ltr'>Patrem,</span> <span class='ocrx_word' id='word_1_377' title='bbox 1626 2001 1669 2038; x_wconf 88' lang='lat' dir='ltr'>et</span> <span class='ocrx_word' id='word_1_378' title='bbox 1687 1996 1818 2037; x_wconf 86' lang='lat' dir='ltr'>alium</span> 
     </span>
     <span class='ocr_line' id='line_1_78' title="bbox 999 2052 1816 2102; baseline -0.001 -9"><span class='ocrx_word' id='word_1_379' title='bbox 999 2052 1260 2094; x_wconf 89' lang='lat' dir='ltr'>Paraclitum</span> <span class='ocrx_word' id='word_1_380' title='bbox 1287 2053 1408 2095; x_wconf 90' lang='lat' dir='ltr'>dabit</span> <span class='ocrx_word' id='word_1_381' title='bbox 1435 2053 1571 2102; x_wconf 84' lang='lat' dir='ltr'>vobis,</span> <span class='ocrx_word' id='word_1_382' title='bbox 1597 2054 1619 2077; x_wconf 86' lang='lat'>*</span> <span class='ocrx_word' id='word_1_383' title='bbox 1649 2052 1708 2094; x_wconf 89' lang='lat' dir='ltr'>Ut</span> <span class='ocrx_word' id='word_1_384' title='bbox 1730 2054 1816 2092; x_wconf 85' lang='lat' dir='ltr'>ma-</span> 
     </span>
     <span class='ocr_line' id='line_1_79' title="bbox 998 2107 1816 2160; baseline 0 -12"><span class='ocrx_word' id='word_1_385' title='bbox 998 2113 1100 2149; x_wconf 89' lang='lat' dir='ltr'>neat</span> <span class='ocrx_word' id='word_1_386' title='bbox 1117 2108 1344 2150; x_wconf 84' lang='lat' dir='ltr'>vobiscum</span> <span class='ocrx_word' id='word_1_387' title='bbox 1366 2109 1411 2150; x_wconf 92' lang='lat' dir='ltr'>in</span> <span class='ocrx_word' id='word_1_388' title='bbox 1437 2111 1660 2158; x_wconf 88' lang='lat' dir='ltr'>aeternum,</span> <span class='ocrx_word' id='word_1_389' title='bbox 1687 2107 1816 2160; x_wconf 87' lang='lat' dir='ltr'>Spiri-</span> 
     </span>
     <span class='ocr_line' id='line_1_80' title="bbox 999 2160 1817 2217; baseline 0 -13"><span class='ocrx_word' id='word_1_390' title='bbox 999 2168 1091 2205; x_wconf 90' lang='lat' dir='ltr'>tum</span> <span class='ocrx_word' id='word_1_391' title='bbox 1109 2165 1321 2215; x_wconf 85' lang='lat' dir='ltr'>veritatis,</span> <span class='ocrx_word' id='word_1_392' title='bbox 1346 2164 1526 2217; x_wconf 88' lang='lat' dir='ltr'>alleluja.</span> <span class='ocrx_word' id='word_1_393' title='bbox 1561 2160 1611 2211; x_wconf 66' lang='lat' dir='ltr'>V.</span> <span class='ocrx_word' id='word_1_394' title='bbox 1634 2163 1679 2204; x_wconf 85' lang='lat' dir='ltr'>Si</span> <span class='ocrx_word' id='word_1_395' title='bbox 1703 2163 1817 2204; x_wconf 80' lang='lat' dir='ltr'>enim</span> 
     </span>
     <span class='ocr_line' id='line_1_81' title="bbox 999 2218 1816 2269; baseline 0.001 -10"><span class='ocrx_word' id='word_1_396' title='bbox 999 2231 1086 2260; x_wconf 94' lang='lat' dir='ltr'>non</span> <span class='ocrx_word' id='word_1_397' title='bbox 1105 2219 1269 2269; x_wconf 88' lang='lat' dir='ltr'>abiero,</span> <span class='ocrx_word' id='word_1_398' title='bbox 1297 2220 1536 2262; x_wconf 85' lang='lat' dir='ltr'>Paraclitus</span> <span class='ocrx_word' id='word_1_399' title='bbox 1561 2232 1648 2260; x_wconf 89' lang='lat' dir='ltr'>non</span> <span class='ocrx_word' id='word_1_400' title='bbox 1672 2218 1816 2260; x_wconf 85' lang='lat' dir='ltr'>veniet</span> 
     </span>
     <span class='ocr_line' id='line_1_82' title="bbox 1000 2274 1816 2323; baseline 0 -8"><span class='ocrx_word' id='word_1_401' title='bbox 1000 2274 1056 2316; x_wconf 91' lang='lat' dir='ltr'>ad</span> <span class='ocrx_word' id='word_1_402' title='bbox 1083 2289 1177 2317; x_wconf 89' lang='lat' dir='ltr'>vos:</span> <span class='ocrx_word' id='word_1_403' title='bbox 1214 2277 1250 2317; x_wconf 91' lang='lat' dir='ltr'>si</span> <span class='ocrx_word' id='word_1_404' title='bbox 1279 2281 1423 2318; x_wconf 86' lang='lat' dir='ltr'>autem</span> <span class='ocrx_word' id='word_1_405' title='bbox 1451 2275 1613 2323; x_wconf 87' lang='lat' dir='ltr'>abiero,</span> <span class='ocrx_word' id='word_1_406' title='bbox 1647 2274 1816 2315; x_wconf 86' lang='lat' dir='ltr'>mittam</span> 
     </span>
     <span class='ocr_line' id='line_1_83' title="bbox 1001 2331 1568 2374; baseline -0.002 -2"><span class='ocrx_word' id='word_1_407' title='bbox 1001 2344 1099 2372; x_wconf 89' lang='lat' dir='ltr'>eum</span> <span class='ocrx_word' id='word_1_408' title='bbox 1116 2331 1173 2373; x_wconf 91' lang='lat' dir='ltr'>ad</span> <span class='ocrx_word' id='word_1_409' title='bbox 1191 2345 1282 2373; x_wconf 87' lang='lat' dir='ltr'>vos.</span> <span class='ocrx_word' id='word_1_410' title='bbox 1310 2333 1370 2374; x_wconf 86' lang='lat' dir='ltr'>Ut</span> <span class='ocrx_word' id='word_1_411' title='bbox 1386 2334 1568 2372; x_wconf 89' lang='lat' dir='ltr'>maneat.</span> 
     </span>
    </p>

    <p class='ocr_par' dir='ltr' id='par_1_17' title="bbox 1071 2396 1821 2560">
     <span class='ocr_line' id='line_1_84' title="bbox 1283 2396 1531 2437; baseline -0.008 -1"><span class='ocrx_word' id='word_1_412' title='bbox 1283 2397 1430 2437; x_wconf 89' lang='lat' dir='ltr'>Lectio</span> <span class='ocrx_word' id='word_1_413' title='bbox 1451 2396 1531 2436; x_wconf 86' lang='lat' dir='ltr'>viii.</span> 
     </span>
     <span class='ocr_line' id='line_1_85' title="bbox 1071 2451 1812 2502; baseline 0 -9"><span class='ocrx_word' id='word_1_414' title='bbox 1071 2451 1195 2494; x_wconf 88' lang='lat' dir='ltr'>hristi</span> <span class='ocrx_word' id='word_1_415' title='bbox 1214 2453 1326 2494; x_wconf 79' lang='lat' dir='ltr'>enim</span> <span class='ocrx_word' id='word_1_416' title='bbox 1345 2452 1517 2502; x_wconf 84' lang='lat' dir='ltr'>sanguis</span> <span class='ocrx_word' id='word_1_417' title='bbox 1534 2451 1653 2492; x_wconf 90' lang='lat' dir='ltr'>sicin</span> <span class='ocrx_word' id='word_1_418' title='bbox 1667 2452 1812 2493; x_wconf 88' lang='grc'>1611118-</span> 
     </span>
     <span class='ocr_line' id='line_1_86' title="bbox 1094 2508 1821 2560; baseline 0 -12"><span class='ocrx_word' id='word_1_419' title='bbox 1094 2508 1260 2549; x_wconf 82' lang='grc'>810116111</span> <span class='ocrx_word' id='word_1_420' title='bbox 1303 2509 1582 2560; x_wconf 84' lang='lat' dir='ltr'>peccatorum</span> <span class='ocrx_word' id='word_1_421' title='bbox 1626 2508 1821 2548; x_wconf 69' lang='lat' dir='ltr'>emnium*</span> 
     </span>
    </p>
   </div>
   <div class='ocr_carea' id='block_1_8' title="bbox 993 2562 1812 2615">
    <p class='ocr_par' dir='ltr' id='par_1_18' title="bbox 993 2562 1812 2615">
     <span class='ocr_line' id='line_1_87' title="bbox 993 2562 1812 2615; baseline 0 -11"><span class='ocrx_word' id='word_1_422' title='bbox 993 2563 1118 2604; x_wconf 69' lang='lat' dir='ltr'>vfusus</span> <span class='ocrx_word' id='word_1_423' title='bbox 1148 2569 1232 2613; x_wconf 89' lang='lat' dir='ltr'>est,</span> <span class='ocrx_word' id='word_1_424' title='bbox 1262 2569 1310 2604; x_wconf 89' lang='lat' dir='ltr'>ut</span> <span class='ocrx_word' id='word_1_425' title='bbox 1337 2563 1479 2615; x_wconf 90' lang='lat' dir='ltr'>ipsum</span> <span class='ocrx_word' id='word_1_426' title='bbox 1506 2562 1634 2604; x_wconf 83' lang='lat' dir='ltr'>etiam</span> <span class='ocrx_word' id='word_1_427' title='bbox 1661 2565 1812 2615; x_wconf 84' lang='lat' dir='ltr'>pecca-</span> 
     </span>
    </p>
   </div>
   <div class='ocr_carea' id='block_1_9' title="bbox 998 2617 1812 2726">
    <p class='ocr_par' dir='ltr' id='par_1_19' title="bbox 998 2617 1812 2726">
     <span class='ocr_line' id='line_1_88' title="bbox 998 2617 1812 2672; baseline 0.001 -13"><span class='ocrx_word' id='word_1_428' title='bbox 998 2623 1089 2660; x_wconf 90' lang='lat' dir='ltr'>tum</span> <span class='ocrx_word' id='word_1_429' title='bbox 1113 2624 1265 2672; x_wconf 87' lang='lat' dir='ltr'>posset</span> <span class='ocrx_word' id='word_1_430' title='bbox 1290 2617 1449 2667; x_wconf 84' lang='lat' dir='ltr'>delere,</span> <span class='ocrx_word' id='word_1_431' title='bbox 1479 2630 1565 2670; x_wconf 94' lang='lat' dir='ltr'>quo</span> <span class='ocrx_word' id='word_1_432' title='bbox 1591 2619 1711 2660; x_wconf 89' lang='lat' dir='ltr'>fusus</span> <span class='ocrx_word' id='word_1_433' title='bbox 1737 2624 1812 2660; x_wconf 88' lang='lat' dir='ltr'>est.</span> 
     </span>
     <span class='ocr_line' id='line_1_89' title="bbox 998 2674 1811 2726; baseline -0.001 -11"><span class='ocrx_word' id='word_1_434' title='bbox 998 2674 1097 2716; x_wconf 92' lang='lat' dir='ltr'>Hoc</span> <span class='ocrx_word' id='word_1_435' title='bbox 1128 2687 1231 2726; x_wconf 91' lang='lat' dir='ltr'>ergo</span> <span class='ocrx_word' id='word_1_436' title='bbox 1262 2676 1431 2714; x_wconf 89' lang='lat' dir='ltr'>intuens</span> <span class='ocrx_word' id='word_1_437' title='bbox 1458 2674 1669 2715; x_wconf 80' lang='lat' dir='ltr'>Deminus</span> <span class='ocrx_word' id='word_1_438' title='bbox 1700 2674 1811 2716; x_wconf 89' lang='lat' dir='ltr'>dice-</span> 
     </span>
    </p>
   </div>
   <div class='ocr_carea' id='block_1_10' title="bbox 72 96 1884 2774">
    <p class='ocr_par' dir='ltr' id='par_1_20' title="bbox 72 96 1884 2774">
     <span class='ocr_line' id='line_1_90' title="bbox 72 96 1884 2774; baseline 0 0"><span class='ocrx_word' id='word_1_439' title='bbox 72 96 1884 2774; x_wconf 95' lang='lat' dir='ltr'> </span> 
     </span>
    </p>
   </div>
   <div class='ocr_carea' id='block_1_11' title="bbox 1542 2803 1607 2837">
    <p class='ocr_par' dir='ltr' id='par_1_21' title="bbox 1542 2803 1607 2837">
     <span class='ocr_line' id='line_1_91' title="bbox 1542 2803 1607 2837; baseline 0 0"><span class='ocrx_word' id='word_1_440' title='bbox 1542 2803 1607 2837; x_wconf 81' lang='lat'>23*</span> 
     </span>
    </p>
   </div>
  </div>
 </body>
</html>
