2066 2956
684 236 901 270 Gratiarum
927 237 1027 270 actio
1052 242 1141 280 post
1165 238 1332 271 Missum.

1758 234 1859 280 [405]

203 328 376 365 Laudate
413 338 501 363 eum
531 327 572 362 in
601 328 790 372 cymbalis
819 322 981 365 beneso-
1032 342 1081 367 ne
1097 331 1186 368 Filii
1201 334 1258 369 tui
1272 333 1430 370 Domini
1446 335 1571 370 nostri
1587 335 1611 370 J
1614 345 1683 370 esu
1698 335 1858 371 Christi:

153 379 352 414 nantibus:
376 378 532 413 laudate
557 388 644 413 eum
663 378 704 412 in
721 379 910 424 cYmbalis
927 380 981 424 ju-

153 428 369 464 bilationis:
381 427 404 453 ¹*
417 427 543 462 omnis
557 427 715 472 spiritus
728 428 860 464 laudet
869 429 980 465 Dfim.

208 478 342 515 Gloria
363 477 480 512 Patri.

207 539 294 573 Ant.
317 536 452 571 Trium
473 537 682 581 puererum
701 538 897 572 cantemus
913 538 982 583 hy-

153 597 298 623 mnum:
328 596 443 631 quem
473 587 680 622 cantabant
703 586 836 622 Sancti
858 587 899 622 in
923 599 982 623 ca-

153 639 257 674 mino
281 636 395 681 ignis,
418 636 691 672 benedicentes
714 637 931 674 Dominum.

209 696 330 742 Kyrie
354 695 511 730 eleison.
544 695 697 730 Christe
718 696 875 732 eleison.
906 698 983 743 Ky-

154 748 211 783 rie
236 746 393 782 eleison.
429 745 542 780 Pater
561 749 704 780 noster.

207 794 253 839 V.
269 797 317 832 Et
332 806 380 831 ne
397 806 470 831 nos
487 795 650 830 inducas
668 796 708 830 in
723 797 983 833 tentati6nem.

156 851 199 894 R.
226 847 304 884 Sed
326 847 448 882 libera
470 856 543 881 nos
568 857 591 881 a
614 847 728 882 malo.

207 894 252 941 Y.
272 896 537 933 Confiteantur
545 896 618 931 tibi
627 896 713 932 Dfie
726 898 855 932 emnia
866 899 984 942 opera

155 954 231 984 tua.
259 951 304 996 R..
331 946 380 981 Et
395 946 521 981 sancti
539 946 597 981 tui
611 947 842 983 benedicant
857 948 938 983 tibi.

208 996 253 1042 V.
299 998 559 1033 Exsultabunt
602 998 727 1032 sancti
768 999 808 1033 in
849 999 982 1043 gleria.

157 1050 199 1094 R·
223 1049 476 1083 Laetabuntur
497 1047 537 1081 in
560 1048 752 1083 cubilibus
776 1050 868 1084 suis.

208 1095 253 1141 Y.
281 1099 372 1134 Non
399 1098 515 1133 nobis
541 1097 722 1142 DOmine,
754 1109 832 1134 non
859 1100 984 1135 nobis.

157 1150 201 1193 R.
227 1148 305 1185 Sed
326 1148 474 1184 n6mini
497 1151 564 1183 tuo
589 1148 639 1183 da
663 1149 835 1192 gloriam.

210 1195 255 1242 V.
279 1199 444 1234 Demine
462 1198 606 1233 exaudi
622 1199 836 1234 orationem
851 1210 986 1235 meam.

158 1250 201 1294 R.
222 1251 271 1286 Et
292 1251 438 1285 clamor
457 1260 566 1285 meus
584 1249 635 1284 ad
650 1254 687 1284 te
703 1250 843 1285 veniat.

209 1295 254 1340 V.
284 1300 473 1335 Dominus
493 1300 707 1336 vobiscum.

211 1349 254 1392 R.
277 1350 327 1385 Et
342 1360 429 1385 cum
445 1350 584 1394 spiritu
599 1354 677 1385 tuo.

490 1409 662 1444 Oremus.

158 1459 299 1535 Deus,
318 1459 385 1504 qui
400 1459 523 1495 tribus
539 1460 672 1504 pueris
684 1459 871 1503 mitigasti
883 1459 987 1494 flam-

247 1521 331 1546 mas
347 1510 508 1554 ignium:
531 1510 699 1546 concede
716 1510 923 1554 propitius3
947 1515 988 1544 ut

160 1571 234 1596 nos
261 1560 428 1596 famulos
455 1564 544 1596 tuos
572 1570 651 1595 non
677 1561 813 1595 exurat
835 1559 988 1594 flamma

160 1611 354 1647 vitiorum.

159 1668 361 1752 Actidnes
381 1673 547 1712 nostras,
571 1668 794 1712 quaesumus
814 1666 988 1709 Domine,

249 1718 459 1763 aspirando
483 1718 673 1762 praeveni,
706 1722 743 1753 et
767 1717 988 1762 adjuvando

161 1770 413 1814 prosequere;
436 1773 478 1804 ut
502 1773 639 1804 cuncta
659 1773 794 1804 nostra
811 1768 935 1803 oratio
953 1772 990 1802 et

162 1820 337 1863 operatio
363 1830 386 1855 a
409 1824 446 1855 te
471 1829 624 1863 semper
647 1818 826 1863 incipiat,
859 1822 897 1853 et
920 1828 990 1862 per

161 1873 199 1905 te
222 1874 351 1914 coepta
373 1870 538 1906 finiatur.

220 1937 243 1961 a
265 1926 395 1971 nobis,
424 1927 647 1971 quaesumus
671 1926 851 1968 Demine,
879 1924 990 1960 vitio-

246 1987 331 2011 rum
346 1978 566 2024 nostrerum
583 1977 719 2012 flafflas
737 1975 990 2018 exstinguere,

164 2026 231 2071 qui
256 2027 372 2062 beato
396 2026 604 2062 Laurentio
633 2026 803 2062 tribuisti
825 2029 990 2060 tormen-

162 2078 288 2112 tarum
305 2078 462 2112 suerum
483 2077 663 2112 incendia
686 2078 878 2121 superare.
916 2075 991 2110 Per

163 2127 360 2163 Christum
373 2127 580 2163 D6minum
596 2131 781 2162 nostrum.
799 2128 840 2170 R.
854 2126 989 2160 Amen.

213 2184 361 2216 Sacerdos,
380 2186 427 2218 qui
444 2189 505 2218 post
526 2186 720 2211 antecedentes
735 2186 892 2213 Canticum,
915 2184 987 2209 psal>

162 2233 251 2255 mum,
275 2224 339 2251 Ant.
361 2225 464 2251 versic.
485 2230 511 2251 et
535 2226 682 2252 strutiones
703 2227 798 2252 recitat
823 2235 897 2259 sequ.
919 2226 988 2251 (luas

161 2266 320 2295 Orationes,
342 2274 459 2299 quarum
480 2267 565 2292 altera
585 2268 610 2293 S.
627 2267 742 2293 Thomae
760 2268 862 2300 Aquin.
878 2272 931 2299 cst,
952 2267 987 2292 al-

162 2310 219 2332 tera
244 2306 270 2333 S.
296 2307 515 2339 Bonaventurae,
539 2308 663 2334 lucratur
686 2308 885 2341 indulgentiam
910 2317 923 2331 υ

161 2347 235 2373 anni.
256 2347 326 2375 (Leo
342 2348 419 2374 XIII.
436 2350 476 2375 20.
492 2349 556 2375 Dec⁴
575 2350 660 2379 1854.)

247 2451 391 2491 Oratio
414 2451 456 2491 S.
481 2450 646 2491 Thomae
668 2448 907 2500 Aquinatis.

165 2512 336 2588 Gratias
359 2516 432 2551 tibi
453 2525 542 2560 ago,
565 2515 730 2550 Domine
750 2516 896 2555 sancte,
920 2511 990 2546 Pa-

250 2570 309 2601 ter
332 2566 591 2610 omnipotens,
615 2565 755 2599 aeterne
778 2563 900 2604 Deus,
924 2562 991 2606 qui

164 2626 224 2650 me
247 2617 490 2660 peccatorem
513 2615 713 2658 indignum
733 2612 917 2647 famulum
934 2616 991 2646 tu-

164 2675 244 2708 um,
272 2665 391 2700 nullis
413 2665 510 2700 meis
534 2663 695 2705 meritis,
728 2662 798 2697 sed
826 2661 911 2696 sola
936 2661 991 2695 di-

165 2716 346 2760 gnati6ne
366 2715 645 2751 misericordiae
660 2718 752 2757 tuae,
776 2713 918 2748 satiare
936 2712 991 2746 di-

164 2768 303 2810 gnatus
327 2776 369 2801 es
391 2767 565 2811 pretioso
589 2766 750 2808 corpore
779 2767 816 2798 et
839 2762 991 2806 sangui-

320 2900 385 2924 Pars
402 2900 494 2924 Verna.

1035 385 1072 417 et
1086 393 1225 426 precor
1239 388 1281 419 ut
1299 384 1384 419 haec
1401 388 1534 419 sancta
1550 386 1769 421 communio
1781 396 1861 421 non

1035 431 1086 466 sit
1106 432 1203 467 mihi
1225 435 1354 468 reatus
1380 434 1430 468 ad
1448 444 1620 478 poenam,
1654 435 1724 470 sed
1747 435 1860 470 inter-

1035 482 1161 517 cessio
1194 483 1375 518 salutaris
1408 483 1459 518 ad
1483 484 1651 519 veniam:
1687 484 1738 520 sit
1764 484 1862 519 mihi

1036 534 1229 567 armatura
1245 533 1353 577 fidei,
1378 537 1415 568 et
1431 537 1580 568 scutum
1595 534 1710 569 bonae
1726 535 1862 570 volun-

1035 582 1141 616 tatis:
1173 582 1223 617 sit
1246 583 1429 618 vitiorum
1452 585 1623 618 meorum
1647 585 1860 629 evacuatio,

1037 633 1362 676 concupiscentiae
1386 638 1423 668 et
1445 633 1619 669 libidinis
1637 635 1862 670 extermina-

1035 682 1106 726 tio,
1135 683 1307 717 caritatis
1331 687 1368 718 et
1389 683 1602 727 patientiae,
1634 684 1862 719 humilitatis

1037 737 1074 767 et
1108 733 1356 778 obedientiae,
1396 734 1642 779 omniumque
1678 735 1863 771 virtutum

1038 784 1314 827 augmentatio,
1345 787 1478 819 contra
1502 784 1664 820 insidias
1690 785 1862 821 inimice-

1037 845 1122 869 rum
1143 835 1314 869 6mnium
1336 839 1415 870 tam
1433 835 1646 870 visibilium
1671 846 1786 880 quam
1808 837 1863 871 in-

1036 885 1250 920 visibilium
1266 885 1374 920 firma
1392 885 1581 929 defensio,
1602 887 1772 921 matuum
1788 897 1864 921 me-

1038 936 1147 970 arum
1181 938 1260 970 tam
1294 935 1505 970 carnalium
1539 945 1655 979 quam
1687 936 1864 980 spiritua-

1037 985 1132 1019 lium
1155 985 1326 1029 perfecta
1350 985 1556 1029 quietatio,
1591 985 1630 1020 in
1658 990 1694 1020 te
1718 997 1794 1021 uno
1819 997 1864 1022 ac

1038 1045 1131 1070 vero
1161 1035 1245 1070 Deo
1274 1035 1382 1070 firma
1410 1035 1602 1078 adhaesio,
1632 1040 1746 1080 atque
1776 1037 1864 1071 finis

1038 1085 1114 1119 mei
1138 1085 1232 1120 felix
1256 1085 1545 1120 consummatio.
1591 1085 1639 1120 Et
1667 1096 1805 1129 precor
1827 1091 1863 1122 te

1038 1139 1080 1171 ut
1113 1135 1163 1170 ad
1195 1135 1292 1170 illud
1324 1136 1517 1171 ineffabile
1553 1137 1773 1172 convivium
1804 1148 1864 1172 me

1039 1187 1282 1231 peccaterem
1299 1186 1510 1230 perducere
1528 1187 1714 1231 digneris,
1737 1188 1804 1222 ubi
1824 1192 1866 1222 tu

1041 1247 1127 1272 cum
1142 1237 1241 1271 Filio
1265 1241 1331 1271 tuo
1356 1240 1393 1271 et
1409 1236 1553 1280 Spiritu
1570 1241 1704 1272 sancto
1722 1238 1866 1272 sanctis

1040 1287 1117 1323 tuis
1139 1297 1179 1321 es
1200 1286 1268 1321 lux
1285 1297 1388 1329 vera,
1410 1287 1566 1321 satietas
1587 1287 1712 1330 plena,
1734 1287 1866 1330 galidi-

1040 1348 1105 1372 um
1129 1336 1420 1380 sempiternum,
1449 1336 1667 1379 jucunditas
1692 1347 1866 1371 consum-

1040 1390 1152 1431 mata,
1170 1391 1207 1422 et
1222 1387 1385 1422 felicitas
1402 1387 1581 1431 perfecta.
1605 1387 1679 1422 Per
1692 1388 1866 1422 eumdem

1042 1438 1238 1473 Christum
1258 1437 1465 1472 Deminum
1487 1441 1670 1472 nostrum.
1709 1437 1843 1472 Amen.

1175 1537 1318 1577 Oratio
1346 1537 1388 1576 S.
1415 1537 1734 1577 Bonaventurae.

1043 1607 1285 1684 Transfige‚
1320 1607 1540 1641 dulcissime
1568 1606 1731 1641 Domine
1761 1606 1866 1650 Jesu,

1117 1658 1325 1701 medullas,
1359 1661 1396 1692 et
1424 1658 1574 1693 viscera
1605 1657 1743 1692 animae
1770 1667 1867 1691 meae

1043 1709 1276 1744 suavissimo
1301 1719 1345 1743 ac
1370 1708 1622 1742 saluberrimo
1647 1707 1789 1742 amaris
1810 1707 1866 1742 tui

1042 1760 1212 1802 vulnere,
1235 1769 1339 1802 vera,
1364 1759 1575 1802 serenaque
1597 1762 1633 1792 et
1650 1757 1867 1801 apostolica

1043 1810 1287 1845 sanctissima
1320 1809 1493 1852 caritate,
1526 1812 1567 1843 ut
1598 1808 1795 1851 langueat,
1831 1812 1868 1842 et

1042 1860 1218 1904 liquefiat
1241 1859 1369 1894 anima
1391 1869 1477 1893 mea
1497 1859 1582 1893 solo
1599 1868 1752 1902 semper
1766 1858 1867 1892 amo-

1042 1921 1083 1945 re
1108 1914 1145 1945 et
1167 1908 1361 1944 desiderio
1385 1908 1456 1951 tui,
1485 1912 1522 1943 te
1545 1907 1806 1951 concupiscat,
1831 1910 1868 1941 et

1044 1961 1199 1995 deficiat
1228 1959 1268 1994 in
1299 1958 1396 1993 atria
1422 1962 1506 1999 tua,
1538 1958 1669 2001 cupiat
1692 1957 1866 2000 dissolvi,

1044 2016 1081 2046 et
1110 2021 1195 2046 esse
1219 2014 1354 2045 tecum.
1402 2008 1463 2043 Da
1491 2012 1534 2043 ut
1562 2008 1688 2043 anima
1715 2017 1801 2042 mea
1829 2011 1865 2041 te

1044 2062 1202 2105 esuriat,
1237 2071 1378 2105 panem
1406 2059 1657 2103 Angelorum,
1693 2057 1866 2093 refectia-

1043 2122 1131 2147 nem
1154 2111 1367 2146 animarum
1391 2111 1618 2152 sanctarum,
1641 2117 1781 2152 panem
1800 2117 1866 2142 no—

1043 2166 1165 2196 strum
1195 2160 1482 2205 quotidianum,
1518 2156 1866 2203 supersubstantia-

1042 2212 1128 2255 lem,
1151 2211 1356 2246 habentem
1379 2219 1530 2245 omnem
1554 2207 1805 2251 dulcedinem,
1830 2211 1867 2242 et

1043 2262 1236 2306 saperem,
1261 2265 1298 2296 et
1319 2270 1430 2296 omne
1448 2259 1765 2294 delectamentum
1781 2267 1867 2292 sua-

928 2308 988 2333 ¹‘¹'“⁸
1042 2310 1191 2347 vitatis:
1215 2315 1268 2355 te,
1293 2311 1334 2345 in
1355 2320 1468 2355 quem
1489 2309 1708 2344 desiderant
1726 2307 1866 2351 Angeli

1042 2362 1280 2406 prospicere,
1319 2370 1470 2404 semper
1505 2358 1662 2401 esuriat,
1699 2361 1736 2392 et
1767 2358 1866 2393 corn-

1043 2412 1133 2447 edat
1161 2421 1228 2446 cor
1254 2420 1396 2453 meum,
1427 2413 1464 2444 et
1487 2407 1689 2443 dulcedine
1713 2407 1865 2451 saporis

1042 2463 1098 2497 tui
1118 2462 1338 2506 repleantur
1358 2460 1508 2495 viscera
1532 2458 1670 2493 animae
1693 2467 1805 2492 meae:
1829 2461 1866 2492 te

1044 2522 1196 2556 semper
1219 2510 1324 2545 sitiat
1346 2509 1491 2544 fontem
1514 2508 1618 2551 vitae,
1641 2507 1786 2542 fontem
1808 2517 1866 2541 sa-

1042 2562 1199 2606 pientiae
1223 2564 1260 2595 et
1283 2559 1466 2600 scientiae,
1490 2559 1634 2593 fontem
1657 2557 1789 2592 aeterni
1811 2558 1866 2591 hi-

1042 2612 1169 2654 minis,
1192 2610 1399 2645 torrentem
1415 2608 1638 2652 voluptatis,
1654 2608 1866 2642 ubertatem

1045 2662 1181 2696 domus
1197 2660 1284 2694 Dei:
1305 2664 1342 2694 te
1359 2669 1511 2703 semper
1530 2658 1688 2702 ambiat,
1710 2662 1747 2692 te
1764 2667 1866 2701 quae-

1043 2715 1112 2754 rat,
1128 2715 1165 2745 te
1183 2709 1364 2751 inveniat,
1382 2709 1431 2743 ad
1446 2713 1483 2743 te
1498 2707 1641 2751 tendat,
1663 2708 1712 2742 ad
1728 2712 1764 2742 te
1781 2716 1865 2750 per—

1043 2761 1187 2803 veniat,
1217 2764 1253 2795 te
1285 2759 1502 2803 meditetur,
1532 2762 1569 2793 te
1600 2759 1793 2802 loquatur,
1829 2761 1866 2791 et

1584 2880 1659 2912 Aa*
