2028 2892
145 279 189 315 et
218 275 292 326 qui
323 279 532 317 venturus
566 281 651 326 est,
686 280 974 330 omnipotens.

143 329 240 381 Ego
259 331 285 371 J
286 333 450 372 oannes
473 331 607 373 frater
631 338 792 383 vester,
818 339 861 375 et
879 338 974 386 par-

143 386 284 439 ticeps
304 387 349 427 in
369 387 669 438 tribulatione,
694 395 737 431 et
755 403 905 441 regno,
931 396 974 432 et

143 443 353 494 patientia
371 444 416 484 in
437 444 612 486 Christo
631 446 657 486 J
660 458 752 486 esu:
772 446 833 487 fui
851 447 894 487 in
913 450 973 488 in-

144 498 253 548 sula,
281 511 379 551 quae
404 500 652 553 appellatur
670 502 850 544 Patmos
874 517 972 555 pro-

142 558 243 606 pter
267 555 452 597 verbum
475 557 573 607 Dei,
603 562 647 599 et
673 559 973 601 testimonium

141 611 168 651 J
170 623 262 652 esu:
281 611 341 652 fuj
354 612 399 652 in
416 611 574 665 spiritu
586 614 631 654 in
644 615 875 656 Dominica
891 616 972 666 die,

144 671 187 708 et
211 667 358 709 audivi
375 674 479 721 post
502 683 572 711 me
596 683 752 712 vocem
769 685 972 723 magnam

142 727 368 775 tamquam
386 725 516 775 tubae,
541 725 741 768 dicentis:
765 728 894 778 Quod
914 729 971 769 vi-

141 778 230 829 des,
246 781 388 822 scribe
402 782 447 822 in
460 781 588 823 libro:
605 788 649 824 et
661 784 786 825 mitte
802 789 972 837 septem

139 835 364 886 Ecclesiis,
385 851 484 889 quae
505 843 606 880 sunt
625 839 670 880 in
688 840 810 889 Asia,
828 841 970 893 Ephe-

140 904 209 942 so,
248 897 292 933 et
325 893 542 946 Smyrnae,
581 900 624 936 et
655 896 891 947 Pergamo,
929 903 971 939 et

139 947 383 1000 Thyatirae,
413 955 456 991 et
483 950 652 1001 Sardis,
686 958 729 994 et
756 952 970 995 Philadel-

138 1003 266 1056 phiae‚
287 1010 331 1047 et
349 1006 584 1048 Laodiciae.

190 1062 240 1113 R.
280 1062 375 1113 Ego
419 1063 533 1105 sicut
574 1064 674 1105 vitis
711 1065 970 1107 fructificavi

138 1117 402 1159 suavitatem
455 1119 605 1161 odoris
625 1151 633 1169 ,
693 1121 887 1173 allehija:
944 1124 966 1145 *

137 1172 341 1216 Transite
365 1174 422 1216 ad
444 1189 515 1217 me
539 1189 691 1218 omnes
717 1178 791 1229 qui
814 1191 970 1220 concu-

136 1229 304 1281 piscitis
339 1244 429 1282 me,
471 1237 515 1274 et
551 1246 577 1273 a
612 1234 969 1284 generationibus

136 1285 245 1327 meis
271 1286 584 1340 adimplemini,
611 1289 797 1341 alleluja,
822 1290 969 1332 allelu-

135 1341 186 1392 ja.
223 1336 272 1388 V.
304 1343 356 1383 In
379 1357 450 1385 me
479 1345 619 1386 omnis
646 1347 789 1397 gratia
815 1348 899 1388 viae
927 1352 970 1389 et

135 1397 348 1440 veritatis:
366 1399 410 1440 in
428 1414 499 1442 me
519 1402 659 1443 omnis
680 1416 782 1454 spes
802 1404 904 1444 vitae
925 1408 969 1444 et

135 1453 321 1495 virtutis.
345 1456 563 1498 Transite.

438 1512 589 1553 Lectio
610 1513 664 1553 iii.

214 1571 233 1608 t
250 1570 488 1610 conversus
507 1583 604 1610 sum
618 1574 666 1611 ut
682 1569 879 1612 viderem
894 1584 967 1612 vo-

231 1637 342 1674 cem,
368 1637 467 1677 quae
491 1625 756 1678 loquebatur
779 1639 967 1668 mecum:

136 1684 180 1721 et
203 1682 442 1721 conversus
462 1681 552 1723 vidi
572 1687 744 1734 septem
765 1682 965 1724 candela-

134 1735 215 1777 bra
233 1739 380 1778 aurea:
400 1741 444 1779 et
458 1737 503 1778 in
517 1738 663 1779 medio
683 1743 854 1791 septem
869 1752 965 1780 ean-

134 1790 416 1834 delabro'rum
429 1796 664 1835 aureorum
678 1795 863 1836 similem
872 1795 964 1836 filio

132 1846 337 1899 hominis,
361 1852 570 1891 vestitum
586 1850 770 1903 podere,
794 1856 838 1892 et
855 1865 964 1904 prae-

133 1905 324 1945 cinctum
352 1905 409 1947 ad
433 1906 650 1947 mamillas
678 1919 791 1948 zona
816 1911 964 1949 astrea:

133 1965 266 2012 caput
293 1965 440 2003 autem
468 1963 560 2014 ejus
589 1967 633 2003 et
665 1963 811 2015 capilli
839 1968 962 2004 erant

133 2015 309 2058 candidi
323 2021 548 2070 tamquam
562 2018 663 2059 lana
678 2019 787 2068 alba,
806 2025 849 2061 et
863 2025 963 2061 tam-

133 2084 265 2123 quam
288 2073 379 2123 nix,
408 2079 453 2115 et
477 2074 593 2115 eculi
621 2075 712 2126 eius
738 2080 962 2127 tamquam

132 2127 308 2169 flamma
325 2129 448 2180 ignis,
471 2135 515 2171 et
532 2130 670 2183 pedes
689 2132 779 2182 ejus
799 2131 961 2172 similes

132 2184 393 2235 aurichalco,
409 2186 520 2228 sicut
535 2188 579 2227 in
594 2189 764 2228 camino
779 2187 960 2236 ardenti,

132 2244 176 2280 et
203 2253 291 2281 vox
318 2241 432 2282 illius
461 2247 687 2294 tamquam
715 2256 802 2284 vox
830 2245 959 2295 aqua-

130 2308 228 2336 rum
245 2297 498 2338 multarum:
524 2305 568 2340 et
586 2298 777 2340 habebat
795 2299 838 2339 in
860 2299 959 2340 dex-

131 2356 227 2393 tera
250 2365 328 2394 sua
351 2354 501 2395 stellas
526 2360 712 2406 septem:
740 2359 784 2395 et
804 2354 858 2395 de
883 2367 960 2395 ore

132 2408 222 2458 ejus
247 2409 419 2459 gladius
443 2413 630 2462 utraque
654 2415 780 2463 parte
807 2414 959 2451 acutus

132 2464 295 2505 exibat:
314 2470 358 2506 et
372 2466 506 2507 facies
524 2468 614 2518 ejus
633 2467 745 2507 sicut
762 2467 829 2507 sol
844 2467 960 2507 lucet

130 2519 174 2559 in
206 2521 369 2562 virt1'1te
399 2534 488 2562 sua.
542 2523 598 2563 Et
627 2535 725 2563 cum
753 2521 960 2563 vidissem

132 2587 242 2625 eum,
258 2577 396 2618 cecidi
410 2577 466 2618 ad
480 2577 617 2629 pedes
633 2579 723 2628 ejus
736 2582 959 2628 tamquam
994 2621 997 2626 ,

130 2633 340 2673 mortuus.
362 2633 420 2674 Et
433 2634 582 2685 posuit
597 2633 822 2675 dexteram
836 2645 960 2673 suam

132 2699 265 2738 super
282 2701 363 2737 me,
384 2688 548 2730 dicens:
566 2689 671 2729 Noli
691 2689 855 2730 timere:
876 2701 958 2738 ego

710 185 906 219 Dominica
937 187 997 219 ΙΙΙ.
1023 192 1111 229 post
1138 188 1295 221 Pascha.

1028 293 1126 322 sum
1149 282 1331 334 primus,
1359 290 1403 325 et
1425 287 1700 337 novissimus,
1728 295 1771 330 et
1795 291 1853 331 vi-

1027 350 1125 386 vus,
1156 342 1199 379 et
1224 338 1284 379 fui
1311 342 1524 392 mortuus,
1555 348 1597 383 et
1626 357 1728 386 ecce
1758 359 1853 386 sum

1027 393 1178 434 vivens
1193 395 1237 435 in
1252 396 1414 437 saecula
1430 398 1700 448 saeculorum,
1722 406 1765 442 et
1779 401 1852 442 ha-

1026 448 1111 490 beo
1132 450 1278 491 claves
1298 453 1461 501 mortis,
1485 458 1529 494 et
1547 454 1710 496 inferni.
1742 457 1853 498 Scri-

1028 504 1083 546 be
1108 519 1213 557 ergo
1239 520 1337 559 quae
1361 508 1522 558 vidisti,
1551 515 1594 551 et
1619 523 1716 562 quae
1741 519 1851 562 sunt,

1028 565 1072 602 et
1092 574 1190 613 quae
1211 565 1388 615 oportet
1406 564 1500 605 fieri
1519 571 1621 617 post
1640 567 1744 608 haee.

1079 626 1127 675 Ην.
1156 627 1319 668 Audivi
1340 641 1495 670 vocem
1515 629 1569 670 de
1593 631 1721 681 coelo,
1745 638 1850 674 tam-

1027 695 1158 734 quam
1183 696 1338 725 vocem
1362 686 1544 726 tonitrui
1566 689 1726 742 magni,
1752 690 1849 731 alle-

1025 738 1126 790 luja:
1144 739 1344 790 regnabit
1358 741 1479 782 Deus
1499 747 1649 783 noster
1667 744 1710 784 in
1730 748 1850 786 aeter-

1023 808 1138 844 num,
1154 795 1338 847 alleluja:
1352 796 1372 817 *
1388 797 1498 847 Quia
1512 798 1628 839 facta
1643 805 1709 840 est
1724 801 1850 851 salus,

1025 856 1068 892 et
1092 852 1246 901 virtus,
1276 857 1319 893 et
1342 855 1541 905 potestas
1567 854 1728 897 Christi
1751 859 1850 908 ejus,

1024 907 1205 958 alleluja,
1222 908 1403 960 allehija.
1424 903 1471 953 Y.
1492 910 1548 950 Et
1562 923 1650 951 vox
1665 911 1719 953 de
1734 913 1849 954 thro-

1023 976 1079 1004 no
1108 964 1261 1013 exivit,
1295 964 1462 1005 dicens:
1495 966 1691 1007 Laudem
1719 968 1849 1011 dicite

1023 1020 1120 1060 Deo
1148 1025 1301 1061 nostro
1328 1034 1480 1062 omnes
1507 1024 1646 1064 sancti
1672 1025 1777 1075 ejus,
1807 1030 1850 1066 et

1024 1076 1098 1127 qui
1119 1076 1282 1117 timetis
1301 1077 1444 1118 Deum
1463 1078 1609 1129 pusilli
1632 1085 1675 1121 et
1693 1082 1849 1132 magni.

1024 1132 1145 1181 Quia.
1175 1132 1327 1173 Gloria
1346 1134 1476 1174 Patri.
1505 1134 1626 1182 Quia.

1250 1206 1298 1243 In
1326 1206 1375 1243 II.
1404 1206 1624 1245 Nocturno.

1023 1271 1176 1312 Sermo
1205 1271 1345 1312 sancti
1371 1272 1605 1323 Augustini
1629 1274 1849 1326 Episcopi.

1175 1338 1306 1369 Sermo
1336 1337 1403 1369 147.
1431 1337 1476 1370 dc
1502 1337 1700 1379 Tempore.

1326 1397 1476 1437 Lectio
1497 1398 1548 1437 iv.

1298 1455 1364 1496 his
1387 1457 1547 1498 sanctis
1569 1459 1846 1499 resurrectio-

1033 1514 1037 1553 ἶ,
1057 1504 1122 1539 '³
1170 1511 1213 1551 ni
1240 1512 1418 1552 Domini
1449 1512 1681 1562 dedicatis,
1716 1527 1846 1565 quan—

1033 1560 1034 1572 *
1098 1587 1144 1591 ᾖ
1169 1572 1262 1608 tum
1282 1567 1473 1609 donante
1488 1569 1586 1620 ipso
1602 1571 1846 1621 pessumus,

1020 1621 1075 1663 de
1095 1623 1236 1663 carnis
1257 1625 1577 1665 resurreetione
1599 1626 1845 1666 tractemus.

1019 1678 1129 1719 Haec
1150 1679 1264 1720 enim
1280 1684 1346 1720 est
1360 1679 1470 1721 fides
1486 1685 1651 1721 nostra:
1670 1681 1754 1722 hoc
1771 1681 1845 1722 do-

1019 1747 1123 1775 num
1146 1735 1189 1775 in
1208 1735 1386 1776 Domini
1406 1737 1544 1777 nostri
1562 1737 1586 1776 J
1589 1749 1666 1777 esu
1687 1737 1845 1779 Christi

1017 1791 1146 1831 nobis
1175 1804 1306 1832 carne
1331 1794 1596 1844 promissum
1623 1798 1704 1841 est,
1734 1798 1778 1834 et
1801 1794 1843 1833 in

1017 1847 1115 1898 ipso
1142 1848 1370 1899 praecessit
1398 1848 1656 1899 exemplum.
1692 1849 1843 1890 Veluit

1018 1903 1133 1943 enim
1154 1903 1297 1952 nobis,
1324 1904 1444 1955 quod
1462 1905 1664 1956 promisit
1683 1906 1726 1944 in
1745 1905 1841 1953 fine,

1015 1971 1104 2000 non
1124 1959 1266 2000 solum
1284 1960 1590 2011 praenuntiare,
1614 1960 1693 2001 sed
1713 1961 1841 2001 etiam

1018 2014 1330 2057 demonstrare.
1359 2015 1428 2056 Illi
1448 2016 1626 2067 quidem
1645 2016 1719 2067 qui
1737 2021 1839 2056 tunc

1014 2070 1198 2120 fuerunt,
1215 2084 1314 2112 cum
1326 2071 1448 2112 illum
1460 2071 1668 2119 viderent,
1684 2076 1727 2112 et
1742 2084 1838 2111 cum

1016 2129 1376 2178 expavescerent,
1406 2131 1449 2168 et
1478 2127 1677 2179 spiritum
1704 2139 1750 2167 se
1778 2127 1838 2166 vi-

1015 2181 1118 2223 dere
1138 2183 1379 2232 crederent,
1401 2183 1665 2224 soliditatem
1684 2184 1837 2234 corpo-

1013 2238 1073 2278 ris
1105 2241 1348 2280 tenuerunt.
1400 2239 1593 2279 Locutus
1626 2242 1692 2278 est
1723 2237 1836 2278 enim

1013 2306 1102 2335 non
1126 2294 1268 2336 solum
1290 2295 1434 2335 verbis
1454 2293 1510 2334 ad
1528 2305 1654 2333 aures
1674 2295 1836 2342 eorum,

1014 2349 1092 2390 sed
1112 2350 1242 2391 etiam
1263 2350 1408 2402 specie
1428 2348 1483 2389 ad
1500 2347 1650 2388 Oculos
1671 2350 1836 2389 eorum:

1012 2409 1256 2456 parumque
1272 2410 1364 2446 erat
1383 2417 1430 2444 se
1449 2403 1647 2455 praebere
1663 2406 1835 2445 cernen-

1014 2460 1127 2510 dum,
1145 2461 1227 2501 nisi
1242 2461 1372 2501 etiam
1387 2459 1562 2500 offerret
1576 2462 1837 2510 pertractan-

1013 2515 1127 2565 dum,
1147 2521 1278 2567 atque
1296 2513 1574 2567 palpandum.
1755 2518 1757 2520 '

1070 2581 1118 2618 Ra
1145 2580 1339 2620 Locutus
1367 2583 1433 2618 est
1462 2577 1519 2618 ad
1544 2591 1614 2619 me
1642 2592 1752 2619 unus
1781 2592 1834 2620 ex

1012 2639 1180 2686 septem
1202 2633 1395 2684 Angelis,
1422 2633 1587 2674 dicens:
1613 2634 1741 2683 Veni,
1768 2647 1832 2675 os-

1010 2689 1188 2730 tendam
1205 2689 1286 2730 tibi
1308 2701 1467 2729 novam
1486 2694 1680 2740 nuptam,
1704 2703 1831 2741 spon-
