2066 2956
677 236 894 270 Gratiarum
920 237 1020 270 aetio
1044 242 1133 279 post
1157 236 1324 270 Missum.

145 331 289 372 Oratio
302 330 353 372 ad
361 329 584 371 Dominum
593 329 621 370 J
623 342 740 370 esum
749 329 973 369 Christum.

250 401 317 427 Post
337 398 448 425 Missam
470 397 544 423 rccit.
566 397 669 429 ludulg.
689 398 705 421 3
724 404 867 422 annorum.

370 442 438 467 Pius
458 440 504 466 IX.
528 441 565 466 ll.
587 440 652 465 Dec.
674 440 748 465 1³16.

199 492 338 527 bsecro
365 493 418 533 te,
447 489 669 524 dulcissime
692 488 855 523 Domine
879 488 975 523 Jesu

225 541 389 584 Christe,
411 543 454 575 ut
474 539 608 584 passio
633 542 699 574 tua
723 539 774 574 sit
788 539 885 573 mihi
899 539 974 574 vir-

145 597 208 629 tus
225 602 302 637 qua
319 590 480 633 muniar,
501 591 694 634 pr6tegar,
716 593 830 634 atque
848 588 975 623 defen-

146 643 234 678 dar:
261 641 424 678 vulnera
447 643 514 675 tua
538 639 615 674 sint
637 639 734 674 mihi
758 639 883 683 cibus,
906 649 975 682 po-

144 695 295 737 tusque,
321 691 462 736 quibus
485 700 637 734 pascar,
661 690 838 732 inebrier,
861 693 975 733 atque

147 744 332 779 delecter:
377 740 552 785 aspersio
591 740 792 784 sanguinis
831 740 887 774 tui
926 739 976 774 sit

146 794 243 830 mihi
266 791 414 828 ablutio
439 791 610 835 omnium
631 790 860 825 delictorum
875 791 976 824 meo-

145 855 248 880 rum:
276 852 381 878 mors
405 846 471 877 tua
497 841 548 876 sit
569 840 666 875 mihi
689 840 814 884 gloria
837 840 976 884 sempi-

146 896 264 931 terna.
309 892 354 927 In
376 891 439 926 his
464 890 514 926 sit
536 890 632 924 mihi
655 890 828 933 refectio,
850 890 976 925 exsul-

147 944 258 987 tetio,
286 942 433 978 sanitas
464 944 500 976 et
530 939 694 975 dulcedo
724 939 853 974 cordis
883 939 974 974 mei:

149 995 225 1037 Qui
246 993 350 1030 vivis
380 996 417 1027 et
444 1001 585 1036 regnas
614 991 654 1025 in
684 990 828 1026 saecula
857 1001 976 1025 saecu-

147 1046 281 1080 lorum.
325 1043 461 1078 Amen.

415 1142 711 1194 Aspirationes

220 1210 254 1244 S.
279 1208 419 1252 Ignatii
447 1207 495 1241 ud
521 1205 909 1247 Ss.Redempt01-en1.

150 1271 216 1297 Post
231 1270 343 1295 Missam
362 1268 466 1298 [ndulg.
484 1269 497 1293 Τ
513 1275 649 1293 annorum
671 1267 753 1291 seme]
775 1267 799 1291 iu
821 1267 877 1294 dic:
899 1266 978 1291 aliter

149 1312 199 1337 300
218 1311 325 1336 dierum
347 1311 428 1335 toties
448 1309 564 1341 quotics.
598 1308 702 1338 Iudith-z.
724 1308 826 1339 plemen&
847 1307 930 1332 semul
951 1307 975 1332 in

181 1360 282 1383 mense,
296 1352 319 1377 si
335 1352 394 1377 haec
409 1351 504 1377 Oratio
519 1350 642 1382 quotidie
659 1349 796 1374 recitatur.
819 1349 884 1373 Pius
902 1349 947 1373 lx.

464 1393 487 1419 U.
508 1391 570 1418 dan.
594 1391 666 1415 1:551-1.

201 1443 307 1478 nima
327 1441 474 1477 Christi
495 1440 692 1476 sanctifica
714 1449 785 1473 me.
825 1437 977 1482 Corpus

233 1491 379 1528 Christi
403 1491 514 1526 salva
536 1501 607 1525 me.
645 1489 812 1533 Sanguis
832 1488 978 1524 Christi

150 1542 300 1578 inebria
321 1552 393 1577 me.
428 1542 543 1586 Aqua
563 1540 695 1576 lateris
719 1539 865 1575 Christi
887 1539 979 1574 lava

149 1603 221 1628 me.
243 1592 383 1628 PaSsio
401 1591 547 1636 Christi
569 1590 743 1626 conforta
763 1600 833 1624 me.
859 1589 889 1624 Ο
911 1589 978 1624 bo-

149 1653 198 1679 ne
214 1642 239 1678 J
241 1653 325 1686 esu,
347 1641 491 1678 exaudi
510 1651 581 1676 me.
612 1640 718 1675 Intra
733 1643 799 1674 tua
817 1639 979 1675 vulnera

151 1692 346 1728 absconde
367 1702 438 1727 me.
470 1690 529 1726 Ne
556 1690 756 1734 permittas
780 1699 841 1724 me
869 1698 979 1733 sepa-

149 1742 228 1778 rari
254 1753 278 1777 a
306 1746 354 1778 te.
388 1742 451 1777 Ab
479 1741 593 1776 hoste
619 1741 788 1784 maligno
816 1739 978 1774 defende

150 1803 222 1829 me.
261 1792 307 1828 In
325 1792 423 1828 hora
441 1791 576 1827 mortis
595 1801 693 1826 meae
712 1800 812 1825 voca
830 1800 901 1824 me.
932 1789 980 1824 Et

150 1843 240 1888 jube
262 1853 324 1878 me
346 1843 478 1879 venire
503 1841 554 1876 ad
577 1845 629 1885 te,
657 1844 699 1876 ut
725 1851 811 1875 cum
835 1839 979 1875 sanctis

150 1894 229 1930 tuis
255 1893 412 1929 laudem
437 1896 475 1928 te
503 1891 543 1926 in
572 1891 716 1926 saecula
740 1890 979 1925 saeculorum.

151 1944 287 1980 Amen.

434 2038 597 2079 oblatio
625 2037 704 2078 sui.

414 2098 520 2131 Indulg.
539 2098 590 2123 300
609 2097 725 2123 dierum.

332 2140 390 2166 Leo
410 2140 466 2166 PP.
486 2139 564 2165 xm.
583 2138 624 2165 26.
646 2138 709 2170 Maji
731 2138 802 2163 1553.

203 2194 339 2238 uscipe
359 2193 523 2228 Domine
546 2191 768 2227 universam
790 2199 915 2224 meam
936 2188 980 2222 li-

223 2244 420 2280 bertatem.
459 2241 606 2286 Accipe
622 2239 855 2282 memoriam,
872 2238 980 2273 intel—

153 2294 303 2337 lectum,
315 2296 429 2337 atque
441 2291 681 2328 voluntatem
692 2299 852 2325 omnem.
868 2287 980 2329 Quid-

155 2344 250 2389 quid
271 2344 414 2387 habeo,
436 2343 501 2378 vel
524 2341 726 2386 possideo,
750 2339 845 2374 mihi
868 2338 980 2382 largi-

152 2398 215 2430 tus
240 2404 298 2429 es:
323 2393 366 2428 id
387 2393 460 2428 tibi
482 2396 606 2427 totum
629 2390 805 2433 restituo,
834 2398 878 2423 ac
903 2392 981 2423 tuae

1748 226 1848 274 [407]

1026 338 1187 373 prorsus
1204 327 1395 363 voluntati
1417 327 1530 362 trado
1552 326 1853 371 gubernandum.
1899 359 1901 362 .

1026 380 1209 414 Am6rem
1229 379 1285 414 tui
1306 379 1432 413 solum
1451 389 1536 413 cum
1552 378 1676 422 gratia
1698 381 1764 412 tua
1786 377 1854 411 mi-

1026 429 1069 464 hi
1085 429 1217 470 dones,
1240 433 1277 463 et
1298 428 1408 463 dives
1431 438 1515 463 sum
1536 428 1641 469 satis,
1660 437 1731 462 nec
1748 426 1854 462 aliud

1028 482 1241 526 quidquam
1264 481 1365 515 ultra
1389 490 1522 524 posco.

1157 602 1301 643 Oratio
1328 602 1379 642 ad
1405 602 1452 642 B.
1479 601 1652 642 Mariam
1676 601 1724 641 V.

1290 669 1393 696 Indum.
1414 670 1459 693 Μ)
1476 669 1590 693 dicrum

1222 710 1275 734 [Λευ
1294 710 1346 734 Μ’.
1364 709 1440 734 xm.
1458 713 1496 734 w.
1515 710 1577 734 [m.
1598 710 1668 734 μὴ.

1034 762 1079 837 O
1103 756 1238 799 Maria,
1261 755 1382 799 Virgo
1405 759 1442 790 et
1456 755 1578 790 Mater
1599 755 1854 798 sanctissima,

1127 816 1215 840 ecce
1232 806 1387 849 suscepi
1407 804 1700 840 dilectissimum
1715 804 1855 839 Filium

1028 859 1145 897 tuum,
1165 866 1278 900 quem
1293 856 1539 890 immaculato
1558 857 1667 890 fitero
1683 859 1750 890 tuo
1767 865 1854 890 con-

1029 906 1176 950 cepisti,
1199 906 1376 950 genuisti,
1394 905 1558 947 lactasti,
1576 909 1690 949 atque
1708 906 1854 940 suavis-

1030 955 1138 990 simis
1149 955 1392 999 amplexibus
1402 954 1601 990 strinxisti.
1622 954 1732 997 Ecce,
1746 955 1854 998 cujus

1030 1007 1189 1050 aspectu
1208 1005 1421 1049 laetabaris,
1446 1009 1483 1040 et
1503 1005 1681 1040 omnibus
1705 1004 1854 1039 deliciis

1028 1055 1260 1100 replebaris,
1285 1055 1393 1090 illum
1418 1055 1546 1099 ipsum
1568 1055 1640 1090 tibi
1661 1055 1856 1090 humiliter

1029 1111 1067 1142 et
1096 1108 1268 1141 amanter
1293 1107 1544 1150 repraesento,
1573 1109 1610 1141 et
1636 1105 1756 1140 offero
1778 1106 1854 1140 tuis

1028 1156 1199 1191 brachiis
1241 1156 1596 1199 constringendum,
1634 1159 1701 1190 tuo
1739 1156 1854 1190 corde

1030 1206 1236 1241 amandum
1260 1207 1591 1250 sanctissimaeque
1612 1206 1792 1241 Trinitati
1816 1206 1856 1241 in

1030 1258 1250 1301 supremum
1269 1257 1392 1292 latriae
1408 1257 1552 1291 cultum
1567 1266 1638 1301 pro
1658 1256 1715 1291 tui
1731 1256 1855 1300 ipsius

1029 1307 1177 1342 honore
1201 1311 1238 1342 et
1261 1307 1402 1351 gloria,
1426 1310 1463 1342 et
1485 1316 1557 1351 pro
1581 1306 1692 1350 meis,
1721 1306 1855 1342 totius-

1031 1369 1105 1402 que
1128 1358 1261 1393 mundi
1283 1357 1580 1393 necessitatibus
1610 1356 1855 1391 offerendum.
1906 1355 1907 1358 ’

1030 1408 1141 1452 Rogo
1159 1418 1250 1452 ergo
1267 1412 1319 1451 te,
1343 1407 1518 1452 piissima
1534 1406 1671 1450 Mater,
1694 1407 1856 1450 impetra

1030 1458 1126 1493 mihi
1140 1458 1294 1493 veniam
1310 1458 1479 1493 omnium
1495 1458 1740 1501 peccatorum
1755 1457 1855 1491 meo-

1030 1519 1128 1552 rum,
1152 1509 1384 1552 uberemque
1401 1507 1563 1551 gratiam
1580 1507 1657 1551 ipsi
1674 1507 1855 1551 deinceps

1030 1558 1183 1593 fidelius
1208 1558 1412 1602 serviendi,
1437 1568 1481 1592 ac
1505 1557 1670 1601 denique
1694 1557 1856 1601 gratiam

1030 1609 1198 1652 finalem,
1221 1613 1263 1643 ut
1285 1619 1371 1643 eum
1386 1613 1513 1643 tecum
1532 1607 1690 1642 laudare
1707 1607 1856 1651 possim

1031 1669 1101 1703 per
1116 1659 1245 1694 Omnia
1262 1659 1405 1693 saecula
1425 1658 1663 1692 saeculorum.
1689 1657 1822 1691 Amen.

1201 1778 1344 1819 Oratio
1372 1777 1423 1817 ad
1453 1777 1495 1817 S.
1522 1777 1550 1817 J
1552 1777 1690 1828 oseph.

1294 1844 1396 1874 Indum.
1422 1845 1467 1868 wo
1487 1844 1601 1869 dierum.

1262 1886 1327 1931 mys
1350 1885 1395 1910 1x.
1416 1886 1439 1910 -ι,
1460 1885 1538 1910 Febr.
1561 1885 1632 1910 1877.

1033 1934 1255 2009 Virginum
1273 1933 1430 1976 Custos,
1455 1935 1492 1967 et
1507 1931 1622 1966 Pater
1644 1934 1775 1965 sancte
1791 1930 1815 1965 J
1818 1940 1856 1965 o-

1117 1985 1225 2029 seph,
1243 1984 1350 2027 cujus
1367 1982 1472 2018 fideli
1491 1981 1679 2017 cust6diae
1695 1981 1782 2025 ipsa
1797 1980 1856 2015 In-

1032 2032 1211 2072 nocentia
1234 2034 1412 2069 Christus
1434 2032 1458 2067 J
1461 2042 1549 2067 esus
1575 2035 1611 2067 et
1631 2030 1752 2075 Virgo
1773 2030 1856 2065 Vir-

1033 2087 1165 2130 ginum
1186 2085 1307 2120 Maria
1331 2083 1535 2119 comm1ssa
1558 2082 1644 2117 fuit:
1679 2081 1752 2124 Te,
1787 2090 1857 2125 per

1032 2137 1108 2171 hoc
1134 2137 1338 2179 utrumque
1363 2133 1602 2169 carissimum
1628 2131 1771 2175 pignus
1794 2130 1856 2165 Je-

1033 2196 1119 2221 sum
1151 2189 1188 2220 et
1217 2185 1377 2219 Mariam
1410 2183 1572 2218 Obsecro
1605 2185 1642 2216 et
1675 2181 1856 2223 obtestor,

1032 2239 1075 2271 ut
1095 2246 1156 2270 me
1181 2235 1230 2270 ab
1255 2234 1359 2269 omni
1376 2231 1622 2271 ,immunditia
1644 2232 1856 2275 praeserva—

1032 2290 1123 2329 tum,
1141 2288 1266 2320 mente
1283 2282 1593 2323 incontaminata,
1613 2290 1711 2326 puro
1729 2280 1856 2324 corde,

1034 2340 1071 2372 et
1087 2339 1194 2371 casto
1213 2336 1372 2378 corpore
1389 2333 1413 2367 J
1416 2343 1484 2368 esu
1505 2336 1542 2367 et
1556 2332 1688 2367 Mariae
1705 2340 1858 2375 semper

1034 2387 1154 2422 facias
1172 2384 1385 2420 castissime
1402 2382 1587 2418 famulari.
1619 2382 1754 2416 Amen.
