2066 2956
205 211 300 256 [198]

737 211 889 254 Septem
916 211 1058 245 Psalmi
1087 210 1385 246 poenitentiales.

204 308 227 334 *
270 321 402 361 super
441 309 586 362 ipsum
626 314 772 352 autem
813 310 1030 352 efflorebit

205 364 493 407 sanctificatio
512 379 620 408 mea.

256 420 408 463 Gloria
426 423 557 464 Patri.

472 479 668 520 Psalmus
690 481 772 520 132.

205 529 367 634 Ecce
387 548 519 588 quam
545 536 725 587 bonum,
755 542 798 579 et
820 550 951 590 quam
974 538 1032 589 ju-

306 592 496 635 cundum
524 594 547 620 *
577 592 775 636 habitare
803 594 959 636 fratres
987 594 1031 635 in

200 662 350 690 unum:

249 706 369 748 Sicut
378 709 646 758 unguentum
655 707 699 748 in
710 707 899 760 capita-*¹
911 707 1031 760 quod

202 761 429 805 descendit
454 764 498 805 in
520 763 719 814 barbam,
744 764 927 806 barbam
945 765 1029 806 Aa·

202 832 293 869 ron,

254 875 385 926 Quod
417 876 643 920 descendit
675 877 718 918 in
751 890 874 919 oram
901 878 1028 920 vesti-

201 933 336 974 menti
353 934 457 985 ejus:
473 935 497 961 *
513 934 625 976 sicut
641 947 714 976 ros
729 935 937 985 Hermon,
957 935 1030 988 qui

202 987 458 1031 descendit
447 1004 491 1031 m
508 996 703 1032 montem
722 991 837 1033 Sion.

254 1046 469 1095 Quoniam
502 1047 590 1089 illic
623 1047 847 1089 mandavit
881 1048 1028 1089 Domi-

201 1115 282 1142 nus
306 1102 672 1155 benedictionem,
691 1105 714 1130 *
735 1110 779 1146 et
804 1105 938 1146 vitam
962 1118 1029 1145 us-

203 1170 288 1210 que
306 1159 350 1200 in
370 1160 590 1202 saeculum.

257 1215 409 1258 Gloria
427 1217 555 1259 Patri.
728 1224 736 1237 ⁸

471 1273 666 1315 Psalmus
689 1275 771 1315 133.

204 1324 365 1431 Ecce
384 1343 499 1372 nunc
516 1330 764 1373 benedicite
782 1331 1030 1381 Dominum,

297 1386 321 1411 *
341 1399 492 1428 omnes
512 1388 626 1429 servi
645 1388 837 1429 Domini:

254 1442 337 1493 Qui
361 1443 485 1484 statis
508 1444 552 1484 in
576 1443 709 1486 domo
730 1444 926 1495 Domini,
945 1444 969 1470 *
988 1444 1031 1485 in

202 1498 322 1540 atriis
343 1498 500 1542 domus
519 1501 603 1542 Dei
622 1501 771 1550 nostri,

252 1556 302 1595 In
330 1556 533 1598 noctibus
559 1557 755 1599 extollite
779 1570 932 1599 manus
958 1570 1028 1599 ve-

203 1616 314 1676 stras
333 1612 377 1652 in
397 1618 556 1663 sancta,
575 1614 598 1640 *
619 1618 663 1655 et
679 1613 925 1655 benedicite
941 1614 1028 1655 Do-

201 1681 375 1709 mmum.

942 1740 1168 1775 *ss*

1137 309 1375 353 Benedicat
1403 315 1446 352 te
1471 311 1686 352 Dominus
1715 323 1770 353 ex
1794 311 1909 362 Sion,

1084 369 1108 395 *
1128 367 1202 419 qui
1219 366 1321 409 fecit
1340 368 1501 410 coelum
1520 373 1564 410 et
1583 373 1755 409 terram.

1138 428 1289 470 Gloria
1305 429 1436 471 Patri.

1138 499 1285 533 Deinde
1311 498 1452 532 dicitur
1475 498 1586 532 flexis
1611 498 1774 541 genibus

1138 554 1269 607 Kyrie
1301 554 1476 596 eleison.
1526 553 1701 597 Christe
1734 555 1910 597 eleison.

1088 611 1217 664 Kytie
1237 611 1414 654 eleison.

1140 674 1265 714 Pater
1282 676 1443 714 noster.
1465 678 1646 714 secreto.

1136 727 1187 777 Y.
1203 733 1260 775 Et
1278 745 1333 774 ne
1351 745 1433 775 nos
1452 731 1635 774 inducas
1651 733 1695 774 in
1709 733 1909 775 tentatio-

1082 802 1193 831 nem.
1224 790 1273 840 Rv.
1290 788 1379 831 Sed
1396 788 1534 831 libera
1552 802 1633 831 nos
1652 802 1678 831 a
1695 789 1823 831 malo.

1137 845 1186 897 Y.
1202 849 1357 892 Salvos
1376 850 1445 891 fac
1464 862 1616 891 servos
1630 854 1742 892 tuos.
1764 850 1909 905 ΗΒΕ-

1082 920 1134 949 us
1153 919 1276 948 meus
1295 908 1523 960 sperantes
1542 906 1586 947 in
1604 912 1659 948 te.

1138 962 1186 1013 V.
1234 967 1422 1009 Domine
1465 966 1623 1009 exaudi
1668 967 1911 1010 orationem

1083 1037 1235 1066 meam.
1276 1026 1325 1077 R'·
1352 1024 1410 1065 Et
1438 1023 1604 1066 clamor
1630 1036 1754 1066 meus
1783 1023 1841 1067 ad
1866 1028 1911 1066 te

1083 1081 1239 1123 veniat.
1918 1109 1923 1117 ,

1136 1138 1185 1189 V.
1220 1140 1435 1182 Dominus
1471 1140 1711 1183 vobiscum.
1770 1143 1820 1195 R.
1854 1140 1912 1183 Et

1084 1210 1184 1239 cum
1202 1197 1358 1250 spiritu
1375 1202 1464 1239 tuo.

1189 1268 1387 1309 Oremus.
1645 1267 1807 1310 Oratio.

1172 1327 1366 1370 raetende
1384 1327 1572 1369 Domine
1594 1327 1766 1368 famulis
1790 1331 1835 1369 et
1853 1327 1912 1370 fa·

1176 1384 1378 1426 mulabus
1409 1384 1496 1426 tuis
1529 1382 1755 1426 dexteram
1783 1383 1911 1426 coelo-

1084 1441 1162 1483 stis
1190 1440 1351 1483 auxilii:
1385 1446 1433 1483 ut
1459 1446 1503 1483 te
1530 1445 1626 1482 toto
1655 1439 1788 1483 corde
1815 1453 1911 1494 per-

1085 1500 1274 1550 quirant,
1307 1503 1351 1540 et
1384 1510 1483 1550 quae
1516 1497 1645 1548 digne
1676 1497 1912 1551 postulant,

1084 1554 1294 1608 consequi
1308 1556 1568 1596 mereantur.
1591 1554 1676 1595 Per
1691 1553 1913 1596 Christum

1083 1610 1319 1652 Dominum
1338 1615 1546 1653 nostrum.

1137 1672 1186 1724 R.
1206 1672 1358 1713 Amen.

489 1808 758 1859 SEPTEM
783 1807 1037 1859 PSALMI
1063 1804 1626 1856 POENITENTIALES

874 1882 982 1919 CUM
1004 1883 1238 1920 HTANHS.

262 1951 449 1985 Dicuntux
474 1952 617 1985 flexis
610 1950 771 1988 senibus
794 1949 832 1982 in
854 1949 1031 1983 omnibus

208 1999 416 2033 wit—1511<
442 1999 515 2037 Ou-
517 2000 572 2033 1d1·
576 2010 649 2040 ·1....‚
674 1998 830 2041 quando
855 1997 1033 2031 Officium

208 2048 246 2081 fit
273 2047 317 2080 de
351 2048 446 2081 lcii·
450 2060 468 2081 ι.

263 2100 271 2132 Ι
280 2101 329 2133 it
323 2100 399 2133 ini
402 2110 421 2133 e
440 2107 575 2135 uitem
595 2099 750 2133 omissis
769 2097 956 2140 septemP
960 2107 990 2131 s
993 2097 1032 2130 11-

207 2148 295 2181 mis.
322 2148 498 2182 dicuntur
524 2148 556 2181 in
578 2147 740 2181 Lis-sniis
765 2146 975 2186 maioribus
996 2146 1031 2179 in

210 2196 321 2228 Festo
342 2198 461 2230 sanet?
488 2196 617 2231 llarci,
644 2203 678 2229 et
700 2196 736 2229 in
754 2195 876 2229 tribus
894 2195 1032 2228 diebus

212 2244 474 2279 lx'oazntimmnn.

264 2293 446 2326 {nr-..ntur
487 2299 611 2327 autern
650 2293 685 2326 in
723 2291 958 2331 Quadrages.
996 2290 1032 2324 in

209 2340 335 2374 (jhow
364 2351 446 2380 post
471 2342 691 2374 ‚llatutinum
719 2346 753 2374 et
775 2339 924 2373 Laudes
946 2339 1033 2380 dici,

209 2389 309 2421 diem
330 2391 605 2426 {zenedicamus
615 2391 797 2435 D6min03
815 2395 922 2423 extra
936 2388 1034 2423 Cho—

211 2447 287 2469 rinn
311 2449 376 2479 pru,
400 2439 688 2480 opportunitate
709 2438 902 2481 temporis.

260 2491 358 2531 Ant.
392 2492 423 2530 N
430 2504 454 2533 e
472 2491 772 2534 reminiscaris.

501 2562 695 2603 psalmus
716 2564 751 2602 63.

235 2631 299 2683 ξ7.
287 2628 492 2678 nomine,
524 2642 578 2671 ne
609 2629 654 2670 in
685 2629 833 2671 furore
862 2634 938 2670 tuo
966 2642 1030 2670 ar-

221 2733 224 2744 *
244 2679 310 2737 §.J'Ji‘ss
327 2687 333 2730 j
356 2696 462 2734 guas
485 2688 616 2749 me,*
640 2698 781 2738 neque
804 2686 847 2726 in
871 2685 935 2726 ira
957 2691 1032 2727 tua

245 2739 247 2750 ²
279 2731 330 2763 ’ῑᾸὶ
357 2741 566 2793 corripias
584 2755 664 2784 me.

1135 1950 1343 1992 Miserere
1375 1950 1461 1992 mei
1488 1950 1676 1992 Domine
1705 1950 1911 2002 quoniam

1082 2007 1280 2049 infirmus
1309 2020 1420 2048 sum:
1444 2009 1468 2034 *
1493 2020 1598 2049 sana
1623 2019 1694 2048 me
1721 2006 1911 2050 Domine

1085 2064 1291 2117 quoniam
1302 2063 1563 2106 conturbata
1573 2068 1674 2106 sunt
1688 2076 1791 2105 ossa
1803 2075 1912 2106 mea.

1134 2120 1190 2163 Et
1209 2121 1352 2162 anima
1371 2133 1468 2162 mea
1486 2120 1661 2162 turbata
1682 2124 1750 2162 est
1769 2118 1911 2162 valde:

1082 2178 1106 2202 *
1126 2176 1205 2218 sed
1223 2182 1271 2219 tu
1290 2177 1477 2219 Domine
1496 2176 1750 2230 usquequo?

1136 2233 1402 2276 Convertere
1447 2234 1652 2283 Domine,
1704 2234 1755 2274 et*
1790 2232 1910 2285 eripe

1065 2280 1273 2331 'animam
1303 2302 1460 2331 meam:
1487 2291 1511 2317 *
1540 2289 1708 2331 salvum
1740 2301 1810 2330 me
1842 2288 1911 2330 fac

1083 2352 1266 2399 propter
1283 2345 1627 2388 misericordiam
1645 2350 1776 2387 tuam.

1135 2402 1350 2453 Quoniam
1382 2415 1470 2444 non
1503 2408 1571 2444 est
1597 2402 1640 2443 in
1667 2406 1808 2443 morte
1838 2401 1911 2453 qui

1083 2472 1252 2501 memor
1277 2459 1332 2501 sit
1356 2459 1435 2501 tui:
1458 2460 1482 2486 *
1504 2459 1547 2499 in
1572 2458 1740 2500 inferno
1765 2462 1912 2499 autem

1085 2517 1182 2568 quis
1201 2515 1482 2558 confitebitur
1499 2515 1602 2557 tibi?

1135 2572 1354 2615 Laboravi
1373 2572 1416 2613 in
1434 2571 1596 2623 gemitu
1615 2583 1732 2621 meo,
1751 2571 1910 2613 lavabo

1084 2642 1164 2682 per
1184 2629 1375 2680 singulas
1397 2633 1550 2670 noctes
1568 2628 1731 2669 lectum
1752 2640 1911 2669 meum:

1084 2687 1107 2711 *
1133 2685 1320 2727 lacrimis
1345 2685 1454 2727 meis
1480 2689 1664 2726 stratum
1689 2697 1834 2726 meum
1859 2684 1910 2724 ri-

1084 2742 1211 2793 gabo.
