2066 2956
247 195 348 239 [280]

244 291 369 333 titam
383 303 409 332 a
422 292 608 343 tyranno
626 289 787 332 Christi
802 289 944 341 legem
958 302 1067 342 prae·

245 347 474 389 dicassent.
510 346 627 388 Illud
653 346 862 388 memoria
889 345 1068 397 dignum

244 404 287 444 in
319 403 472 445 itinere
506 402 682 452 accidit,
719 407 767 444 ut
799 402 1068 444 adolescenti

243 460 268 500 J
270 459 481 512 aponensi
507 459 701 501 Antonio
730 458 857 501 alteri
884 471 938 500 ex
963 459 1066 500 Ter·

243 515 381 557 tiariis
400 517 606 569 parentes
628 518 928 565 occurrissent,
951 518 1066 556 eum-

245 585 329 623 que
350 571 571 613 blanditiis
594 576 638 614 et
656 572 845 613 lacrimis
865 572 1067 613 conaren-

244 633 314 669 tur
337 628 556 670 adducere
579 634 628 670 ut
649 627 821 670 Christo
842 627 975 669 fidem
993 627 1067 669 fal-

244 684 368 734 leret;
412 684 569 738 quibus
605 684 957 726 constantissime
994 683 1068 725 ob-

245 741 371 790 stitit,
403 739 622 782 affirmans
651 753 698 782 se
721 740 904 782 terrenis
934 740 1067 781 omni-

245 796 326 838 bus
350 809 400 838 ac
420 797 680 838 transitoriis
704 796 924 849 despectis
942 796 1069 838 unice

245 853 418 895 Christo
438 853 727 902 adhaesurum,
751 853 824 905 qui
844 852 927 894 sibi
946 854 1068 894 aeter-

244 922 300 950 na
337 914 381 951 et
422 909 617 951 coelestia
659 909 924 961 repromisit3
968 908 1068 950 dein

245 970 413 1007 vestem
442 979 527 1018 qua
553 965 833 1018 operiebatur
861 965 923 1006 eis
947 967 1068 1006 resti-

244 1022 338 1063 tuit.
371 1021 570 1063 Tandem
594 1021 950 1073 Nangasaquium
973 1033 1067 1073 per-

245 1076 366 1118 ducti
410 1077 612 1119 crucibus
662 1077 916 1128 affiguntur,
970 1090 1069 1129 quae

244 1133 328 1184 jam
351 1133 395 1173 in
419 1132 611 1184 quodam
637 1132 748 1175 colle
769 1133 893 1185 quasi
911 1133 955 1173 in
975 1132 1068 1174 Cal-

245 1188 365 1229 vario
394 1191 560 1241 paratae
588 1194 724 1238 erant3
755 1191 912 1241 postea
940 1189 984 1229 in
1012 1188 1068 1230 al-

245 1250 338 1286 tum
357 1244 474 1293 elati,
494 1244 655 1286 Christi
674 1244 807 1286 fidem
826 1244 942 1286 haud
960 1258 1069 1298 prae-

246 1299 391 1343 dicare
418 1301 659 1343 cessabant.
699 1301 865 1343 Enituit
893 1301 1069 1354 quidem

245 1357 405 1398 Paulus
423 1356 547 1407 Miki,
576 1357 650 1410 qui
675 1370 699 1398 e
721 1357 974 1410 triumphali
996 1358 1070 1399 illa

246 1414 387 1455 crucis
423 1413 632 1455 cathedra
672 1413 728 1455 ad
764 1414 1070 1456 circumfusam

245 1469 566 1511 multitudinem
597 1483 680 1523 pro
709 1470 944 1512 christiana
975 1471 1069 1512 reli-

245 1526 373 1576 gione
402 1527 644 1579 peroravit,
677 1525 784 1568 illud
816 1527 962 1580 palam
989 1527 1070 1569 sibi

246 1582 486 1633 gratulatus
514 1582 633 1634 quod
658 1583 701 1623 in
727 1596 855 1625 cruce
881 1588 928 1625 ut
951 1583 1069 1625 Chri-

246 1643 339 1680 stus
375 1639 607 1688 Dominus‚
659 1639 900 1692 eademque
938 1645 1069 1692 atque

245 1695 317 1736 ille
367 1697 515 1744 aetate,
571 1698 823 1748 supremum
873 1696 1070 1749 expleret

246 1750 373 1792 diem.
425 1752 654 1793 Postremo
691 1752 846 1803 singuli
883 1752 937 1794 ab
972 1753 1070 1793 imis

246 1807 456 1849 lateribus
476 1807 532 1849 ad
550 1807 757 1850 humeros
778 1807 890 1850 binis
907 1808 1070 1850 lanceis

246 1864 453 1913 transfixi,
473 1864 674 1906 victrices
693 1864 858 1905 animas
878 1865 991 1906 coelo
1010 1865 1070 1905 in-

247 1919 454 1961 serendas
469 1920 662 1974 emisere.
687 1920 873 1962 Suorum
887 1920 1070 1963 militum

246 1975 486 2027 gloriosum
529 1979 749 2018 certamen
784 1977 916 2018 variis
949 1977 1070 2018 Deus

248 2032 543 2074 condecorare
571 2033 709 2075 voluit
737 2033 884 2084 signis:
913 2033 1070 2085 quibus

247 2089 327 2130 rite
363 2089 581 2142 probatis,
629 2091 853 2130 sacrorum
891 2090 1070 2131 Rituum

248 2145 539 2196 Congregatio
575 2145 631 2186 ad
663 2147 814 2187 eorum
846 2146 1069 2187 canoniza—

247 2201 410 2243 tionem
462 2200 826 2254 quandocumque
878 2201 1070 2243 deveniri

249 2270 380 2310 posse
408 2257 612 2300 decrevit.
664 2258 843 2300 Interim
870 2258 1070 2300 Urbanus

249 2316 430 2355 octavus
448 2314 651 2356 Pontifex
670 2314 896 2363 Maximus,
923 2314 1071 2356 habita

248 2367 372 2420 hujus
392 2369 555 2411 decreti
574 2370 801 2420 relatione,
827 2370 883 2412 de
906 2370 1070 2412 eisdem
1130 2375 1148 2419 ,ι’
1164 2375 1205 2426 ,ᾗ

250 2424 513 2477 Martyribus
532 2429 685 2478 utpote
703 2427 746 2467 in
765 2426 1001 2468 beatorum·
1012 2427 1069 2467 fa·
1134 2449 1136 2456 ‹

250 2480 327 2522 stis
352 2481 583 2535 adscriptis
604 2482 807 2524 Officium
831 2487 874 2524 et
894 2483 1070 2523 Missam

251 2538 481 2587 quotannis
507 2539 679 2579 recitari
706 2544 748 2580 et
773 2538 985 2580 celebrari
1012 2539 1070 2578 in-

250 2591 393 2634 dulsit.
433 2593 629 2636 Tandem
657 2595 814 2636 divinae
842 2594 1070 2647 providen-

249 2648 322 2690 tiae
356 2650 536 2692 consilio
575 2651 735 2693 factum
769 2657 851 2701 est,
890 2656 938 2692 ut
970 2651 1071 2692 Pius

250 2717 389 2746 nonus
431 2706 630 2748 Pontifex
670 2708 885 2748 Maximus
930 2707 1070 2759 hujus-

579 202 645 234 Die
667 203 695 234 ⁴3.
722 202 827 235 Febr.
876 203 910 235 ὃ.
937 201 1167 243 llyacimhae
1193 200 1238 233 cic
1263 200 1493 233 Muris-cottis
1520 200 1620 238 virg.

1119 288 1240 331 modi
1271 289 1478 342 judicium
1509 290 1566 333 ad
1598 291 1761 334 exitum
1786 291 1943 344 perdu-

1121 351 1250 389 ceret.
1308 347 1452 398 Quare
1497 360 1623 389 sacro
1659 348 1943 391 Pentecostes

1121 402 1191 444 die
1219 403 1319 444 anni
1350 403 1568 445 millesimi
1595 404 1944 455 octingentesimi

1121 459 1381 510 sexagesimi
1399 459 1595 510 secundi,
1614 473 1771 512 magna
1790 465 1835 502 et
1852 460 1943 503 illu-

1121 515 1199 557 stri
1221 518 1563 569 purpuratorum
1585 521 1760 570 patrum
1786 522 1830 559 et
1854 517 1943 570 epi-

1121 574 1373 625 scoporum,
1407 573 1481 625 qui
1509 585 1564 615 ex
1596 573 1797 615 omnibus
1825 572 1944 615 orbis

1118 627 1325 670 catholici
1365 629 1566 682 partibus
1607 628 1664 671 ad
1698 628 1945 683 protuenda

1120 684 1331 727 Ecclesiae
1356 691 1400 727 et
1417 685 1543 728 Sedis
1562 685 1833 738 Apostolicae
1852 687 1945 738 iura

1121 743 1429 793 convenerant,
1455 743 1617 784 corona
1641 741 1947 798 circumdatus2

1122 796 1303 839 eosdem
1321 798 1538 851 Martyres
1560 798 1820 840 Sanctorum
1843 797 1944 840 albo

1121 855 1349 896 recensuit.
1399 856 1448 906 R».
1479 855 1735 907 Tamquam.
1763 854 1846 907 [58]

1175 923 1215 955 In
1242 922 1303 956 III.
1330 922 1527 956 Nocturno
1562 921 1763 956 Lectiones
1794 922 1840 956 de
1869 921 1946 956 Ho-
2008 932 2015 938 ·

1124 971 1228 1004 milia
1254 971 1291 1003 in
1311 971 1455 1012 Evang.
1480 967 1725 1003 Descendens
1746 967 1873 1004 Jesus.
1899 969 1946 1004 de

1125 1018 1259 1052 codem
1285 1018 1428 1052 Comm.
1452 1018 1482 1050 2.
1508 1017 1604 1051 loco.
1624 1015 1694 1059 [64]

1176 1067 1307 1100 Lectio
1332 1067 1381 1101 ix.
1412 1067 1458 1100 de
1489 1065 1658 1100 Ilomilia
1687 1070 1722 1100 et
1751 1075 1945 1099 commem.

1127 1115 1247 1148 Feriam
1274 1115 1309 1148 in
1336 1115 1543 1149 Laudibus.

1335 1198 1419 1240 Die
1437 1199 1474 1239 6.
1494 1197 1732 1240 Februarii.

1148 1266 1191 1308 S.
1211 1265 1512 1317 Hyacinthae
1535 1266 1595 1307 de
1614 1265 1921 1308 Mar-iscottis

1439 1321 1639 1371 Virginis.

1456 1386 1618 1429 Duplex.

1178 1449 1313 1482 Omnia
1333 1449 1378 1482 de
1394 1447 1536 1482 Comm.
1551 1445 1655 1488 Yirg.
1675 1446 1792 1490 [100],
1808 1450 1948 1488 praeter

1125 1505 1333 1540 sequentlzl.

1460 1540 1621 1581 Oratio.

1209 1606 1302 1643 eus,
1342 1593 1415 1645 qui
1447 1593 1623 1635 beatam
1653 1592 1946 1646 Hyacintham

1224 1650 1449 1701 Virginem
1480 1654 1600 1691 tuam
1631 1649 1741 1702 jugis
1767 1648 1946 1691 mortifi-

1123 1706 1304 1748 cationis
1328 1711 1372 1748 et
1394 1706 1588 1748 caritatis
1607 1706 1828 1748 victimam
1847 1705 1946 1748 effe·

1123 1763 1234 1804 cisti:
1260 1763 1351 1814 eius
1376 1762 1503 1804 nobis
1530 1762 1732 1815 exemplo
1756 1766 1800 1804 et
1816 1762 1945 1804 inter-

1122 1819 1320 1861 cessione
1349 1818 1558 1870 concede;
1590 1823 1638 1860 ut
1663 1820 1848 1872 peccata
1871 1830 1946 1859 no-

1122 1880 1211 1917 stra
1231 1874 1410 1925 deflere,
1437 1880 1480 1916 et
1502 1880 1546 1916 te
1570 1887 1742 1928 semper
1765 1873 1946 1926 diligere

1122 1931 1354 1973 valeamus.
1382 1931 1466 1973 Per
1486 1931 1732 1973 Dominum.

1177 1993 1218 2026 Et
1251 1994 1288 2026 rit
1320 2003 1514 2027 commem.
1546 1992 1667 2025 Feriae
1697 1999 1732 2025 ct
1761 1991 1795 2025 S.
1826 1991 1944 2025 Doro-

1123 2042 1221 2074 thcic
1239 2041 1280 2075 V.
1299 2042 1343 2075 M.
1377 2042 1463 2075 Ant.
1490 2046 1525 2074 ct
1549 2034 1591 2080 λ.
1618 2052 1637 2074 c
1659 2040 1775 2074 Laud.
1802 2040 1943 2074 Oratio.

1124 2087 1412 2131 Indulgentiam.
1436 2087 1535 2131 [102]

1174 2140 1214 2174 In
1251 2140 1276 2174 Ι.
1310 2140 1507 2174 Nocturno
1542 2139 1744 2175 Lectiones
1779 2139 1837 2174 De
1867 2128 1943 2175 ‘vir-

1123 2187 1286 2230 ginibus.
1312 2187 1409 2230 [104]

1353 2252 1400 2289 In
1422 2251 1471 2289 ΙΙ.
1492 2251 1712 2290 Nocturno.

1423 2316 1573 2356 Lectio
1596 2316 1646 2355 iv.

1240 2370 1455 2423 yacintha
1470 2370 1628 2412 nobilis
1646 2370 1769 2420 virgo
1785 2370 1944 2410 Roma-

1239 2429 1242 2473 ζ
1272 2439 1344 2475 na,
1372 2426 1508 2467 Marci
1532 2426 1711 2467 Antonii
1737 2425 1792 2467 de
1817 2425 1943 2467 Mari-

1168 2475 1205 2501 ⁵⁵'
1239 2483 1241 2493 ¹
1270 2483 1425 2524 scottis
1475 2481 1722 2532 Vignanelli
1774 2481 1944 2523 comitis

1122 2541 1225 2592 (quo
1250 2540 1293 2580 in
1319 2537 1484 2591 oppido
1509 2543 1611 2579 nata
1637 2539 1717 2588 est)
1748 2542 1791 2579 et
1816 2537 1943 2579 Octa-

1122 2596 1205 2637 viae
1233 2595 1419 2637 Ursiniae
1447 2594 1551 2644 filia,
1588 2607 1613 2635 a
1646 2594 1787 2646 prima
1814 2596 1945 2650 aetate

1122 2651 1280 2693 divinae
1299 2650 1585 2704 protectionis
1604 2652 1857 2701 argumenta
1874 2662 1944 2692 ex-

1123 2709 1252 2761 periri
1282 2708 1436 2760 coepit,
1466 2720 1565 2748 cum
1592 2706 1815 2759 septennis
1843 2707 1942 2758 jam-
