2066 2956
580 233 652 266 Die
676 233 727 265 24.
753 232 911 274 Aprilis.
959 232 993 266 S.
1019 231 1118 265 Boni
1142 232 1321 265 Latronis
1347 232 1454 265 Conf.

164 327 352 369 ferretur
377 327 434 369 ad
458 327 661 378 gloriam3
689 328 906 380 fueritque
934 327 996 368 ini

166 396 274 424 crux
293 396 425 435 quam
442 383 640 436 pertulit,
668 396 756 424 non
779 388 870 425 tam
895 397 994 437 sup-

165 439 286 491 plicii
313 438 553 488 damnatio,
582 452 714 491 quam
743 440 896 481 salutis
925 453 994 482 oc-

165 495 298 536 casio.
350 495 403 535 In
437 508 567 540 cruce
603 495 718 536 enim
750 496 921 547 positus
952 497 995 536 in

165 550 387 592 Christum
411 551 650 592 Dominum
681 556 881 592 nostrum
906 554 994 593 cre-

166 606 279 648 didit
302 607 570 648 crucifixum.
602 608 659 649 Et
678 606 780 649 ideo
802 608 875 660 qui
894 621 994 649 con-

165 663 304 704 sortio
331 663 551 715 passionis
579 663 734 713 utitur,
772 665 995 705 consortio

164 718 358 770 paradisi
378 719 662 761 condonatur.
695 719 860 761 Beatus
881 721 995 761 enim

164 774 294 825 latro,
320 775 424 816 dum
443 775 707 828 supplicium
726 776 906 828 patitur,
931 789 993 817 re-

164 844 296 882 gnum
325 831 506 873 coeleste
533 832 827 884 consequitur.
878 832 995 873 Ecce

164 899 265 928 reus
292 887 468 938 dicitur,
496 888 610 929 sicut
634 888 703 928 cui
729 888 925 929 damnari
949 889 994 929 il-

164 942 241 984 lud
272 948 446 995 tempus
480 944 703 996 expetivit.
746 943 849 985 Non
881 945 995 985 enim

163 1001 414 1052 perveniret
434 999 491 1040 ad
509 999 710 1050 gloriam,
734 999 771 1040 si
789 1012 877 1041 non
897 1013 994 1041 con-

163 1054 353 1096 traditus
383 1060 500 1096 esset
526 1054 583 1096 ad
609 1067 798 1107 poenam.
835 1055 995 1097 Videa-

164 1123 279 1160 mus,
298 1111 495 1163 inquam‚
519 1123 597 1152 cur
614 1113 838 1152 tantorum
857 1113 995 1152 crimi-

164 1179 269 1207 num
287 1179 390 1208 reus
408 1171 501 1208 tam
520 1167 608 1208 cito
631 1179 657 1207 a
675 1166 903 1209 Salvatore
923 1181 995 1220 pa-

164 1221 359 1264 radisum
376 1224 665 1275 promeretur,
686 1235 785 1264 cum
804 1223 877 1264 alii
890 1223 995 1264 mul-

164 1280 311 1320 torum
325 1281 577 1331 temporum
591 1278 782 1320 lacrimis
798 1279 996 1331 frequen-

164 1334 372 1388 tibusque
417 1335 585 1386 jejuniis
620 1335 693 1376 vix
736 1335 998 1377 delictorum

166 1393 345 1432 suorum
363 1391 535 1432 veniam
556 1393 893 1443 consequantur.

222 1451 272 1501 R.
302 1448 392 1489 Iste
420 1451 487 1488 est
510 1446 668 1488 beatus
693 1446 825 1496 latro,
854 1447 928 1499 qui
954 1447 998 1487 in

166 1515 296 1544 cruce
319 1503 493 1556 positus
519 1502 742 1544 Christum
761 1502 998 1551 Dominum

165 1563 366 1600 nostrum
392 1558 580 1602 credidit
604 1559 876 1600 crucifixum:
896 1559 917 1582 *
940 1559 998 1600 Et

167 1614 272 1656 dum
306 1614 572 1668 supplicium
602 1615 784 1667 patitur,
817 1627 998 1665 regnum

166 1671 347 1713 coeleste
359 1671 655 1723 consequitur,
666 1670 778 1712 allel.
796 1666 846 1718 V.
857 1671 998 1720 Quem

170 1726 307 1768 Judas
334 1728 571 1769 Iscariotes
597 1727 643 1767 in
669 1726 847 1767 hortulo
875 1739 998 1779 para-

169 1782 253 1824 disi
285 1782 568 1833 distraxerat,
610 1783 692 1825 iste
724 1782 768 1823 in
799 1781 999 1835 patibulo

167 1838 410 1880 confitetur.
439 1840 506 1880 Et.

455 1897 607 1937 Lectio
629 1896 714 1935 viii.

172 1947 393 2052 Magna,
411 1951 581 2000 fratres,
598 1955 643 1992 et
656 1949 887 2003 multiplex
903 1962 1000 1990 cau-

284 2020 333 2048 sa
353 2011 431 2048 est.
463 2006 673 2055 Primum,
702 2005 822 2058 quod
840 2005 925 2046 iste
943 2005 1001 2046 la-

167 2067 238 2104 tro
277 2062 512 2104 devotione
549 2061 654 2103 fidei
691 2066 782 2102 tam
819 2062 1001 2113 repente

166 2121 360 2160 mutatus
377 2122 454 2168 est,
474 2122 523 2159 ut
541 2119 807 2169 praesentem
823 2129 1002 2168 poenam

167 2174 429 2227 despiceret,
475 2186 528 2215 ac
563 2172 618 2214 de
650 2173 797 2214 futura
827 2173 1000 2213 veniam

166 2232 435 2283 precaretur3
456 2234 500 2271 et
517 2229 656 2279 magis
677 2228 878 2270 crederet
891 2228 998 2269 utile

166 2287 251 2328 sibi
271 2299 367 2328 esse
392 2286 447 2328 de
468 2288 634 2327 aeterno
653 2285 813 2336 judicio
833 2285 996 2336 petere,

168 2356 299 2396 quam
328 2342 383 2384 de
410 2341 644 2394 temporali
672 2339 891 2393 supplicio
919 2352 996 2392 po-

167 2400 340 2441 stulare.
381 2398 685 2441 Reminiscens
717 2397 834 2438 enim
865 2395 998 2436 scele-

167 2468 263 2496 rum
289 2458 486 2504 suorum,
515 2458 559 2495 et
580 2452 901 2506 poenitudinem
927 2463 998 2501 ge·

167 2524 278 2561 rens,
298 2512 398 2564 plus
417 2510 571 2562 incipit
591 2509 742 2550 dolere
764 2507 884 2559 quod
904 2519 999 2558 spe-

167 2573 237 2608 rat
252 2599 261 2617 ,
306 2581 437 2620 quam
474 2569 638 2608 sentire
676 2563 796 2616 quod
832 2563 1007 2615 patitur.

167 2623 318 2664 Potuit
338 2623 464 2671 enim,
479 2622 562 2662 nisi
577 2621 632 2662 de
647 2619 802 2661 futuris
818 2617 1007 2670 amplius

167 2679 430 2729 cogitasset,
459 2678 533 2730 qui
555 2678 599 2718 in
623 2676 844 2717 Christum
868 2673 1003 2714 semel

169 2733 427 2784 crediderat,
447 2734 502 2775 de
518 2732 727 2786 praesenti
743 2730 882 2780 magis
902 2742 1002 2780 sup-

1785 230 1878 273 [349]

1048 326 1182 379 plicio
1210 327 1451 379 deprecari.
1492 327 1663 368 Deinde
1686 326 1794 368 illud
1823 327 1878 368 ad

1048 383 1233 434 gratiam
1275 385 1366 435 ejus
1406 384 1581 435 majoris
1619 388 1686 424 est
1721 383 1879 432 meriti,

1051 439 1169 491 quod
1200 439 1244 479 in
1274 439 1495 480 Christum
1526 440 1571 479 in
1603 452 1732 480 cruce
1761 439 1878 492 posi-

1049 500 1142 536 tum
1162 494 1365 545 credidit,
1394 500 1437 537 et
1460 495 1628 548 passio,
1658 508 1757 547 quae
1782 495 1878 536 aliis

1050 551 1306 601 scandalum
1324 552 1442 601 fecit,
1466 551 1527 592 illi
1552 551 1608 592 ad
1627 551 1761 592 fidem
1779 564 1877 604 pro-

1051 607 1163 649 fecit.
1218 608 1370 648 Crucis
1404 608 1518 649 enim
1549 608 1699 660 passio
1732 608 1879 648 multis

1052 663 1308 705 scandalum
1326 663 1416 713 fuit,
1437 664 1549 704 sicut
1569 662 1673 704 dicit
1687 663 1879 715 Aposto-

1051 719 1132 760 lus:
1156 719 1251 760 Nos
1275 724 1421 760 autem
1445 719 1739 771 praedicamus
1760 718 1878 759 Chri-

1051 780 1167 816 stum
1199 775 1469 824 crucifixum,
1503 775 1668 816 Juda'eis
1702 774 1880 825 quidem

1052 830 1321 880 scandalum,
1341 831 1558 872 Gentibus
1579 835 1724 872 autem
1743 830 1879 872 stulti-

1051 887 1168 928 tiam.
1204 887 1344 928 Recte
1372 899 1476 937 ergo
1499 888 1691 928 meretur
1709 885 1879 938 paradi-

1052 955 1159 993 sum,
1182 943 1255 995 qui
1275 955 1451 984 crucem
1471 943 1633 984 Christi
1650 955 1738 983 non
1757 944 1879 994 puta-

1051 999 1114 1039 vit
1139 1011 1236 1040 esse
1261 998 1531 1048 scandalum,
1558 998 1638 1039 sed
1663 998 1880 1039 virtutem.

1050 1055 1167 1096 Dicit
1194 1055 1308 1096 enim
1334 1054 1451 1096 idem
1477 1054 1738 1107 Apostolus:
1765 1054 1880 1106 Ipsis

1050 1115 1196 1152 autem
1219 1111 1388 1152 vocatis
1412 1110 1578 1151 Judaeis
1602 1115 1734 1161 atque
1759 1110 1879 1151 Grae-

1051 1166 1127 1215 cis,
1149 1166 1371 1207 Christum
1389 1167 1474 1208 Dei
1492 1167 1714 1215 virtutem,
1735 1170 1778 1207 et
1797 1166 1881 1206 Dei

1051 1222 1321 1274 sapientiam.

1106 1281 1155 1331 R.
1192 1278 1282 1319 Iste
1315 1283 1381 1319 est
1414 1277 1490 1329 qui
1519 1289 1694 1317 crucem
1719 1277 1881 1318 Christi

1050 1347 1138 1376 non
1164 1334 1336 1386 putavit
1364 1346 1462 1374 esse
1491 1332 1761 1382 scandalum,
1802 1333 1881 1374 sed

1050 1391 1272 1439 virtutem3
1298 1388 1489 1441 ideoque
1515 1388 1770 1441 paradisum
1796 1401 1882 1430 me-

1050 1448 1187 1487 retur:
1203 1448 1224 1470 *
1243 1447 1345 1497 Ipse
1364 1444 1609 1487 intercedat
1627 1457 1710 1496 pro
1730 1447 1883 1497 pecca-

1051 1503 1108 1544 tis
1145 1502 1338 1544 omniurn
1374 1501 1662 1554 populorum,
1699 1500 1882 1552 alleluja.

1054 1552 1102 1603 V·
1130 1560 1219 1599 Iste
1244 1562 1311 1599 est
1335 1558 1410 1609 qui
1433 1556 1697 1598 honorificat
1719 1556 1882 1608 patien-

1050 1621 1150 1665 tem,
1172 1627 1303 1666 quem
1317 1614 1341 1654 J
1343 1613 1453 1655 udas
1472 1612 1668 1665 prodidit
1688 1612 1884 1653 osculan-

1051 1676 1152 1713 tem.
1178 1671 1290 1722 Ipse.
1319 1669 1472 1710 Gloria
1490 1669 1620 1710 Patri.
1648 1669 1762 1720 Ipse.

1354 1721 1506 1763 Lectio
1525 1723 1579 1761 ix.

1052 1775 1232 1880 Recte
1247 1778 1378 1830 plane
1398 1781 1442 1818 et
1456 1776 1671 1818 Dominus
1691 1776 1793 1818 huic
1808 1775 1883 1818 do-

1155 1839 1231 1876 nat
1249 1833 1518 1886 paradisum,
1540 1833 1643 1884 quia
1663 1844 1793 1884 quem
1813 1833 1837 1872 J
1838 1846 1882 1873 u-

1055 1891 1135 1932 das
1159 1890 1395 1932 Iscariotes
1421 1890 1465 1930 in
1489 1888 1665 1930 hortulo
1693 1887 1885 1940 paradisi

1055 1946 1335 1995 distraxerat,
1362 1945 1434 1986 hic
1456 1945 1500 1985 in
1523 1944 1665 1986 crucis
1685 1944 1883 1996 patibulo

1055 2003 1299 2044 confitetur.
1331 2002 1442 2042 Mira
1466 2001 1551 2042 res!
1575 2000 1808 2042 confitetur
1826 2000 1884 2040 la-

1054 2063 1125 2100 tro
1171 2071 1303 2110 quem
1355 2056 1595 2109 discipulus
1641 2055 1884 2105 abnegavit.

1055 2115 1182 2164 Mira,
1201 2115 1395 2166 inquam,
1414 2113 1501 2154 res!
1525 2112 1660 2153 Latro
1680 2110 1884 2152 honorifi-

1056 2175 1127 2212 cat
1145 2170 1402 2222 patientem,
1430 2181 1561 2220 quem
1578 2168 1603 2208 J
1604 2166 1715 2208 udas
1738 2166 1884 2219 prodi-

1057 2226 1121 2268 dit
1135 2225 1418 2267 osculantem.
1443 2224 1515 2265 Ab
1530 2223 1616 2264 hoc
1631 2222 1753 2275 pacis
1767 2222 1885 2264 blan-

1057 2282 1251 2323 dimenta
1268 2280 1534 2329 venduntur,
1562 2278 1617 2320 ab
1642 2278 1717 2319 illo
1745 2279 1886 2320 crucis

1056 2337 1238 2379 vulnera
1275 2335 1586 2389 praedicantur.
1645 2334 1722 2375 Ait
1758 2334 1886 2375 enim:

1057 2394 1278 2435 Memento
1302 2391 1389 2432 mei
1407 2390 1614 2439 Domine,
1642 2402 1742 2430 cum
1759 2392 1886 2432 vene-

1057 2450 1118 2490 ris
1137 2450 1182 2490 in
1201 2460 1382 2498 regnum
1400 2452 1534 2488 tuum.
1566 2446 1678 2486 Haec
1697 2450 1765 2487 est
1783 2445 1887 2488 fidei

1057 2505 1187 2557 plena
1207 2502 1402 2552 devotio,
1427 2507 1490 2551 ut,
1510 2515 1609 2543 cum
1628 2501 1683 2543 de
1702 2501 1886 2543 vulneri—

1058 2561 1141 2602 bus
1160 2558 1337 2601 Domini
1354 2558 1578 2610 profluens
1599 2557 1776 2608 sanguis
1797 2559 1886 2599 cer—

1057 2617 1190 2666 nitur,
1209 2620 1314 2656 tunc
1334 2614 1388 2655 de
1407 2616 1631 2666 potestate
1652 2614 1742 2665 ejus
1761 2613 1887 2654 venia

1058 2671 1323 2724 postuletur;
1343 2683 1442 2711 cum
1457 2668 1630 2710 videtur
1645 2670 1736 2720 ejus
1750 2668 1886 2709 humi-

1058 2728 1174 2777 litas,
1198 2731 1302 2768 tunc
1324 2726 1462 2775 magis
1485 2726 1690 2767 timeatur
1714 2725 1805 2775 ejus
1825 2724 1885 2765 di-
