2028 2892
702 154 812 189 Feria
839 158 1006 192 secunda
1033 159 1079 193 ad
1106 160 1341 195 Matutinum.

165 246 296 286 stitue
310 245 504 293 ,animam
522 260 664 289 meam
683 262 709 290 a
723 249 990 301 malignitate

167 302 327 352 eorum,
347 315 373 343 a
391 301 591 345 leonibus
610 305 781 347 unicam
800 320 951 348 meam.

213 357 471 413 *Confitebor
481 359 560 401 tibi
574 361 617 401 in
631 361 814 404 ecclesia
824 377 990 415 magna,

164 414 188 440 *
205 414 250 455 in
267 415 434 467 populo
453 417 576 467 gravi
594 417 783 460 laudabo
802 424 857 461 te.

215 470 316 512 Non
335 473 690 524 supergaudeant
704 475 809 516 mihi
830 478 902 528 qui
916 477 988 519 ad-

163 529 394 569 versantur
404 528 509 570 mihi
519 530 710 582 iniquez*
720 533 792 584 qui
804 532 990 576 oderunt

162 596 232 625 me
251 584 386 634 gratis
406 590 450 627 et
469 588 662 629 annuunt
682 588 828 629 aculis.

215 640 429 690 Quoniam
456 642 561 683 mihi
599 643 774 696 quidem
806 647 987 698 pacifice

161 695 454 749 loquebantur
464 715 472 738 z
483 699 505 724 *
518 705 561 741 et
570 700 613 740 in
624 700 846 743 iracundia
856 708 987 747 terrae

161 752 401 805 loquentes,
422 754 548 797 dolos
569 757 829 807 cogitabant.

213 810 270 851 Et
315 810 605 854 dilataverunt
649 826 781 866 super
822 828 892 857 me
938 829 987 857 os

162 878 305 907 suum:
332 867 356 893 *
385 867 602 911 dixerunt:
628 870 760 920 Euge,
781 883 900 922 euge,
929 872 986 913 vi-

162 921 319 965 derunt
339 924 453 965 oculi
471 926 621 967 nostri.

212 979 374 1022 Vidisti
392 981 589 1032 Domine,
609 995 663 1024 ne
683 983 829 1024 sileas:
853 985 875 1009 *
899 985 986 1026 Do-

159 1035 274 1077 mine
293 1049 347 1078 ne
368 1036 568 1080 discedas
589 1052 614 1080 a
631 1052 712 1080 me.

212 1093 411 1144 Exsurge
428 1099 471 1136 et
481 1094 657 1138 intende
667 1095 826 1147 judicio
837 1111 951 1139 meo:
963 1099 986 1123 *

158 1148 279 1190 Deus
306 1162 448 1200 meus,
482 1156 526 1193 et
555 1151 769 1194 Dominus
792 1166 915 1195 meus
943 1155 986 1195 in

160 1217 335 1246 causam
353 1219 506 1248 meam.

209 1261 364 1304 Judica
399 1276 469 1305 me
507 1265 747 1307 secundum
781 1267 986 1318 justitiam

158 1323 279 1360 tuam
297 1319 484 1362 Demine
499 1321 620 1363 Deus
639 1335 772 1372 meus,
793 1323 816 1348 *
837 1329 880 1365 et
898 1337 986 1365 non

159 1375 512 1427 supergaudeant
529 1377 644 1418 mihi.

209 1431 311 1473 Non
357 1431 503 1475 dicant
547 1434 590 1474 in
632 1434 838 1477 cerdibus
878 1437 985 1477 suis:

158 1488 290 1538 Euge,
311 1500 436 1539 euge,
465 1490 620 1531 animae
645 1496 824 1533 nostrae:
852 1493 875 1517 *
903 1505 984 1534 nec

158 1542 322 1586 dicant:
341 1544 660 1588 Devoravimus
681 1560 789 1589 eum.

209 1600 491 1652 Erubescant‚
501 1607 545 1644 et
555 1606 836 1646 revereantur
847 1606 984 1656 simul,

157 1657 181 1682 *
202 1657 276 1709 qui
294 1657 566 1707 gratulantur
584 1659 709 1701 malis
727 1661 846 1702 meis.

208 1712 450 1755 Induantur
461 1715 714 1758 confusi6ne
732 1722 775 1759 et
785 1721 982 1760 reveren-

156 1769 217 1811 tia
227 1769 250 1795 *
263 1770 336 1822 qui
346 1783 503 1822 magna
513 1771 751 1824 loquuntur
762 1786 893 1827 super
903 1788 983 1816 me.

209 1825 442 1869 Exsultent
461 1833 504 1869 et
518 1827 721 1870 laetentur
741 1830 814 1882 qui
832 1830 984 1873 volunt

156 1882 363 1934 justitiam
375 1896 533 1925 meam:
543 1885 567 1910 *
578 1890 622 1926 et
636 1884 782 1927 dicant
796 1899 983 1939 semper:

156 1938 458 1989 Magnificetur
476 1940 706 1992 Dominus,
736 1943 808 1994 qui
831 1942 984 1985 volunt

157 2007 312 2047 pacem
331 1996 446 2037 servi
466 1997 566 2049 ejus.

208 2051 265 2093 Et
283 2051 428 2103 lingua
447 2066 545 2094 mea
567 2053 849 2096 meditabitur
867 2055 981 2106 justi-

155 2107 261 2148 tiam
279 2112 409 2159 tuam,
428 2110 451 2134 *
470 2114 564 2151 tota
579 2109 649 2151 die
664 2109 837 2152 laudem
851 2116 981 2152 tuam.

422 2164 619 2204 Psalmus
646 2167 711 2205 35.

153 2213 238 2319 D
253 2220 332 2262 ixit
366 2220 548 2273 injustus
594 2227 641 2263 ut
678 2221 901 2274 delinquat
936 2223 979 2264 in

275 2279 532 2330 semetipso:
568 2279 591 2303 *
628 2291 715 2319 non
749 2283 815 2320 est
850 2279 980 2320 timor

154 2332 238 2374 Dei
257 2339 357 2375 ante
378 2333 529 2375 oculos
550 2335 650 2386 ejus.

208 2390 422 2439 Queniam
467 2389 621 2432 dolose
667 2391 755 2441 egit
796 2391 839 2431 in
880 2403 979 2432 con-

155 2447 309 2497 spectu
327 2446 436 2498 ejus:
455 2447 478 2472 *
498 2452 546 2488 ut
568 2447 810 2488 inveniatur
829 2447 979 2498 iniqui-

154 2505 221 2542 tas
241 2502 330 2553 ejus
349 2501 406 2543 ad
426 2502 584 2544 edium.

205 2558 355 2600 Verba
375 2559 463 2600 oris
484 2559 573 2611 ejus
598 2559 810 2611 iniquitas,
836 2563 879 2599 et
904 2557 978 2599 do-

152 2612 238 2654 lus:
275 2615 298 2639 *
334 2614 473 2657 naluit
509 2615 749 2666 intelligere
786 2619 833 2655 ut
866 2613 977 2655 bene

155 2671 314 2721 ageret.

1094 254 1371 306 Iniquitatem
1391 257 1623 300 meditatus
1643 264 1709 300 est
1732 260 1774 300 in
1794 273 1862 301 cu-

1042 309 1119 351 bili
1155 323 1253 352 suo:
1291 313 1313 337 *
1351 313 1485 355 astitit
1518 315 1634 355 omni
1663 316 1746 356 viae
1776 329 1863 357 non

1042 365 1186 417 bonae,
1210 368 1417 410 malitiam
1441 375 1585 411 autem
1608 384 1695 412 non
1716 372 1862 414 odivit.

1093 422 1279 465 Domine
1290 425 1333 465 in
1344 425 1456 467 coelo
1467 427 1763 469 misericerdia
1773 434 1861 470 tua:

1041 479 1065 504 *
1085 484 1128 520 et
1147 480 1306 522 veritas
1325 486 1400 523 tua
1418 495 1555 534 usque
1575 483 1630 524 ad
1648 483 1796 525 nubes.

1093 535 1265 577 Justitia
1283 542 1357 578 tua
1384 538 1495 579 sicut
1521 544 1690 581 montes
1709 540 1809 582 Dei:
1837 542 1859 566 *

1040 591 1197 643 judicia
1215 597 1289 634 tua
1307 593 1489 646 abyssus
1508 595 1652 637 multa.

1093 649 1313 699 Homines,
1326 655 1368 691 et
1378 651 1565 701 jumenta
1575 651 1762 693 salvabis
1773 653 1858 694 Do-

1041 705 1173 746 mine:
1205 706 1227 730 *
1261 706 1628 758 quemadmodum
1659 708 1858 761 multipli-

1041 761 1149 802 casti
1167 762 1509 804 misericordiam
1527 769 1645 805 tuam
1664 764 1792 806 Deus.

1091 817 1190 858 Filii
1218 823 1364 859 autem
1391 818 1628 870 hominum,
1658 821 1680 846 *
1709 821 1751 860 in
1770 822 1858 872 teg-

1039 873 1155 915 mine
1183 874 1349 915 alarum
1377 877 1548 916 tuarum
1578 877 1825 928 sperabunt.

1091 929 1427 972 inebriabuntur
1463 931 1517 973 ab
1551 932 1751 974 ubertate
1784 933 1858 974 do-

1039 999 1135 1027 mus
1163 991 1269 1028 tuae:
1296 988 1319 1013 *
1349 992 1391 1029 et
1409 990 1602 1030 torrente
1622 989 1858 1041 voluptatis

1039 1047 1126 1084 tuae
1145 1043 1322 1095 potabis
1342 1056 1427 1085 eos.

1092 1099 1306 1149 Quoniam
1323 1100 1440 1152 apud
1454 1106 1498 1142 te
1514 1105 1580 1141 est
1595 1101 1692 1142 fons
1706 1101 1823 1142 vitae:
1835 1102 1858 1127 *

1040 1160 1083 1196 et
1103 1155 1146 1195 in
1165 1155 1327 1197 lumine
1345 1162 1420 1197 tuo
1440 1156 1683 1198 videbimus
1702 1157 1857 1198 lumen.

1090 1212 1320 1254 Praetende
1359 1212 1702 1254 misericordiam
1742 1218 1859 1254 tuam

1039 1267 1274 1310 scientibus
1302 1273 1363 1318 te,
1391 1269 1414 1294 *
1443 1274 1485 1310 et
1512 1269 1716 1320 justitiam
1742 1275 1859 1310 tuam

1039 1324 1116 1374 his,
1138 1325 1211 1376 qui
1231 1330 1352 1366 recto
1372 1331 1471 1366 sunt
1490 1324 1633 1366 corde.

1089 1380 1190 1421 Non
1197 1381 1340 1422 veniat
1348 1380 1451 1422 mihi
1460 1394 1540 1433 pes
1550 1380 1764 1433 superbiae
1771 1397 1778 1420 :
1786 1382 1808 1406 *
1817 1386 1859 1422 et

1037 1449 1191 1477 manus
1214 1438 1459 1489 peccateris
1483 1449 1569 1477 non
1588 1439 1760 1478 meveat
1778 1450 1857 1477 me.

1088 1492 1155 1534 Ibi
1172 1492 1423 1534 ceciderunt
1444 1493 1517 1545 qui
1531 1495 1766 1545 operantur
1782 1493 1855 1532 ini-

1039 1549 1268 1601 quitatem:
1287 1550 1310 1574 *
1330 1549 1501 1602 expulsi
1517 1554 1625 1598 sunt,
1640 1561 1720 1589 nec
1734 1554 1855 1601 potu-

1038 1607 1163 1647 erunt
1181 1610 1307 1647 stare.

1089 1670 1187 1711 Ant.
1215 1671 1430 1723 Expugna
1451 1671 1751 1722 impugnantes
1776 1682 1854 1710 me.

1088 1735 1186 1776 Ant.
1220 1735 1391 1776 Revela.

1308 1817 1502 1857 Psalmus
1522 1819 1585 1857 36.

1034 1878 1181 1985 Noli
1200 1887 1394 1928 aemulari
1412 1887 1455 1927 in
1469 1886 1815 1937 malignantibus:
1831 1888 1853 1912 *

1131 1956 1273 1995 neque
1304 1942 1514 1984 zelaveris
1548 1943 1753 1984 facientes
1780 1943 1852 1983 ini-

1037 1999 1256 2051 quitatem.

1087 2056 1301 2105 Quoniam
1319 2060 1539 2107 tamquam
1558 2056 1720 2097 foenum
1738 2056 1851 2097 velo-

1035 2112 1141 2153 citer
1161 2113 1376 2153 arescent:
1391 2112 1414 2137 *
1429 2116 1472 2153 et
1488 2112 1851 2163 quemadmodum

1035 2167 1154 2209 Olera
1172 2167 1406 2209 herbarum
1425 2167 1511 2209 cito
1531 2167 1740 2209 decident.

1085 2224 1222 2276 Spera
1239 2224 1283 2264 in
1301 2223 1508 2273 Domino,
1533 2228 1576 2264 et
1601 2224 1667 2264 fac
1685 2222 1850 2265 bonita-

1032 2285 1138 2321 tem:
1153 2280 1176 2305 *
1192 2284 1235 2321 et
1249 2279 1441 2321 inhabita
1455 2284 1624 2328 terram,
1644 2284 1688 2320 et
1703 2281 1849 2331 pasce-

1032 2336 1091 2376 ris
1107 2336 1151 2376 in
1170 2335 1329 2376 divitiis
1349 2336 1448 2386 ejus.

1083 2391 1314 2432 Delectare
1339 2391 1382 2430 in
1399 2390 1605 2430 Demino:
1623 2390 1710 2442 *get
1729 2390 1849 2432 dabit

1031 2446 1110 2488 tibi
1127 2447 1358 2499 petitiones
1379 2444 1521 2486 cordis
1539 2446 1612 2486 tui.

1083 2502 1247 2543 Revela
1275 2501 1462 2542 Domino
1495 2501 1609 2542 viam
1635 2506 1768 2550 tuam,
1807 2506 1849 2542 et

1031 2571 1159 2611 spera
1177 2558 1221 2598 in
1240 2570 1311 2598 eo:
1330 2557 1352 2582 *
1372 2561 1415 2597 et
1433 2556 1528 2608 ipse
1547 2557 1686 2598 faciet.

1081 2615 1137 2655 Et
1161 2613 1317 2654 educet
1341 2612 1464 2664 quasi
1482 2611 1627 2654 lumen
1645 2613 1846 2664 justitiam

1029 2675 1166 2713 tuam:
1194 2674 1237 2709 et
1261 2667 1465 2722 judicium
1482 2673 1604 2711 tuum
1627 2674 1846 2721 tamquam
