2066 2904
796 157 1007 191 Commune
1033 166 1108 190 non
1134 156 1346 199 virginum.

436 269 485 307 In
506 270 577 308 111.
602 270 824 309 Nocturno.

272 340 369 377 Ant.
395 337 531 387 Nigra
555 350 668 386 sum,
687 339 711 363 *
736 336 815 379 sed
841 337 1045 386 formosa,

215 392 317 433 fssiae
353 393 613 434 Jerusalem:
649 392 751 434 ideo
789 392 940 434 dilexit
975 404 1045 432 me

215 449 328 497 Rex,
361 453 405 489 et
432 448 676 490 introduxit
702 461 772 490 me
800 449 843 488 in
872 447 1045 489 cubicu-

214 503 303 544 lum
324 517 461 545 suum.

486 578 686 618 Psalmus
705 578 773 617 95.

218 649 479 704 ,ng'fantate
504 647 697 689 Domino
726 646 943 688 canticum
969 658 1044 686 no-

250 721 325 768 ss
343 704 495 743 vumz*
507 706 680 744 cantate
694 702 886 743 Domino
902 701 1046 742 omnis

265 764 460 856 (3311ξέἷέ
463 791 687 864 ’1)61111110,
721 819 765 856 et
798 814 1045 856 benedicite

213 870 379 911 nomini
407 872 515 922 ejus:
542 872 566 897 *
593 871 846 912 annuntiate
881 870 936 912 de
973 870 1043 911 die

212 927 256 966 in
276 926 392 968 diem
411 926 602 967 salutare
622 928 724 978 ejus.

264 982 533 1023 Annuntiute
551 982 664 1023 inter
679 982 845 1024 Gentes
859 982 1043 1034 gloriam

213 1039 320 1090 ejus,
348 1039 371 1063 *
400 1039 443 1078 in
476 1038 679 1079 Omnibus
710 1038 889 1091 populis
917 1038 1043 1078 mira-

212 1094 316 1136 bilia
336 1095 438 1145 ejus.

266 1151 483 1200 Quoniam
514 1164 698 1201 magnus
730 1151 963 1199 Dominus,
1000 1154 1043 1190 et

211 1205 444 1247 laudabilis
480 1206 625 1247 nimis:
666 1207 690 1232 *
733 1206 939 1248 terribilis
976 1210 1043 1247 est

211 1274 343 1314 super
363 1274 516 1303 omnes
536 1261 656 1303 deos.

263 1317 480 1367 Quoniam
497 1329 650 1359 omnes
666 1317 726 1359 dii
741 1317 948 1358 Gentium
963 1316 1042 1358 dae-

210 1373 373 1414 monia:
406 1375 430 1400 *
463 1373 682 1415 Dominus
719 1378 866 1414 autem
903 1373 1042 1414 coelos

211 1429 324 1470 fecit.

264 1484 504 1533 Confessio,
525 1490 568 1526 et
582 1484 865 1537 pulchritudo
881 1485 924 1524 in
940 1496 1038 1525 con-

211 1542 366 1592 spectu
396 1541 500 1591 ejus:
520 1542 543 1566 *
567 1541 856 1582 sanctimonia
884 1545 927 1581 et
953 1552 1041 1580 ma-

210 1596 460 1646 gnificentia
490 1597 533 1636 in
566 1597 912 1637 sanctificatione
939 1597 1041 1647 ejus.

262 1651 430 1693 Afferte
443 1652 636 1693 Domino
652 1653 808 1704 putriae
824 1652 1041 1700 Gentium,

211 1707 364 1748 afferte
392 1707 583 1748 Domino
617 1707 802 1759 gloriam
834 1712 879 1748 et
904 1706 1040 1748 hono-

210 1775 318 1803 rem:
337 1765 361 1789 *
379 1763 533 1804 afferte
551 1763 743 1804 Domino
762 1763 948 1814 gloriam
966 1765 1041 1803 no·

210 1819 316 1859 mini
335 1819 436 1870 ejus.

262 1874 425 1915 Tollite
466 1874 651 1923 hostias,
693 1879 738 1916 et
778 1875 955 1915 introite
997 1874 1038 1913 in

212 1930 322 1971 utria
349 1930 454 1981 ejus:
474 1932 497 1956 *
522 1930 706 1971 adorate
733 1931 971 1971 Dominum
997 1930 1040 1970 in

212 1986 325 2027 atrio
345 1991 498 2027 sancto
518 1987 620 2037 ejus.

265 2042 605 2083 Commoveetur
637 2054 662 2082 a
692 2042 804 2083 facie
832 2042 923 2093 ejus
951 2042 1040 2082 uni-

212 2100 339 2138 versa
371 2102 504 2139 terra:
532 2098 556 2123 *
582 2097 714 2139 dicite
746 2098 790 2138 in
824 2097 1040 2139 Gentibus

213 2154 314 2205 quia
333 2154 548 2194 Dominus
568 2154 778 2204 regnavit.

263 2210 435 2251 Etenim
481 2210 672 2251 correxit
716 2209 870 2251 orbem
910 2214 1041 2250 terrae

213 2266 286 2316 qui
318 2278 406 2307 non
440 2265 803 2307 commovebitur:
831 2266 855 2290 *
883 2265 1040 2316 judica-

210 2320 275 2361 bit
294 2321 486 2373 populos
504 2321 548 2361 in
567 2322 785 2373 aequiteite.

263 2376 487 2417 Laetentur
506 2377 618 2427 coeli,
638 2382 681 2418 et
700 2376 890 2418 exsultet
908 2381 1041 2417 terra:

213 2435 542 2474 commoveatur
568 2446 704 2482 mare,
741 2437 785 2473 et
811 2431 1040 2485 plenitudo

213 2487 318 2538 ejus:
337 2489 360 2514 *
380 2488 633 2539 gaudebunt
653 2489 811 2541 campi,
832 2493 876 2529 et
895 2489 1041 2529 omnia

215 2555 313 2594 quae
331 2543 374 2583 in
394 2544 455 2584 eis
475 2550 585 2585 sunt.

265 2598 390 2639 Tunc
426 2600 707 2642 exsultabunt
744 2600 889 2641 omnia
924 2599 1041 2650 ligna

212 2653 419 2695 silvarum
444 2667 470 2695 a
496 2656 605 2697 facie
623 2656 817 2706 Domini,
847 2656 947 2707 quia
971 2668 1040 2696 ve-

1097 255 1176 297 nit:
1197 257 1221 282 *
1246 258 1452 309 quoniam
1476 259 1596 300 venit
1622 259 1815 310 judicare
1841 265 1925 302 ter-

1097 324 1369 410 raffiidicaibit
1396 370 1550 412 orbem
1577 375 1707 412 terrae
1727 371 1771 412 in
1792 372 1924 424 aequi-

1097 425 1203 472 tete,
1226 424 1250 450 *
1273 430 1318 466 et
1342 426 1533 478 populos
1558 427 1602 467 in
1626 427 1810 469 veritate
1835 441 1926 469 sua.

1152 497 1252 538 Ant.
1293 498 1430 549 Nigra
1463 512 1576 548 sum,
1615 499 1696 541 sed
1721 499 1927 551 formosa,

1097 551 1199 593 fssiae
1234 553 1492 595 Jerusalem:
1531 554 1633 596 ideo
1669 555 1821 597 dilexit
1855 569 1927 598 me

1097 607 1211 658 Rex,
1245 614 1289 650 et
1315 609 1558 652 introduxit
1583 623 1654 652 me
1681 612 1726 652 in
1751 611 1925 653 cubicu-

1097 662 1187 704 lum
1206 678 1343 706 suum.

1151 739 1253 779 Ant.
1272 737 1416 780 Trahe
1435 752 1506 780 me
1524 744 1629 791 post
1646 744 1702 788 te,
1718 739 1743 765 *
1758 739 1802 780 in
1821 739 1927 781 odo-

1096 804 1191 833 rem
1223 796 1448 836 curremus
1481 797 1802 846 unguentorum
1832 797 1928 837 tuo-

1096 860 1209 889 rum:
1233 849 1379 891 oleum
1402 850 1590 892 eflusum
1611 863 1772 892 nomen
1794 855 1928 892 tuum.

1370 932 1571 972 Psalmus
1598 931 1666 972 96.

1197 998 1356 1039 'minus
1370 998 1579 1048 regnavit,
1594 997 1784 1039 exsultet
1796 1002 1929 1039 terra:

1192 1055 1216 1080 *
1235 1053 1438 1095 laetentur
1455 1053 1610 1095 insulae
1627 1053 1789 1095 multae.
1897 1107 1899 1109 v

1147 1114 1311 1163 Nubes,
1331 1119 1375 1156 et
1395 1115 1536 1165 caligo
1555 1115 1600 1154 in
1618 1114 1804 1155 circuitu
1822 1114 1928 1165 ejus:

1095 1171 1118 1196 *
1151 1170 1332 1220 justitia,
1379 1175 1423 1211 et
1463 1169 1670 1222 judicium
1709 1169 1926 1211 correctio

1095 1225 1213 1267 sedis
1235 1227 1336 1278 ejus.

1146 1286 1265 1336 Ignis
1289 1290 1390 1327 ante
1413 1286 1559 1338 ipsum
1583 1284 1819 1338 praecedet,
1837 1285 1862 1311 *
1882 1289 1927 1326 et

1094 1341 1382 1383 inflammabit
1422 1342 1467 1382 in
1504 1341 1690 1383 circuitu
1725 1341 1926 1382 inimicos

1095 1410 1198 1449 ejus.

1146 1457 1389 1499 Illuxerunt
1412 1457 1584 1509 fulgura
1608 1458 1699 1509 ejus
1722 1456 1819 1498 orbi
1841 1461 1926 1498 ter-

1094 1526 1171 1554 rae:
1189 1514 1213 1539 *
1236 1513 1362 1564 vidit,
1391 1518 1435 1555 et
1459 1515 1683 1555 commota
1706 1517 1774 1554 est
1796 1517 1926 1554 terra.

1146 1574 1338 1623 Montes,
1374 1574 1486 1615 sicut
1519 1586 1620 1615 cera
1652 1573 1873 1614 fluxerunt
1900 1584 1927 1612 a

1095 1629 1206 1670 fecie
1246 1629 1440 1670 Domini:
1475 1630 1499 1655 *
1536 1643 1562 1670 a
1597 1629 1709 1670 fecie
1746 1627 1926 1669 Domini

1097 1685 1239 1726 omnis
1256 1690 1386 1726 terra.

1148 1744 1531 1786 Annuntiaverunt
1575 1743 1677 1785 coeli
1715 1743 1926 1795 justitiam

1097 1801 1202 1851 ejus:
1230 1802 1254 1827 *
1282 1805 1326 1841 et
1354 1799 1558 1841 viderunt
1591 1812 1744 1841 omnes
1770 1797 1926 1851 populi

1096 1855 1282 1905 gloriam
1301 1856 1403 1907 ejus.

1150 1915 1483 1957 Confimduntur
1524 1927 1696 1963 omneS‚
1738 1914 1813 1966 qui
1851 1912 1925 1955 ad-

1097 1973 1224 2012 orant
1251 1971 1484 2023 sculptilia:
1511 1973 1535 1998 *
1563 1975 1608 2012 et
1637 1970 1711 2022 qui
1738 1969 1925 2020 glorian-

1095 2031 1167 2067 tur
1186 2027 1230 2067 in
1249 2027 1494 2068 simulacris
1512 2027 1614 2068 suis.

1146 2086 1346 2128 Adorate
1362 2099 1461 2128 eum
1478 2099 1630 2127 omnes
1646 2085 1805 2137 Angeli
1819 2085 1925 2136 ejus:

1094 2142 1118 2167 *
1138 2142 1316 2192 audivit,
1336 2147 1380 2184 et
1397 2142 1548 2183 laetata
1568 2146 1634 2183 est
1652 2141 1769 2183 Sion.

1146 2202 1202 2243 Et
1235 2202 1564 2243 exsultaverunt
1597 2201 1701 2242 fssiae
1728 2201 1753 2242 J
1755 2200 1872 2249 udae,
1899 2200 1923 2226 *

1094 2262 1277 2310 propter
1295 2257 1454 2309 judicia
1474 2262 1550 2298 tua
1567 2257 1772 2298 Domine:

1146 2317 1363 2367 Quoniam
1381 2322 1430 2358 tu
1443 2317 1660 2358 Dominus
1671 2315 1923 2357 Altissimus

1094 2385 1226 2425 super
1256 2385 1431 2414 omnem
1455 2377 1633 2413 terram:
1656 2372 1680 2397 *
1700 2371 1828 2412 nimis
1851 2383 1922 2412 ex-

1095 2429 1256 2470 altatus
1276 2441 1324 2469 es
1344 2440 1477 2480 super
1496 2439 1649 2468 omnes
1668 2426 1787 2468 deos.

1146 2489 1230 2539 Qui
1246 2487 1425 2538 diligitis
1440 2487 1688 2535 Dominum,
1704 2485 1824 2527 odite
1834 2499 1921 2527 ma-

1094 2544 1198 2586 lum:
1225 2545 1249 2570 *
1278 2542 1472 2584 custodit
1503 2543 1719 2583 Dominus
1754 2542 1921 2582 animas

1095 2601 1346 2641 sanctorum
1370 2600 1563 2647 suorum,
1592 2597 1648 2639 de
1670 2610 1802 2638 manu
1821 2610 1921 2650 pec-

1094 2655 1257 2696 catoris
1275 2653 1480 2695 liberiibit
1499 2666 1587 2694 eos.
