2066 2904
801 127 1012 162 Commune
1038 128 1250 171 Virginum.

170 222 259 263 duo
288 221 334 262 in
362 233 494 262 carne
520 232 622 269 una,
656 223 700 260 et
726 218 772 258 in
798 219 997 260 masculo

170 278 299 318 simul
318 276 589 328 significatur
610 279 655 316 et
668 275 840 316 femina.
868 274 999 325 Quod

169 334 207 374 si
234 333 459 375 Christum
491 331 759 373 continentia
788 331 998 383 sequitur,

170 394 214 431 et
232 401 369 441 regno
384 388 470 430 Dei
489 387 718 438 virginitas
737 387 998 428 destinatur:

170 445 278 497 quid
297 449 365 487 est
383 443 470 485 illis
489 456 590 485 cum
608 445 784 484 terreno
804 442 935 492 cultu,
955 447 999 484 et

170 514 269 542 cum
294 500 580 550 ornamentis,
609 499 768 551 quibus
797 499 902 541 dum
924 498 998 540 ho-

169 557 360 599 minibus
391 556 568 608 placere
600 555 813 607 gestiunt,
854 555 999 596 Deum

171 610 421 654 offendunt?

221 690 273 741 Rz.
290 685 542 726 Afferentur
558 684 672 735 Regi
687 684 877 735 virgines
896 688 999 736 post

171 754 286 791 eam,
324 742 537 794 proximae
571 741 661 792 ejus
693 745 717 771 *
749 739 1000 782 Afferentur

169 796 249 839 tibi
298 797 343 838 in
393 797 547 838 laetitia
600 801 644 838 et
695 796 999 837 exsultatione.

169 853 221 905 V.
265 853 422 906 Specie
465 856 542 894 tua
587 857 631 894 et
674 852 999 905 pulchritudine

169 914 246 951 tua
271 908 460 958 intende,
487 911 700 961 pr6spere
723 908 927 961 procede,
957 913 1000 950 et

170 978 315 1017 regna.
367 964 628 1006 Afferentur.
683 964 835 1006 Gloria
870 965 1000 1006 Patri.

171 1021 431 1064 Afferentur.

347 1144 352 1147 t
390 1105 440 1144 In
460 1105 531 1144 III.
554 1105 778 1145 Nocturno.

171 1173 325 1215 Lectio
347 1173 488 1214 sancti
506 1173 734 1224 Evangelii
757 1173 1000 1214 secundum

452 1229 724 1271 Matthaeum.

273 1294 428 1335 Lectio
448 1295 518 1335 vii.
712 1296 816 1348 Cap.
835 1297 894 1336 19.

285 1349 377 1401 ,illo
430 1352 650 1403 tempore:
704 1351 1000 1393 Accesserunt

218 1363 247 1390 n

171 1345 303 1451 Iad
341 1406 491 1447 Jesum
528 1406 737 1458 pharisaei
779 1409 1001 1449 tentantes

173 1473 288 1511 eum,
321 1465 365 1503 et
394 1461 606 1504 dicentes:
638 1462 684 1503 Si
706 1462 811 1504 licet
834 1462 1002 1504 homini

173 1517 395 1559 dimittere
423 1520 609 1560 uxorem
641 1531 766 1559 suam
797 1523 1000 1571 quacum-

174 1586 260 1625 que
279 1586 333 1615 ex
353 1572 509 1615 causa?
537 1575 596 1616 Et
613 1574 794 1626 reliqua.

193 1660 388 1702 Homilia
404 1660 444 1702 S.
462 1660 488 1701 J
489 1660 644 1702 oannis
663 1660 979 1712 Chrysostomi.

286 1729 398 1763 Hom.
414 1729 467 1763 63.
484 1729 524 1763 in
539 1729 683 1772 Matth.‚
702 1730 773 1764 sub
788 1730 887 1764 med.

188 1813 191 1842 2
217 1794 269 1841 35„
307 1790 478 1831 ominus
496 1794 656 1841 noster,
677 1790 781 1842 quia
799 1789 857 1831 ad
875 1790 1003 1841 virgi-

188 1850 191 1901 }
216 1864 262 1889 a
324 1846 508 1887 nitatem
541 1845 709 1887 hortari
741 1859 875 1897 grave
906 1859 1003 1888 esse

185 1904 190 1926 ³
225 1921 251 1926 ·
279 1912 289 1920 ·’
324 1901 1003 1953 videbatur,anecessitatelegis

175 1956 231 1998 de
250 1970 339 1998 non
363 1957 577 1999 solvendo
601 1958 897 2008 matrimonio,
926 1971 1004 2000 eos

175 2012 233 2054 ad
261 2013 552 2066 cupiditatem
574 2013 691 2055 illius
715 2013 890 2055 trahere
915 2018 1002 2055 stu-

176 2068 263 2110 det.
303 2069 476 2111 Deinde
499 2074 549 2110 ut
575 2082 672 2111 eam
697 2082 794 2111 esse
817 2069 1003 2122 possibi-

175 2125 263 2166 lem
283 2125 506 2175 ostendat,
530 2125 594 2166 sic
618 2125 775 2177 inquit:
799 2125 909 2168 Sunt
935 2138 1005 2167 eu-

175 2180 308 2222 nuchi
329 2181 404 2233 qui
422 2194 476 2222 ex
490 2185 643 2223 ventre
662 2181 816 2222 matris
834 2181 897 2222 ita
914 2182 1006 2223 nati

177 2241 288 2288 sunt,
309 2242 352 2278 et
372 2241 473 2278 sunt
495 2237 570 2289 qui
590 2237 645 2278 ab
664 2236 916 2279 hominibus
936 2250 1006 2279 eu-

177 2292 309 2334 nuchi
327 2293 432 2334 facti
452 2298 569 2343 sunt,
599 2298 644 2335 et
669 2298 771 2335 sunt
797 2294 872 2346 qui
894 2296 1005 2347 seip-

178 2361 253 2390 sos
281 2351 584 2391 castraverunt
612 2354 796 2402 propter
825 2363 1007 2400 regnum

179 2405 404 2447 coelorum.
441 2405 612 2455 Quibus
639 2405 787 2447 verbis
818 2406 1007 2447 latenter

180 2473 257 2502 eos
280 2461 338 2503 ad
362 2461 608 2513 eligendam
626 2462 924 2513 virginitatem
946 2462 1007 2502 in-

181 2515 311 2566 ducit,
331 2517 436 2559 dum
454 2530 551 2559 eam
565 2518 774 2559 virtutem
794 2530 892 2559 esse
906 2530 1007 2570 pos-

181 2571 354 2614 sibilem
372 2573 541 2615 astruit.

1792 119 1884 163 [115]

1105 220 1158 272 Rz.
1171 217 1283 258 Haec
1304 221 1372 258 est
1385 216 1527 267 Virgo
1544 214 1731 267 sapiens,
1753 227 1884 267 quam

1051 273 1269 315 Dominus
1291 273 1547 324 vigilantem
1565 271 1747 321 invenit,
1773 283 1883 322 quae,

1054 329 1250 382 acceptis
1278 327 1574 381 lampadibus,
1603 327 1792 379 sumpsit
1820 340 1883 368 se-

1053 398 1153 427 cum
1173 385 1333 426 eleum:
1348 386 1371 410 *
1386 385 1444 425 Et
1463 384 1665 425 veniente
1681 383 1884 432 Domino,

1052 441 1251 483 introivit
1267 454 1367 482 cum
1384 453 1437 482 eo
1453 440 1510 482 ad
1523 440 1713 492 nuptias.
1732 437 1781 488 V.
1796 439 1883 480 Me-

1053 498 1125 539 dia
1148 502 1279 539 nocte
1304 497 1471 538 clamor
1495 496 1638 537 factus
1659 501 1740 538 est:
1767 496 1884 537 Ecce

1053 567 1244 607 sponsus
1262 554 1395 603 venit,
1415 555 1532 594 exite
1548 552 1724 594 Obviam
1740 553 1789 594 ei.
1817 553 1885 593 Et.

1340 616 1495 657 Lectio
1515 616 1601 656 viii.

1104 667 1133 708 d
1161 671 1309 708 autem
1335 666 1422 707 hoc
1447 665 1539 707 fere
1567 665 1703 707 modo
1730 666 1884 707 confir-

1116 728 1218 765 mat.
1257 723 1415 773 Cogita
1433 726 1596 771 tecum,
1617 722 1654 762 si
1674 726 1749 763 aut
1770 735 1795 762 a
1813 735 1884 763 na-

1052 782 1152 820 tura
1170 779 1272 821 talis
1292 791 1429 828 esses,
1455 783 1531 820 aut
1554 778 1610 819 ab
1634 778 1885 819 hominibus

1054 848 1150 877 eam
1168 835 1370 887 injuriam
1388 847 1558 887 passus,
1581 834 1689 886 quid
1707 834 1885 884 faceres,

1054 905 1154 933 cum
1188 897 1231 933 et
1264 890 1480 943 ejusmodi
1508 891 1740 943 voluptate
1768 893 1884 932 care-

1053 961 1140 998 res,
1166 953 1210 989 et
1233 947 1399 988 nullam
1423 947 1615 988 carendo
1635 947 1886 988 mercedem

1054 1003 1410 1056 consequereris?
1429 1003 1608 1044 Gratias
1622 1004 1757 1055 igitur
1770 1017 1886 1045 nunc

1054 1061 1151 1102 Deo
1173 1073 1294 1112 agas,
1323 1059 1446 1111 quod
1470 1072 1570 1101 cum
1595 1060 1800 1101 mercede
1826 1065 1886 1101 at-

1055 1129 1140 1168 que
1169 1116 1347 1158 coronis
1377 1116 1497 1157 idem
1524 1116 1730 1166 sustines,
1768 1116 1888 1168 quod

1053 1173 1117 1214 illi
1146 1173 1239 1214 sine
1273 1173 1449 1214 coronis
1482 1185 1534 1213 ac
1564 1174 1750 1225 praemio
1779 1173 1887 1214 tule-

1054 1234 1168 1271 rant:
1187 1230 1276 1270 imo
1287 1241 1393 1270 vero
1404 1241 1494 1270 non
1503 1228 1633 1278 idem,
1653 1228 1732 1270 sed
1747 1229 1886 1270 multo

1054 1285 1208 1335 levius3
1246 1290 1341 1326 tum
1370 1285 1471 1337 quia
1500 1298 1579 1337 spe
1609 1286 1804 1336 erigeris,
1845 1291 1889 1327 et

1055 1342 1328 1383 conscientia
1355 1347 1476 1383 recte
1502 1341 1620 1391 facti3
1657 1346 1752 1382 tum
1786 1341 1888 1394 quia

1053 1411 1143 1439 non
1162 1398 1224 1439 ita
1242 1398 1493 1448 ingentibus
1514 1398 1887 1450 concupiscentiae

1055 1454 1262 1496 fluctibus
1282 1454 1470 1506 jactaris.

1106 1513 1158 1564 R.
1198 1510 1346 1552 Media
1382 1515 1514 1552 nocte
1547 1510 1714 1551 clamor
1745 1511 1887 1553 factus

1057 1570 1143 1608 est:
1171 1568 1195 1594 *
1228 1567 1345 1608 Ecce
1380 1579 1570 1619 sponsus
1603 1567 1738 1616 venit,
1772 1569 1888 1610 exite

1057 1622 1232 1664 obviam
1257 1623 1307 1664 ei.
1337 1618 1388 1670 V.
1415 1622 1661 1664 Prudentes
1687 1624 1888 1674 virgines,

1056 1681 1207 1731 aptate
1254 1683 1424 1721 vestras
1469 1678 1708 1731 lampades,
1761 1679 1889 1721 Ecce.

1056 1734 1210 1776 Gloria
1232 1735 1365 1777 Patri.
1403 1735 1533 1777 Ecce.

1356 1792 1508 1833 Lectio
1528 1793 1582 1832 ix.

1130 1861 1204 1889 um
1228 1860 1334 1898 ergo
1359 1847 1415 1889 de
1433 1847 1519 1889 illis
1539 1848 1749 1889 eunuchis
1771 1848 1888 1890 dixe-

1057 1961 1324 2010 contineant,
1348 1960 1510 2001 frustra
1534 1965 1578 2002 et
1595 1961 1808 2002 inutiliter
1827 1966 1888 2002 ta-

1056 2015 1121 2056 les
1141 2021 1256 2067 sunt,
1276 2029 1328 2057 ac
1348 2016 1404 2057 de
1423 2016 1521 2067 illis,
1546 2017 1621 2068 qui
1639 2020 1688 2057 ut
1707 2029 1890 2067 regnum

1058 2071 1273 2112 coelorum
1301 2074 1647 2124 consequantur,
1679 2085 1727 2113 se
1754 2073 1889 2114 conti-

1057 2132 1172 2177 nent,
1191 2127 1416 2180 subjunxit
1437 2141 1599 2178 rursus,
1620 2128 1786 2169 dicens:
1806 2129 1890 2179 Qui

1058 2188 1209 2235 potest
1224 2186 1394 2236 capere,
1410 2185 1572 2236 capiat:
1587 2188 1637 2225 ut
1652 2184 1889 2226 alacriores

1060 2238 1222 2281 efficiat
1248 2252 1300 2281 eo
1328 2241 1442 2292 ipso,
1483 2239 1604 2291 quod
1629 2253 1763 2291 grave
1792 2253 1890 2282 esse

1059 2307 1172 2347 opus
1188 2296 1393 2346 ostendit,
1414 2300 1458 2337 et
1472 2295 1683 2337 ineflabili
1697 2295 1890 2348 benigni-

1059 2353 1151 2392 tate
1175 2365 1254 2393 sua
1276 2352 1419 2393 noluit
1445 2364 1542 2393 eam
1564 2364 1658 2393 rem
1681 2352 1796 2393 intra
1819 2366 1890 2395 ne-

1060 2407 1312 2449 cessitatem
1329 2407 1439 2459 legis
1455 2407 1738 2449 concludere:
1756 2408 1892 2460 idque

1061 2462 1268 2513 dicendo,
1295 2463 1440 2505 adhuc
1466 2463 1607 2515 magis
1631 2464 1892 2516 possibilem

1062 2531 1158 2560 esse
1179 2519 1463 2569 demonstrat,
1480 2524 1529 2561 ut
1543 2519 1784 2562 voluntatis
1804 2525 1892 2562 stu-

1061 2574 1182 2616 dium
1200 2575 1301 2628 plus
1321 2577 1544 2626 augeatur.
1575 2575 1640 2617 Te
1658 2577 1813 2618 Deum.
1831 2578 1892 2618 15.

770 2656 1295 2684 ww„
