2028 2892
660 171 769 204 Fcriu
795 170 843 204 vi.
872 175 958 213 post
985 172 1168 203 Octavam
1194 166 1456 201 Ascensionis.

205 262 386 302 vescens
405 260 617 313 praecepit
636 260 714 311 eis,
738 260 793 302 ab
801 261 837 302 ·J
839 261 1031 313 erosoly-

205 317 287 358 mis
307 330 361 359 ne
387 316 680 368 discederent,
704 317 783 359 sed
806 320 1031 370 exspecta-

204 378 300 415 rent
327 373 664 426 promissionem
691 374 844 415 Patris.
889 375 946 415 Et
973 375 1031 416 vi-

206 430 422 472 dentibus.

515 490 665 530 Lectio
686 490 724 529 ii.

282 540 489 590 arissime,
502 540 688 582 fideliter
698 539 804 581 facis
817 539 1032 593 quidquid

207 542 275 650 C
299 597 497 650 operaris
529 597 572 638 in
600 597 772 648 fratreS,
806 601 850 638 et
876 596 962 638 hoc
988 598 1032 638 in

202 655 477 707 peregrinos,
510 654 584 706 qui
610 653 909 696 testimonium
936 654 1031 696 red-

203 711 409 752 diderunt
430 710 602 752 caritati
621 714 710 752 tuae
728 710 772 750 in
791 713 1032 763 conspectu

201 767 426 810 Ecclesiae:
448 780 570 819 quos,
590 767 878 818 benefaciens,
897 766 1030 809 dedu-

190 838 276 867 ·ces
302 824 431 876 digne
454 824 562 866 Deo.
606 825 694 866 Pro
719 824 893 866 nomine
917 825 1031 866 enim

203 883 294 934 ejus
308 881 496 934 profecti
512 886 622 931 sunt,
642 880 748 922 nihil
767 881 1031 934 accipientes

202 952 228 980 a
264 938 492 980 Gentibus.
547 938 643 980 Nos
677 950 782 989 ergo
820 937 1031 980 debemus

201 997 424 1048 suscipere
451 994 716 1047 hujusmodi,
745 999 794 1037 ut
821 1007 1029 1048 coopera-

201 1055 322 1094 tores
346 1052 479 1093 simus
503 1052 711 1093 veritatis.
748 1052 1031 1105 Scripsissem

201 1109 385 1150 forsitan
403 1108 630 1151 Ecclesiae:
655 1108 734 1150 sed
753 1109 800 1158 is,
822 1109 896 1160 qui
914 1114 1031 1150 amat

201 1166 437 1219 primatum
471 1167 625 1216 gerere
662 1165 706 1206 in
741 1165 823 1215 eis,
859 1165 1030 1208 Diotre-

201 1222 322 1276 phes,
341 1235 430 1264 non
449 1222 605 1275 recipit
623 1235 715 1264 nos.
743 1223 931 1275 Propter
946 1222 1031 1265 hoc

202 1280 239 1321 si
257 1281 436 1330 venero,
461 1278 752 1321 commonebo
773 1280 864 1331 ejus
885 1281 1031 1332 opera,

204 1349 303 1388 quae
318 1336 434 1378 facit:
453 1335 598 1378 verbis
615 1335 816 1387 malignis
835 1336 1031 1387 garriens

201 1393 245 1434 in
273 1405 371 1434 nos:
400 1397 444 1434 et
469 1393 593 1445 quasi
620 1405 710 1434 non
738 1393 779 1434 ei
806 1393 889 1435 ista
916 1392 1030 1434 suffi-

203 1449 336 1491 ciant:
362 1462 506 1502 neque
531 1449 627 1502 ipse
653 1449 835 1502 suscipit
859 1449 1031 1492 fratres:

203 1511 247 1548 et
266 1519 354 1557 eos,
376 1506 449 1559 qui
468 1506 724 1559 suscipiunt,
747 1506 964 1559 prohibet,
988 1511 1033 1550 et

203 1562 258 1605 de
276 1563 474 1605 Ecclesia
494 1563 618 1615 ejicit.
688 1590 694 1595 ,

257 1622 306 1662 R.
341 1619 494 1661 Omnis
534 1619 819 1672 pulchritudo
855 1619 1032 1661 Domini

204 1676 394 1719 exaltata
410 1681 477 1718 est
496 1688 629 1729 super
643 1675 802 1718 sidera:
816 1679 838 1704 *
853 1677 1031 1729 Species

204 1734 295 1785 ejus
330 1733 373 1774 in
406 1732 597 1775 nubibus
634 1732 753 1783 coeli,
793 1737 838 1775 et
870 1746 1031 1775 nomen

203 1802 294 1832 eus
308 1789 352 1830 in
368 1791 580 1831 aeternum
592 1791 829 1842 permanet,
848 1789 1031 1842 alleluja.

203 1803 255 1895 γὲ.
285 1847 328 1887 Α
359 1859 529 1888 summo
563 1846 678 1888 coelo
707 1847 900 1899 egressio
928 1847 1031 1899 ejus,

203 1908 247 1946 et
269 1905 481 1945 occursus
505 1904 595 1955 ejus
616 1916 756 1957 usque
779 1903 836 1946 ad
859 1916 1031 1946 sumum

203 1961 304 2013 ejus.
330 1959 509 2013 Species
529 1960 631 2012 ejus.

506 2021 658 2062 Lectio
677 2020 730 2060 iii.

286 2077 502 2127 arissime,
541 2076 631 2118 noli
671 2076 830 2119 imitari
858 2077 1030 2129 malum,

297 2133 377 2177 sed
401 2133 522 2186 quod
545 2133 711 2176 bonum
736 2138 813 2175 est.
851 2134 934 2184 Qui
958 2134 1030 2176 be-

201 2191 376 2242 nefacit,
402 2204 456 2233 ex
474 2191 571 2233 Deo
597 2196 677 2232 est:
706 2190 781 2242 qui
802 2190 1030 2241 malefacit,

200 2261 290 2290 non
316 2247 427 2290 vidit
454 2248 608 2289 Deum.
657 2247 882 2289 Demetrio
911 2248 1029 2290 testi-

201 2305 396 2346 monium
423 2303 622 2346 redditur
649 2303 704 2345 ab
734 2303 956 2354 omnibus,
986 2309 1030 2347 et

203 2360 293 2403 ab
282 2374 379 2414 ipsa
402 2361 604 2411 veritate,
633 2360 713 2402 sed
737 2364 781 2402 et
805 2373 886 2402 nos
910 2361 1028 2403 testi-

202 2418 395 2458 monium
412 2393 708 2471 perhibemus:
728 2422 771 2459 et
788 2417 904 2458 nosti
924 2420 1028 2469 quo—

202 2474 318 2514 niam
341 2475 637 2516 testimonium
659 2478 859 2516 nostrum
878 2486 1029 2515 verum

203 2534 280 2571 est.
314 2530 451 2572 Multa
468 2531 602 2573 habui
619 2530 699 2574 tibi
720 2530 926 2572 scribere:
951 2531 1029 2573 sed

202 2586 322 2628 nolui
339 2599 417 2639 per
440 2590 731 2630 atramentum
751 2593 795 2630 et
815 2587 1028 2630 calamum

204 2642 393 2685 scribere
419 2643 508 2685 tibi.
553 2645 693 2698 Spero
722 2649 866 2686 autem
893 2645 1028 2697 proti-

202 2712 283 2741 nus
309 2704 353 2741 te
380 2699 546 2752 videre,
575 2706 619 2743 et
644 2714 695 2743 os
722 2701 779 2744 ad
804 2714 855 2743 os
880 2701 1028 2753 loque-

1083 275 1192 304 mur.
1230 262 1323 304 Pax
1350 261 1441 304 tibi.
1481 261 1680 303 Salatant
1703 265 1748 303 te
1773 261 1909 303 amici.

1083 319 1232 361 Saluta
1251 321 1415 360 amicos
1433 318 1701 359 nominatim.

1139 381 1188 432 Rg.
1213 375 1419 418 Exaltare
1437 374 1637 417 Domine.
1663 375 1764 416 320.

1308 463 1357 502 In
1384 463 1435 502 11.
1463 462 1686 502 Nocturno.

1130 527 1197 568 De
1222 525 1433 567 Sermone
1461 523 1602 566 sancti
1628 523 1863 576 Augustini

1388 581 1610 634 Episcopi.

1153 650 1207 684 Ex
1235 650 1370 684 eodem
1394 650 1578 684 Sermone
1604 648 1672 684 176.
1699 650 1737 683 in
1762 649 1845 684 fine.

1386 710 1567 751 Lectio
1556 724 1610 750 lv.

1087 767 1910 879 §fflssitffinss‘s'ssssircassaffiffffiuffi

1086 869 1177 909 ’ζ’-Ἀ
1203 880 1501 934 triumphavit,
1524 893 1572 923 se
1595 881 1800 931 exercuit,
1823 893 1911 923 non

1082 937 1210 979 nobis
1234 938 1348 979 vicit.
1388 937 1433 979 Si
1457 950 1546 979 non
1570 937 1615 978 in
1638 942 1792 980 nostro
1817 940 1909 979 cor-

1083 1006 1192 1047 pore
1212 994 1463 1044 resurrexit,
1487 993 1729 1036 conditioni
1747 999 1910 1037 nostrae

1083 1049 1351 1102 resurgendo
1367 1050 1473 1092 nihil
1489 1050 1684 1092 contulit.
1710 1051 1822 1093 Haec
1837 1051 1911 1104 qui

1084 1106 1199 1157 dicit,
1219 1110 1438 1161 susceptae
1456 1112 1500 1149 et
1514 1111 1753 1160 assumptae
1768 1108 1911 1150 carnis

1083 1177 1171 1205 non
1197 1164 1399 1217 intelligit
1424 1164 1656 1214 rationem,
1687 1163 1914 1207 confandit

1084 1220 1305 1272 ordinem,
1349 1224 1533 1263 evacuat
1571 1220 1815 1263 utilitatem.
1869 1221 1914 1263 Si

1083 1289 1172 1319 non
1194 1277 1238 1318 in
1259 1282 1411 1320 nostra
1435 1290 1565 1319 carne
1586 1277 1758 1330 peregit
1778 1278 1912 1320 medi·

1084 1336 1240 1385 cinam,
1266 1334 1406 1376 solam
1431 1346 1537 1386 ergo
1562 1346 1618 1376 ex
1640 1333 1818 1376 homine
1840 1347 1912 1377 na-

1085 1391 1235 1433 scendi
1259 1391 1391 1443 elegit
1412 1391 1622 1443 injuriam.
1666 1390 1866 1434 Recedat
1888 1404 1914 1433 a

1084 1447 1285 1490 sensibus
1328 1448 1491 1490 nostris
1533 1452 1625 1489 tam
1666 1447 1914 1500 periculosa

1082 1505 1325 1558 persuasio.
1356 1506 1425 1547 De
1443 1509 1594 1546 nostro
1614 1509 1681 1546 est
1700 1503 1821 1557 quod
1839 1518 1912 1558 ap·

1083 1561 1256 1614 pendit,
1285 1561 1340 1604 de
1369 1574 1449 1604 suo
1479 1566 1546 1603 est
1575 1560 1696 1614 quod
1723 1559 1913 1604 donavit.

1083 1618 1231 1660 Meum
1250 1623 1391 1661 testor
1411 1630 1508 1660 esse
1528 1617 1649 1671 quod
1668 1617 1842 1669 cecidit,
1863 1623 1914 1661 ut

1083 1687 1230 1717 meum
1254 1675 1311 1717 sit
1337 1674 1458 1728 quod
1482 1674 1729 1716 resurrexit.
1766 1674 1913 1717 Meum

1083 1736 1223 1774 testor
1241 1745 1338 1774 esse
1357 1730 1477 1785 quod
1493 1731 1625 1785 jacuit
1642 1731 1756 1773 intra
1772 1734 1912 1773 tumu-

1083 1787 1188 1839 lum,
1209 1793 1257 1831 ut
1274 1801 1420 1831 meum
1439 1788 1495 1830 sit
1514 1786 1635 1841 quod
1653 1786 1854 1831 ascendit
1868 1788 1912 1829 in

1084 1845 1255 1887 coelum.

1139 1906 1189 1958 R.
1214 1902 1410 1955 Tempus
1439 1906 1522 1952 est,
1556 1905 1605 1943 ut
1631 1903 1827 1943 revertar
1855 1901 1911 1944 ad

1085 1971 1199 2010 eum,
1220 1960 1294 2012 qui
1311 1972 1383 2001 me
1401 1959 1534 2009 misit,
1559 1958 1665 2001 dicit
1682 1958 1912 2000 Dominus:

1083 2016 1219 2058 nolite
1238 2016 1500 2067 contristari,
1518 2028 1599 2058 nec
1618 2015 1819 2057 turbetur
1834 2028 1912 2057 cor

1083 2078 1293 2115 vestrum:
1312 2076 1334 2099 *
1346 2073 1474 2124 Rogo
1488 2085 1571 2125 pro
1586 2072 1711 2114 vobis
1724 2072 1911 2122 Patrem,

1083 2134 1132 2171 ut
1149 2130 1245 2183 ipse
1260 2143 1341 2172 vos
1360 2128 1590 2178 custodiat,
1611 2128 1793 2180 alleluja,
1812 2128 1911 2170 alle-

1083 2186 1181 2239 luja.
1203 2183 1253 2235 V.
1269 2186 1366 2228 Nisi
1386 2198 1468 2237 ego
1489 2185 1651 2236 abiero,
1668 2184 1911 2226 Paraclitus

1083 2255 1171 2285 non
1191 2243 1349 2285 veniet:
1375 2256 1474 2285 cum
1498 2245 1751 2295 assumptus
1775 2241 1911 2292 fuero,

1083 2300 1254 2342 mittam
1272 2299 1399 2341 vobis
1418 2313 1529 2341 eum.
1556 2299 1696 2350 Rogo.

1395 2359 1548 2401 Lectio
1567 2372 1605 2398 v.

1087 2413 1158 2519 In
1182 2417 1257 2458 illo
1283 2419 1432 2469 itaque
1456 2415 1595 2457 nostri
1622 2414 1793 2466 generis
1818 2417 1909 2457 cor-

1146 2486 1256 2527 pore
1282 2485 1364 2515 nos
1390 2471 1549 2514 Christi
1574 2484 1694 2514 mors
1719 2472 1908 2514 vivifica-

1082 2531 1164 2581 vit,
1209 2543 1290 2572 nos
1332 2529 1594 2573 resurrectio
1632 2529 1787 2579 erexit,
1829 2542 1909 2570 nos

1083 2587 1280 2629 ascensio
1314 2585 1598 2628 consecravit.
1651 2585 1701 2625 In
1732 2585 1807 2626 illo
1836 2598 1908 2627 no-

1084 2650 1185 2686 strae
1222 2643 1400 2695 originis
1436 2644 1623 2695 corpore
1657 2641 1909 2684 coelestibus

1082 2701 1226 2753 regnis
1255 2699 1426 2742 arrham
1456 2704 1618 2741 nostrae
1646 2698 1909 2741 conditionis
