<?xml version="1.0" encoding="UTF-8"?>
<!DOCTYPE html PUBLIC "-//W3C//DTD XHTML 1.0 Transitional//EN"
    "http://www.w3.org/TR/xhtml1/DTD/xhtml1-transitional.dtd">
<html xmlns="http://www.w3.org/1999/xhtml" xml:lang="en" lang="en">
 <head>
  <title>
</title>
<meta http-equiv="Content-Type" content="text/html;charset=utf-8" />
  <meta name='ocr-system' content='tesseract 3.04.00' />
  <meta name='ocr-capabilities' content='ocr_page ocr_carea ocr_par ocr_line ocrx_word'/>
</head>
<body>
  <div class='ocr_page' id='page_1' title='image "./p2breviariumroma00cathuoft_0461.png"; bbox 0 0 2028 2892; ppageno 0'>
   <div class='ocr_carea' id='block_1_1' title="bbox 728 163 1297 216">
    <p class='ocr_par' dir='ltr' id='par_1_1' title="bbox 728 163 1297 216">
     <span class='ocr_line' id='line_1_1' title="bbox 728 163 1297 216; baseline 0.005 -11"><span class='ocrx_word' id='word_1_1' title='bbox 728 174 878 216; x_wconf 69' lang='lat' dir='ltr'>Septem</span> <span class='ocrx_word' id='word_1_2' title='bbox 910 163 1091 208; x_wconf 74' lang='lat' dir='ltr'>Dolorum</span> <span class='ocrx_word' id='word_1_3' title='bbox 1119 175 1158 208; x_wconf 74' lang='lat' dir='ltr'>B.</span> <span class='ocrx_word' id='word_1_4' title='bbox 1187 176 1229 208; x_wconf 70' lang='lat' dir='ltr'>M.</span> <span class='ocrx_word' id='word_1_5' title='bbox 1256 176 1297 208; x_wconf 60' lang='lat' dir='ltr'>Y.</span> 
     </span>
    </p>
   </div>
   <div class='ocr_carea' id='block_1_2' title="bbox 159 269 990 1056">
    <p class='ocr_par' dir='ltr' id='par_1_2' title="bbox 159 269 990 1056">
     <span class='ocr_line' id='line_1_2' title="bbox 161 269 990 324; baseline -0.002 -11"><span class='ocrx_word' id='word_1_6' title='bbox 161 272 238 313; x_wconf 85' lang='lat' dir='ltr'>bat</span> <span class='ocrx_word' id='word_1_7' title='bbox 259 270 434 324; x_wconf 89' lang='lat' dir='ltr'>quando</span> <span class='ocrx_word' id='word_1_8' title='bbox 452 269 641 324; x_wconf 74' lang='lat' dir='ltr'>dicebat:</span> <span class='ocrx_word' id='word_1_9' title='bbox 660 269 704 310; x_wconf 90' lang='lat' dir='ltr'>Si</span> <span class='ocrx_word' id='word_1_10' title='bbox 726 269 823 321; x_wconf 89' lang='lat' dir='ltr'>quis</span> <span class='ocrx_word' id='word_1_11' title='bbox 843 274 990 311; x_wconf 90' lang='lat' dir='ltr'>autem</span> 
     </span>
     <span class='ocr_line' id='line_1_3' title="bbox 162 325 988 378; baseline -0.002 -9"><span class='ocrx_word' id='word_1_12' title='bbox 162 328 270 378; x_wconf 88' lang='lat' dir='ltr'>suis,</span> <span class='ocrx_word' id='word_1_13' title='bbox 307 332 352 369; x_wconf 91' lang='lat' dir='ltr'>et</span> <span class='ocrx_word' id='word_1_14' title='bbox 386 326 574 368; x_wconf 78' lang='lat' dir='ltr'>maxime</span> <span class='ocrx_word' id='word_1_15' title='bbox 611 325 865 367; x_wconf 77' lang='lat' dir='ltr'>domesticis</span> <span class='ocrx_word' id='word_1_16' title='bbox 899 339 988 367; x_wconf 92' lang='lat' dir='ltr'>non</span> 
     </span>
     <span class='ocr_line' id='line_1_4' title="bbox 162 381 988 437; baseline -0.004 -11"><span class='ocrx_word' id='word_1_17' title='bbox 162 383 385 437; x_wconf 89' lang='lat' dir='ltr'>providet,</span> <span class='ocrx_word' id='word_1_18' title='bbox 410 381 543 424; x_wconf 92' lang='lat' dir='ltr'>fidem</span> <span class='ocrx_word' id='word_1_19' title='bbox 562 382 752 434; x_wconf 78' lang='lat' dir='ltr'>negavit,</span> <span class='ocrx_word' id='word_1_20' title='bbox 780 387 824 423; x_wconf 92' lang='lat' dir='ltr'>et</span> <span class='ocrx_word' id='word_1_21' title='bbox 843 387 910 423; x_wconf 93' lang='lat' dir='ltr'>est</span> <span class='ocrx_word' id='word_1_22' title='bbox 928 383 988 423; x_wconf 91' lang='lat' dir='ltr'>in-</span> 
     </span>
     <span class='ocr_line' id='line_1_5' title="bbox 162 438 987 489; baseline -0.001 -8"><span class='ocrx_word' id='word_1_23' title='bbox 162 441 282 483; x_wconf 81' lang='lat' dir='ltr'>fideli</span> <span class='ocrx_word' id='word_1_24' title='bbox 313 439 515 482; x_wconf 80' lang='lat' dir='ltr'>deterior.</span> <span class='ocrx_word' id='word_1_25' title='bbox 574 438 688 489; x_wconf 91' lang='lat' dir='ltr'>Quid</span> <span class='ocrx_word' id='word_1_26' title='bbox 721 444 867 481; x_wconf 88' lang='lat' dir='ltr'>autem</span> <span class='ocrx_word' id='word_1_27' title='bbox 898 444 987 481; x_wconf 85' lang='lat' dir='ltr'>tam</span> 
     </span>
     <span class='ocr_line' id='line_1_6' title="bbox 162 496 986 549; baseline -0.002 -11"><span class='ocrx_word' id='word_1_28' title='bbox 162 499 318 549; x_wconf 91' lang='lat' dir='ltr'>cuique</span> <span class='ocrx_word' id='word_1_29' title='bbox 339 496 649 544; x_wconf 80' lang='lat' dir='ltr'>domesticum,</span> <span class='ocrx_word' id='word_1_30' title='bbox 678 508 809 548; x_wconf 90' lang='lat' dir='ltr'>quam</span> <span class='ocrx_word' id='word_1_31' title='bbox 834 497 986 547; x_wconf 82' lang='lat' dir='ltr'>paren-</span> 
     </span>
     <span class='ocr_line' id='line_1_7' title="bbox 160 551 987 605; baseline -0.001 -10"><span class='ocrx_word' id='word_1_32' title='bbox 160 558 227 595; x_wconf 84' lang='lat' dir='ltr'>tes</span> <span class='ocrx_word' id='word_1_33' title='bbox 241 553 353 602; x_wconf 87' lang='lat' dir='ltr'>filiis,</span> <span class='ocrx_word' id='word_1_34' title='bbox 369 557 444 594; x_wconf 90' lang='lat' dir='ltr'>aut</span> <span class='ocrx_word' id='word_1_35' title='bbox 457 552 711 605; x_wconf 84' lang='lat' dir='ltr'>parentibus</span> <span class='ocrx_word' id='word_1_36' title='bbox 726 551 827 593; x_wconf 85' lang='lat' dir='ltr'>filii?</span> <span class='ocrx_word' id='word_1_37' title='bbox 847 553 987 604; x_wconf 85' lang='lat' dir='ltr'>Hujus</span> 
     </span>
     <span class='ocr_line' id='line_1_8' title="bbox 160 608 987 661; baseline 0.002 -12"><span class='ocrx_word' id='word_1_38' title='bbox 160 611 308 661; x_wconf 86' lang='lat' dir='ltr'>itaque</span> <span class='ocrx_word' id='word_1_39' title='bbox 343 608 616 650; x_wconf 80' lang='lat' dir='ltr'>saluberrimi</span> <span class='ocrx_word' id='word_1_40' title='bbox 648 608 862 661; x_wconf 80' lang='lat' dir='ltr'>praecepti</span> <span class='ocrx_word' id='word_1_41' title='bbox 892 609 987 661; x_wconf 91' lang='lat' dir='ltr'>ipse</span> 
     </span>
     <span class='ocr_line' id='line_1_9' title="bbox 159 665 986 718; baseline 0 -12"><span class='ocrx_word' id='word_1_42' title='bbox 159 667 366 717; x_wconf 87' lang='lat' dir='ltr'>magister</span> <span class='ocrx_word' id='word_1_43' title='bbox 385 667 638 707; x_wconf 89' lang='lat' dir='ltr'>sanctorum</span> <span class='ocrx_word' id='word_1_44' title='bbox 652 665 707 707; x_wconf 92' lang='lat' dir='ltr'>de</span> <span class='ocrx_word' id='word_1_45' title='bbox 723 667 869 718; x_wconf 89' lang='lat' dir='ltr'>seipso</span> <span class='ocrx_word' id='word_1_46' title='bbox 887 678 986 706; x_wconf 91' lang='lat' dir='ltr'>con-</span> 
     </span>
     <span class='ocr_line' id='line_1_10' title="bbox 161 720 986 775; baseline 0.001 -13"><span class='ocrx_word' id='word_1_47' title='bbox 161 722 370 764; x_wconf 81' lang='lat' dir='ltr'>stituebat</span> <span class='ocrx_word' id='word_1_48' title='bbox 398 722 660 775; x_wconf 80' lang='lat' dir='ltr'>exemplum:</span> <span class='ocrx_word' id='word_1_49' title='bbox 696 720 872 774; x_wconf 88' lang='lat' dir='ltr'>quando</span> <span class='ocrx_word' id='word_1_50' title='bbox 899 735 986 763; x_wconf 92' lang='lat' dir='ltr'>non</span> 
     </span>
     <span class='ocr_line' id='line_1_11' title="bbox 160 778 987 830; baseline 0.001 -11"><span class='ocrx_word' id='word_1_51' title='bbox 160 784 208 820; x_wconf 92' lang='lat' dir='ltr'>ut</span> <span class='ocrx_word' id='word_1_52' title='bbox 234 778 407 820; x_wconf 85' lang='lat' dir='ltr'>famulae</span> <span class='ocrx_word' id='word_1_53' title='bbox 430 779 567 828; x_wconf 89' lang='lat' dir='ltr'>Deus,</span> <span class='ocrx_word' id='word_1_54' title='bbox 596 791 727 830; x_wconf 93' lang='lat' dir='ltr'>quam</span> <span class='ocrx_word' id='word_1_55' title='bbox 751 780 987 827; x_wconf 82' lang='lat' dir='ltr'>creaverat,</span> 
     </span>
     <span class='ocr_line' id='line_1_12' title="bbox 162 833 985 886; baseline 0.001 -10"><span class='ocrx_word' id='word_1_56' title='bbox 162 840 205 877; x_wconf 89' lang='lat' dir='ltr'>et</span> <span class='ocrx_word' id='word_1_57' title='bbox 225 834 418 886; x_wconf 53' lang='lat' dir='ltr'>regebam</span> <span class='ocrx_word' id='word_1_58' title='bbox 441 833 521 876; x_wconf 90' lang='lat' dir='ltr'>sed</span> <span class='ocrx_word' id='word_1_59' title='bbox 546 840 594 876; x_wconf 91' lang='lat' dir='ltr'>ut</span> <span class='ocrx_word' id='word_1_60' title='bbox 612 835 739 876; x_wconf 88' lang='lat' dir='ltr'>matri</span> <span class='ocrx_word' id='word_1_61' title='bbox 757 834 906 885; x_wconf 92' lang='lat' dir='ltr'>homo,</span> <span class='ocrx_word' id='word_1_62' title='bbox 931 835 985 877; x_wconf 92' lang='lat' dir='ltr'>de</span> 
     </span>
     <span class='ocr_line' id='line_1_13' title="bbox 162 891 984 944; baseline 0 -12"><span class='ocrx_word' id='word_1_63' title='bbox 162 904 246 944; x_wconf 91' lang='lat' dir='ltr'>qua</span> <span class='ocrx_word' id='word_1_64' title='bbox 265 893 438 933; x_wconf 80' lang='lat' dir='ltr'>creatus</span> <span class='ocrx_word' id='word_1_65' title='bbox 458 891 615 941; x_wconf 83' lang='lat' dir='ltr'>fuerat,</span> <span class='ocrx_word' id='word_1_66' title='bbox 639 896 682 933; x_wconf 89' lang='lat' dir='ltr'>et</span> <span class='ocrx_word' id='word_1_67' title='bbox 707 904 837 943; x_wconf 90' lang='lat' dir='ltr'>quam</span> <span class='ocrx_word' id='word_1_68' title='bbox 860 892 984 933; x_wconf 89' lang='lat' dir='ltr'>relin-</span> 
     </span>
     <span class='ocr_line' id='line_1_14' title="bbox 161 947 986 1000; baseline 0.001 -12"><span class='ocrx_word' id='word_1_69' title='bbox 161 947 340 1000; x_wconf 80' lang='lat' dir='ltr'>quebat,</span> <span class='ocrx_word' id='word_1_70' title='bbox 373 947 559 989; x_wconf 73' lang='lat' dir='ltr'>alterum</span> <span class='ocrx_word' id='word_1_71' title='bbox 590 960 671 1000; x_wconf 91' lang='lat' dir='ltr'>pro</span> <span class='ocrx_word' id='word_1_72' title='bbox 701 961 748 990; x_wconf 91' lang='lat' dir='ltr'>se</span> <span class='ocrx_word' id='word_1_73' title='bbox 777 948 986 1000; x_wconf 82' lang='lat' dir='ltr'>quodam-</span> 
     </span>
     <span class='ocr_line' id='line_1_15' title="bbox 159 1003 743 1056; baseline 0.002 -11"><span class='ocrx_word' id='word_1_74' title='bbox 159 1003 293 1045; x_wconf 90' lang='lat' dir='ltr'>modo</span> <span class='ocrx_word' id='word_1_75' title='bbox 314 1003 450 1045; x_wconf 87' lang='lat' dir='ltr'>filium</span> <span class='ocrx_word' id='word_1_76' title='bbox 469 1003 743 1056; x_wconf 86' lang='lat' dir='ltr'>providebat.</span> 
     </span>
    </p>
   </div>
   <div class='ocr_carea' id='block_1_3' title="bbox 156 1068 985 1505">
    <p class='ocr_par' dir='ltr' id='par_1_3' title="bbox 156 1068 985 1505">
     <span class='ocr_line' id='line_1_16' title="bbox 214 1068 985 1122; baseline 0.001 -12"><span class='ocrx_word' id='word_1_77' title='bbox 214 1072 261 1122; x_wconf 59' lang='lat' dir='ltr'>Rg.</span> <span class='ocrx_word' id='word_1_78' title='bbox 296 1068 373 1120; x_wconf 89' lang='lat' dir='ltr'>Eja</span> <span class='ocrx_word' id='word_1_79' title='bbox 404 1073 543 1110; x_wconf 88' lang='lat' dir='ltr'>mater</span> <span class='ocrx_word' id='word_1_80' title='bbox 575 1068 672 1109; x_wconf 91' lang='lat' dir='ltr'>fons</span> <span class='ocrx_word' id='word_1_81' title='bbox 705 1069 885 1118; x_wconf 88' lang='lat' dir='ltr'>amoris,</span> <span class='ocrx_word' id='word_1_82' title='bbox 917 1069 985 1111; x_wconf 90' lang='lat' dir='ltr'>fac</span> 
     </span>
     <span class='ocr_line' id='line_1_17' title="bbox 158 1122 985 1174; baseline 0.004 -10"><span class='ocrx_word' id='word_1_83' title='bbox 158 1136 240 1165; x_wconf 91' lang='lat' dir='ltr'>nos</span> <span class='ocrx_word' id='word_1_84' title='bbox 266 1126 426 1166; x_wconf 88' lang='lat' dir='ltr'>sentire</span> <span class='ocrx_word' id='word_1_85' title='bbox 450 1124 538 1166; x_wconf 86' lang='lat' dir='ltr'>vim</span> <span class='ocrx_word' id='word_1_86' title='bbox 563 1122 746 1174; x_wconf 87' lang='lat' dir='ltr'>doloris,</span> <span class='ocrx_word' id='word_1_87' title='bbox 774 1130 823 1166; x_wconf 90' lang='lat' dir='ltr'>ut</span> <span class='ocrx_word' id='word_1_88' title='bbox 839 1130 985 1167; x_wconf 92' lang='lat' dir='ltr'>tecum</span> 
     </span>
     <span class='ocr_line' id='line_1_18' title="bbox 157 1179 983 1234; baseline 0.004 -14"><span class='ocrx_word' id='word_1_89' title='bbox 157 1179 397 1231; x_wconf 78' lang='lat' dir='ltr'>lugeamus:</span> <span class='ocrx_word' id='word_1_90' title='bbox 418 1186 437 1207; x_wconf 88' lang='lat'>*</span> <span class='ocrx_word' id='word_1_91' title='bbox 464 1181 520 1223; x_wconf 86' lang='lat' dir='ltr'>Et</span> <span class='ocrx_word' id='word_1_92' title='bbox 547 1181 792 1223; x_wconf 86' lang='lat' dir='ltr'>Dominicae</span> <span class='ocrx_word' id='word_1_93' title='bbox 817 1182 983 1234; x_wconf 89' lang='lat' dir='ltr'>passio-</span> 
     </span>
     <span class='ocr_line' id='line_1_19' title="bbox 156 1236 985 1288; baseline 0.002 -10"><span class='ocrx_word' id='word_1_94' title='bbox 156 1236 223 1278; x_wconf 89' lang='lat' dir='ltr'>nis</span> <span class='ocrx_word' id='word_1_95' title='bbox 242 1237 430 1279; x_wconf 86' lang='lat' dir='ltr'>fructum</span> <span class='ocrx_word' id='word_1_96' title='bbox 449 1238 699 1279; x_wconf 78' lang='lat' dir='ltr'>sentiamus.</span> <span class='ocrx_word' id='word_1_97' title='bbox 724 1237 772 1288; x_wconf 60' lang='lat' dir='ltr'>Y.</span> <span class='ocrx_word' id='word_1_98' title='bbox 796 1238 854 1280; x_wconf 89' lang='lat' dir='ltr'>Ut</span> <span class='ocrx_word' id='word_1_99' title='bbox 874 1239 985 1280; x_wconf 93' lang='lat' dir='ltr'>sicut</span> 
     </span>
     <span class='ocr_line' id='line_1_20' title="bbox 156 1292 984 1347; baseline 0.005 -15"><span class='ocrx_word' id='word_1_100' title='bbox 156 1292 271 1335; x_wconf 82' lang='lat' dir='ltr'>filius</span> <span class='ocrx_word' id='word_1_101' title='bbox 289 1298 391 1335; x_wconf 90' lang='lat' dir='ltr'>tuus</span> <span class='ocrx_word' id='word_1_102' title='bbox 405 1294 429 1334; x_wconf 87' lang='lat' dir='ltr'>J</span> <span class='ocrx_word' id='word_1_103' title='bbox 432 1307 531 1335; x_wconf 89' lang='lat' dir='ltr'>esus</span> <span class='ocrx_word' id='word_1_104' title='bbox 546 1307 628 1347; x_wconf 91' lang='lat' dir='ltr'>pro</span> <span class='ocrx_word' id='word_1_105' title='bbox 644 1293 771 1336; x_wconf 91' lang='lat' dir='ltr'>nobis</span> <span class='ocrx_word' id='word_1_106' title='bbox 786 1297 984 1336; x_wconf 91' lang='lat' dir='ltr'>mortuus</span> 
     </span>
     <span class='ocr_line' id='line_1_21' title="bbox 158 1350 983 1401; baseline 0.002 -11"><span class='ocrx_word' id='word_1_107' title='bbox 158 1354 240 1398; x_wconf 90' lang='lat' dir='ltr'>est,</span> <span class='ocrx_word' id='word_1_108' title='bbox 269 1355 313 1391; x_wconf 91' lang='lat' dir='ltr'>et</span> <span class='ocrx_word' id='word_1_109' title='bbox 336 1351 587 1401; x_wconf 80' lang='lat' dir='ltr'>resurrexit;</span> <span class='ocrx_word' id='word_1_110' title='bbox 614 1350 675 1392; x_wconf 90' lang='lat' dir='ltr'>ita</span> <span class='ocrx_word' id='word_1_111' title='bbox 699 1356 743 1392; x_wconf 89' lang='lat' dir='ltr'>et</span> <span class='ocrx_word' id='word_1_112' title='bbox 767 1364 848 1392; x_wconf 90' lang='lat' dir='ltr'>nos</span> <span class='ocrx_word' id='word_1_113' title='bbox 868 1364 983 1392; x_wconf 93' lang='lat' dir='ltr'>com-</span> 
     </span>
     <span class='ocr_line' id='line_1_22' title="bbox 157 1406 983 1458; baseline 0.004 -13"><span class='ocrx_word' id='word_1_114' title='bbox 157 1406 316 1448; x_wconf 89' lang='lat' dir='ltr'>mortui</span> <span class='ocrx_word' id='word_1_115' title='bbox 359 1419 458 1448; x_wconf 91' lang='lat' dir='ltr'>cum</span> <span class='ocrx_word' id='word_1_116' title='bbox 499 1406 656 1448; x_wconf 91' lang='lat' dir='ltr'>eodem</span> <span class='ocrx_word' id='word_1_117' title='bbox 695 1410 983 1458; x_wconf 79' lang='lat' dir='ltr'>resurgamus.</span> 
     </span>
     <span class='ocr_line' id='line_1_23' title="bbox 158 1461 649 1505; baseline 0.002 -3"><span class='ocrx_word' id='word_1_118' title='bbox 158 1461 224 1503; x_wconf 85' lang='lat' dir='ltr'>Et.</span> <span class='ocrx_word' id='word_1_119' title='bbox 261 1462 407 1504; x_wconf 86' lang='lat' dir='ltr'>Gloria</span> <span class='ocrx_word' id='word_1_120' title='bbox 425 1463 554 1505; x_wconf 89' lang='lat' dir='ltr'>Patri.</span> <span class='ocrx_word' id='word_1_121' title='bbox 582 1463 649 1505; x_wconf 89' lang='lat' dir='ltr'>Et.</span> 
     </span>
    </p>
   </div>
   <div class='ocr_carea' id='block_1_4' title="bbox 208 1526 838 1561">
    <p class='ocr_par' dir='ltr' id='par_1_4' title="bbox 208 1526 838 1561">
     <span class='ocr_line' id='line_1_24' title="bbox 208 1526 838 1561; baseline 0.002 -1"><span class='ocrx_word' id='word_1_122' title='bbox 208 1527 339 1560; x_wconf 82' lang='lat' dir='ltr'>Lectio</span> <span class='ocrx_word' id='word_1_123' title='bbox 366 1526 413 1560; x_wconf 72' lang='lat' dir='ltr'>ix.</span> <span class='ocrx_word' id='word_1_124' title='bbox 440 1527 485 1561; x_wconf 87' lang='lat' dir='ltr'>de</span> <span class='ocrx_word' id='word_1_125' title='bbox 512 1527 679 1561; x_wconf 80' lang='lat' dir='ltr'>Homilia</span> <span class='ocrx_word' id='word_1_126' title='bbox 708 1528 838 1561; x_wconf 74' lang='lat' dir='ltr'>Feriae.</span> 
     </span>
    </p>
   </div>
   <div class='ocr_carea' id='block_1_5' title="bbox 125 1596 982 2217">
    <p class='ocr_par' dir='ltr' id='par_1_5' title="bbox 359 1596 780 1699">
     <span class='ocr_line' id='line_1_25' title="bbox 425 1596 718 1639; baseline 0 -1"><span class='ocrx_word' id='word_1_127' title='bbox 425 1596 503 1638; x_wconf 84' lang='lat' dir='ltr'>Ad.</span> <span class='ocrx_word' id='word_1_128' title='bbox 522 1596 718 1639; x_wconf 84' lang='lat' dir='ltr'>Laudes</span> 
     </span>
     <span class='ocr_line' id='line_1_26' title="bbox 359 1657 780 1699; baseline 0.002 -9"><span class='ocrx_word' id='word_1_129' title='bbox 359 1662 409 1690; x_wconf 87' lang='lat' dir='ltr'>et</span> <span class='ocrx_word' id='word_1_130' title='bbox 448 1666 545 1699; x_wconf 85' lang='lat' dir='ltr'>per</span> <span class='ocrx_word' id='word_1_131' title='bbox 587 1657 780 1691; x_wconf 78' lang='lat' dir='ltr'>Horas.</span> 
     </span>
    </p>

    <p class='ocr_par' dir='ltr' id='par_1_6' title="bbox 155 1710 982 1818">
     <span class='ocr_line' id='line_1_27' title="bbox 213 1710 982 1765; baseline 0 -12"><span class='ocrx_word' id='word_1_132' title='bbox 213 1713 309 1753; x_wconf 85' lang='lat' dir='ltr'>Ant.</span> <span class='ocrx_word' id='word_1_133' title='bbox 327 1716 354 1752; x_wconf 82' lang='lat'>1.</span> <span class='ocrx_word' id='word_1_134' title='bbox 374 1710 543 1752; x_wconf 83' lang='lat' dir='ltr'>Vadam</span> <span class='ocrx_word' id='word_1_135' title='bbox 558 1710 615 1752; x_wconf 87' lang='lat' dir='ltr'>ad</span> <span class='ocrx_word' id='word_1_136' title='bbox 628 1716 822 1753; x_wconf 88' lang='lat' dir='ltr'>montem</span> <span class='ocrx_word' id='word_1_137' title='bbox 836 1713 859 1738; x_wconf 90' lang='lat'>*</span> <span class='ocrx_word' id='word_1_138' title='bbox 870 1726 982 1765; x_wconf 91' lang='lat' dir='ltr'>myr-</span> 
     </span>
     <span class='ocr_line' id='line_1_28' title="bbox 155 1766 740 1818; baseline 0 -9"><span class='ocrx_word' id='word_1_139' title='bbox 155 1768 256 1818; x_wconf 87' lang='lat' dir='ltr'>rhae,</span> <span class='ocrx_word' id='word_1_140' title='bbox 276 1773 320 1809; x_wconf 88' lang='lat' dir='ltr'>et</span> <span class='ocrx_word' id='word_1_141' title='bbox 338 1766 395 1810; x_wconf 89' lang='lat' dir='ltr'>ad</span> <span class='ocrx_word' id='word_1_142' title='bbox 414 1767 572 1809; x_wconf 92' lang='lat' dir='ltr'>collem</span> <span class='ocrx_word' id='word_1_143' title='bbox 589 1767 740 1809; x_wconf 86' lang='lat' dir='ltr'>thuris.</span> 
     </span>
    </p>

    <p class='ocr_par' dir='ltr' id='par_1_7' title="bbox 207 1828 826 1880">
     <span class='ocr_line' id='line_1_29' title="bbox 207 1828 826 1880; baseline 0.003 -11"><span class='ocrx_word' id='word_1_144' title='bbox 207 1830 273 1870; x_wconf 85' lang='lat' dir='ltr'>Ps.</span> <span class='ocrx_word' id='word_1_145' title='bbox 304 1828 514 1870; x_wconf 86' lang='lat' dir='ltr'>Dominus</span> <span class='ocrx_word' id='word_1_146' title='bbox 533 1829 742 1880; x_wconf 79' lang='lat' dir='ltr'>regnavit.</span> <span class='ocrx_word' id='word_1_147' title='bbox 767 1831 826 1871; x_wconf 86' lang='lat'>16.</span> 
     </span>
    </p>

    <p class='ocr_par' dir='ltr' id='par_1_8' title="bbox 154 1889 981 2054">
     <span class='ocr_line' id='line_1_30' title="bbox 207 1889 981 1940; baseline 0.004 -11"><span class='ocrx_word' id='word_1_148' title='bbox 207 1891 242 1929; x_wconf 84' lang='lat'>2.</span> <span class='ocrx_word' id='word_1_149' title='bbox 272 1889 466 1931; x_wconf 80' lang='lat' dir='ltr'>Dilectus</span> <span class='ocrx_word' id='word_1_150' title='bbox 488 1902 612 1931; x_wconf 91' lang='lat' dir='ltr'>meus</span> <span class='ocrx_word' id='word_1_151' title='bbox 635 1890 660 1916; x_wconf 90' lang='lat'>*</span> <span class='ocrx_word' id='word_1_152' title='bbox 683 1889 911 1940; x_wconf 68' lang='lat' dir='ltr'>candidus,</span> <span class='ocrx_word' id='word_1_153' title='bbox 938 1898 981 1933; x_wconf 89' lang='lat' dir='ltr'>et</span> 
     </span>
     <span class='ocr_line' id='line_1_31' title="bbox 154 1944 980 1998; baseline 0.002 -12"><span class='ocrx_word' id='word_1_154' title='bbox 154 1944 436 1987; x_wconf 80' lang='lat' dir='ltr'>rubicundus:</span> <span class='ocrx_word' id='word_1_155' title='bbox 460 1958 598 1987; x_wconf 86' lang='lat' dir='ltr'>comae</span> <span class='ocrx_word' id='word_1_156' title='bbox 617 1946 773 1998; x_wconf 77' lang='lat' dir='ltr'>capitis</span> <span class='ocrx_word' id='word_1_157' title='bbox 793 1947 882 1998; x_wconf 88' lang='lat' dir='ltr'>ejus</span> <span class='ocrx_word' id='word_1_158' title='bbox 902 1948 980 1989; x_wconf 89' lang='lat' dir='ltr'>sic-</span> 
     </span>
     <span class='ocr_line' id='line_1_32' title="bbox 154 2002 980 2054; baseline 0.004 -12"><span class='ocrx_word' id='word_1_159' title='bbox 154 2006 202 2043; x_wconf 91' lang='lat' dir='ltr'>ut</span> <span class='ocrx_word' id='word_1_160' title='bbox 224 2004 421 2054; x_wconf 81' lang='lat' dir='ltr'>purpura</span> <span class='ocrx_word' id='word_1_161' title='bbox 443 2002 558 2053; x_wconf 86' lang='lat' dir='ltr'>regis</span> <span class='ocrx_word' id='word_1_162' title='bbox 577 2002 722 2044; x_wconf 85' lang='lat' dir='ltr'>vincta</span> <span class='ocrx_word' id='word_1_163' title='bbox 745 2003 980 2045; x_wconf 76' lang='lat' dir='ltr'>canalibus.</span> 
     </span>
    </p>

    <p class='ocr_par' dir='ltr' id='par_1_9' title="bbox 125 2062 979 2217">
     <span class='ocr_line' id='line_1_33' title="bbox 207 2062 979 2113; baseline 0.006 -12"><span class='ocrx_word' id='word_1_164' title='bbox 207 2063 242 2102; x_wconf 82' lang='lat'>3.</span> <span class='ocrx_word' id='word_1_165' title='bbox 281 2064 375 2112; x_wconf 88' lang='lat' dir='ltr'>Quo</span> <span class='ocrx_word' id='word_1_166' title='bbox 403 2062 510 2104; x_wconf 73' lang='lat' dir='ltr'>abiit</span> <span class='ocrx_word' id='word_1_167' title='bbox 537 2065 561 2090; x_wconf 85' lang='lat'>*</span> <span class='ocrx_word' id='word_1_168' title='bbox 589 2062 775 2105; x_wconf 83' lang='lat' dir='ltr'>dilectus</span> <span class='ocrx_word' id='word_1_169' title='bbox 802 2068 922 2113; x_wconf 87' lang='lat' dir='ltr'>tuus,</span> <span class='ocrx_word' id='word_1_170' title='bbox 952 2077 979 2106; x_wconf 93' lang='lat' dir='ltr'>o</span> 
     </span>
     <span class='ocr_line' id='line_1_34' title="bbox 153 2117 978 2172; baseline 0.005 -14"><span class='ocrx_word' id='word_1_171' title='bbox 153 2117 446 2171; x_wconf 80' lang='lat' dir='ltr'>pulcherrima</span> <span class='ocrx_word' id='word_1_172' title='bbox 471 2117 725 2160; x_wconf 79' lang='lat' dir='ltr'>mulierum?</span> <span class='ocrx_word' id='word_1_173' title='bbox 760 2132 846 2172; x_wconf 93' lang='lat' dir='ltr'>quo</span> <span class='ocrx_word' id='word_1_174' title='bbox 876 2120 978 2162; x_wconf 84' lang='lat' dir='ltr'>dile-</span> 
     </span>
     <span class='ocr_line' id='line_1_35' title="bbox 125 2174 643 2217; baseline 0.004 -2"><span class='ocrx_word' id='word_1_175' title='bbox 125 2196 128 2200; x_wconf 42' lang='lat'><em>*</em></span> <span class='ocrx_word' id='word_1_176' title='bbox 154 2178 248 2216; x_wconf 87' lang='lat' dir='ltr'>ctus</span> <span class='ocrx_word' id='word_1_177' title='bbox 267 2179 369 2216; x_wconf 90' lang='lat' dir='ltr'>tuus</span> <span class='ocrx_word' id='word_1_178' title='bbox 387 2174 643 2217; x_wconf 74' lang='lat' dir='ltr'>declinavit?</span> 
     </span>
    </p>
   </div>
   <div class='ocr_carea' id='block_1_6' title="bbox 151 2236 979 2746">
    <p class='ocr_par' dir='ltr' id='par_1_10' title="bbox 151 2236 979 2390">
     <span class='ocr_line' id='line_1_36' title="bbox 208 2236 979 2289; baseline 0.003 -12"><span class='ocrx_word' id='word_1_179' title='bbox 208 2238 244 2277; x_wconf 79' lang='lat'>4.</span> <span class='ocrx_word' id='word_1_180' title='bbox 273 2236 519 2278; x_wconf 83' lang='lat' dir='ltr'>Fasciculus</span> <span class='ocrx_word' id='word_1_181' title='bbox 541 2236 731 2289; x_wconf 87' lang='lat' dir='ltr'>myrrhae</span> <span class='ocrx_word' id='word_1_182' title='bbox 750 2238 773 2263; x_wconf 84' lang='lat'>*</span> <span class='ocrx_word' id='word_1_183' title='bbox 793 2237 979 2280; x_wconf 81' lang='lat' dir='ltr'>dilectus</span> 
     </span>
     <span class='ocr_line' id='line_1_37' title="bbox 151 2292 979 2343; baseline 0.002 -10"><span class='ocrx_word' id='word_1_184' title='bbox 151 2304 275 2333; x_wconf 90' lang='lat' dir='ltr'>meus</span> <span class='ocrx_word' id='word_1_185' title='bbox 297 2292 417 2343; x_wconf 82' lang='lat' dir='ltr'>mihi,</span> <span class='ocrx_word' id='word_1_186' title='bbox 445 2293 558 2335; x_wconf 89' lang='lat' dir='ltr'>inter</span> <span class='ocrx_word' id='word_1_187' title='bbox 581 2292 718 2335; x_wconf 82' lang='lat' dir='ltr'>ubera</span> <span class='ocrx_word' id='word_1_188' title='bbox 740 2307 839 2336; x_wconf 89' lang='lat' dir='ltr'>mea</span> <span class='ocrx_word' id='word_1_189' title='bbox 865 2307 979 2335; x_wconf 91' lang='lat' dir='ltr'>com-</span> 
     </span>
     <span class='ocr_line' id='line_1_38' title="bbox 153 2348 405 2390; baseline 0.008 -2"><span class='ocrx_word' id='word_1_190' title='bbox 153 2348 405 2390; x_wconf 81' lang='lat' dir='ltr'>morabitur.</span> 
     </span>
    </p>

    <p class='ocr_par' dir='ltr' id='par_1_11' title="bbox 152 2404 978 2514">
     <span class='ocr_line' id='line_1_39' title="bbox 209 2404 978 2459; baseline 0.007 -16"><span class='ocrx_word' id='word_1_191' title='bbox 209 2405 245 2443; x_wconf 85' lang='lat'>5.</span> <span class='ocrx_word' id='word_1_192' title='bbox 275 2404 437 2447; x_wconf 88' lang='lat' dir='ltr'>Fulcite</span> <span class='ocrx_word' id='word_1_193' title='bbox 461 2418 531 2447; x_wconf 93' lang='lat' dir='ltr'>me</span> <span class='ocrx_word' id='word_1_194' title='bbox 556 2405 755 2457; x_wconf 89' lang='lat' dir='ltr'>floribus,</span> <span class='ocrx_word' id='word_1_195' title='bbox 773 2407 797 2432; x_wconf 92' lang='lat'>*</span> <span class='ocrx_word' id='word_1_196' title='bbox 817 2407 978 2459; x_wconf 79' lang='lat' dir='ltr'>stipate</span> 
     </span>
     <span class='ocr_line' id='line_1_40' title="bbox 152 2461 880 2514; baseline 0.005 -14"><span class='ocrx_word' id='word_1_197' title='bbox 152 2472 221 2501; x_wconf 92' lang='lat' dir='ltr'>me</span> <span class='ocrx_word' id='word_1_198' title='bbox 239 2461 374 2511; x_wconf 85' lang='lat' dir='ltr'>malis,</span> <span class='ocrx_word' id='word_1_199' title='bbox 394 2461 495 2514; x_wconf 89' lang='lat' dir='ltr'>quia</span> <span class='ocrx_word' id='word_1_200' title='bbox 514 2464 662 2503; x_wconf 91' lang='lat' dir='ltr'>amore</span> <span class='ocrx_word' id='word_1_201' title='bbox 681 2462 880 2514; x_wconf 79' lang='lat' dir='ltr'>langueo.</span> 
     </span>
    </p>

    <p class='ocr_par' dir='ltr' id='par_1_12' title="bbox 152 2525 978 2746">
     <span class='ocr_line' id='line_1_41' title="bbox 257 2525 871 2578; baseline 0.007 -13"><span class='ocrx_word' id='word_1_202' title='bbox 257 2525 514 2578; x_wconf 82' lang='lat' dir='ltr'>Capitulum.</span> <span class='ocrx_word' id='word_1_203' title='bbox 666 2530 787 2570; x_wconf 81' lang='lat' dir='ltr'>lsaiae</span> <span class='ocrx_word' id='word_1_204' title='bbox 808 2531 871 2569; x_wconf 79' lang='lat'>53.</span> 
     </span>
     <span class='ocr_line' id='line_1_42' title="bbox 237 2580 978 2625; baseline 0.007 -5"><span class='ocrx_word' id='word_1_205' title='bbox 237 2580 304 2621; x_wconf 89' lang='lat' dir='ltr'>uis</span> <span class='ocrx_word' id='word_1_206' title='bbox 329 2580 516 2624; x_wconf 80' lang='lat' dir='ltr'>credidit</span> <span class='ocrx_word' id='word_1_207' title='bbox 540 2581 708 2624; x_wconf 86' lang='lat' dir='ltr'>auditui</span> <span class='ocrx_word' id='word_1_208' title='bbox 731 2581 906 2625; x_wconf 86' lang='lat' dir='ltr'>nostro?</span> <span class='ocrx_word' id='word_1_209' title='bbox 935 2589 978 2625; x_wconf 89' lang='lat' dir='ltr'>et</span> 
     </span>
     <span class='ocr_line' id='line_1_43' title="bbox 262 2634 977 2680; baseline 0.003 -2"><span class='ocrx_word' id='word_1_210' title='bbox 262 2634 488 2679; x_wconf 61' lang='lat' dir='ltr'>brochium</span> <span class='ocrx_word' id='word_1_211' title='bbox 512 2639 689 2680; x_wconf 89' lang='lat' dir='ltr'>Domini</span> <span class='ocrx_word' id='word_1_212' title='bbox 717 2639 787 2680; x_wconf 92' lang='lat' dir='ltr'>cui</span> <span class='ocrx_word' id='word_1_213' title='bbox 814 2639 977 2680; x_wconf 76' lang='lat' dir='ltr'>revela-</span> 
     </span>
     <span class='ocr_line' id='line_1_44' title="bbox 152 2691 974 2746; baseline 0.006 -15"><span class='ocrx_word' id='word_1_214' title='bbox 152 2694 246 2732; x_wconf 91' lang='lat' dir='ltr'>tum</span> <span class='ocrx_word' id='word_1_215' title='bbox 263 2691 350 2735; x_wconf 82' lang='lat' dir='ltr'>est?</span> <span class='ocrx_word' id='word_1_216' title='bbox 377 2694 434 2735; x_wconf 91' lang='lat' dir='ltr'>Et</span> <span class='ocrx_word' id='word_1_217' title='bbox 458 2693 667 2737; x_wconf 81' lang='lat' dir='ltr'>ascendet</span> <span class='ocrx_word' id='word_1_218' title='bbox 685 2695 798 2736; x_wconf 92' lang='lat' dir='ltr'>sicut</span> <span class='ocrx_word' id='word_1_219' title='bbox 817 2695 974 2746; x_wconf 82' lang='lat' dir='ltr'>virgul-</span> 
     </span>
    </p>
   </div>
   <div class='ocr_carea' id='block_1_7' title="bbox 1803 173 1868 208">
    <p class='ocr_par' dir='ltr' id='par_1_13' title="bbox 1803 173 1868 208">
     <span class='ocr_line' id='line_1_45' title="bbox 1803 173 1868 208; baseline 0 0"><span class='ocrx_word' id='word_1_220' title='bbox 1803 173 1868 208; x_wconf 85' lang='lat'>433</span> 
     </span>
    </p>
   </div>
   <div class='ocr_carea' id='block_1_8' title="bbox 1040 268 1866 615">
    <p class='ocr_par' dir='ltr' id='par_1_14' title="bbox 1040 268 1866 615">
     <span class='ocr_line' id='line_1_46' title="bbox 1040 268 1866 319; baseline -0.001 -8"><span class='ocrx_word' id='word_1_221' title='bbox 1040 274 1133 311; x_wconf 88' lang='lat' dir='ltr'>tum</span> <span class='ocrx_word' id='word_1_222' title='bbox 1168 282 1316 311; x_wconf 92' lang='lat' dir='ltr'>coram</span> <span class='ocrx_word' id='word_1_223' title='bbox 1347 283 1418 319; x_wconf 87' lang='lat' dir='ltr'>eo,</span> <span class='ocrx_word' id='word_1_224' title='bbox 1450 276 1493 312; x_wconf 93' lang='lat' dir='ltr'>et</span> <span class='ocrx_word' id='word_1_225' title='bbox 1520 270 1631 311; x_wconf 93' lang='lat' dir='ltr'>sicut</span> <span class='ocrx_word' id='word_1_226' title='bbox 1658 268 1783 311; x_wconf 82' lang='lat' dir='ltr'>radix</span> <span class='ocrx_word' id='word_1_227' title='bbox 1811 269 1866 311; x_wconf 94' lang='lat' dir='ltr'>de</span> 
     </span>
     <span class='ocr_line' id='line_1_47' title="bbox 1040 326 1349 368; baseline -0.003 -1"><span class='ocrx_word' id='word_1_228' title='bbox 1040 331 1157 367; x_wconf 89' lang='lat' dir='ltr'>terra</span> <span class='ocrx_word' id='word_1_229' title='bbox 1177 326 1349 368; x_wconf 80' lang='lat' dir='ltr'>sitienti.</span> 
     </span>
     <span class='ocr_line' id='line_1_48' title="bbox 1352 393 1559 443; baseline 0 -11"><span class='ocrx_word' id='word_1_230' title='bbox 1352 393 1559 443; x_wconf 65' lang='lat' dir='ltr'>Hymnus.</span> 
     </span>
     <span class='ocr_line' id='line_1_49' title="bbox 1183 449 1756 501; baseline 0 -11"><span class='ocrx_word' id='word_1_231' title='bbox 1183 449 1278 500; x_wconf 87' lang='lat' dir='ltr'>irgo</span> <span class='ocrx_word' id='word_1_232' title='bbox 1298 449 1513 499; x_wconf 86' lang='lat' dir='ltr'>virginum</span> <span class='ocrx_word' id='word_1_233' title='bbox 1531 449 1756 501; x_wconf 82' lang='lat' dir='ltr'>praeclara,</span> 
     </span>
     <span class='ocr_line' id='line_1_50' title="bbox 1208 505 1778 558; baseline 0 -12"><span class='ocrx_word' id='word_1_234' title='bbox 1208 505 1314 547; x_wconf 88' lang='lat' dir='ltr'>Mihi</span> <span class='ocrx_word' id='word_1_235' title='bbox 1333 507 1417 558; x_wconf 87' lang='lat' dir='ltr'>jam</span> <span class='ocrx_word' id='word_1_236' title='bbox 1435 519 1523 547; x_wconf 92' lang='lat' dir='ltr'>non</span> <span class='ocrx_word' id='word_1_237' title='bbox 1543 506 1601 546; x_wconf 90' lang='lat' dir='ltr'>sis</span> <span class='ocrx_word' id='word_1_238' title='bbox 1621 508 1778 555; x_wconf 79' lang='lat' dir='ltr'>amara,</span> 
     </span>
     <span class='ocr_line' id='line_1_51' title="bbox 1142 562 1721 615; baseline -0.003 -11"><span class='ocrx_word' id='word_1_239' title='bbox 1142 563 1232 604; x_wconf 87' lang='lat' dir='ltr'>Fac</span> <span class='ocrx_word' id='word_1_240' title='bbox 1250 575 1319 604; x_wconf 91' lang='lat' dir='ltr'>me</span> <span class='ocrx_word' id='word_1_241' title='bbox 1338 567 1483 604; x_wconf 93' lang='lat' dir='ltr'>tecum</span> <span class='ocrx_word' id='word_1_242' title='bbox 1503 562 1721 615; x_wconf 80' lang='lat' dir='ltr'>plangere.</span> 
     </span>
    </p>
   </div>
   <div class='ocr_carea' id='block_1_9' title="bbox 1102 626 1835 962">
    <p class='ocr_par' dir='ltr' id='par_1_15' title="bbox 1102 626 1835 962">
     <span class='ocr_line' id='line_1_52' title="bbox 1102 626 1835 680; baseline -0.005 -9"><span class='ocrx_word' id='word_1_243' title='bbox 1102 632 1180 671; x_wconf 72' lang='lat' dir='ltr'>Fac</span> <span class='ocrx_word' id='word_1_244' title='bbox 1199 631 1247 669; x_wconf 89' lang='lat' dir='ltr'>ut</span> <span class='ocrx_word' id='word_1_245' title='bbox 1266 632 1439 680; x_wconf 89' lang='lat' dir='ltr'>portem</span> <span class='ocrx_word' id='word_1_246' title='bbox 1460 626 1619 668; x_wconf 86' lang='lat' dir='ltr'>Christi</span> <span class='ocrx_word' id='word_1_247' title='bbox 1639 632 1835 675; x_wconf 88' lang='lat' dir='ltr'>mortem,</span> 
     </span>
     <span class='ocr_line' id='line_1_53' title="bbox 1141 684 1731 732; baseline -0.003 -7"><span class='ocrx_word' id='word_1_248' title='bbox 1141 684 1362 726; x_wconf 90' lang='lat' dir='ltr'>Passionis</span> <span class='ocrx_word' id='word_1_249' title='bbox 1383 684 1451 725; x_wconf 91' lang='lat' dir='ltr'>fac</span> <span class='ocrx_word' id='word_1_250' title='bbox 1471 685 1731 732; x_wconf 85' lang='lat' dir='ltr'>consortem,</span> 
     </span>
     <span class='ocr_line' id='line_1_54' title="bbox 1142 740 1597 793; baseline -0.004 -11"><span class='ocrx_word' id='word_1_251' title='bbox 1142 741 1199 782; x_wconf 90' lang='lat' dir='ltr'>Et</span> <span class='ocrx_word' id='word_1_252' title='bbox 1218 741 1372 793; x_wconf 84' lang='lat' dir='ltr'>plagas</span> <span class='ocrx_word' id='word_1_253' title='bbox 1391 740 1597 781; x_wconf 90' lang='lat' dir='ltr'>recolere.</span> 
     </span>
     <span class='ocr_line' id='line_1_55' title="bbox 1103 805 1678 859; baseline -0.007 -10"><span class='ocrx_word' id='word_1_254' title='bbox 1103 812 1183 850; x_wconf 77' lang='lat' dir='ltr'>Fac</span> <span class='ocrx_word' id='word_1_255' title='bbox 1200 819 1269 847; x_wconf 90' lang='lat' dir='ltr'>me</span> <span class='ocrx_word' id='word_1_256' title='bbox 1289 805 1430 859; x_wconf 87' lang='lat' dir='ltr'>plagis</span> <span class='ocrx_word' id='word_1_257' title='bbox 1449 805 1678 854; x_wconf 76' lang='lat' dir='ltr'>vulnerari,</span> 
     </span>
     <span class='ocr_line' id='line_1_56' title="bbox 1141 861 1701 910; baseline -0.005 -6"><span class='ocrx_word' id='word_1_258' title='bbox 1141 863 1230 905; x_wconf 88' lang='lat' dir='ltr'>Fac</span> <span class='ocrx_word' id='word_1_259' title='bbox 1248 876 1318 904; x_wconf 93' lang='lat' dir='ltr'>me</span> <span class='ocrx_word' id='word_1_260' title='bbox 1338 875 1466 904; x_wconf 89' lang='lat' dir='ltr'>cruce</span> <span class='ocrx_word' id='word_1_261' title='bbox 1485 861 1701 910; x_wconf 80' lang='lat' dir='ltr'>inebriari,</span> 
     </span>
     <span class='ocr_line' id='line_1_57' title="bbox 1142 918 1499 962; baseline -0.006 -2"><span class='ocrx_word' id='word_1_262' title='bbox 1142 920 1198 962; x_wconf 88' lang='lat' dir='ltr'>Et</span> <span class='ocrx_word' id='word_1_263' title='bbox 1217 921 1371 961; x_wconf 92' lang='lat' dir='ltr'>cruore</span> <span class='ocrx_word' id='word_1_264' title='bbox 1392 918 1499 959; x_wconf 87' lang='lat' dir='ltr'>Filii.</span> 
     </span>
    </p>
   </div>
   <div class='ocr_carea' id='block_1_10' title="bbox 1031 984 1862 1966">
    <p class='ocr_par' dir='ltr' id='par_1_16' title="bbox 1094 984 1770 1149">
     <span class='ocr_line' id='line_1_58' title="bbox 1094 984 1754 1032; baseline -0.002 -7"><span class='ocrx_word' id='word_1_265' title='bbox 1094 984 1293 1026; x_wconf 79' lang='lat' dir='ltr'>Flammis</span> <span class='ocrx_word' id='word_1_266' title='bbox 1314 997 1367 1025; x_wconf 92' lang='lat' dir='ltr'>ne</span> <span class='ocrx_word' id='word_1_267' title='bbox 1387 997 1489 1025; x_wconf 89' lang='lat' dir='ltr'>urar</span> <span class='ocrx_word' id='word_1_268' title='bbox 1507 986 1754 1032; x_wconf 82' lang='lat' dir='ltr'>succensus,</span> 
     </span>
     <span class='ocr_line' id='line_1_59' title="bbox 1141 1039 1770 1092; baseline -0.002 -11"><span class='ocrx_word' id='word_1_269' title='bbox 1141 1042 1225 1083; x_wconf 92' lang='lat' dir='ltr'>Per</span> <span class='ocrx_word' id='word_1_270' title='bbox 1243 1047 1287 1083; x_wconf 90' lang='lat' dir='ltr'>te</span> <span class='ocrx_word' id='word_1_271' title='bbox 1307 1041 1444 1092; x_wconf 87' lang='lat' dir='ltr'>Virgo</span> <span class='ocrx_word' id='word_1_272' title='bbox 1465 1040 1547 1081; x_wconf 92' lang='lat' dir='ltr'>sim</span> <span class='ocrx_word' id='word_1_273' title='bbox 1567 1039 1770 1082; x_wconf 82' lang='lat' dir='ltr'>defensus</span> 
     </span>
     <span class='ocr_line' id='line_1_60' title="bbox 1142 1096 1459 1149; baseline -0.003 -11"><span class='ocrx_word' id='word_1_274' title='bbox 1142 1098 1192 1138; x_wconf 93' lang='lat' dir='ltr'>In</span> <span class='ocrx_word' id='word_1_275' title='bbox 1213 1097 1282 1139; x_wconf 88' lang='lat' dir='ltr'>die</span> <span class='ocrx_word' id='word_1_276' title='bbox 1302 1096 1459 1149; x_wconf 88' lang='lat' dir='ltr'>judicii.</span> 
     </span>
    </p>

    <p class='ocr_par' dir='ltr' id='par_1_17' title="bbox 1089 1161 1767 1328">
     <span class='ocr_line' id='line_1_61' title="bbox 1089 1161 1735 1211; baseline -0.005 -7"><span class='ocrx_word' id='word_1_277' title='bbox 1089 1162 1275 1211; x_wconf 67' lang='lat' dir='ltr'>Christe,</span> <span class='ocrx_word' id='word_1_278' title='bbox 1296 1175 1395 1203; x_wconf 93' lang='lat' dir='ltr'>cum</span> <span class='ocrx_word' id='word_1_279' title='bbox 1415 1161 1470 1202; x_wconf 94' lang='lat' dir='ltr'>sit</span> <span class='ocrx_word' id='word_1_280' title='bbox 1488 1161 1588 1202; x_wconf 90' lang='lat' dir='ltr'>hinc</span> <span class='ocrx_word' id='word_1_281' title='bbox 1607 1163 1735 1210; x_wconf 86' lang='lat' dir='ltr'>exire,</span> 
     </span>
     <span class='ocr_line' id='line_1_62' title="bbox 1143 1219 1767 1272; baseline -0.003 -12"><span class='ocrx_word' id='word_1_282' title='bbox 1143 1219 1212 1260; x_wconf 91' lang='lat' dir='ltr'>Da</span> <span class='ocrx_word' id='word_1_283' title='bbox 1230 1231 1310 1272; x_wconf 90' lang='lat' dir='ltr'>per</span> <span class='ocrx_word' id='word_1_284' title='bbox 1328 1219 1514 1260; x_wconf 88' lang='lat' dir='ltr'>Matrem</span> <span class='ocrx_word' id='word_1_285' title='bbox 1531 1230 1600 1259; x_wconf 88' lang='lat' dir='ltr'>me</span> <span class='ocrx_word' id='word_1_286' title='bbox 1620 1220 1767 1259; x_wconf 87' lang='lat' dir='ltr'>venire</span> 
     </span>
     <span class='ocr_line' id='line_1_63' title="bbox 1141 1275 1647 1328; baseline -0.004 -12"><span class='ocrx_word' id='word_1_287' title='bbox 1141 1275 1213 1317; x_wconf 90' lang='lat' dir='ltr'>Ad</span> <span class='ocrx_word' id='word_1_288' title='bbox 1231 1275 1422 1328; x_wconf 89' lang='lat' dir='ltr'>palmam</span> <span class='ocrx_word' id='word_1_289' title='bbox 1440 1275 1647 1316; x_wconf 86' lang='lat' dir='ltr'>victoriae.</span> 
     </span>
    </p>

    <p class='ocr_par' dir='ltr' id='par_1_18' title="bbox 1094 1340 1696 1393">
     <span class='ocr_line' id='line_1_64' title="bbox 1094 1340 1696 1393; baseline -0.003 -12"><span class='ocrx_word' id='word_1_290' title='bbox 1094 1340 1276 1393; x_wconf 77' lang='lat' dir='ltr'>Quando</span> <span class='ocrx_word' id='word_1_291' title='bbox 1297 1353 1456 1393; x_wconf 91' lang='lat' dir='ltr'>corpus</span> <span class='ocrx_word' id='word_1_292' title='bbox 1475 1340 1696 1387; x_wconf 81' lang='lat' dir='ltr'>morietur,</span> 
     </span>
    </p>

    <p class='ocr_par' dir='ltr' id='par_1_19' title="bbox 1138 1397 1709 1504">
     <span class='ocr_line' id='line_1_65' title="bbox 1139 1397 1677 1438; baseline -0.004 0"><span class='ocrx_word' id='word_1_293' title='bbox 1139 1398 1228 1438; x_wconf 90' lang='lat' dir='ltr'>Fac</span> <span class='ocrx_word' id='word_1_294' title='bbox 1247 1402 1295 1438; x_wconf 87' lang='lat' dir='ltr'>ut</span> <span class='ocrx_word' id='word_1_295' title='bbox 1314 1397 1469 1437; x_wconf 82' lang='lat' dir='ltr'>animae</span> <span class='ocrx_word' id='word_1_296' title='bbox 1490 1397 1677 1437; x_wconf 82' lang='lat' dir='ltr'>donetur</span> 
     </span>
     <span class='ocr_line' id='line_1_66' title="bbox 1138 1452 1709 1504; baseline -0.007 -9"><span class='ocrx_word' id='word_1_297' title='bbox 1138 1452 1335 1495; x_wconf 89' lang='lat' dir='ltr'>Paradisi</span> <span class='ocrx_word' id='word_1_298' title='bbox 1353 1453 1502 1504; x_wconf 88' lang='lat' dir='ltr'>gloria.</span> <span class='ocrx_word' id='word_1_299' title='bbox 1558 1452 1709 1493; x_wconf 86' lang='lat' dir='ltr'>Amen.</span> 
     </span>
    </p>

    <p class='ocr_par' dir='ltr' id='par_1_20' title="bbox 1034 1511 1862 1670">
     <span class='ocr_line' id='line_1_67' title="bbox 1091 1511 1859 1567; baseline -0.005 -11"><span class='ocrx_word' id='word_1_300' title='bbox 1091 1513 1136 1563; x_wconf 50' lang='grc' dir='ltr'>δ”.</span> <span class='ocrx_word' id='word_1_301' title='bbox 1166 1515 1254 1556; x_wconf 87' lang='lat' dir='ltr'>Ora</span> <span class='ocrx_word' id='word_1_302' title='bbox 1277 1526 1359 1567; x_wconf 91' lang='lat' dir='ltr'>pro</span> <span class='ocrx_word' id='word_1_303' title='bbox 1379 1513 1507 1555; x_wconf 90' lang='lat' dir='ltr'>nobis</span> <span class='ocrx_word' id='word_1_304' title='bbox 1526 1513 1664 1563; x_wconf 87' lang='lat' dir='ltr'>Virgo</span> <span class='ocrx_word' id='word_1_305' title='bbox 1685 1511 1859 1554; x_wconf 90' lang='lat' dir='ltr'>doloro-</span> 
     </span>
     <span class='ocr_line' id='line_1_68' title="bbox 1036 1569 1862 1624; baseline -0.006 -11"><span class='ocrx_word' id='word_1_306' title='bbox 1036 1572 1218 1613; x_wconf 89' lang='lat' dir='ltr'>sissima.</span> <span class='ocrx_word' id='word_1_307' title='bbox 1237 1575 1283 1624; x_wconf 64' lang='lat' dir='ltr'>Rg.</span> <span class='ocrx_word' id='word_1_308' title='bbox 1302 1571 1360 1613; x_wconf 91' lang='lat' dir='ltr'>Ut</span> <span class='ocrx_word' id='word_1_309' title='bbox 1377 1569 1494 1621; x_wconf 86' lang='lat' dir='ltr'>digni</span> <span class='ocrx_word' id='word_1_310' title='bbox 1510 1569 1749 1611; x_wconf 78' lang='lat' dir='ltr'>efficiamur</span> <span class='ocrx_word' id='word_1_311' title='bbox 1763 1581 1862 1621; x_wconf 91' lang='lat' dir='ltr'>pro-</span> 
     </span>
     <span class='ocr_line' id='line_1_69' title="bbox 1034 1627 1504 1670; baseline -0.004 -1"><span class='ocrx_word' id='word_1_312' title='bbox 1034 1627 1313 1670; x_wconf 90' lang='lat' dir='ltr'>missionibus</span> <span class='ocrx_word' id='word_1_313' title='bbox 1333 1627 1504 1669; x_wconf 87' lang='lat' dir='ltr'>Christi.</span> 
     </span>
    </p>

    <p class='ocr_par' dir='ltr' id='par_1_21' title="bbox 1031 1685 1861 1966">
     <span class='ocr_line' id='line_1_70' title="bbox 1090 1685 1861 1731; baseline -0.005 -1"><span class='ocrx_word' id='word_1_314' title='bbox 1090 1690 1155 1731; x_wconf 78' lang='lat' dir='ltr'>Ad</span> <span class='ocrx_word' id='word_1_315' title='bbox 1193 1691 1350 1731; x_wconf 76' lang='lat' dir='ltr'>Bened.</span> <span class='ocrx_word' id='word_1_316' title='bbox 1397 1692 1491 1731; x_wconf 67' lang='lat' dir='ltr'>Ant.</span> <span class='ocrx_word' id='word_1_317' title='bbox 1539 1692 1645 1729; x_wconf 71' lang='lat' dir='ltr'>Cum</span> <span class='ocrx_word' id='word_1_318' title='bbox 1679 1685 1861 1727; x_wconf 86' lang='lat' dir='ltr'>vidisset</span> 
     </span>
     <span class='ocr_line' id='line_1_71' title="bbox 1033 1744 1859 1795; baseline -0.005 -9"><span class='ocrx_word' id='word_1_319' title='bbox 1033 1745 1058 1786; x_wconf 90' lang='lat' dir='ltr'><strong>J</strong></span> <span class='ocrx_word' id='word_1_320' title='bbox 1061 1757 1161 1786; x_wconf 88' lang='lat' dir='ltr'>esus</span> <span class='ocrx_word' id='word_1_321' title='bbox 1188 1751 1372 1787; x_wconf 89' lang='lat' dir='ltr'>matrem</span> <span class='ocrx_word' id='word_1_322' title='bbox 1406 1749 1595 1786; x_wconf 86' lang='lat' dir='ltr'>stantem</span> <span class='ocrx_word' id='word_1_323' title='bbox 1622 1744 1740 1795; x_wconf 76' lang='lat' dir='ltr'>juxta</span> <span class='ocrx_word' id='word_1_324' title='bbox 1768 1754 1859 1783; x_wconf 93' lang='lat' dir='ltr'>cru-</span> 
     </span>
     <span class='ocr_line' id='line_1_72' title="bbox 1035 1798 1859 1854; baseline -0.006 -10"><span class='ocrx_word' id='word_1_325' title='bbox 1035 1815 1139 1852; x_wconf 85' lang='lat' dir='ltr'>cem,</span> <span class='ocrx_word' id='word_1_326' title='bbox 1160 1807 1203 1843; x_wconf 93' lang='lat' dir='ltr'>et</span> <span class='ocrx_word' id='word_1_327' title='bbox 1219 1801 1481 1854; x_wconf 90' lang='lat' dir='ltr'>discipulum</span> <span class='ocrx_word' id='word_1_328' title='bbox 1497 1814 1627 1853; x_wconf 91' lang='lat' dir='ltr'>quem</span> <span class='ocrx_word' id='word_1_329' title='bbox 1642 1798 1859 1849; x_wconf 79' lang='lat' dir='ltr'>diligebat,</span> 
     </span>
     <span class='ocr_line' id='line_1_73' title="bbox 1034 1854 1859 1906; baseline -0.007 -6"><span class='ocrx_word' id='word_1_330' title='bbox 1034 1858 1139 1901; x_wconf 92' lang='lat' dir='ltr'>dicit</span> <span class='ocrx_word' id='word_1_331' title='bbox 1157 1858 1285 1900; x_wconf 84' lang='lat' dir='ltr'>matri</span> <span class='ocrx_word' id='word_1_332' title='bbox 1305 1871 1410 1899; x_wconf 90' lang='lat' dir='ltr'>suae:</span> <span class='ocrx_word' id='word_1_333' title='bbox 1429 1858 1602 1906; x_wconf 81' lang='lat' dir='ltr'>Mulier,</span> <span class='ocrx_word' id='word_1_334' title='bbox 1623 1868 1725 1898; x_wconf 91' lang='lat' dir='ltr'>ecce</span> <span class='ocrx_word' id='word_1_335' title='bbox 1745 1854 1859 1895; x_wconf 90' lang='lat' dir='ltr'>filius</span> 
     </span>
     <span class='ocr_line' id='line_1_74' title="bbox 1031 1912 1859 1966; baseline -0.007 -9"><span class='ocrx_word' id='word_1_336' title='bbox 1031 1920 1143 1957; x_wconf 88' lang='lat' dir='ltr'>tuus.</span> <span class='ocrx_word' id='word_1_337' title='bbox 1175 1913 1345 1956; x_wconf 83' lang='lat' dir='ltr'>Deinde</span> <span class='ocrx_word' id='word_1_338' title='bbox 1366 1913 1471 1956; x_wconf 90' lang='lat' dir='ltr'>dicit</span> <span class='ocrx_word' id='word_1_339' title='bbox 1490 1913 1721 1966; x_wconf 87' lang='lat' dir='ltr'>discipulo:</span> <span class='ocrx_word' id='word_1_340' title='bbox 1746 1912 1859 1952; x_wconf 89' lang='lat' dir='ltr'>Ecce</span> 
     </span>
    </p>
   </div>
   <div class='ocr_carea' id='block_1_11' title="bbox 1032 1977 1531 2060">
    <p class='ocr_par' dir='ltr' id='par_1_22' title="bbox 1032 1977 1531 2060">
     <span class='ocr_line' id='line_1_75' title="bbox 1032 1977 1390 2022; baseline -0.003 -9"><span class='ocrx_word' id='word_1_341' title='bbox 1032 1977 1171 2014; x_wconf 88' lang='lat' dir='ltr'>mater</span> <span class='ocrx_word' id='word_1_342' title='bbox 1188 1977 1274 2013; x_wconf 88' lang='lat' dir='ltr'>tua.</span> <span class='ocrx_word' id='word_1_343' title='bbox 1387 2021 1390 2022; x_wconf 19' lang='lat'><em>⁷</em></span> 
     </span>
     <span class='ocr_line' id='line_1_76' title="bbox 1371 2022 1531 2060; baseline -0.006 -1"><span class='ocrx_word' id='word_1_344' title='bbox 1371 2022 1531 2060; x_wconf 76' lang='lat' dir='ltr'>Oratio.</span> 
     </span>
    </p>
   </div>
   <div class='ocr_carea' id='block_1_12' title="bbox 1035 2076 1859 2189">
    <p class='ocr_par' dir='ltr' id='par_1_23' title="bbox 1035 2076 1859 2189">
     <span class='ocr_line' id='line_1_77' title="bbox 1035 2076 1858 2182; baseline -0.004 -61"><span class='ocrx_word' id='word_1_345' title='bbox 1035 2076 1213 2182; x_wconf 89' lang='lat' dir='ltr'>Deus,</span> <span class='ocrx_word' id='word_1_346' title='bbox 1245 2081 1289 2121; x_wconf 91' lang='lat' dir='ltr'>in</span> <span class='ocrx_word' id='word_1_347' title='bbox 1314 2083 1434 2134; x_wconf 79' lang='lat' dir='ltr'>eujus</span> <span class='ocrx_word' id='word_1_348' title='bbox 1458 2080 1676 2134; x_wconf 88' lang='lat' dir='ltr'>passione,</span> <span class='ocrx_word' id='word_1_349' title='bbox 1709 2081 1858 2119; x_wconf 82' lang='lat' dir='ltr'>secun-</span> 
     </span>
     <span class='ocr_line' id='line_1_78' title="bbox 1127 2133 1859 2189; baseline -0.004 -12"><span class='ocrx_word' id='word_1_350' title='bbox 1127 2135 1231 2178; x_wconf 93' lang='lat' dir='ltr'>dum</span> <span class='ocrx_word' id='word_1_351' title='bbox 1245 2137 1459 2179; x_wconf 88' lang='lat' dir='ltr'>Simeonis</span> <span class='ocrx_word' id='word_1_352' title='bbox 1472 2135 1759 2189; x_wconf 86' lang='lat' dir='ltr'>prophetiam,</span> <span class='ocrx_word' id='word_1_353' title='bbox 1774 2133 1859 2175; x_wconf 93' lang='lat' dir='ltr'>dul-</span> 
     </span>
    </p>
   </div>
   <div class='ocr_carea' id='block_1_13' title="bbox 1028 2190 1856 2748">
    <p class='ocr_par' dir='ltr' id='par_1_24' title="bbox 1028 2190 1856 2748">
     <span class='ocr_line' id='line_1_79' title="bbox 1032 2190 1856 2244; baseline -0.005 -11"><span class='ocrx_word' id='word_1_354' title='bbox 1032 2192 1249 2234; x_wconf 88' lang='lat' dir='ltr'>cissimam</span> <span class='ocrx_word' id='word_1_355' title='bbox 1274 2194 1462 2235; x_wconf 76' lang='lat' dir='ltr'>animam</span> <span class='ocrx_word' id='word_1_356' title='bbox 1486 2193 1691 2244; x_wconf 85' lang='lat' dir='ltr'>gloriosae</span> <span class='ocrx_word' id='word_1_357' title='bbox 1716 2190 1856 2240; x_wconf 86' lang='lat' dir='ltr'>Virgi-</span> 
     </span>
     <span class='ocr_line' id='line_1_80' title="bbox 1030 2246 1855 2297; baseline -0.002 -8"><span class='ocrx_word' id='word_1_358' title='bbox 1030 2249 1098 2289; x_wconf 90' lang='lat' dir='ltr'>nis</span> <span class='ocrx_word' id='word_1_359' title='bbox 1131 2255 1175 2291; x_wconf 88' lang='lat' dir='ltr'>et</span> <span class='ocrx_word' id='word_1_360' title='bbox 1206 2250 1359 2291; x_wconf 90' lang='lat' dir='ltr'>Matris</span> <span class='ocrx_word' id='word_1_361' title='bbox 1387 2250 1537 2290; x_wconf 81' lang='lat' dir='ltr'>Mariae</span> <span class='ocrx_word' id='word_1_362' title='bbox 1571 2247 1735 2289; x_wconf 86' lang='lat' dir='ltr'>doloris</span> <span class='ocrx_word' id='word_1_363' title='bbox 1767 2246 1855 2297; x_wconf 78' lang='lat' dir='ltr'>gla-</span> 
     </span>
     <span class='ocr_line' id='line_1_81' title="bbox 1033 2303 1855 2358; baseline -0.004 -12"><span class='ocrx_word' id='word_1_364' title='bbox 1033 2304 1129 2346; x_wconf 87' lang='lat' dir='ltr'>dius</span> <span class='ocrx_word' id='word_1_365' title='bbox 1156 2307 1451 2358; x_wconf 85' lang='lat' dir='ltr'>pertransivit:</span> <span class='ocrx_word' id='word_1_366' title='bbox 1484 2303 1678 2347; x_wconf 78' lang='lat' dir='ltr'>concede</span> <span class='ocrx_word' id='word_1_367' title='bbox 1709 2305 1855 2356; x_wconf 92' lang='lat' dir='ltr'>propi-</span> 
     </span>
     <span class='ocr_line' id='line_1_82' title="bbox 1031 2360 1856 2414; baseline -0.001 -12"><span class='ocrx_word' id='word_1_368' title='bbox 1031 2361 1131 2412; x_wconf 89' lang='lat' dir='ltr'>tius;</span> <span class='ocrx_word' id='word_1_369' title='bbox 1163 2367 1210 2403; x_wconf 94' lang='lat' dir='ltr'>ut</span> <span class='ocrx_word' id='word_1_370' title='bbox 1238 2362 1311 2414; x_wconf 92' lang='lat' dir='ltr'>qui</span> <span class='ocrx_word' id='word_1_371' title='bbox 1338 2361 1667 2404; x_wconf 84' lang='lat' dir='ltr'>transfixionem</span> <span class='ocrx_word' id='word_1_372' title='bbox 1694 2360 1784 2412; x_wconf 89' lang='lat' dir='ltr'>ejus</span> <span class='ocrx_word' id='word_1_373' title='bbox 1814 2364 1856 2401; x_wconf 88' lang='lat' dir='ltr'>et</span> 
     </span>
     <span class='ocr_line' id='line_1_83' title="bbox 1030 2415 1855 2469; baseline -0.001 -12"><span class='ocrx_word' id='word_1_374' title='bbox 1030 2417 1281 2469; x_wconf 82' lang='lat' dir='ltr'>passionem</span> <span class='ocrx_word' id='word_1_375' title='bbox 1316 2417 1566 2460; x_wconf 77' lang='lat' dir='ltr'>venerando</span> <span class='ocrx_word' id='word_1_376' title='bbox 1604 2415 1855 2464; x_wconf 83' lang='lat' dir='ltr'>recolimus,</span> 
     </span>
     <span class='ocr_line' id='line_1_84' title="bbox 1030 2472 1855 2526; baseline 0.001 -13"><span class='ocrx_word' id='word_1_377' title='bbox 1030 2472 1234 2523; x_wconf 87' lang='lat' dir='ltr'>gloriosis</span> <span class='ocrx_word' id='word_1_378' title='bbox 1252 2473 1416 2515; x_wconf 81' lang='lat' dir='ltr'>meritis</span> <span class='ocrx_word' id='word_1_379' title='bbox 1435 2478 1479 2515; x_wconf 86' lang='lat' dir='ltr'>et</span> <span class='ocrx_word' id='word_1_380' title='bbox 1498 2473 1702 2526; x_wconf 77' lang='lat' dir='ltr'>precibus</span> <span class='ocrx_word' id='word_1_381' title='bbox 1722 2474 1855 2514; x_wconf 92' lang='lat' dir='ltr'>omni-</span> 
     </span>
     <span class='ocr_line' id='line_1_85' title="bbox 1031 2528 1854 2572; baseline 0.001 -3"><span class='ocrx_word' id='word_1_382' title='bbox 1031 2541 1104 2569; x_wconf 90' lang='lat' dir='ltr'>um</span> <span class='ocrx_word' id='word_1_383' title='bbox 1114 2529 1375 2571; x_wconf 83' lang='lat' dir='ltr'>Sanctorum</span> <span class='ocrx_word' id='word_1_384' title='bbox 1390 2529 1506 2570; x_wconf 92' lang='lat' dir='ltr'>cruci</span> <span class='ocrx_word' id='word_1_385' title='bbox 1516 2528 1704 2571; x_wconf 81' lang='lat' dir='ltr'>fideliter</span> <span class='ocrx_word' id='word_1_386' title='bbox 1714 2532 1854 2572; x_wconf 77' lang='lat' dir='ltr'>astan-</span> 
     </span>
     <span class='ocr_line' id='line_1_86' title="bbox 1028 2584 1856 2638; baseline 0.002 -13"><span class='ocrx_word' id='word_1_387' title='bbox 1028 2584 1138 2625; x_wconf 92' lang='lat' dir='ltr'>tium</span> <span class='ocrx_word' id='word_1_388' title='bbox 1147 2584 1528 2635; x_wconf 84' lang='lat' dir='ltr'>intercedentibus,</span> <span class='ocrx_word' id='word_1_389' title='bbox 1540 2585 1756 2638; x_wconf 82' lang='lat' dir='ltr'>passionis</span> <span class='ocrx_word' id='word_1_390' title='bbox 1767 2590 1856 2627; x_wconf 87' lang='lat' dir='ltr'>tuae</span> 
     </span>
     <span class='ocr_line' id='line_1_87' title="bbox 1030 2640 1855 2694; baseline 0.002 -13"><span class='ocrx_word' id='word_1_391' title='bbox 1030 2640 1233 2683; x_wconf 81' lang='lat' dir='ltr'>effectum</span> <span class='ocrx_word' id='word_1_392' title='bbox 1242 2641 1412 2683; x_wconf 89' lang='lat' dir='ltr'>felicem</span> <span class='ocrx_word' id='word_1_393' title='bbox 1423 2644 1756 2694; x_wconf 76' lang='lat' dir='ltr'>consequamur:</span> <span class='ocrx_word' id='word_1_394' title='bbox 1772 2643 1855 2693; x_wconf 91' lang='lat' dir='ltr'>Qui</span> 
     </span>
     <span class='ocr_line' id='line_1_88' title="bbox 1028 2697 1385 2748; baseline 0.003 -11"><span class='ocrx_word' id='word_1_395' title='bbox 1028 2697 1138 2738; x_wconf 90' lang='lat' dir='ltr'>vivis</span> <span class='ocrx_word' id='word_1_396' title='bbox 1157 2702 1201 2739; x_wconf 89' lang='lat' dir='ltr'>et</span> <span class='ocrx_word' id='word_1_397' title='bbox 1219 2709 1385 2748; x_wconf 87' lang='lat' dir='ltr'>regnas.</span> 
     </span>
    </p>
   </div>
   <div class='ocr_carea' id='block_1_14' title="bbox 97 108 1922 2814">
    <p class='ocr_par' dir='ltr' id='par_1_25' title="bbox 97 108 1922 2814">
     <span class='ocr_line' id='line_1_89' title="bbox 97 108 1922 2814; baseline 0 0"><span class='ocrx_word' id='word_1_398' title='bbox 97 108 1922 2814; x_wconf 95' lang='lat' dir='ltr'> </span> 
     </span>
    </p>
   </div>
  </div>
 </body>
</html>
