2066 2956
869 190 984 224 Festa
1008 189 1168 233 Aprilis.
1190 189 1267 229 (27.)

208 296 403 350 perfecte
423 295 621 348 adeptus,
640 294 742 335 vino
759 292 1038 334 nihilominus

209 352 406 394 caritatis
448 364 589 403 usque
634 350 691 391 ad
736 351 1038 402 contemptum

209 409 402 462 propriae
427 408 597 459 glOriae,
625 419 766 459 usque
794 405 851 448 ad
879 406 946 447 sui
975 406 1036 459 ip-

209 468 299 507 sius
327 465 613 514 oblivionem,
645 468 689 505 et
720 476 810 505 non
837 463 894 504 ad
923 476 1038 515 quae-

208 522 360 571 tenda,
399 534 498 574 quae
534 533 612 562 sua
649 525 767 568 sunt,
801 518 1038 566 debriatur,

209 579 329 631 quod
353 578 449 620 solo
473 590 524 619 ac
548 578 660 619 miro
685 577 873 630 Spiritus
899 577 1038 618 sancti

207 635 461 686 magisterio
482 634 719 676 obtinetur.

264 699 315 751 R.
337 695 515 737 Amavit
537 708 647 737 eum.

495 766 650 808 Lectio
670 766 757 807 viii.

212 823 408 932 Virtus
444 831 591 868 autem
627 824 905 866 discretionis
941 824 1037 866 abs-

325 896 410 936 que
435 883 630 925 caritatis
653 881 827 923 fervore
845 883 967 932 iacet,
994 886 1038 923 et

208 940 354 982 fervor
370 940 605 982 vehemens
625 938 793 991 absque
810 937 1035 980 discretio-

208 996 274 1037 nis
298 999 647 1050 temperamento
673 995 933 1049 praecipitat.
967 994 1037 1037 Id-

210 1055 351 1105 eoque
374 1052 624 1103 laudabilis,
648 1053 717 1094 cui
735 1057 941 1093 neutrum
965 1051 1036 1094 de-

209 1115 293 1160 est,
322 1113 537 1162 quatenus
565 1116 608 1152 et
636 1110 782 1151 fervor
812 1108 1036 1151 discretio-

209 1179 308 1208 nem
333 1168 485 1218 erigat,
514 1172 558 1209 et
584 1167 792 1209 discretio
819 1167 1037 1208 fervorem

208 1229 343 1275 regat.
395 1224 514 1276 Ergo
547 1224 693 1266 taliter
730 1226 908 1276 oportet
940 1236 1037 1266 esse

208 1282 428 1322 moratum
461 1293 561 1322 eum
589 1281 663 1333 qui
694 1284 869 1333 praeest.
915 1280 1036 1333 Opti-

207 1350 326 1378 mum
356 1342 503 1380 autem
533 1338 578 1378 in
608 1337 805 1379 moribus
839 1336 1036 1387 dixerim,

209 1398 252 1435 et
279 1406 493 1436 summam
518 1394 761 1447 disciplinae
789 1393 915 1446 huius
939 1407 1036 1447 per-

209 1449 336 1491 fectae
361 1450 722 1504 apprehendisse,
750 1450 825 1503 qui
848 1451 891 1492 in
915 1450 1035 1492 nullo

209 1519 389 1558 prorsus
413 1513 488 1550 aut
506 1511 683 1550 resistat
700 1507 936 1560 prioribus,
961 1513 1037 1550 aut

1091 291 1285 334 invideat
1308 291 1500 345 paribus,
1525 297 1601 335 aut
1626 291 1833 344 subjectis
1851 291 1922 333 vel

1092 347 1206 390 desit
1224 348 1268 389 in
1289 361 1404 399 cura,
1430 349 1500 391 vel
1523 349 1566 390 in
1586 348 1793 402 superbia
1810 361 1921 402 prae-

1092 405 1163 455 sit,
1188 405 1384 458 praelatis
1409 404 1638 456 obediens,
1663 405 1797 447 sociis
1821 407 1921 447 con-

1091 474 1271 513 gruens,
1316 462 1506 504 subditis
1551 462 1716 505 utiliter
1763 461 1922 504 conde-

1092 518 1319 561 scendens.

1147 584 1199 637 R.
1220 580 1316 623 Sint
1334 579 1471 622 lumbi
1490 580 1636 622 vestri.

1396 648 1551 690 Lectio
1570 648 1625 689 ix.

1177 714 1335 754 'meant
1351 711 1510 761 clerici,
1533 713 1717 755 timeant
1737 715 1923 757 ministri

1195 768 1419 818 Ecclesiae,
1445 768 1521 820 qui
1540 769 1584 810 in
1603 770 1732 811 terris
1751 773 1922 814 sancto-

1091 838 1204 876 rum,
1239 838 1348 878 quas
1376 825 1623 878 possident,
1655 831 1747 869 tam
1772 827 1924 880 iniqua

1090 888 1259 934 gerunt,
1277 887 1322 924 et
1340 881 1581 934 stipendiis,
1602 895 1703 935 quae
1719 883 1922 927 sufficere

1091 939 1272 989 debent,
1307 938 1485 980 minime
1524 940 1735 991 contenti,
1773 943 1922 994 super-

1092 996 1196 1047 flua,
1223 996 1382 1050 quibus
1409 997 1534 1048 egeni
1559 996 1835 1040 sustentandi
1860 997 1922 1040 fo-

1090 1058 1198 1099 rent,
1221 1054 1368 1107 impie,
1393 1054 1693 1106 sacrilegeque
1717 1053 1801 1096 sibi
1822 1057 1923 1097 reti-

1091 1115 1239 1160 neant,
1277 1116 1320 1152 et
1351 1111 1395 1152 in
1427 1124 1533 1152 usus
1565 1123 1657 1152 suae
1691 1110 1923 1164 superbiae,

1091 1172 1225 1220 atque
1258 1167 1443 1209 luxuriae
1474 1167 1640 1210 victum
1676 1170 1923 1220 pauperum

1091 1227 1353 1266 consumere
1377 1237 1464 1266 non
1488 1226 1734 1275 vereantur,
1758 1223 1924 1277 duplici

1090 1281 1291 1334 profecto
1303 1281 1534 1333 iniquitate
1544 1283 1792 1334 peccanteS,
1803 1280 1923 1333 quod

1089 1343 1133 1379 et
1153 1338 1294 1380 aliena
1314 1337 1534 1391 diripiunt,
1554 1342 1598 1379 et
1617 1337 1754 1380 sacris
1769 1337 1814 1378 in
1833 1337 1923 1380 suis
1953 1348 1958 1354 ‘

1089 1394 1357 1437 vanitatibus
1389 1399 1433 1437 et
1467 1393 1813 1447 turpitudinibus
1849 1393 1922 1437 ab·

1088 1454 1281 1493 utuntur.

1145 1510 1205 1551 Te
1223 1508 1367 1550 Deum
1385 1508 1628 1551 laudamus.

859 1629 1272 1652 ψ

910 1758 1226 1799 INDEX.

982 1874 1040 1897 pag.

211 1907 250 1939 B.
264 1907 308 1939 M.
321 1907 362 1941 V.
379 1908 419 1940 de
436 1909 531 1940 Bono
547 1908 708 1941 Consilio.
731 1910 782 1941 26.
799 1910 880 1950 Apr.
982 1908 1038 1940 10*

213 1956 400 1991 Catharinae
417 1959 458 1990 de
474 1958 601 1991 Ricciis
617 1959 705 2000 Virg.
730 1960 780 1991 13.
797 1959 896 1991 Febr.
999 1960 1039 1991 ὁ*

212 2007 373 2041 Fridolini
389 2008 485 2042 Conf.
509 2010 539 2041 6.
554 2010 673 2042 Martii.
1001 2009 1039 2040 7*

212 2058 351 2091 Joannae
367 2060 510 2092 Valesiae
525 2061 600 2093 Vid.
623 2061 653 2092 4.
671 2060 767 2092 Febr.
1002 2059 1039 2092 1*

212 2108 352 2142 Joannis
367 2110 506 2152 Josephi
522 2120 540 2142 a
557 2110 666 2143 Cruce
683 2110 781 2144 Gonf.
804 2110 834 2142 5.
851 2110 948 2143 Mart.
1000 2109 1039 2142 5*

1867 1873 1925 1898 pag.

1091 1910 1231 1951 Josephi
1249 1920 1267 1942 a
1284 1909 1450 1942 Leonissa
1465 1908 1562 1942 Conf.
1585 1910 1615 1942 4.
1631 1909 1729 1942 Febr.
1885 1908 1922 1941 1*

1091 1960 1206 1992 Mariae
1222 1960 1430 2001 AEgyptiacae
1446 1960 1566 1992 Poenit.
1591 1960 1621 1993 9.
1638 1960 1717 2002 Apr.
1882 1958 1922 1992 8*

1092 2011 1235 2052 Philippi
1252 2020 1271 2042 a
1285 2010 1307 2043 J
1310 2020 1369 2043 esu
1383 2011 1481 2043 Mart.
1505 2011 1536 2043 5.
1552 2010 1647 2043 Febr.
1882 2009 1922 2042 3*

1091 2061 1243 2094 Thuribii
1254 2061 1294 2093 de
1302 2061 1500 2102 Mogrovejo
1511 2061 1573 2102 Ep.
1584 2060 1681 2094 Conf.
1691 2062 1743 2093 27.
1752 2060 1832 2102 Apr.
1863 2058 1923 2092 10*

1092 2111 1284 2152 Vigintisex
1301 2111 1398 2144 Mart.
1415 2112 1537 2153 Japon.
1560 2111 1591 2144 5.
1606 2111 1704 2144 Febr.
1883 2110 1922 2143 5*

817 2314 1315 2365 Imprimatur.

419 2395 660 2439 Ratisbonae,
685 2397 747 2432 die
773 2398 801 2432 1.
824 2397 1060 2433 Novembris
1086 2399 1189 2434 1888.
1757 2431 1759 2433 .

1030 2468 1074 2502 Μ.
1098 2469 1230 2509 Dandl,
1258 2467 1384 2501 Vicar.
1411 2467 1448 2501 in
1474 2467 1604 2510 Spirit.
1631 2467 1767 2503 Gener.

383 2638 626 2686 Sumptibus
650 2641 715 2677 Fr.
737 2643 888 2679 Pustet
911 2646 943 2675 &
967 2643 1052 2686 Co„
1078 2644 1174 2680 Neo
1200 2644 1387 2680 Eboraci
1412 2648 1444 2678 &
1469 2644 1734 2682 Cincinnatii.

652 2859 734 2891 Typis
744 2860 788 2885 Fr.
799 2860 896 2892 Pustet,
906 2861 933 2886 S.
944 2861 1003 2887 Sed.
1013 2862 1103 2894 Apost.
1113 2866 1138 2887 et
1149 2862 1176 2888 S.
1186 2843 1240 2887 Rit.
1249 2863 1343 2894 Congr.
1353 2863 1467 2895 Typogr.
