<?xml version="1.0" encoding="UTF-8"?>
<!DOCTYPE html PUBLIC "-//W3C//DTD XHTML 1.0 Transitional//EN"
    "http://www.w3.org/TR/xhtml1/DTD/xhtml1-transitional.dtd">
<html xmlns="http://www.w3.org/1999/xhtml" xml:lang="en" lang="en">
 <head>
  <title>
</title>
<meta http-equiv="Content-Type" content="text/html;charset=utf-8" />
  <meta name='ocr-system' content='tesseract 3.04.00' />
  <meta name='ocr-capabilities' content='ocr_page ocr_carea ocr_par ocr_line ocrx_word'/>
</head>
<body>
  <div class='ocr_page' id='page_1' title='image "./p2breviariumroma00cathuoft_0934.png"; bbox 0 0 2066 2956; ppageno 0'>
   <div class='ocr_carea' id='block_1_1' title="bbox 541 208 1612 248">
    <p class='ocr_par' dir='ltr' id='par_1_1' title="bbox 541 208 1612 248">
     <span class='ocr_line' id='line_1_1' title="bbox 541 208 1612 248; baseline 0.002 -7"><span class='ocrx_word' id='word_1_1' title='bbox 541 209 690 241; x_wconf 71' lang='lat' dir='ltr'>homin.</span> <span class='ocrx_word' id='word_1_2' title='bbox 718 208 741 242; x_wconf 87' lang='grc' dir='ltr'>Ι.</span> <span class='ocrx_word' id='word_1_3' title='bbox 768 209 868 248; x_wconf 76' lang='lat' dir='ltr'>Maii.</span> <span class='ocrx_word' id='word_1_4' title='bbox 916 209 955 242; x_wconf 79' lang='grc' dir='ltr'>Β.</span> <span class='ocrx_word' id='word_1_5' title='bbox 981 209 1026 242; x_wconf 81' lang='lat' dir='ltr'>M.</span> <span class='ocrx_word' id='word_1_6' title='bbox 1055 209 1095 242; x_wconf 59' lang='lat' dir='ltr'>Y.</span> <span class='ocrx_word' id='word_1_7' title='bbox 1122 209 1243 242; x_wconf 76' lang='lat' dir='ltr'>divini</span> <span class='ocrx_word' id='word_1_8' title='bbox 1271 209 1444 243; x_wconf 76' lang='lat' dir='ltr'>Pastoris</span> <span class='ocrx_word' id='word_1_9' title='bbox 1471 210 1612 243; x_wconf 69' lang='lat' dir='ltr'>Matris.</span> 
     </span>
    </p>
   </div>
   <div class='ocr_carea' id='block_1_2' title="bbox 216 299 1051 2370">
    <p class='ocr_par' dir='ltr' id='par_1_2' title="bbox 288 299 983 341">
     <span class='ocr_line' id='line_1_2' title="bbox 288 299 983 341; baseline 0 0"><span class='ocrx_word' id='word_1_10' title='bbox 288 299 476 341; x_wconf 88' lang='lat' dir='ltr'>Homilia</span> <span class='ocrx_word' id='word_1_11' title='bbox 495 299 613 341; x_wconf 91' lang='lat' dir='ltr'>beati</span> <span class='ocrx_word' id='word_1_12' title='bbox 630 300 751 341; x_wconf 90' lang='lat' dir='ltr'>Petri</span> <span class='ocrx_word' id='word_1_13' title='bbox 770 299 983 341; x_wconf 90' lang='lat' dir='ltr'>Damiani.</span> 
     </span>
    </p>

    <p class='ocr_par' dir='ltr' id='par_1_3' title="bbox 267 361 1003 397">
     <span class='ocr_line' id='line_1_3' title="bbox 267 361 1003 397; baseline 0.004 -3"><span class='ocrx_word' id='word_1_14' title='bbox 267 361 324 395; x_wconf 78' lang='lat' dir='ltr'>Ex</span> <span class='ocrx_word' id='word_1_15' title='bbox 341 362 456 395; x_wconf 79' lang='lat' dir='ltr'>Scrm.</span> <span class='ocrx_word' id='word_1_16' title='bbox 478 364 502 396; x_wconf 94' lang='grc'>1.</span> <span class='ocrx_word' id='word_1_17' title='bbox 520 364 557 397; x_wconf 91' lang='lat' dir='ltr'>in</span> <span class='ocrx_word' id='word_1_18' title='bbox 576 363 660 397; x_wconf 80' lang='lat' dir='ltr'>Nat.</span> <span class='ocrx_word' id='word_1_19' title='bbox 679 363 719 397; x_wconf 92' lang='lat' dir='ltr'>B.</span> <span class='ocrx_word' id='word_1_20' title='bbox 739 363 784 396; x_wconf 81' lang='lat' dir='ltr'>M.</span> <span class='ocrx_word' id='word_1_21' title='bbox 803 363 846 397; x_wconf 78' lang='lat' dir='ltr'>V.</span> <span class='ocrx_word' id='word_1_22' title='bbox 864 364 902 397; x_wconf 92' lang='lat' dir='ltr'>in</span> <span class='ocrx_word' id='word_1_23' title='bbox 921 364 1003 397; x_wconf 74' lang='lat' dir='ltr'>linc.</span> 
     </span>
    </p>

    <p class='ocr_par' dir='ltr' id='par_1_4' title="bbox 231 410 1049 521">
     <span class='ocr_line' id='line_1_4' title="bbox 231 410 1049 467; baseline 0.005 -17"><span class='ocrx_word' id='word_1_24' title='bbox 231 459 239 467; x_wconf 18' lang='grc' dir='ltr'>ς</span> <span class='ocrx_word' id='word_1_25' title='bbox 339 410 469 460; x_wconf 85' lang='lat' dir='ltr'>irgo</span> <span class='ocrx_word' id='word_1_26' title='bbox 485 411 566 452; x_wconf 93' lang='lat' dir='ltr'>Dei</span> <span class='ocrx_word' id='word_1_27' title='bbox 585 411 795 461; x_wconf 85' lang='lat' dir='ltr'>Genitrix,</span> <span class='ocrx_word' id='word_1_28' title='bbox 816 413 937 462; x_wconf 90' lang='lat' dir='ltr'>cujus</span> <span class='ocrx_word' id='word_1_29' title='bbox 957 413 1049 464; x_wconf 93' lang='lat' dir='ltr'>pul-</span> 
     </span>
     <span class='ocr_line' id='line_1_5' title="bbox 251 465 1048 521; baseline 0.004 -15"><span class='ocrx_word' id='word_1_30' title='bbox 251 486 270 521; x_wconf 51' lang='lat'><em>3</em></span> <span class='ocrx_word' id='word_1_31' title='bbox 327 465 360 519; x_wconf 62' lang='lat'>:³³5²</span> <span class='ocrx_word' id='word_1_32' title='bbox 392 465 685 508; x_wconf 90' lang='lat' dir='ltr'>chritudinem</span> <span class='ocrx_word' id='word_1_33' title='bbox 701 467 779 516; x_wconf 88' lang='lat' dir='ltr'>sol,</span> <span class='ocrx_word' id='word_1_34' title='bbox 799 472 843 508; x_wconf 89' lang='lat' dir='ltr'>et</span> <span class='ocrx_word' id='word_1_35' title='bbox 858 467 959 509; x_wconf 92' lang='lat' dir='ltr'>luna</span> <span class='ocrx_word' id='word_1_36' title='bbox 974 469 1048 508; x_wconf 92' lang='lat' dir='ltr'>mi-</span> 
     </span>
    </p>

    <p class='ocr_par' dir='ltr' id='par_1_5' title="bbox 216 519 1051 1684">
     <span class='ocr_line' id='line_1_6' title="bbox 266 523 1051 572; baseline 0.004 -10"><span class='ocrx_word' id='word_1_37' title='bbox 266 523 285 539; x_wconf 77' lang='grc'>”’</span> <span class='ocrx_word' id='word_1_38' title='bbox 393 524 555 572; x_wconf 86' lang='lat' dir='ltr'>rantur,</span> <span class='ocrx_word' id='word_1_39' title='bbox 572 523 756 564; x_wconf 84' lang='lat' dir='ltr'>subveni</span> <span class='ocrx_word' id='word_1_40' title='bbox 770 523 959 564; x_wconf 77' lang='lat' dir='ltr'>Demina</span> <span class='ocrx_word' id='word_1_41' title='bbox 974 524 1051 565; x_wconf 92' lang='lat' dir='ltr'>cla-</span> 
     </span>
     <span class='ocr_line' id='line_1_7' title="bbox 218 577 1049 631; baseline 0.005 -13"><span class='ocrx_word' id='word_1_42' title='bbox 218 577 438 619; x_wconf 91' lang='lat' dir='ltr'>mantibus</span> <span class='ocrx_word' id='word_1_43' title='bbox 464 577 521 620; x_wconf 93' lang='lat' dir='ltr'>ad</span> <span class='ocrx_word' id='word_1_44' title='bbox 546 583 590 620; x_wconf 90' lang='lat' dir='ltr'>te</span> <span class='ocrx_word' id='word_1_45' title='bbox 617 580 788 631; x_wconf 84' lang='lat' dir='ltr'>jugiter:</span> <span class='ocrx_word' id='word_1_46' title='bbox 817 582 1049 630; x_wconf 87' lang='lat' dir='ltr'>revertere,</span> 
     </span>
     <span class='ocr_line' id='line_1_8' title="bbox 218 634 1048 686; baseline 0.005 -13"><span class='ocrx_word' id='word_1_47' title='bbox 218 635 450 683; x_wconf 88' lang='lat' dir='ltr'>revertere,</span> <span class='ocrx_word' id='word_1_48' title='bbox 465 634 712 684; x_wconf 82' lang='lat' dir='ltr'>SunamitiS,</span> <span class='ocrx_word' id='word_1_49' title='bbox 731 638 965 686; x_wconf 86' lang='lat' dir='ltr'>revertere,</span> <span class='ocrx_word' id='word_1_50' title='bbox 984 649 1048 677; x_wconf 89' lang='lat' dir='ltr'>re-</span> 
     </span>
     <span class='ocr_line' id='line_1_9' title="bbox 219 690 1048 739; baseline 0.004 -9"><span class='ocrx_word' id='word_1_51' title='bbox 219 691 399 739; x_wconf 88' lang='lat' dir='ltr'>vertere,</span> <span class='ocrx_word' id='word_1_52' title='bbox 420 695 467 731; x_wconf 90' lang='lat' dir='ltr'>ut</span> <span class='ocrx_word' id='word_1_53' title='bbox 486 690 731 732; x_wconf 91' lang='lat' dir='ltr'>intueamur</span> <span class='ocrx_word' id='word_1_54' title='bbox 750 696 805 732; x_wconf 91' lang='lat' dir='ltr'>te.</span> <span class='ocrx_word' id='word_1_55' title='bbox 834 692 903 732; x_wconf 93' lang='lat' dir='ltr'>Tu</span> <span class='ocrx_word' id='word_1_56' title='bbox 919 691 1048 733; x_wconf 90' lang='lat' dir='ltr'>bene-</span> 
     </span>
     <span class='ocr_line' id='line_1_10' title="bbox 221 744 1048 798; baseline 0.004 -12"><span class='ocrx_word' id='word_1_57' title='bbox 221 744 348 794; x_wconf 88' lang='lat' dir='ltr'>dicta,</span> <span class='ocrx_word' id='word_1_58' title='bbox 367 751 410 787; x_wconf 89' lang='lat' dir='ltr'>et</span> <span class='ocrx_word' id='word_1_59' title='bbox 429 746 804 798; x_wconf 82' lang='lat' dir='ltr'>superbenedicta,</span> <span class='ocrx_word' id='word_1_60' title='bbox 829 750 1048 789; x_wconf 87' lang='lat' dir='ltr'>revertere</span> 
     </span>
     <span class='ocr_line' id='line_1_11' title="bbox 218 802 1049 855; baseline 0.005 -14"><span class='ocrx_word' id='word_1_61' title='bbox 218 802 360 853; x_wconf 91' lang='lat' dir='ltr'>primo</span> <span class='ocrx_word' id='word_1_62' title='bbox 381 815 460 854; x_wconf 91' lang='lat' dir='ltr'>per</span> <span class='ocrx_word' id='word_1_63' title='bbox 475 806 686 844; x_wconf 91' lang='lat' dir='ltr'>naturam.</span> <span class='ocrx_word' id='word_1_64' title='bbox 705 803 932 855; x_wconf 91' lang='lat' dir='ltr'>Numquid</span> <span class='ocrx_word' id='word_1_65' title='bbox 947 805 1049 855; x_wconf 86' lang='lat' dir='ltr'>quia</span> 
     </span>
     <span class='ocr_line' id='line_1_12' title="bbox 217 857 1046 907; baseline 0.002 -9"><span class='ocrx_word' id='word_1_66' title='bbox 217 857 277 898; x_wconf 92' lang='lat' dir='ltr'>ita</span> <span class='ocrx_word' id='word_1_67' title='bbox 297 858 516 907; x_wconf 86' lang='lat' dir='ltr'>deificata,</span> <span class='ocrx_word' id='word_1_68' title='bbox 543 858 643 900; x_wconf 88' lang='lat' dir='ltr'>ideo</span> <span class='ocrx_word' id='word_1_69' title='bbox 669 865 831 900; x_wconf 88' lang='lat' dir='ltr'>nostrae</span> <span class='ocrx_word' id='word_1_70' title='bbox 852 859 1046 901; x_wconf 90' lang='lat' dir='ltr'>humani-</span> 
     </span>
     <span class='ocr_line' id='line_1_13' title="bbox 217 913 1046 966; baseline 0.002 -12"><span class='ocrx_word' id='word_1_71' title='bbox 217 913 320 954; x_wconf 87' lang='lat' dir='ltr'>tatis</span> <span class='ocrx_word' id='word_1_72' title='bbox 340 913 475 955; x_wconf 89' lang='lat' dir='ltr'>oblita</span> <span class='ocrx_word' id='word_1_73' title='bbox 496 915 564 955; x_wconf 86' lang='lat' dir='ltr'>es?</span> <span class='ocrx_word' id='word_1_74' title='bbox 587 914 879 966; x_wconf 90' lang='lat' dir='ltr'>Nequaquam</span> <span class='ocrx_word' id='word_1_75' title='bbox 897 916 1046 957; x_wconf 92' lang='lat' dir='ltr'>Domi-</span> 
     </span>
     <span class='ocr_line' id='line_1_14' title="bbox 216 970 1046 1022; baseline 0.005 -14"><span class='ocrx_word' id='word_1_76' title='bbox 216 981 285 1009; x_wconf 89' lang='lat' dir='ltr'>na:</span> <span class='ocrx_word' id='word_1_77' title='bbox 306 970 391 1011; x_wconf 91' lang='lat' dir='ltr'>scis</span> <span class='ocrx_word' id='word_1_78' title='bbox 410 970 453 1010; x_wconf 92' lang='lat' dir='ltr'>in</span> <span class='ocrx_word' id='word_1_79' title='bbox 474 983 562 1022; x_wconf 92' lang='lat' dir='ltr'>quo</span> <span class='ocrx_word' id='word_1_80' title='bbox 583 970 831 1012; x_wconf 83' lang='lat' dir='ltr'>discrimine</span> <span class='ocrx_word' id='word_1_81' title='bbox 850 984 932 1012; x_wconf 91' lang='lat' dir='ltr'>nos</span> <span class='ocrx_word' id='word_1_82' title='bbox 952 972 1046 1013; x_wconf 89' lang='lat' dir='ltr'>reli-</span> 
     </span>
     <span class='ocr_line' id='line_1_15' title="bbox 219 1026 1046 1078; baseline 0.004 -13"><span class='ocrx_word' id='word_1_83' title='bbox 219 1026 375 1077; x_wconf 90' lang='lat' dir='ltr'>queris,</span> <span class='ocrx_word' id='word_1_84' title='bbox 395 1026 469 1067; x_wconf 92' lang='lat' dir='ltr'>ubi</span> <span class='ocrx_word' id='word_1_85' title='bbox 485 1027 665 1078; x_wconf 89' lang='lat' dir='ltr'>jaceant,</span> <span class='ocrx_word' id='word_1_86' title='bbox 687 1032 898 1078; x_wconf 91' lang='lat' dir='ltr'>quantum</span> <span class='ocrx_word' id='word_1_87' title='bbox 914 1027 1046 1069; x_wconf 86' lang='lat' dir='ltr'>delin-</span> 
     </span>
     <span class='ocr_line' id='line_1_16' title="bbox 219 1082 1048 1132; baseline 0.004 -11"><span class='ocrx_word' id='word_1_88' title='bbox 219 1087 353 1132; x_wconf 88' lang='lat' dir='ltr'>quant</span> <span class='ocrx_word' id='word_1_89' title='bbox 372 1082 487 1123; x_wconf 93' lang='lat' dir='ltr'>servi</span> <span class='ocrx_word' id='word_1_90' title='bbox 506 1083 583 1123; x_wconf 92' lang='lat' dir='ltr'>tui:</span> <span class='ocrx_word' id='word_1_91' title='bbox 602 1095 690 1123; x_wconf 91' lang='lat' dir='ltr'>non</span> <span class='ocrx_word' id='word_1_92' title='bbox 709 1083 823 1124; x_wconf 91' lang='lat' dir='ltr'>enim</span> <span class='ocrx_word' id='word_1_93' title='bbox 843 1084 1048 1125; x_wconf 88' lang='lat' dir='ltr'>convenit</span> 
     </span>
     <span class='ocr_line' id='line_1_17' title="bbox 218 1138 1047 1188; baseline 0.004 -11"><span class='ocrx_word' id='word_1_94' title='bbox 218 1142 351 1178; x_wconf 87' lang='lat' dir='ltr'>tantae</span> <span class='ocrx_word' id='word_1_95' title='bbox 371 1138 703 1188; x_wconf 81' lang='lat' dir='ltr'>misericordiae,</span> <span class='ocrx_word' id='word_1_96' title='bbox 729 1143 897 1180; x_wconf 84' lang='lat' dir='ltr'>tantam</span> <span class='ocrx_word' id='word_1_97' title='bbox 923 1140 1047 1181; x_wconf 88' lang='lat' dir='ltr'>mise-</span> 
     </span>
     <span class='ocr_line' id='line_1_18' title="bbox 218 1192 1049 1246; baseline 0.005 -14"><span class='ocrx_word' id='word_1_98' title='bbox 218 1192 326 1232; x_wconf 91' lang='lat' dir='ltr'>riam</span> <span class='ocrx_word' id='word_1_99' title='bbox 351 1193 566 1242; x_wconf 90' lang='lat' dir='ltr'>oblivisci,</span> <span class='ocrx_word' id='word_1_100' title='bbox 597 1195 697 1246; x_wconf 90' lang='lat' dir='ltr'>quia</span> <span class='ocrx_word' id='word_1_101' title='bbox 723 1195 805 1236; x_wconf 91' lang='lat' dir='ltr'>etsi</span> <span class='ocrx_word' id='word_1_102' title='bbox 831 1194 1049 1237; x_wconf 83' lang='lat' dir='ltr'>subtrahit</span> 
     </span>
     <span class='ocr_line' id='line_1_19' title="bbox 217 1247 1048 1297; baseline 0.005 -9"><span class='ocrx_word' id='word_1_103' title='bbox 217 1247 374 1297; x_wconf 86' lang='lat' dir='ltr'>gloria,</span> <span class='ocrx_word' id='word_1_104' title='bbox 409 1250 590 1290; x_wconf 85' lang='lat' dir='ltr'>revocat</span> <span class='ocrx_word' id='word_1_105' title='bbox 607 1253 780 1291; x_wconf 91' lang='lat' dir='ltr'>natura:</span> <span class='ocrx_word' id='word_1_106' title='bbox 820 1263 908 1292; x_wconf 95' lang='lat' dir='ltr'>non</span> <span class='ocrx_word' id='word_1_107' title='bbox 934 1251 1048 1292; x_wconf 90' lang='lat' dir='ltr'>enim</span> 
     </span>
     <span class='ocr_line' id='line_1_20' title="bbox 219 1304 1047 1357; baseline 0.006 -13"><span class='ocrx_word' id='word_1_108' title='bbox 219 1304 279 1345; x_wconf 88' lang='lat' dir='ltr'>ita</span> <span class='ocrx_word' id='word_1_109' title='bbox 305 1306 562 1347; x_wconf 88' lang='lat' dir='ltr'>memoraris</span> <span class='ocrx_word' id='word_1_110' title='bbox 589 1307 763 1357; x_wconf 83' lang='lat' dir='ltr'>justitiae</span> <span class='ocrx_word' id='word_1_111' title='bbox 787 1307 870 1348; x_wconf 90' lang='lat' dir='ltr'>Dei</span> <span class='ocrx_word' id='word_1_112' title='bbox 900 1307 1047 1357; x_wconf 86' lang='lat' dir='ltr'>solius,</span> 
     </span>
     <span class='ocr_line' id='line_1_21' title="bbox 218 1361 1047 1414; baseline 0.006 -14"><span class='ocrx_word' id='word_1_113' title='bbox 218 1365 266 1401; x_wconf 90' lang='lat' dir='ltr'>ut</span> <span class='ocrx_word' id='word_1_114' title='bbox 289 1361 636 1403; x_wconf 88' lang='lat' dir='ltr'>misericordiam</span> <span class='ocrx_word' id='word_1_115' title='bbox 660 1376 748 1404; x_wconf 91' lang='lat' dir='ltr'>non</span> <span class='ocrx_word' id='word_1_116' title='bbox 768 1363 949 1414; x_wconf 70' lang='lat' dir='ltr'>habeas,</span> <span class='ocrx_word' id='word_1_117' title='bbox 976 1378 1047 1406; x_wconf 90' lang='lat' dir='ltr'>ne-</span> 
     </span>
     <span class='ocr_line' id='line_1_22' title="bbox 220 1418 1047 1471; baseline 0.006 -13"><span class='ocrx_word' id='word_1_118' title='bbox 220 1431 303 1469; x_wconf 88' lang='lat' dir='ltr'>que</span> <span class='ocrx_word' id='word_1_119' title='bbox 323 1418 384 1458; x_wconf 89' lang='lat' dir='ltr'>ita</span> <span class='ocrx_word' id='word_1_120' title='bbox 407 1431 454 1459; x_wconf 90' lang='lat' dir='ltr'>es</span> <span class='ocrx_word' id='word_1_121' title='bbox 477 1419 778 1471; x_wconf 88' lang='lat' dir='ltr'>impassibilis,</span> <span class='ocrx_word' id='word_1_122' title='bbox 803 1427 851 1462; x_wconf 89' lang='lat' dir='ltr'>ut</span> <span class='ocrx_word' id='word_1_123' title='bbox 874 1434 963 1463; x_wconf 92' lang='lat' dir='ltr'>non</span> <span class='ocrx_word' id='word_1_124' title='bbox 988 1423 1047 1463; x_wconf 90' lang='lat' dir='ltr'>sis</span> 
     </span>
     <span class='ocr_line' id='line_1_23' title="bbox 220 1474 1047 1526; baseline 0.006 -12"><span class='ocrx_word' id='word_1_125' title='bbox 220 1474 553 1526; x_wconf 89' lang='lat' dir='ltr'>compassibilis.</span> <span class='ocrx_word' id='word_1_126' title='bbox 607 1476 821 1518; x_wconf 84' lang='lat' dir='ltr'>Naturam</span> <span class='ocrx_word' id='word_1_127' title='bbox 852 1483 1047 1519; x_wconf 90' lang='lat' dir='ltr'>nostram</span> 
     </span>
     <span class='ocr_line' id='line_1_24' title="bbox 219 1529 1047 1584; baseline 0.007 -14"><span class='ocrx_word' id='word_1_128' title='bbox 219 1529 365 1579; x_wconf 88' lang='lat' dir='ltr'>habes,</span> <span class='ocrx_word' id='word_1_129' title='bbox 386 1544 473 1572; x_wconf 93' lang='lat' dir='ltr'>non</span> <span class='ocrx_word' id='word_1_130' title='bbox 493 1532 632 1582; x_wconf 88' lang='lat' dir='ltr'>aliam,</span> <span class='ocrx_word' id='word_1_131' title='bbox 657 1538 701 1574; x_wconf 87' lang='lat' dir='ltr'>et</span> <span class='ocrx_word' id='word_1_132' title='bbox 718 1534 879 1584; x_wconf 90' lang='lat' dir='ltr'>justum</span> <span class='ocrx_word' id='word_1_133' title='bbox 899 1539 976 1583; x_wconf 87' lang='lat' dir='ltr'>est,</span> <span class='ocrx_word' id='word_1_134' title='bbox 999 1540 1047 1576; x_wconf 91' lang='lat' dir='ltr'>ut</span> 
     </span>
     <span class='ocr_line' id='line_1_25' title="bbox 219 1585 1046 1640; baseline 0.006 -14"><span class='ocrx_word' id='word_1_135' title='bbox 219 1585 274 1627; x_wconf 89' lang='lat' dir='ltr'>de</span> <span class='ocrx_word' id='word_1_136' title='bbox 297 1599 397 1628; x_wconf 90' lang='lat' dir='ltr'>rore</span> <span class='ocrx_word' id='word_1_137' title='bbox 422 1592 555 1629; x_wconf 87' lang='lat' dir='ltr'>tantae</span> <span class='ocrx_word' id='word_1_138' title='bbox 574 1589 750 1640; x_wconf 90' lang='lat' dir='ltr'>pietatis</span> <span class='ocrx_word' id='word_1_139' title='bbox 770 1589 969 1631; x_wconf 87' lang='lat' dir='ltr'>diffusius</span> <span class='ocrx_word' id='word_1_140' title='bbox 987 1590 1046 1631; x_wconf 91' lang='lat' dir='ltr'>in-</span> 
     </span>
     <span class='ocr_line' id='line_1_26' title="bbox 218 1641 461 1684; baseline 0.004 -2"><span class='ocrx_word' id='word_1_141' title='bbox 218 1641 461 1684; x_wconf 90' lang='lat' dir='ltr'>fundamur.</span> 
     </span>
    </p>

    <p class='ocr_par' dir='ltr' id='par_1_6' title="bbox 218 1699 1047 1978">
     <span class='ocr_line' id='line_1_27' title="bbox 275 1699 1046 1754; baseline 0.005 -13"><span class='ocrx_word' id='word_1_142' title='bbox 275 1703 322 1753; x_wconf 67' lang='lat' dir='ltr'>h‘f·</span> <span class='ocrx_word' id='word_1_143' title='bbox 356 1699 554 1741; x_wconf 92' lang='lat' dir='ltr'>Dilectus</span> <span class='ocrx_word' id='word_1_144' title='bbox 581 1714 705 1742; x_wconf 92' lang='lat' dir='ltr'>meus</span> <span class='ocrx_word' id='word_1_145' title='bbox 733 1702 855 1752; x_wconf 91' lang='lat' dir='ltr'>mihi,</span> <span class='ocrx_word' id='word_1_146' title='bbox 891 1707 935 1744; x_wconf 89' lang='lat' dir='ltr'>et</span> <span class='ocrx_word' id='word_1_147' title='bbox 964 1715 1046 1754; x_wconf 87' lang='lat' dir='ltr'>ego</span> 
     </span>
     <span class='ocr_line' id='line_1_28' title="bbox 219 1754 1046 1808; baseline 0.007 -14"><span class='ocrx_word' id='word_1_148' title='bbox 219 1754 297 1803; x_wconf 91' lang='lat' dir='ltr'>illi,</span> <span class='ocrx_word' id='word_1_149' title='bbox 327 1755 399 1806; x_wconf 91' lang='lat' dir='ltr'>qui</span> <span class='ocrx_word' id='word_1_150' title='bbox 425 1758 621 1808; x_wconf 90' lang='lat' dir='ltr'>pascitur</span> <span class='ocrx_word' id='word_1_151' title='bbox 647 1758 759 1799; x_wconf 91' lang='lat' dir='ltr'>inter</span> <span class='ocrx_word' id='word_1_152' title='bbox 783 1758 888 1799; x_wconf 87' lang='lat' dir='ltr'>lilia:</span> <span class='ocrx_word' id='word_1_153' title='bbox 916 1763 937 1785; x_wconf 85' lang='lat'>*</span> <span class='ocrx_word' id='word_1_154' title='bbox 958 1759 1046 1800; x_wconf 94' lang='lat' dir='ltr'>Do-</span> 
     </span>
     <span class='ocr_line' id='line_1_29' title="bbox 218 1812 1047 1863; baseline 0.007 -13"><span class='ocrx_word' id='word_1_155' title='bbox 218 1823 300 1851; x_wconf 90' lang='lat' dir='ltr'>nec</span> <span class='ocrx_word' id='word_1_156' title='bbox 320 1814 484 1863; x_wconf 83' lang='lat' dir='ltr'>aspiret</span> <span class='ocrx_word' id='word_1_157' title='bbox 499 1812 604 1863; x_wconf 88' lang='lat' dir='ltr'>dies,</span> <span class='ocrx_word' id='word_1_158' title='bbox 625 1819 668 1855; x_wconf 84' lang='lat' dir='ltr'>et</span> <span class='ocrx_word' id='word_1_159' title='bbox 683 1814 943 1856; x_wconf 80' lang='lat' dir='ltr'>inclinentur</span> <span class='ocrx_word' id='word_1_160' title='bbox 957 1829 1047 1856; x_wconf 93' lang='lat' dir='ltr'>um-</span> 
     </span>
     <span class='ocr_line' id='line_1_30' title="bbox 219 1865 1047 1921; baseline 0.007 -15"><span class='ocrx_word' id='word_1_161' title='bbox 219 1865 327 1915; x_wconf 88' lang='lat' dir='ltr'>brae,</span> <span class='ocrx_word' id='word_1_162' title='bbox 353 1867 534 1917; x_wconf 85' lang='lat' dir='ltr'>alleluja.</span> <span class='ocrx_word' id='word_1_163' title='bbox 576 1868 622 1917; x_wconf 64' lang='lat' dir='ltr'>N&#39;.</span> <span class='ocrx_word' id='word_1_164' title='bbox 638 1870 733 1920; x_wconf 87' lang='lat' dir='ltr'>Ego</span> <span class='ocrx_word' id='word_1_165' title='bbox 754 1870 916 1912; x_wconf 87' lang='lat' dir='ltr'>dilecto</span> <span class='ocrx_word' id='word_1_166' title='bbox 936 1883 1047 1921; x_wconf 89' lang='lat' dir='ltr'>meo,</span> 
     </span>
     <span class='ocr_line' id='line_1_31' title="bbox 220 1921 991 1978; baseline 0.006 -15"><span class='ocrx_word' id='word_1_167' title='bbox 220 1927 263 1963; x_wconf 91' lang='lat' dir='ltr'>et</span> <span class='ocrx_word' id='word_1_168' title='bbox 281 1921 338 1964; x_wconf 92' lang='lat' dir='ltr'>ad</span> <span class='ocrx_word' id='word_1_169' title='bbox 357 1936 426 1964; x_wconf 90' lang='lat' dir='ltr'>me</span> <span class='ocrx_word' id='word_1_170' title='bbox 447 1926 676 1967; x_wconf 77' lang='lat' dir='ltr'>conversio</span> <span class='ocrx_word' id='word_1_171' title='bbox 697 1928 798 1978; x_wconf 86' lang='lat' dir='ltr'>ejus.</span> <span class='ocrx_word' id='word_1_172' title='bbox 825 1927 991 1968; x_wconf 91' lang='lat' dir='ltr'>Donec.</span> 
     </span>
    </p>

    <p class='ocr_par' dir='ltr' id='par_1_7' title="bbox 219 1982 1047 2370">
     <span class='ocr_line' id='line_1_32' title="bbox 512 1982 763 2022; baseline 0.008 -2"><span class='ocrx_word' id='word_1_173' title='bbox 512 1982 661 2022; x_wconf 82' lang='lat' dir='ltr'>Lectio</span> <span class='ocrx_word' id='word_1_174' title='bbox 683 1983 763 2022; x_wconf 81' lang='lat' dir='ltr'>viii.</span> 
     </span>
     <span class='ocr_line' id='line_1_33' title="bbox 307 2037 1046 2091; baseline 0.007 -15"><span class='ocrx_word' id='word_1_175' title='bbox 307 2037 503 2078; x_wconf 88' lang='lat' dir='ltr'>evertere</span> <span class='ocrx_word' id='word_1_176' title='bbox 545 2037 740 2079; x_wconf 86' lang='lat' dir='ltr'>seeundo</span> <span class='ocrx_word' id='word_1_177' title='bbox 780 2051 860 2090; x_wconf 86' lang='lat' dir='ltr'>per</span> <span class='ocrx_word' id='word_1_178' title='bbox 894 2041 1046 2091; x_wconf 87' lang='lat' dir='ltr'>poten-</span> 
     </span>
     <span class='ocr_line' id='line_1_34' title="bbox 323 2092 1046 2148; baseline 0.008 -17"><span class='ocrx_word' id='word_1_179' title='bbox 323 2092 439 2132; x_wconf 90' lang='lat' dir='ltr'>tiam.</span> <span class='ocrx_word' id='word_1_180' title='bbox 480 2093 604 2135; x_wconf 88' lang='lat' dir='ltr'>Fecit</span> <span class='ocrx_word' id='word_1_181' title='bbox 635 2094 678 2134; x_wconf 93' lang='lat' dir='ltr'>in</span> <span class='ocrx_word' id='word_1_182' title='bbox 711 2098 754 2135; x_wconf 88' lang='lat' dir='ltr'>te</span> <span class='ocrx_word' id='word_1_183' title='bbox 786 2107 943 2145; x_wconf 88' lang='lat' dir='ltr'>magna</span> <span class='ocrx_word' id='word_1_184' title='bbox 974 2097 1046 2148; x_wconf 92' lang='lat' dir='ltr'>qui</span> 
     </span>
     <span class='ocr_line' id='line_1_35' title="bbox 219 2148 1047 2199; baseline 0.005 -11"><span class='ocrx_word' id='word_1_185' title='bbox 219 2152 377 2199; x_wconf 89' lang='lat' dir='ltr'>potens</span> <span class='ocrx_word' id='word_1_186' title='bbox 402 2154 484 2199; x_wconf 86' lang='lat' dir='ltr'>est,</span> <span class='ocrx_word' id='word_1_187' title='bbox 512 2155 556 2191; x_wconf 90' lang='lat' dir='ltr'>et</span> <span class='ocrx_word' id='word_1_188' title='bbox 582 2148 685 2191; x_wconf 91' lang='lat' dir='ltr'>data</span> <span class='ocrx_word' id='word_1_189' title='bbox 710 2155 778 2191; x_wconf 87' lang='lat' dir='ltr'>est</span> <span class='ocrx_word' id='word_1_190' title='bbox 801 2150 880 2192; x_wconf 92' lang='lat' dir='ltr'>tibi</span> <span class='ocrx_word' id='word_1_191' title='bbox 908 2153 1047 2193; x_wconf 88' lang='lat' dir='ltr'>omnis</span> 
     </span>
     <span class='ocr_line' id='line_1_36' title="bbox 219 2205 1047 2256; baseline 0.006 -12"><span class='ocrx_word' id='word_1_192' title='bbox 219 2206 418 2256; x_wconf 88' lang='lat' dir='ltr'>potestas</span> <span class='ocrx_word' id='word_1_193' title='bbox 444 2205 487 2246; x_wconf 92' lang='lat' dir='ltr'>in</span> <span class='ocrx_word' id='word_1_194' title='bbox 508 2206 640 2255; x_wconf 91' lang='lat' dir='ltr'>coelo,</span> <span class='ocrx_word' id='word_1_195' title='bbox 670 2211 714 2248; x_wconf 92' lang='lat' dir='ltr'>et</span> <span class='ocrx_word' id='word_1_196' title='bbox 739 2207 782 2247; x_wconf 93' lang='lat' dir='ltr'>in</span> <span class='ocrx_word' id='word_1_197' title='bbox 807 2212 936 2248; x_wconf 89' lang='lat' dir='ltr'>terra.</span> <span class='ocrx_word' id='word_1_198' title='bbox 974 2208 1047 2250; x_wconf 95' lang='lat' dir='ltr'>Nil</span> 
     </span>
     <span class='ocr_line' id='line_1_37' title="bbox 220 2259 1047 2315; baseline 0.007 -15"><span class='ocrx_word' id='word_1_199' title='bbox 220 2259 298 2301; x_wconf 90' lang='lat' dir='ltr'>tibi</span> <span class='ocrx_word' id='word_1_200' title='bbox 323 2260 612 2314; x_wconf 88' lang='lat' dir='ltr'>impossibile,</span> <span class='ocrx_word' id='word_1_201' title='bbox 646 2263 715 2304; x_wconf 93' lang='lat' dir='ltr'>cui</span> <span class='ocrx_word' id='word_1_202' title='bbox 741 2263 952 2315; x_wconf 90' lang='lat' dir='ltr'>possibile</span> <span class='ocrx_word' id='word_1_203' title='bbox 980 2271 1047 2306; x_wconf 89' lang='lat' dir='ltr'>est</span> 
     </span>
     <span class='ocr_line' id='line_1_38' title="bbox 221 2314 1047 2370; baseline 0.006 -14"><span class='ocrx_word' id='word_1_204' title='bbox 221 2314 479 2368; x_wconf 85' lang='lat' dir='ltr'>desperatos</span> <span class='ocrx_word' id='word_1_205' title='bbox 516 2318 558 2358; x_wconf 93' lang='lat' dir='ltr'>in</span> <span class='ocrx_word' id='word_1_206' title='bbox 601 2331 727 2370; x_wconf 89' lang='lat' dir='ltr'>spem</span> <span class='ocrx_word' id='word_1_207' title='bbox 764 2319 1047 2362; x_wconf 83' lang='lat' dir='ltr'>beatitudinis</span> 
     </span>
    </p>
   </div>
   <div class='ocr_carea' id='block_1_3' title="bbox 221 2370 1048 2761">
    <p class='ocr_par' dir='ltr' id='par_1_8' title="bbox 221 2370 1048 2761">
     <span class='ocr_line' id='line_1_39' title="bbox 221 2370 1046 2428; baseline 0.008 -18"><span class='ocrx_word' id='word_1_208' title='bbox 221 2370 425 2413; x_wconf 87' lang='lat' dir='ltr'>relevare.</span> <span class='ocrx_word' id='word_1_209' title='bbox 453 2374 685 2423; x_wconf 90' lang='lat' dir='ltr'>Quomodo</span> <span class='ocrx_word' id='word_1_210' title='bbox 706 2375 819 2416; x_wconf 90' lang='lat' dir='ltr'>enim</span> <span class='ocrx_word' id='word_1_211' title='bbox 837 2375 910 2416; x_wconf 92' lang='lat' dir='ltr'>illa</span> <span class='ocrx_word' id='word_1_212' title='bbox 925 2379 1046 2428; x_wconf 87' lang='lat' dir='ltr'>pote-</span> 
     </span>
     <span class='ocr_line' id='line_1_40' title="bbox 221 2430 1047 2483; baseline 0.006 -16"><span class='ocrx_word' id='word_1_213' title='bbox 221 2431 310 2467; x_wconf 89' lang='lat' dir='ltr'>stas</span> <span class='ocrx_word' id='word_1_214' title='bbox 330 2432 417 2469; x_wconf 85' lang='lat' dir='ltr'>tuae</span> <span class='ocrx_word' id='word_1_215' title='bbox 436 2430 646 2480; x_wconf 82' lang='lat' dir='ltr'>potentiae</span> <span class='ocrx_word' id='word_1_216' title='bbox 670 2431 835 2483; x_wconf 89' lang='lat' dir='ltr'>poterit</span> <span class='ocrx_word' id='word_1_217' title='bbox 855 2431 1047 2481; x_wconf 89' lang='lat' dir='ltr'>obviare,</span> 
     </span>
     <span class='ocr_line' id='line_1_41' title="bbox 222 2483 1048 2541; baseline 0.007 -18"><span class='ocrx_word' id='word_1_218' title='bbox 222 2494 319 2532; x_wconf 87' lang='lat' dir='ltr'>quae</span> <span class='ocrx_word' id='word_1_219' title='bbox 348 2483 402 2524; x_wconf 86' lang='lat' dir='ltr'>de</span> <span class='ocrx_word' id='word_1_220' title='bbox 431 2498 558 2526; x_wconf 89' lang='lat' dir='ltr'>carne</span> <span class='ocrx_word' id='word_1_221' title='bbox 585 2491 660 2527; x_wconf 90' lang='lat' dir='ltr'>tua</span> <span class='ocrx_word' id='word_1_222' title='bbox 687 2487 828 2528; x_wconf 90' lang='lat' dir='ltr'>carnis</span> <span class='ocrx_word' id='word_1_223' title='bbox 854 2489 1048 2541; x_wconf 82' lang='lat' dir='ltr'>suscepit</span> 
     </span>
     <span class='ocr_line' id='line_1_42' title="bbox 222 2539 1047 2588; baseline 0.01 -11"><span class='ocrx_word' id='word_1_224' title='bbox 222 2539 454 2588; x_wconf 85' lang='lat' dir='ltr'>originem?</span> <span class='ocrx_word' id='word_1_225' title='bbox 499 2542 688 2583; x_wconf 90' lang='lat' dir='ltr'>Accedis</span> <span class='ocrx_word' id='word_1_226' title='bbox 722 2543 836 2584; x_wconf 89' lang='lat' dir='ltr'>enim</span> <span class='ocrx_word' id='word_1_227' title='bbox 867 2548 969 2585; x_wconf 88' lang='lat' dir='ltr'>ante</span> <span class='ocrx_word' id='word_1_228' title='bbox 1002 2544 1047 2585; x_wconf 92' lang='lat' dir='ltr'>il-</span> 
     </span>
     <span class='ocr_line' id='line_1_43' title="bbox 221 2593 1047 2641; baseline 0.01 -8"><span class='ocrx_word' id='word_1_229' title='bbox 221 2593 310 2634; x_wconf 90' lang='lat' dir='ltr'>lum</span> <span class='ocrx_word' id='word_1_230' title='bbox 346 2598 522 2637; x_wconf 88' lang='lat' dir='ltr'>aureum</span> <span class='ocrx_word' id='word_1_231' title='bbox 558 2597 759 2640; x_wconf 89' lang='lat' dir='ltr'>humanae</span> <span class='ocrx_word' id='word_1_232' title='bbox 796 2600 1047 2641; x_wconf 91' lang='lat' dir='ltr'>reconcilia-</span> 
     </span>
     <span class='ocr_line' id='line_1_44' title="bbox 221 2650 1046 2706; baseline 0.01 -17"><span class='ocrx_word' id='word_1_233' title='bbox 221 2650 350 2690; x_wconf 92' lang='lat' dir='ltr'>tionis</span> <span class='ocrx_word' id='word_1_234' title='bbox 392 2651 528 2693; x_wconf 90' lang='lat' dir='ltr'>altare</span> <span class='ocrx_word' id='word_1_235' title='bbox 566 2667 651 2694; x_wconf 93' lang='lat' dir='ltr'>non</span> <span class='ocrx_word' id='word_1_236' title='bbox 687 2655 829 2696; x_wconf 90' lang='lat' dir='ltr'>solum</span> <span class='ocrx_word' id='word_1_237' title='bbox 866 2668 1046 2706; x_wconf 88' lang='lat' dir='ltr'>rogans,</span> 
     </span>
     <span class='ocr_line' id='line_1_45' title="bbox 222 2705 1046 2761; baseline 0.008 -15"><span class='ocrx_word' id='word_1_238' title='bbox 222 2705 301 2747; x_wconf 89' lang='lat' dir='ltr'>sed</span> <span class='ocrx_word' id='word_1_239' title='bbox 316 2708 546 2759; x_wconf 88' lang='lat' dir='ltr'>imperans,</span> <span class='ocrx_word' id='word_1_240' title='bbox 561 2710 760 2761; x_wconf 88' lang='lat' dir='ltr'>Domina,</span> <span class='ocrx_word' id='word_1_241' title='bbox 775 2724 864 2752; x_wconf 91' lang='lat' dir='ltr'>non</span> <span class='ocrx_word' id='word_1_242' title='bbox 879 2712 1046 2753; x_wconf 90' lang='lat' dir='ltr'>ancilla.</span> 
     </span>
    </p>
   </div>
   <div class='ocr_carea' id='block_1_4' title="bbox 1100 298 1944 2691">
    <p class='ocr_par' dir='ltr' id='par_1_9' title="bbox 1102 298 1937 1022">
     <span class='ocr_line' id='line_1_46' title="bbox 1103 298 1936 351; baseline -0.001 -10"><span class='ocrx_word' id='word_1_243' title='bbox 1103 301 1282 341; x_wconf 87' lang='lat' dir='ltr'>Moveat</span> <span class='ocrx_word' id='word_1_244' title='bbox 1317 304 1362 341; x_wconf 88' lang='lat' dir='ltr'>te</span> <span class='ocrx_word' id='word_1_245' title='bbox 1398 302 1572 349; x_wconf 87' lang='lat' dir='ltr'>natura,</span> <span class='ocrx_word' id='word_1_246' title='bbox 1611 298 1812 351; x_wconf 90' lang='lat' dir='ltr'>potentia</span> <span class='ocrx_word' id='word_1_247' title='bbox 1845 300 1936 340; x_wconf 91' lang='lat' dir='ltr'>mo-</span> 
     </span>
     <span class='ocr_line' id='line_1_47' title="bbox 1104 354 1936 408; baseline -0.001 -11"><span class='ocrx_word' id='word_1_248' title='bbox 1104 361 1218 405; x_wconf 83' lang='lat' dir='ltr'>veat3</span> <span class='ocrx_word' id='word_1_249' title='bbox 1245 355 1347 406; x_wconf 91' lang='lat' dir='ltr'>quia</span> <span class='ocrx_word' id='word_1_250' title='bbox 1367 361 1531 407; x_wconf 90' lang='lat' dir='ltr'>quanto</span> <span class='ocrx_word' id='word_1_251' title='bbox 1550 354 1792 408; x_wconf 88' lang='lat' dir='ltr'>potentior,</span> <span class='ocrx_word' id='word_1_252' title='bbox 1810 358 1936 396; x_wconf 92' lang='lat' dir='ltr'>tanto</span> 
     </span>
     <span class='ocr_line' id='line_1_48' title="bbox 1102 410 1935 454; baseline 0 -2"><span class='ocrx_word' id='word_1_253' title='bbox 1102 410 1429 453; x_wconf 83' lang='lat' dir='ltr'>misericordior</span> <span class='ocrx_word' id='word_1_254' title='bbox 1467 423 1565 454; x_wconf 86' lang='lat' dir='ltr'>esse</span> <span class='ocrx_word' id='word_1_255' title='bbox 1602 410 1750 452; x_wconf 75' lang='lat' dir='ltr'>debes</span> <span class='ocrx_word' id='word_1_256' title='bbox 1807 411 1935 452; x_wconf 89' lang='lat' dir='ltr'>Pote-</span> 
     </span>
     <span class='ocr_line' id='line_1_49' title="bbox 1103 466 1935 519; baseline -0.002 -10"><span class='ocrx_word' id='word_1_257' title='bbox 1103 468 1207 509; x_wconf 88' lang='lat' dir='ltr'>stati</span> <span class='ocrx_word' id='word_1_258' title='bbox 1234 467 1349 508; x_wconf 92' lang='lat' dir='ltr'>enim</span> <span class='ocrx_word' id='word_1_259' title='bbox 1374 466 1491 508; x_wconf 88' lang='lat' dir='ltr'>cedit</span> <span class='ocrx_word' id='word_1_260' title='bbox 1516 466 1573 508; x_wconf 93' lang='lat' dir='ltr'>ad</span> <span class='ocrx_word' id='word_1_261' title='bbox 1597 467 1799 517; x_wconf 87' lang='lat' dir='ltr'>gloriam,</span> <span class='ocrx_word' id='word_1_262' title='bbox 1830 467 1935 519; x_wconf 88' lang='lat' dir='ltr'>inju-</span> 
     </span>
     <span class='ocr_line' id='line_1_50' title="bbox 1102 523 1936 576; baseline 0 -12"><span class='ocrx_word' id='word_1_263' title='bbox 1102 525 1189 565; x_wconf 89' lang='lat' dir='ltr'>rias</span> <span class='ocrx_word' id='word_1_264' title='bbox 1208 523 1361 564; x_wconf 88' lang='lat' dir='ltr'>ulcisci</span> <span class='ocrx_word' id='word_1_265' title='bbox 1380 523 1512 572; x_wconf 89' lang='lat' dir='ltr'>nolle,</span> <span class='ocrx_word' id='word_1_266' title='bbox 1537 535 1637 564; x_wconf 91' lang='lat' dir='ltr'>cum</span> <span class='ocrx_word' id='word_1_267' title='bbox 1661 523 1815 576; x_wconf 88' lang='lat' dir='ltr'>possit.</span> <span class='ocrx_word' id='word_1_268' title='bbox 1851 523 1936 564; x_wconf 84' lang='lat' dir='ltr'>Re-</span> 
     </span>
     <span class='ocr_line' id='line_1_51' title="bbox 1103 578 1935 632; baseline -0.001 -12"><span class='ocrx_word' id='word_1_269' title='bbox 1103 582 1274 621; x_wconf 91' lang='lat' dir='ltr'>vertere</span> <span class='ocrx_word' id='word_1_270' title='bbox 1304 579 1434 620; x_wconf 88' lang='lat' dir='ltr'>tertio</span> <span class='ocrx_word' id='word_1_271' title='bbox 1467 591 1548 632; x_wconf 92' lang='lat' dir='ltr'>per</span> <span class='ocrx_word' id='word_1_272' title='bbox 1580 581 1786 620; x_wconf 88' lang='lat' dir='ltr'>amorem.</span> <span class='ocrx_word' id='word_1_273' title='bbox 1835 578 1935 620; x_wconf 91' lang='lat' dir='ltr'>Scio</span> 
     </span>
     <span class='ocr_line' id='line_1_52' title="bbox 1103 634 1937 687; baseline 0 -11"><span class='ocrx_word' id='word_1_274' title='bbox 1103 636 1309 684; x_wconf 87' lang='lat' dir='ltr'>Domina,</span> <span class='ocrx_word' id='word_1_275' title='bbox 1339 635 1440 687; x_wconf 89' lang='lat' dir='ltr'>quia</span> <span class='ocrx_word' id='word_1_276' title='bbox 1467 634 1781 685; x_wconf 84' lang='lat' dir='ltr'>benignissima</span> <span class='ocrx_word' id='word_1_277' title='bbox 1801 647 1863 684; x_wconf 88' lang='lat' dir='ltr'>es,</span> <span class='ocrx_word' id='word_1_278' title='bbox 1893 640 1937 676; x_wconf 90' lang='lat' dir='ltr'>et</span> 
     </span>
     <span class='ocr_line' id='line_1_53' title="bbox 1104 689 1936 743; baseline 0 -11"><span class='ocrx_word' id='word_1_279' title='bbox 1104 705 1224 732; x_wconf 89' lang='lat' dir='ltr'>amas</span> <span class='ocrx_word' id='word_1_280' title='bbox 1252 704 1334 732; x_wconf 90' lang='lat' dir='ltr'>nos</span> <span class='ocrx_word' id='word_1_281' title='bbox 1362 693 1511 732; x_wconf 92' lang='lat' dir='ltr'>amore</span> <span class='ocrx_word' id='word_1_282' title='bbox 1537 689 1792 740; x_wconf 76' lang='lat' dir='ltr'>invincibili,</span> <span class='ocrx_word' id='word_1_283' title='bbox 1825 703 1936 743; x_wconf 92' lang='lat' dir='ltr'>quos</span> 
     </span>
     <span class='ocr_line' id='line_1_54' title="bbox 1103 746 1937 800; baseline -0.001 -11"><span class='ocrx_word' id='word_1_284' title='bbox 1103 748 1147 788; x_wconf 94' lang='lat' dir='ltr'>in</span> <span class='ocrx_word' id='word_1_285' title='bbox 1167 753 1222 797; x_wconf 87' lang='lat' dir='ltr'>te,</span> <span class='ocrx_word' id='word_1_286' title='bbox 1242 753 1287 789; x_wconf 90' lang='lat' dir='ltr'>et</span> <span class='ocrx_word' id='word_1_287' title='bbox 1305 760 1386 800; x_wconf 92' lang='lat' dir='ltr'>per</span> <span class='ocrx_word' id='word_1_288' title='bbox 1404 752 1448 788; x_wconf 92' lang='lat' dir='ltr'>te</span> <span class='ocrx_word' id='word_1_289' title='bbox 1463 746 1600 788; x_wconf 89' lang='lat' dir='ltr'>Filius</span> <span class='ocrx_word' id='word_1_290' title='bbox 1619 751 1733 797; x_wconf 90' lang='lat' dir='ltr'>tuus,</span> <span class='ocrx_word' id='word_1_291' title='bbox 1755 752 1800 789; x_wconf 89' lang='lat' dir='ltr'>et</span> <span class='ocrx_word' id='word_1_292' title='bbox 1814 747 1937 789; x_wconf 85' lang='lat' dir='ltr'>Deus</span> 
     </span>
     <span class='ocr_line' id='line_1_55' title="bbox 1102 802 1936 845; baseline -0.001 0"><span class='ocrx_word' id='word_1_293' title='bbox 1102 808 1205 845; x_wconf 89' lang='lat' dir='ltr'>tuus</span> <span class='ocrx_word' id='word_1_294' title='bbox 1259 816 1429 844; x_wconf 88' lang='lat' dir='ltr'>summa</span> <span class='ocrx_word' id='word_1_295' title='bbox 1486 802 1722 845; x_wconf 82' lang='lat' dir='ltr'>dilectione</span> <span class='ocrx_word' id='word_1_296' title='bbox 1771 802 1936 845; x_wconf 83' lang='lat' dir='ltr'>dilexit.</span> 
     </span>
     <span class='ocr_line' id='line_1_56' title="bbox 1103 859 1937 911; baseline -0.001 -10"><span class='ocrx_word' id='word_1_297' title='bbox 1103 860 1211 910; x_wconf 91' lang='lat' dir='ltr'>Quis</span> <span class='ocrx_word' id='word_1_298' title='bbox 1244 860 1326 902; x_wconf 90' lang='lat' dir='ltr'>scit</span> <span class='ocrx_word' id='word_1_299' title='bbox 1358 859 1532 911; x_wconf 88' lang='lat' dir='ltr'>quoties</span> <span class='ocrx_word' id='word_1_300' title='bbox 1564 859 1796 910; x_wconf 86' lang='lat' dir='ltr'>refrigeres</span> <span class='ocrx_word' id='word_1_301' title='bbox 1826 859 1937 900; x_wconf 90' lang='lat' dir='ltr'>iram</span> 
     </span>
     <span class='ocr_line' id='line_1_57' title="bbox 1102 915 1935 968; baseline 0 -11"><span class='ocrx_word' id='word_1_302' title='bbox 1102 915 1273 968; x_wconf 90' lang='lat' dir='ltr'>judicis,</span> <span class='ocrx_word' id='word_1_303' title='bbox 1301 929 1400 957; x_wconf 91' lang='lat' dir='ltr'>cum</span> <span class='ocrx_word' id='word_1_304' title='bbox 1426 915 1602 967; x_wconf 83' lang='lat' dir='ltr'>justitiae</span> <span class='ocrx_word' id='word_1_305' title='bbox 1621 915 1761 956; x_wconf 89' lang='lat' dir='ltr'>virtus</span> <span class='ocrx_word' id='word_1_306' title='bbox 1780 928 1807 957; x_wconf 90' lang='lat' dir='ltr'>a</span> <span class='ocrx_word' id='word_1_307' title='bbox 1823 929 1935 968; x_wconf 85' lang='lat' dir='ltr'>prae-</span> 
     </span>
     <span class='ocr_line' id='line_1_58' title="bbox 1103 970 1694 1022; baseline -0.002 -9"><span class='ocrx_word' id='word_1_308' title='bbox 1103 972 1242 1013; x_wconf 87' lang='lat' dir='ltr'>sentia</span> <span class='ocrx_word' id='word_1_309' title='bbox 1262 971 1440 1013; x_wconf 82' lang='lat' dir='ltr'>deitatis</span> <span class='ocrx_word' id='word_1_310' title='bbox 1460 970 1694 1022; x_wconf 88' lang='lat' dir='ltr'>egreditur.</span> 
     </span>
    </p>

    <p class='ocr_par' dir='ltr' id='par_1_10' title="bbox 1100 1035 1937 1416">
     <span class='ocr_line' id='line_1_59' title="bbox 1156 1035 1937 1087; baseline 0.001 -10"><span class='ocrx_word' id='word_1_311' title='bbox 1156 1037 1207 1087; x_wconf 70' lang='lat' dir='ltr'>R.</span> <span class='ocrx_word' id='word_1_312' title='bbox 1244 1036 1536 1087; x_wconf 87' lang='lat' dir='ltr'>Congregabo</span> <span class='ocrx_word' id='word_1_313' title='bbox 1569 1048 1676 1078; x_wconf 88' lang='lat' dir='ltr'>oves</span> <span class='ocrx_word' id='word_1_314' title='bbox 1709 1035 1765 1078; x_wconf 91' lang='lat' dir='ltr'>de</span> <span class='ocrx_word' id='word_1_315' title='bbox 1796 1036 1937 1087; x_wconf 88' lang='lat' dir='ltr'>terris,</span> 
     </span>
     <span class='ocr_line' id='line_1_60' title="bbox 1102 1092 1933 1134; baseline -0.001 0"><span class='ocrx_word' id='word_1_316' title='bbox 1102 1098 1146 1134; x_wconf 90' lang='lat' dir='ltr'>et</span> <span class='ocrx_word' id='word_1_317' title='bbox 1169 1092 1375 1134; x_wconf 89' lang='lat' dir='ltr'>inducam</span> <span class='ocrx_word' id='word_1_318' title='bbox 1399 1105 1473 1134; x_wconf 87' lang='lat' dir='ltr'>eas</span> <span class='ocrx_word' id='word_1_319' title='bbox 1498 1092 1542 1132; x_wconf 92' lang='lat' dir='ltr'>in</span> <span class='ocrx_word' id='word_1_320' title='bbox 1565 1097 1730 1134; x_wconf 89' lang='lat' dir='ltr'>terram</span> <span class='ocrx_word' id='word_1_321' title='bbox 1754 1105 1893 1133; x_wconf 90' lang='lat' dir='ltr'>suam:</span> <span class='ocrx_word' id='word_1_322' title='bbox 1910 1095 1933 1119; x_wconf 85' lang='lat'>*</span> 
     </span>
     <span class='ocr_line' id='line_1_61' title="bbox 1101 1149 1936 1202; baseline 0 -12"><span class='ocrx_word' id='word_1_323' title='bbox 1101 1149 1158 1190; x_wconf 85' lang='lat' dir='ltr'>Et</span> <span class='ocrx_word' id='word_1_324' title='bbox 1176 1162 1356 1202; x_wconf 90' lang='lat' dir='ltr'>pascam</span> <span class='ocrx_word' id='word_1_325' title='bbox 1382 1162 1455 1190; x_wconf 88' lang='lat' dir='ltr'>eas</span> <span class='ocrx_word' id='word_1_326' title='bbox 1479 1149 1523 1189; x_wconf 93' lang='lat' dir='ltr'>in</span> <span class='ocrx_word' id='word_1_327' title='bbox 1542 1149 1765 1190; x_wconf 91' lang='lat' dir='ltr'>montibus</span> <span class='ocrx_word' id='word_1_328' title='bbox 1784 1149 1936 1190; x_wconf 78' lang='lat' dir='ltr'>Israel:</span> 
     </span>
     <span class='ocr_line' id='line_1_62' title="bbox 1102 1203 1936 1255; baseline 0.001 -10"><span class='ocrx_word' id='word_1_329' title='bbox 1102 1207 1124 1229; x_wconf 87' lang='lat'>*</span> <span class='ocrx_word' id='word_1_330' title='bbox 1157 1206 1208 1246; x_wconf 88' lang='lat' dir='ltr'>In</span> <span class='ocrx_word' id='word_1_331' title='bbox 1239 1205 1361 1255; x_wconf 88' lang='lat' dir='ltr'>rivis,</span> <span class='ocrx_word' id='word_1_332' title='bbox 1401 1210 1445 1246; x_wconf 92' lang='lat' dir='ltr'>et</span> <span class='ocrx_word' id='word_1_333' title='bbox 1475 1205 1518 1246; x_wconf 94' lang='lat' dir='ltr'>in</span> <span class='ocrx_word' id='word_1_334' title='bbox 1551 1205 1722 1246; x_wconf 89' lang='lat' dir='ltr'>cunctis</span> <span class='ocrx_word' id='word_1_335' title='bbox 1755 1203 1936 1247; x_wconf 89' lang='lat' dir='ltr'>sedibus</span> 
     </span>
     <span class='ocr_line' id='line_1_63' title="bbox 1100 1258 1933 1314; baseline 0.001 -12"><span class='ocrx_word' id='word_1_336' title='bbox 1100 1267 1248 1311; x_wconf 87' lang='lat' dir='ltr'>terrae,</span> <span class='ocrx_word' id='word_1_337' title='bbox 1295 1261 1478 1313; x_wconf 89' lang='lat' dir='ltr'>alleluja.</span> <span class='ocrx_word' id='word_1_338' title='bbox 1533 1258 1581 1310; x_wconf 65' lang='lat' dir='ltr'>Y.</span> <span class='ocrx_word' id='word_1_339' title='bbox 1619 1262 1716 1312; x_wconf 86' lang='lat' dir='ltr'>Ego</span> <span class='ocrx_word' id='word_1_340' title='bbox 1752 1274 1933 1314; x_wconf 89' lang='lat' dir='ltr'>pascam</span> 
     </span>
     <span class='ocr_line' id='line_1_64' title="bbox 1102 1318 1934 1370; baseline 0.001 -11"><span class='ocrx_word' id='word_1_341' title='bbox 1102 1331 1208 1360; x_wconf 92' lang='lat' dir='ltr'>oves</span> <span class='ocrx_word' id='word_1_342' title='bbox 1226 1331 1359 1368; x_wconf 84' lang='lat' dir='ltr'>meas,</span> <span class='ocrx_word' id='word_1_343' title='bbox 1379 1324 1423 1360; x_wconf 89' lang='lat' dir='ltr'>et</span> <span class='ocrx_word' id='word_1_344' title='bbox 1443 1331 1526 1370; x_wconf 88' lang='lat' dir='ltr'>ego</span> <span class='ocrx_word' id='word_1_345' title='bbox 1546 1331 1621 1360; x_wconf 87' lang='lat' dir='ltr'>eas</span> <span class='ocrx_word' id='word_1_346' title='bbox 1641 1318 1856 1360; x_wconf 81' lang='lat' dir='ltr'>accubare</span> <span class='ocrx_word' id='word_1_347' title='bbox 1875 1318 1934 1360; x_wconf 89' lang='lat' dir='ltr'>fa-</span> 
     </span>
     <span class='ocr_line' id='line_1_65' title="bbox 1101 1374 1866 1416; baseline 0 -1"><span class='ocrx_word' id='word_1_348' title='bbox 1101 1375 1224 1416; x_wconf 90' lang='lat' dir='ltr'>ciam.</span> <span class='ocrx_word' id='word_1_349' title='bbox 1251 1375 1318 1416; x_wconf 87' lang='lat' dir='ltr'>Et.</span> <span class='ocrx_word' id='word_1_350' title='bbox 1349 1374 1502 1415; x_wconf 81' lang='lat' dir='ltr'>Gloria</span> <span class='ocrx_word' id='word_1_351' title='bbox 1520 1374 1652 1416; x_wconf 88' lang='lat' dir='ltr'>Patri.</span> <span class='ocrx_word' id='word_1_352' title='bbox 1680 1375 1732 1415; x_wconf 92' lang='lat' dir='ltr'>In</span> <span class='ocrx_word' id='word_1_353' title='bbox 1750 1374 1866 1416; x_wconf 90' lang='lat' dir='ltr'>rivis.</span> 
     </span>
    </p>

    <p class='ocr_par' dir='ltr' id='par_1_11' title="bbox 1403 1461 1629 1502">
     <span class='ocr_line' id='line_1_66' title="bbox 1403 1461 1629 1502; baseline 0.004 -2"><span class='ocrx_word' id='word_1_354' title='bbox 1403 1461 1556 1502; x_wconf 83' lang='lat' dir='ltr'>Lectio</span> <span class='ocrx_word' id='word_1_355' title='bbox 1576 1462 1629 1501; x_wconf 80' lang='lat' dir='ltr'>ix.</span> 
     </span>
    </p>

    <p class='ocr_par' dir='ltr' id='par_1_12' title="bbox 1189 1526 1934 1579">
     <span class='ocr_line' id='line_1_67' title="bbox 1189 1526 1934 1579; baseline 0.003 -13"><span class='ocrx_word' id='word_1_356' title='bbox 1189 1527 1388 1567; x_wconf 87' lang='lat' dir='ltr'>evertere</span> <span class='ocrx_word' id='word_1_357' title='bbox 1417 1531 1574 1578; x_wconf 91' lang='lat' dir='ltr'>quarto</span> <span class='ocrx_word' id='word_1_358' title='bbox 1603 1539 1683 1579; x_wconf 88' lang='lat' dir='ltr'>per</span> <span class='ocrx_word' id='word_1_359' title='bbox 1710 1526 1934 1578; x_wconf 87' lang='lat' dir='ltr'>singulari-</span> 
     </span>
    </p>

    <p class='ocr_par' dir='ltr' id='par_1_13' title="bbox 1100 1582 1944 2691">
     <span class='ocr_line' id='line_1_68' title="bbox 1203 1582 1936 1625; baseline 0.003 -2"><span class='ocrx_word' id='word_1_360' title='bbox 1203 1584 1350 1623; x_wconf 88' lang='lat' dir='ltr'>tatem.</span> <span class='ocrx_word' id='word_1_361' title='bbox 1403 1583 1454 1623; x_wconf 92' lang='lat' dir='ltr'>In</span> <span class='ocrx_word' id='word_1_362' title='bbox 1484 1582 1686 1624; x_wconf 90' lang='lat' dir='ltr'>manibus</span> <span class='ocrx_word' id='word_1_363' title='bbox 1716 1583 1804 1624; x_wconf 88' lang='lat' dir='ltr'>tuis</span> <span class='ocrx_word' id='word_1_364' title='bbox 1835 1588 1936 1625; x_wconf 89' lang='lat' dir='ltr'>sunt</span> 
     </span>
     <span class='ocr_line' id='line_1_69' title="bbox 1100 1638 1944 1690; baseline 0.004 -11"><span class='ocrx_word' id='word_1_365' title='bbox 1100 1638 1295 1679; x_wconf 90' lang='lat' dir='ltr'>thesauri</span> <span class='ocrx_word' id='word_1_366' title='bbox 1314 1639 1646 1681; x_wconf 89' lang='lat' dir='ltr'>miserationum</span> <span class='ocrx_word' id='word_1_367' title='bbox 1665 1639 1860 1690; x_wconf 89' lang='lat' dir='ltr'>Domini,</span> <span class='ocrx_word' id='word_1_368' title='bbox 1890 1643 1944 1682; x_wconf 83' lang='lat' dir='ltr'>et&#39;</span> 
     </span>
     <span class='ocr_line' id='line_1_70' title="bbox 1101 1694 1934 1746; baseline 0.001 -11"><span class='ocrx_word' id='word_1_369' title='bbox 1101 1694 1195 1735; x_wconf 91' lang='lat' dir='ltr'>sola</span> <span class='ocrx_word' id='word_1_370' title='bbox 1216 1695 1357 1736; x_wconf 89' lang='lat' dir='ltr'>electa</span> <span class='ocrx_word' id='word_1_371' title='bbox 1377 1708 1442 1745; x_wconf 90' lang='lat' dir='ltr'>es,</span> <span class='ocrx_word' id='word_1_372' title='bbox 1471 1696 1542 1737; x_wconf 92' lang='lat' dir='ltr'>cui</span> <span class='ocrx_word' id='word_1_373' title='bbox 1565 1696 1707 1746; x_wconf 83' lang='lat' dir='ltr'>gratia</span> <span class='ocrx_word' id='word_1_374' title='bbox 1732 1695 1934 1738; x_wconf 91' lang='lat' dir='ltr'>concedi-</span> 
     </span>
     <span class='ocr_line' id='line_1_71' title="bbox 1100 1751 1934 1802; baseline 0.004 -12"><span class='ocrx_word' id='word_1_375' title='bbox 1100 1755 1181 1791; x_wconf 91' lang='lat' dir='ltr'>tur.</span> <span class='ocrx_word' id='word_1_376' title='bbox 1236 1751 1381 1802; x_wconf 88' lang='lat' dir='ltr'>Absit,</span> <span class='ocrx_word' id='word_1_377' title='bbox 1414 1756 1463 1793; x_wconf 88' lang='lat' dir='ltr'>ut</span> <span class='ocrx_word' id='word_1_378' title='bbox 1492 1757 1636 1793; x_wconf 84' lang='lat' dir='ltr'>cesset</span> <span class='ocrx_word' id='word_1_379' title='bbox 1662 1764 1818 1793; x_wconf 88' lang='lat' dir='ltr'>manus</span> <span class='ocrx_word' id='word_1_380' title='bbox 1848 1757 1934 1802; x_wconf 90' lang='lat' dir='ltr'>tua,</span> 
     </span>
     <span class='ocr_line' id='line_1_72' title="bbox 1101 1807 1935 1860; baseline 0.004 -13"><span class='ocrx_word' id='word_1_381' title='bbox 1101 1819 1201 1847; x_wconf 91' lang='lat' dir='ltr'>cum</span> <span class='ocrx_word' id='word_1_382' title='bbox 1226 1808 1506 1849; x_wconf 90' lang='lat' dir='ltr'>occasionem</span> <span class='ocrx_word' id='word_1_383' title='bbox 1534 1820 1708 1860; x_wconf 88' lang='lat' dir='ltr'>quaeras</span> <span class='ocrx_word' id='word_1_384' title='bbox 1733 1807 1935 1850; x_wconf 87' lang='lat' dir='ltr'>salvandi</span> 
     </span>
     <span class='ocr_line' id='line_1_73' title="bbox 1100 1863 1934 1913; baseline 0.002 -11"><span class='ocrx_word' id='word_1_385' title='bbox 1100 1865 1302 1913; x_wconf 80' lang='lat' dir='ltr'>miserOS,</span> <span class='ocrx_word' id='word_1_386' title='bbox 1338 1869 1382 1905; x_wconf 86' lang='lat' dir='ltr'>et</span> <span class='ocrx_word' id='word_1_387' title='bbox 1417 1863 1767 1905; x_wconf 89' lang='lat' dir='ltr'>misericordiam</span> <span class='ocrx_word' id='word_1_388' title='bbox 1799 1863 1934 1905; x_wconf 87' lang='lat' dir='ltr'>effun-</span> 
     </span>
     <span class='ocr_line' id='line_1_74' title="bbox 1101 1918 1934 1971; baseline 0.002 -12"><span class='ocrx_word' id='word_1_389' title='bbox 1101 1918 1248 1969; x_wconf 87' lang='lat' dir='ltr'>dendi;</span> <span class='ocrx_word' id='word_1_390' title='bbox 1280 1931 1424 1971; x_wconf 90' lang='lat' dir='ltr'>neque</span> <span class='ocrx_word' id='word_1_391' title='bbox 1456 1919 1571 1961; x_wconf 90' lang='lat' dir='ltr'>enim</span> <span class='ocrx_word' id='word_1_392' title='bbox 1594 1924 1671 1961; x_wconf 90' lang='lat' dir='ltr'>tua</span> <span class='ocrx_word' id='word_1_393' title='bbox 1695 1919 1836 1970; x_wconf 87' lang='lat' dir='ltr'>gloria</span> <span class='ocrx_word' id='word_1_394' title='bbox 1859 1921 1934 1962; x_wconf 92' lang='lat' dir='ltr'>mi-</span> 
     </span>
     <span class='ocr_line' id='line_1_75' title="bbox 1100 1974 1933 2028; baseline 0.002 -14"><span class='ocrx_word' id='word_1_395' title='bbox 1100 1974 1260 2024; x_wconf 90' lang='lat' dir='ltr'>nuitur,</span> <span class='ocrx_word' id='word_1_396' title='bbox 1281 1974 1361 2017; x_wconf 91' lang='lat' dir='ltr'>sed</span> <span class='ocrx_word' id='word_1_397' title='bbox 1381 1977 1576 2027; x_wconf 89' lang='lat' dir='ltr'>augetur,</span> <span class='ocrx_word' id='word_1_398' title='bbox 1600 1988 1700 2017; x_wconf 90' lang='lat' dir='ltr'>cum</span> <span class='ocrx_word' id='word_1_399' title='bbox 1718 1976 1933 2028; x_wconf 89' lang='lat' dir='ltr'>poeniten-</span> 
     </span>
     <span class='ocr_line' id='line_1_76' title="bbox 1100 2030 1932 2083; baseline 0.002 -12"><span class='ocrx_word' id='word_1_400' title='bbox 1100 2035 1168 2072; x_wconf 87' lang='lat' dir='ltr'>tes</span> <span class='ocrx_word' id='word_1_401' title='bbox 1197 2030 1254 2072; x_wconf 91' lang='lat' dir='ltr'>ad</span> <span class='ocrx_word' id='word_1_402' title='bbox 1280 2032 1454 2072; x_wconf 89' lang='lat' dir='ltr'>veniam</span> <span class='ocrx_word' id='word_1_403' title='bbox 1482 2031 1720 2082; x_wconf 90' lang='lat' dir='ltr'>justificati,</span> <span class='ocrx_word' id='word_1_404' title='bbox 1757 2031 1816 2073; x_wconf 90' lang='lat' dir='ltr'>ad</span> <span class='ocrx_word' id='word_1_405' title='bbox 1842 2031 1932 2083; x_wconf 88' lang='lat' dir='ltr'>glo-</span> 
     </span>
     <span class='ocr_line' id='line_1_77' title="bbox 1101 2087 1934 2139; baseline 0.004 -12"><span class='ocrx_word' id='word_1_406' title='bbox 1101 2087 1209 2128; x_wconf 86' lang='lat' dir='ltr'>riam</span> <span class='ocrx_word' id='word_1_407' title='bbox 1234 2091 1526 2129; x_wconf 85' lang='lat' dir='ltr'>assumuntur.</span> <span class='ocrx_word' id='word_1_408' title='bbox 1559 2088 1804 2129; x_wconf 85' lang='lat' dir='ltr'>Revertere</span> <span class='ocrx_word' id='word_1_409' title='bbox 1828 2100 1934 2139; x_wconf 86' lang='lat' dir='ltr'>ergo</span> 
     </span>
     <span class='ocr_line' id='line_1_78' title="bbox 1100 2142 1934 2197; baseline 0.001 -13"><span class='ocrx_word' id='word_1_410' title='bbox 1100 2144 1353 2194; x_wconf 87' lang='lat' dir='ltr'>Sunamitis‚</span> <span class='ocrx_word' id='word_1_411' title='bbox 1385 2143 1516 2193; x_wconf 89' lang='lat' dir='ltr'>idest,</span> <span class='ocrx_word' id='word_1_412' title='bbox 1550 2142 1779 2197; x_wconf 89' lang='lat' dir='ltr'>despecta,</span> <span class='ocrx_word' id='word_1_413' title='bbox 1813 2145 1934 2196; x_wconf 91' lang='lat' dir='ltr'>cujus</span> 
     </span>
     <span class='ocr_line' id='line_1_79' title="bbox 1102 2200 1934 2253; baseline 0.002 -13"><span class='ocrx_word' id='word_1_414' title='bbox 1102 2200 1290 2241; x_wconf 90' lang='lat' dir='ltr'>animam</span> <span class='ocrx_word' id='word_1_415' title='bbox 1313 2201 1600 2253; x_wconf 90' lang='lat' dir='ltr'>pertransivit</span> <span class='ocrx_word' id='word_1_416' title='bbox 1618 2200 1807 2251; x_wconf 82' lang='lat' dir='ltr'>gladius,</span> <span class='ocrx_word' id='word_1_417' title='bbox 1835 2213 1934 2253; x_wconf 85' lang='lat' dir='ltr'>quae</span> 
     </span>
     <span class='ocr_line' id='line_1_80' title="bbox 1101 2256 1936 2309; baseline 0.002 -13"><span class='ocrx_word' id='word_1_418' title='bbox 1101 2256 1213 2297; x_wconf 90' lang='lat' dir='ltr'>fabri</span> <span class='ocrx_word' id='word_1_419' title='bbox 1253 2269 1366 2298; x_wconf 84' lang='lat' dir='ltr'>uxor</span> <span class='ocrx_word' id='word_1_420' title='bbox 1410 2256 1634 2309; x_wconf 88' lang='lat' dir='ltr'>appellata</span> <span class='ocrx_word' id='word_1_421' title='bbox 1670 2257 1801 2298; x_wconf 88' lang='lat' dir='ltr'>fuisti.</span> <span class='ocrx_word' id='word_1_422' title='bbox 1862 2256 1936 2298; x_wconf 92' lang='lat' dir='ltr'>Ad</span> 
     </span>
     <span class='ocr_line' id='line_1_81' title="bbox 1102 2312 1934 2364; baseline 0.001 -11"><span class='ocrx_word' id='word_1_423' title='bbox 1102 2312 1229 2364; x_wconf 87' lang='lat' dir='ltr'>quid?</span> <span class='ocrx_word' id='word_1_424' title='bbox 1266 2313 1325 2354; x_wconf 88' lang='lat' dir='ltr'>Ut</span> <span class='ocrx_word' id='word_1_425' title='bbox 1348 2313 1606 2354; x_wconf 87' lang='lat' dir='ltr'>intueamur.</span> <span class='ocrx_word' id='word_1_426' title='bbox 1643 2312 1820 2354; x_wconf 88' lang='lat' dir='ltr'>Summa</span> <span class='ocrx_word' id='word_1_427' title='bbox 1843 2312 1934 2364; x_wconf 91' lang='lat' dir='ltr'>glo-</span> 
     </span>
     <span class='ocr_line' id='line_1_82' title="bbox 1101 2368 1935 2422; baseline 0.002 -14"><span class='ocrx_word' id='word_1_428' title='bbox 1101 2369 1165 2409; x_wconf 89' lang='lat' dir='ltr'>ria</span> <span class='ocrx_word' id='word_1_429' title='bbox 1185 2374 1252 2411; x_wconf 91' lang='lat' dir='ltr'>est</span> <span class='ocrx_word' id='word_1_430' title='bbox 1271 2374 1376 2422; x_wconf 90' lang='lat' dir='ltr'>post</span> <span class='ocrx_word' id='word_1_431' title='bbox 1390 2369 1535 2410; x_wconf 92' lang='lat' dir='ltr'>Deum</span> <span class='ocrx_word' id='word_1_432' title='bbox 1549 2374 1593 2410; x_wconf 88' lang='lat' dir='ltr'>te</span> <span class='ocrx_word' id='word_1_433' title='bbox 1608 2368 1770 2419; x_wconf 87' lang='lat' dir='ltr'>videre,</span> <span class='ocrx_word' id='word_1_434' title='bbox 1789 2368 1935 2411; x_wconf 88' lang='lat' dir='ltr'>adhae-</span> 
     </span>
     <span class='ocr_line' id='line_1_83' title="bbox 1102 2425 1934 2478; baseline 0.001 -13"><span class='ocrx_word' id='word_1_435' title='bbox 1102 2427 1199 2466; x_wconf 87' lang='lat' dir='ltr'>rere</span> <span class='ocrx_word' id='word_1_436' title='bbox 1231 2425 1327 2475; x_wconf 93' lang='lat' dir='ltr'>tibi,</span> <span class='ocrx_word' id='word_1_437' title='bbox 1366 2430 1410 2467; x_wconf 91' lang='lat' dir='ltr'>et</span> <span class='ocrx_word' id='word_1_438' title='bbox 1442 2425 1486 2466; x_wconf 91' lang='lat' dir='ltr'>in</span> <span class='ocrx_word' id='word_1_439' title='bbox 1522 2430 1611 2466; x_wconf 88' lang='lat' dir='ltr'>tuae</span> <span class='ocrx_word' id='word_1_440' title='bbox 1644 2425 1934 2478; x_wconf 84' lang='lat' dir='ltr'>protectionis</span> 
     </span>
     <span class='ocr_line' id='line_1_84' title="bbox 1101 2480 1935 2531; baseline 0 -9"><span class='ocrx_word' id='word_1_441' title='bbox 1101 2481 1338 2523; x_wconf 91' lang='lat' dir='ltr'>munimine</span> <span class='ocrx_word' id='word_1_442' title='bbox 1384 2481 1617 2523; x_wconf 76' lang='lat' dir='ltr'>demorari,</span> <span class='ocrx_word' id='word_1_443' title='bbox 1675 2480 1794 2522; x_wconf 91' lang='lat' dir='ltr'>Audi</span> <span class='ocrx_word' id='word_1_444' title='bbox 1837 2493 1935 2531; x_wconf 90' lang='lat' dir='ltr'>nos,</span> 
     </span>
     <span class='ocr_line' id='line_1_85' title="bbox 1101 2537 1935 2588; baseline 0 -9"><span class='ocrx_word' id='word_1_445' title='bbox 1101 2550 1202 2579; x_wconf 91' lang='lat' dir='ltr'>nam</span> <span class='ocrx_word' id='word_1_446' title='bbox 1222 2543 1266 2579; x_wconf 91' lang='lat' dir='ltr'>et</span> <span class='ocrx_word' id='word_1_447' title='bbox 1282 2537 1418 2579; x_wconf 89' lang='lat' dir='ltr'>Filius</span> <span class='ocrx_word' id='word_1_448' title='bbox 1438 2537 1544 2578; x_wconf 92' lang='lat' dir='ltr'>nihil</span> <span class='ocrx_word' id='word_1_449' title='bbox 1563 2549 1728 2588; x_wconf 88' lang='lat' dir='ltr'>negans</span> <span class='ocrx_word' id='word_1_450' title='bbox 1747 2537 1935 2579; x_wconf 91' lang='lat' dir='ltr'>honorat</span> 
     </span>
     <span class='ocr_line' id='line_1_86' title="bbox 1102 2592 1934 2645; baseline 0 -11"><span class='ocrx_word' id='word_1_451' title='bbox 1102 2599 1161 2643; x_wconf 88' lang='lat' dir='ltr'>te,</span> <span class='ocrx_word' id='word_1_452' title='bbox 1190 2594 1265 2645; x_wconf 92' lang='lat' dir='ltr'>qui</span> <span class='ocrx_word' id='word_1_453' title='bbox 1285 2599 1352 2635; x_wconf 89' lang='lat' dir='ltr'>est</span> <span class='ocrx_word' id='word_1_454' title='bbox 1370 2594 1491 2634; x_wconf 92' lang='lat' dir='ltr'>Deus</span> <span class='ocrx_word' id='word_1_455' title='bbox 1514 2592 1774 2635; x_wconf 86' lang='lat' dir='ltr'>benedictus</span> <span class='ocrx_word' id='word_1_456' title='bbox 1793 2593 1837 2634; x_wconf 93' lang='lat' dir='ltr'>in</span> <span class='ocrx_word' id='word_1_457' title='bbox 1856 2595 1934 2634; x_wconf 81' lang='lat' dir='ltr'>sae-</span> 
     </span>
     <span class='ocr_line' id='line_1_87' title="bbox 1102 2649 1496 2691; baseline -0.003 -1"><span class='ocrx_word' id='word_1_458' title='bbox 1102 2650 1199 2690; x_wconf 95' lang='lat' dir='ltr'>cula</span> <span class='ocrx_word' id='word_1_459' title='bbox 1220 2649 1496 2691; x_wconf 82' lang='lat' dir='ltr'>saeculorum.</span> 
     </span>
    </p>
   </div>
   <div class='ocr_carea' id='block_1_5' title="bbox 1159 2712 1717 2755">
    <p class='ocr_par' dir='ltr' id='par_1_14' title="bbox 1159 2712 1717 2755">
     <span class='ocr_line' id='line_1_88' title="bbox 1159 2712 1717 2755; baseline -0.002 -1"><span class='ocrx_word' id='word_1_460' title='bbox 1159 2714 1219 2755; x_wconf 90' lang='lat' dir='ltr'>Te</span> <span class='ocrx_word' id='word_1_461' title='bbox 1238 2714 1381 2755; x_wconf 89' lang='lat' dir='ltr'>Deum</span> <span class='ocrx_word' id='word_1_462' title='bbox 1399 2712 1639 2755; x_wconf 89' lang='lat' dir='ltr'>laudamus.</span> <span class='ocrx_word' id='word_1_463' title='bbox 1658 2713 1717 2753; x_wconf 88' lang='grc'>15.</span> 
     </span>
    </p>
   </div>
   <div class='ocr_carea' id='block_1_6' title="bbox 162 153 1994 2820">
    <p class='ocr_par' dir='ltr' id='par_1_15' title="bbox 162 153 1994 2820">
     <span class='ocr_line' id='line_1_89' title="bbox 162 153 1994 2820; baseline 0 0"><span class='ocrx_word' id='word_1_464' title='bbox 162 153 1994 2820; x_wconf 95' lang='lat' dir='ltr'> </span> 
     </span>
    </p>
   </div>
  </div>
 </body>
</html>
