2028 2892
744 154 946 188 Dominicu
972 154 1021 187 ad
1046 154 1281 187 Matutinurn.
1834 162 1856 197 9

157 255 245 297 illic
263 254 593 308 trepidaverunt
612 256 784 306 timore,
804 256 879 298 ubi
896 268 983 297 non

160 317 254 354 erat
272 311 414 353 timor.

211 373 426 424 Quoniam
443 374 658 414 Dominus
681 374 724 414 in
743 375 982 424 generatio-

157 442 212 471 ne
230 430 343 481 justa
361 435 447 480 est,
476 430 703 472 consilium
722 431 864 483 inopis
885 443 983 472 con-

157 485 344 527 fudistis:
363 487 387 512 *
414 487 618 539 quoniam
642 487 856 528 D6minus
881 500 982 540 spes

159 543 249 594 ejus
269 548 345 584 est.

211 604 317 654 Quis
345 603 467 646 dabit
495 616 549 646 ex
576 605 679 646 Sion
707 604 896 646 salutare
923 605 983 645 Is-

158 659 273 701 rael?
293 661 316 686 *
341 673 439 702 cum
459 661 666 702 averterit
684 661 897 702 Dominus
917 674 984 702 ca-

158 716 405 769 ptivitatem
436 717 578 770 plebis
607 730 717 767 suae,
750 717 985 759 exsultabit

158 771 306 823 Jacob,
327 779 370 815 et
388 774 608 815 laetabitur
626 774 774 815 Israel.

434 842 633 883 Psalmus
662 844 719 883 14.

249 908 391 950 omine
404 909 499 961 quis
510 908 724 951 habitabit
733 909 776 949 in
787 908 984 950 taberna-

271 964 369 1006 culo
384 963 484 1006 tuo?
500 965 524 991 *
539 970 614 1006 aut
630 966 725 1018 quis
740 966 986 1018 requiescet

158 1020 203 1061 in
221 1026 370 1063 monte
390 1027 542 1063 sancto
561 1020 661 1063 tuo?

212 1082 296 1133 Qui
314 1082 556 1134 ingreditur
575 1083 667 1125 sine
685 1082 871 1133 macula,
894 1083 917 1109 *
942 1088 985 1124 et

161 1141 370 1192 operatur
388 1140 609 1192 justitiam:

212 1200 295 1251 Qui
317 1200 512 1254 loquitur
529 1202 760 1243 veritatem
782 1201 826 1242 in
851 1199 985 1242 corde

160 1270 259 1307 suo,
286 1257 310 1283 *
339 1258 413 1310 qui
439 1271 527 1300 non
553 1259 640 1310 egit
666 1257 816 1300 dolum
842 1258 886 1298 in
910 1257 984 1298 lin-

159 1326 245 1365 gua
264 1326 357 1356 sua:

210 1375 306 1417 Nec
324 1376 426 1417 fecit
444 1376 647 1428 proximo
668 1388 747 1417 suo
766 1375 943 1424 malum,
962 1375 985 1400 *

161 1435 204 1472 et
228 1431 516 1484 oppr6brium
538 1444 627 1473 non
646 1432 815 1484 accepit
835 1431 985 1472 adver—

161 1501 234 1528 sus
253 1488 480 1540 proximos
500 1501 613 1530 suos.

212 1547 285 1590 Ad
303 1548 484 1590 nihilum
504 1548 719 1591 deductus
739 1554 806 1590 est
824 1549 868 1589 in
888 1560 985 1589 con-

161 1606 316 1658 spectu
344 1605 434 1656 ejus
463 1605 697 1656 malignus:
728 1605 752 1631 *
784 1605 986 1646 timentes

161 1665 308 1702 autem
325 1661 563 1703 D6minum
582 1661 815 1713 glorificat:

213 1722 297 1773 Qui
323 1723 436 1775 jurat
462 1723 664 1775 pr6ximo
694 1735 793 1772 suo,
826 1726 870 1763 et
898 1734 987 1763 non

163 1777 340 1831 decipit,
364 1778 388 1804 *
417 1779 491 1831 qui
509 1779 740 1832 pecuniam
758 1791 881 1819 suam
900 1790 987 1819 non

162 1833 284 1877 dedit
303 1835 360 1877 ad
378 1838 569 1886 usuram,
594 1840 637 1877 et
654 1838 836 1877 munera
855 1847 987 1887 super

161 1890 438 1933 innocentem
455 1904 544 1933 non
563 1892 743 1945 accepit.

213 1953 297 2003 Qui
315 1952 418 1995 facit
436 1953 550 2003 haec,
578 1954 602 1979 *
629 1965 717 1994 non
740 1951 987 1994 movebitur

160 2007 205 2049 in
223 2011 445 2051 aeternum.

214 2076 298 2117 Per
335 2076 520 2116 Annum.
559 2076 657 2117 Ant.
696 2078 764 2118 Tu
798 2076 987 2118 Domine

163 2134 359 2177 servabis
378 2147 473 2176 nos:
493 2140 536 2177 et
555 2133 777 2176 custodies
795 2146 888 2175 nos.

212 2203 263 2244 In
299 2203 515 2255 Quadrag.
560 2199 609 2250 V.
649 2204 750 2256 Ipse
786 2202 988 2243 liberavit

160 2273 231 2302 me
264 2261 318 2302 de
350 2261 510 2313 laqueo
537 2261 796 2301 venantium.
847 2259 897 2310 R.
931 2258 987 2299 Et

163 2330 189 2358 a
216 2317 353 2359 verbo
383 2319 552 2370 aspero.

214 2386 365 2439 Temp.
384 2387 615 2427 Passionis.
645 2380 693 2431 Y'.
717 2385 831 2425 Erue
855 2396 880 2424 a
904 2382 986 2423 fra-

162 2456 259 2485 mea
285 2444 406 2485 Deus
435 2443 621 2484 animam
651 2454 803 2482 meam.
847 2442 897 2492 R.
930 2438 987 2480 Et

164 2499 218 2541 de
245 2513 377 2541 manu
405 2500 523 2541 canis
550 2498 721 2540 unicam
747 2509 900 2538 meam.

215 2568 367 2621 Temp.
405 2568 614 2609 Paschali.
655 2568 753 2607 Ant.
792 2564 985 2616 Alleluja,

162 2625 275 2678 lapis
311 2625 534 2667 revolutus
576 2628 661 2674 est,
702 2622 889 2673 alleluja:
930 2620 984 2662 ab

164 2682 278 2723 ostio
301 2681 579 2730 monumenti,
603 2679 783 2730 alleluja,
805 2676 985 2728 allehija.

314 2822 377 2846 Pars
394 2821 487 2846 Verna-

1096 250 1144 302 Y'.
1169 256 1365 297 Surrexit
1392 256 1606 297 DOminus
1634 256 1688 298 de
1717 257 1856 309 sepul-

1036 311 1159 362 chro,
1193 312 1372 364 alleluja.
1421 314 1471 364 R.
1503 313 1586 362 Qui
1617 326 1699 365 pro
1732 313 1857 354 nobis

1036 367 1247 420 pependit
1274 369 1317 409 in
1344 369 1480 419 ligno,
1508 369 1687 422 alleluja.

1092 430 1184 463 Post
1203 424 1246 469 Y'.
1267 430 1470 470 cujuslibet
1489 431 1672 464 Nocturni
1692 430 1830 464 dicitur

1095 476 1217 517 Pater
1237 481 1397 518 noster.
1428 483 1608 516 secreto.

1095 530 1143 580 Y.
1158 533 1214 573 Et
1232 545 1286 573 ne
1305 545 1386 573 nos
1405 531 1585 573 inducas
1600 532 1643 572 in
1658 532 1856 573 tentatio-

1036 601 1146 630 nem.
1181 591 1230 641 Ην.
1256 588 1343 630 Sed
1362 588 1498 630 libera
1515 601 1595 629 nos
1615 602 1640 629 a
1657 589 1784 630 malo.

1332 647 1575 687 Absolutio.

1042 698 1118 803 Ε
1128 701 1260 743 xaudi
1270 702 1456 743 D6mine
1467 702 1491 742 J
1493 715 1570 743 esu
1581 702 1749 743 Christe
1764 715 1857 754 pre-

1134 771 1206 800 ces
1226 760 1453 800 servorum
1471 760 1656 807 tuorum,
1675 763 1718 799 et
1735 759 1858 800 mise-

1038 817 1133 856 rere
1157 814 1301 864 nobis,
1332 815 1404 867 qui
1428 827 1526 855 cum
1548 815 1677 856 Patre
1701 820 1743 856 et
1767 815 1857 866 Spi-

1037 871 1123 912 ritu
1148 876 1299 912 sancto
1326 871 1434 911 vivis
1459 876 1502 912 et
1529 884 1683 921 regnas
1711 871 1754 911 in
1781 873 1858 912 sae-

1038 928 1135 969 cula
1154 928 1424 969 saeculorum.
1454 929 1503 979 R.
1521 928 1671 969 Amen.

1095 980 1143 1031 Y.
1165 985 1189 1025 J
1192 984 1277 1026 ube
1297 984 1455 1026 domne
1474 983 1742 1025 benedicere.

1097 1041 1361 1082 Benedictio.
1378 1040 1688 1082 Benedictione
1707 1041 1858 1092 perpe-

1037 1102 1112 1139 tua
1130 1096 1361 1138 benedicat
1379 1109 1460 1138 nos
1478 1097 1607 1138 Pater
1627 1099 1823 1138 aeternus.

1094 1157 1143 1207 R.
1167 1154 1319 1195 Amen.

1094 1217 1240 1251 Deinde
1264 1218 1441 1259 leguntur
1468 1216 1566 1250 Lect.
1591 1226 1672 1249 cum
1704 1214 1793 1257 NR..
1823 1220 1861 1247 ut

1042 1265 1079 1297 in
1098 1265 1260 1308 Proprio
1287 1266 1332 1299 dc
1350 1265 1539 1307 Tempore
1566 1264 1817 1303 assignantur.

1266 1322 1348 1360 Pro
1370 1322 1406 1360 ii.
1426 1321 1642 1360 Lectione.

1093 1382 1252 1423 Bened.
1276 1382 1525 1432 Unigenitus
1539 1381 1621 1422 Dei
1632 1380 1764 1421 Filius
1779 1392 1859 1421 nos

1038 1438 1296 1480 benedicere
1316 1443 1359 1479 et
1378 1437 1581 1489 adjuvare
1600 1436 1809 1487 dignetur.

1093 1497 1142 1548 R.
1167 1494 1319 1535 Amen.

1252 1562 1337 1600 Pro
1359 1560 1411 1599 iii.
1432 1558 1648 1598 Lectione.

1097 1621 1358 1662 Benedictio.
1374 1620 1559 1672 Spiritus
1575 1619 1711 1660 sancti
1721 1619 1860 1669 gratia

1038 1677 1250 1718 illuminet
1269 1689 1420 1718 sensus
1440 1681 1483 1717 et
1501 1675 1636 1717 eorda
1653 1680 1812 1716 nostra.

1094 1735 1142 1786 R.
1168 1734 1320 1774 Amen.

1268 1825 1316 1863 In
1343 1825 1393 1863 ΙΙ.
1422 1824 1642 1863 Nocturno.

1093 1889 1175 1929 Per
1196 1889 1377 1928 Annum.
1408 1889 1505 1928 Ant.
1535 1887 1756 1928 Bonorum
1774 1898 1858 1926 me-

1040 1947 1175 1987 oru'm.

1093 2001 1244 2052 Temp.
1280 2000 1489 2041 Paschali.
1532 2000 1630 2039 Ant.
1667 1997 1857 2049 Alleluja.

1316 2061 1511 2100 Psalmus
1532 2059 1589 2098 15.

1046 2126 1064 2146 ι’
1096 2115 1336 2164 <onserva
1354 2124 1424 2153 me
1438 2111 1634 2159 Domine,
1656 2109 1857 2162 quoniam

1043 2194 1046 2207 ι
1072 2164 1148 2219 ‘1:21
1171 2169 1343 2222 speravi
1362 2169 1406 2209 in
1423 2173 1478 2209 te.
1497 2167 1520 2193 *
1538 2166 1640 2208 Dixi
1653 2165 1856 2206 Domino:

1045 2213 1147 2252 &3⁴
1170 2226 1291 2267 Deus
1322 2237 1444 2266 meus
1477 2236 1523 2264 es
1554 2227 1620 2270 tu,
1654 2221 1856 2273 quoniam

1038 2281 1254 2323 bonorum
1271 2283 1468 2322 meorum
1486 2291 1572 2320 non
1591 2290 1703 2328 eges.

1089 2338 1273 2386 Sanctis,
1299 2337 1372 2389 qui
1391 2339 1489 2377 sunt
1510 2335 1553 2375 in
1571 2339 1686 2375 terra
1706 2334 1809 2385 ejus,
1832 2333 1856 2358 *

1037 2394 1282 2435 mirificavit
1305 2405 1455 2434 omnes
1474 2390 1719 2431 voluntates
1737 2401 1856 2430 meas

1037 2451 1080 2491 in
1100 2451 1172 2492 eis.

1088 2505 1384 2558 Multiplicatae
1434 2507 1533 2544 sunt
1585 2501 1855 2542 infirmitates

1038 2565 1204 2604 e6rum:
1222 2562 1245 2587 *
1263 2562 1418 2613 postea
1436 2558 1796 2600 acceleraverunt.

1087 2619 1188 2659 Non
1233 2614 1508 2666 congregabo
1557 2611 1854 2655 conventicula

1037 2677 1188 2716 eorum
1212 2672 1266 2714 de
1294 2670 1589 2722 sanguinibus,
1612 2670 1635 2695 *
1659 2681 1740 2709 nec
1768 2680 1852 2708 me-

1626 2801 1647 2832 2
