2066 2956
641 171 683 205 In
707 170 833 205 Festis
858 170 899 203 B.
923 170 1055 204 Mariae
1079 169 1122 203 V.
1147 179 1215 212 per
1240 179 1388 203 annum.

167 269 273 319 eius:
299 268 323 294 *
351 271 396 309 et
421 266 622 308 viderunt
653 278 805 308 omnes
836 266 989 319 pepuli

166 324 350 376 gleriam
369 325 470 377 ejus.

219 379 552 422 Confundantur
590 390 759 429 omnes,
808 379 882 431 qui
917 378 989 420 ad-

168 439 294 479 orant
313 435 544 489 sculptilia:
558 435 582 461 *
598 439 641 476 et
657 435 731 488 qui
748 435 989 486 gloriantur

167 493 211 534 in
229 492 469 535 simulacris
488 492 589 533 suis.

217 549 415 591 Adorate
430 561 530 590 eum
544 560 695 590 omnes
709 547 867 598 Angeli
886 548 989 600 ejus:

166 606 190 633 *
209 605 385 655 audivit,
413 610 456 647 et
473 605 623 646 laetata
642 608 709 646 est
726 604 840 645 Sion.

218 663 275 704 Et
307 662 634 711 exsultaverunt
665 660 766 702 ffliae
797 660 939 710 Judae,
967 661 991 687 *

166 723 349 772 propter
366 718 523 771 judicia
539 722 615 759 tua
632 717 837 758 Demine:

220 775 437 825 Quoniam
450 778 498 816 tu
512 773 725 815 Dominus
739 773 991 815 Altissimus

169 844 301 884 super
316 844 490 873 omnem
507 835 684 872 terram:
697 830 721 856 *
733 830 859 871 nimis
879 830 991 871 exal-

168 889 285 929 tatus
304 900 351 929 es
370 900 501 940 super
521 899 672 928 omnes
691 886 810 928 deos.

220 944 304 995 Qui
319 943 497 995 diligitis
507 944 754 993 D6minum,
772 942 890 985 odite
904 956 991 983 ma-

167 1000 271 1041 lum:
302 1000 326 1027 *
358 1000 551 1042 custodit
579 1000 793 1041 Dominus
825 999 992 1040 animas

168 1058 419 1098 sanct6rum
443 1059 637 1106 suorum,
665 1056 720 1098 de
742 1069 873 1098 manu
893 1069 991 1108 pec-

168 1113 329 1155 catoris
346 1113 550 1155 liberabit
569 1125 656 1154 eos.

219 1169 317 1211 Lux
345 1174 442 1211 orta
469 1174 535 1212 est
566 1170 697 1221 justo,
724 1169 748 1195 *
785 1173 829 1210 et
859 1169 991 1210 rectis

169 1226 303 1268 corde
329 1226 490 1267 laetitia.

218 1282 447 1324 Laetamini
474 1282 574 1333 justi
599 1282 644 1322 in
670 1281 876 1323 Domino:
900 1282 924 1308 *
948 1286 992 1323 et

169 1338 435 1380 confitemini
448 1338 671 1380 memoriae
686 1338 990 1379 sanctificatio-

170 1408 236 1436 nis
256 1408 357 1448 ejus.

154 1491 159 1496 ,
218 1450 318 1490 Ant.
362 1450 556 1502 Dignare
598 1463 668 1492 me
711 1450 891 1492 laudare
932 1455 992 1500 te,

169 1507 308 1558 Virgo
346 1509 532 1548 sacrata:
568 1506 625 1548 da
653 1506 759 1548 mihi
788 1506 994 1548 virtutem

171 1568 325 1605 contra
342 1562 491 1605 hostes
509 1567 620 1604 tuos.

222 1619 322 1660 Ant.
346 1617 451 1661 Post
467 1624 642 1672 partum
660 1620 684 1646 *
702 1620 840 1671 Virgo
859 1619 993 1660 invio-

170 1675 260 1717 lata
283 1675 577 1729 permansisti,
603 1675 687 1718 Dei
712 1676 910 1718 Genitrix
934 1675 994 1716 in-

170 1731 348 1774 tercede
366 1744 448 1784 pro
471 1731 609 1774 nobis.

222 1787 250 1839 5
273 1789 323 1828 Ι11
342 1787 454 1829 festo
476 1786 797 1828 Afiuntiationis
813 1786 859 1826 B.
875 1785 992 1826 MV.

170 1845 269 1886 Ant.
306 1843 501 1896 Angelus
526 1844 704 1886 Demini
729 1845 753 1871 *
779 1844 994 1885 nuntiavit

171 1901 341 1952 Mariae,
391 1905 435 1942 et
486 1902 687 1954 concepit
733 1901 788 1943 de
832 1900 996 1953 Spiritu

171 1961 335 1999 sancto.

442 2013 641 2053 Psalmus
661 2012 724 2051 97.

173 2064 402 2173 cantate
436 2069 627 2111 Domino
662 2070 879 2111 canticum
920 2082 993 2110 no-

266 2138 382 2166 vum:
400 2126 424 2152 *
445 2126 547 2178 quia
564 2125 780 2167 mirabilia
798 2125 912 2166 fecit.

223 2182 417 2223 Salvavit
445 2181 529 2223 sibi
561 2181 742 2223 dextera
770 2182 875 2234 ejus:
899 2181 922 2207 *
951 2185 995 2223 et

170 2238 398 2279 brachium
418 2242 617 2279 sanctum
637 2238 738 2290 ejus.

222 2294 390 2336 Notum
421 2294 524 2335 fecit
551 2294 766 2335 Deminus
802 2293 994 2335 salutare

172 2363 311 2391 suum:
329 2350 353 2376 *
373 2350 417 2391 in
436 2352 678 2403 conspectu
697 2350 904 2391 Gentium
929 2363 993 2391 re-

172 2406 334 2448 velavit
352 2406 560 2459 justitiam
579 2419 711 2447 suam.

223 2462 498 2504 Recordatus
559 2467 625 2504 est
677 2461 992 2504 misericordiae

174 2530 279 2569 suae,
299 2519 324 2544 *
343 2523 387 2560 et
413 2519 611 2561 veritatis
640 2531 731 2560 suae
760 2519 909 2560 demui
933 2519 993 2559 Is·
1054 2555 1164 2577 ἡ

173 2574 276 2615 rael.

175 2685 364 2728 salutare
381 2687 466 2729 Dei
482 2687 630 2729 nostri.

225 2629 443 2673 Viderunt
460 2644 612 2673 omnes
634 2630 806 2672 termini
824 2634 955 2671 terrae
969 2630 993 2656 *

983 2719 986 2722 -
1046 2700 1150 2728 num
1166 2686 1435 2729 tentantibus
1459 2687 1587 2729 simul
1608 2693 1652 2730 et
1668 2688 1869 2742 blasphe.

1091 266 1115 307 J
1117 265 1282 308 ubilate
1297 267 1395 308 Deo
1416 266 1557 307 omnis
1578 271 1709 307 terra:
1728 266 1751 292 *
1767 278 1865 307 can-

1040 324 1144 373 tate,
1164 327 1208 364 et
1229 322 1456 373 exsultate,
1475 327 1518 364 et
1534 322 1720 375 psallite.

1092 378 1272 420 Psallite
1299 379 1490 420 Demino
1523 379 1567 419 in
1603 379 1785 431 cithara,
1822 380 1866 420 in

1042 435 1210 477 cithara
1237 439 1280 476 et
1307 447 1417 477 voce
1443 435 1616 488 psalmi:
1635 436 1658 462 *
1683 436 1727 476 in
1747 436 1866 478 tubis

1043 491 1291 542 ductilibus,
1311 496 1355 533 et
1374 503 1484 533 voce
1501 491 1621 533 tubae
1641 495 1824 534 corneae.

1094 547 1284 590 Jubilate
1309 548 1354 588 in
1378 550 1619 601 conspectu
1643 549 1759 601 regis
1778 550 1866 591 Do-

1042 605 1162 646 mini:
1180 605 1204 631 *
1223 607 1452 646 moveatur
1470 618 1601 655 mare,
1621 610 1664 647 et
1682 606 1867 658 plenitu-

1044 661 1102 703 do
1121 662 1226 714 ejus:
1249 660 1370 703 orbis
1388 663 1619 711 terrarum,
1638 666 1681 703 et
1702 662 1776 714 qui
1794 662 1867 703 ha-

1042 717 1185 759 bitant
1204 717 1249 758 in
1270 730 1334 759 eo.

1095 774 1297 815 Flumina
1322 774 1534 827 plaudent
1560 787 1702 825 manu,
1740 774 1869 815 simul

1043 835 1217 872 montes
1252 830 1533 873 exsultabunt
1569 844 1595 872 a
1628 833 1870 883 conspectu

1043 887 1238 928 Domini:
1256 887 1281 913 *
1299 887 1506 939 quoniam
1533 887 1653 929 venit
1678 887 1870 939 judicare

1044 948 1216 985 terram.

1095 999 1318 1042 Judicabit
1340 1000 1492 1043 orbem
1510 1003 1726 1043 terrarum
1744 1000 1789 1041 in
1812 1001 1870 1052 ju-

1044 1056 1174 1106 stitia,
1193 1057 1216 1082 *
1235 1061 1279 1098 et
1296 1057 1486 1110 pepulos
1506 1058 1550 1098 in
1570 1058 1788 1110 aequitate.

1096 1118 1196 1157 Ant.
1229 1117 1336 1159 Post
1367 1123 1542 1170 partum
1571 1119 1709 1170 Virgo
1736 1118 1870 1160 invio-

1043 1174 1131 1216 lata
1158 1175 1454 1227 permansisti,
1481 1175 1565 1216 Dei
1589 1174 1787 1216 Genitrix
1812 1175 1871 1215 in-

1044 1230 1221 1272 tercede
1239 1243 1322 1283 pro
1340 1230 1478 1273 nobis.

1096 1291 1122 1342 3
1147 1293 1195 1332 In
1218 1292 1330 1332 festo
1350 1288 1673 1329 Afiuntiationis
1690 1288 1736 1326 B.
1753 1286 1869 1326 MV.

1045 1351 1144 1390 Ant.
1199 1347 1393 1399 Angelus
1435 1348 1612 1389 Domini
1657 1351 1872 1393 nuntiavit

1044 1404 1212 1454 Mariae,
1263 1409 1308 1446 et
1356 1405 1559 1458 concepit
1608 1405 1664 1447 de
1708 1407 1871 1460 Spiritu

1046 1466 1209 1502 sancto.

1097 1515 1147 1566 V.
1174 1521 1318 1572 Elegit
1343 1533 1439 1562 eam
1457 1521 1595 1572 DeuS,
1624 1527 1667 1564 et
1690 1523 1869 1574 praeele-

1045 1577 1109 1629 git
1146 1590 1254 1619 eam.
1296 1579 1345 1629 Ην.
1383 1579 1435 1618 In
1470 1577 1753 1620 tabernaculo
1790 1593 1870 1622 suo

1046 1634 1244 1676 habitare
1272 1634 1377 1676 facit
1404 1647 1510 1676 eam.

1100 1695 1229 1736 Pater
1247 1700 1407 1737 noster.
1451 1696 1693 1737 Absolutio.
1724 1698 1757 1734 Λ
1782 1699 1871 1738 vin-

1048 1751 1167 1793 culis.
1207 1749 1257 1800 V.
1289 1751 1401 1793 Jube
1421 1751 1581 1793 domne
1599 1751 1871 1794 benedicere.

1101 1809 1260 1850 Bcncd.
1287 1807 1548 1860 Evangelica
1566 1808 1708 1850 lectio.

1046 1877 1198 1925 Lectio
1224 1877 1362 1919 sancti
1383 1877 1608 1929 Evangelii
1632 1877 1872 1920 secundum

1371 1933 1545 1975 Lucam.

1149 1991 1299 2032 Lectio
1321 1991 1388 2030 vii.
1546 1991 1646 2041 Cap.
1662 1991 1712 2029 11.
1730 1989 1767 2029 d.

1046 2040 1123 2147 In
1154 2046 1229 2088 illo
1261 2047 1478 2099 tempore:
1509 2047 1739 2100 Loquente
1767 2048 1872 2089 Jesu

1109 2102 1166 2144 ad
1179 2102 1342 2153 turbas,
1362 2103 1576 2145 extollens
1591 2117 1745 2145 vocem
1764 2117 1872 2156 quae-

1048 2158 1149 2200 dam
1163 2159 1317 2201 mulier
1333 2159 1388 2201 de
1403 2159 1531 2201 turba
1547 2159 1656 2200 dixit
1670 2159 1745 2201 illi:
1762 2160 1870 2201 Bea-

1045 2218 1117 2311 itius
1136 2219 1303 2266 venter,
1329 2216 1403 2268 qui
1426 2220 1470 2257 tc
1493 2216 1695 2268 portavit.
1731 2216 1788 2257 Et
1806 2218 1870 2257 re-

1080 2283 1175 2323 qua.

1139 2348 1327 2389 Homih'a
1354 2347 1616 2390 venerebilis
1643 2348 1779 2391 Bedae

1328 2404 1588 2456 Presbyteri.

1172 2462 1255 2496 Lib.
1278 2462 1308 2495 4.
1334 2470 1415 2503 cap.
1440 2460 1492 2493 49.
1518 2459 1557 2492 in
1580 2458 1669 2493 Luc.
1696 2459 1743 2492 11.

1192 2531 1329 2570 agnae
1379 2518 1626 2560 devotionis
1678 2523 1722 2561 ct
1766 2520 1871 2563 fidei

1055 2581 1058 2598 ²
1075 2570 1094 2624 ἢ·
1110 2571 1164 2628 ‘3²23
1218 2575 1313 2616 haec
1328 2574 1482 2616 mulier
1497 2574 1753 2626 ostenditur,
1771 2590 1869 2629 quae

1218 2630 1372 2672 scribis
1401 2636 1444 2672 et
1470 2630 1700 2683 pharisaeis
1722 2633 1869 2674 Domi-
