2066 2956
765 217 820 251 Ss.
847 217 1030 251 Sindonis
1054 217 1097 251 D.
1123 217 1166 250 N.
1191 218 1222 251 ,1.
1249 218 1287 251 C.

1774 212 1874 258 [309]

176 317 220 358 in
247 316 396 358 Israel.
454 315 575 357 Talis
602 315 717 356 enim
745 314 907 355 Christi
934 317 1001 355 est
1051 312 1138 353 mei
1170 318 1251 362 est;
1289 313 1380 354 fera
1418 313 1610 366 pessima
1647 310 1875 353 devoravit

178 373 420 426 sepultura,
449 384 548 424 quae
571 371 778 423 justitiam
800 370 1000 421 magiste-

177 430 375 482 riumque
394 427 565 470 habeat.
598 427 849 469 Obstruitur
871 426 1000 478 igitur

177 484 494 537 tergiversandi
518 484 659 533 locus,
687 488 731 525 et
757 482 999 524 domestico

177 542 202 583 J
202 541 319 584 udaei
327 541 576 583 testimonio
587 539 878 582 revincuntur.
887 539 1001 580 Nam

178 599 215 640 si
249 597 454 651 Apostoli
489 597 765 650 sepelissent,
807 595 1002 638 dicerent

178 654 327 708 utique
347 667 434 696 non
453 654 690 706 sepultum,
711 665 840 705 quem
859 652 1000 705 sepul-

177 716 270 753 tum
292 716 465 764 raptum
489 724 585 752 esse
606 710 817 752 dixerunt.
851 709 875 750 J
877 714 1001 750 ustus

178 773 323 810 autem
357 767 518 810 Christi
551 780 712 820 corpus
746 766 888 819 eperit
919 768 1001 807 sin-

180 824 311 874 done,
355 827 564 866 innocens
603 824 726 875 ungit
769 824 1002 873 unguento.

179 881 380 933 Namque
403 880 499 922 haec
521 893 609 922 non
633 881 775 922 otiese
799 878 1003 920 distincta

179 939 437 990 reperimus,
465 937 566 989 quia
589 937 750 989 justitia
771 935 902 977 vestit
924 935 1002 976 Ec-

181 993 377 1043 clesiam,
411 993 659 1035 innocentia
690 992 875 1044 gratiam
906 991 1003 1033 sub-

179 1049 406 1092 ministrat.

234 1116 283 1167 Rg.
320 1114 358 1156 O
390 1114 659 1156 admirabilis
692 1113 875 1163 Sindon,
903 1113 925 1136 *
954 1113 1004 1153 In

182 1183 267 1223 qua
302 1171 525 1213 involutus
562 1176 631 1213 est
664 1171 895 1213 thesaurus
928 1181 1003 1210 no-

182 1231 271 1268 ster
273 1226 535 1280 ,redemptio
547 1228 832 1280 captivorum.
842 1219 880 1270 Y
885 1226 1005 1267 Gau-

182 1282 257 1325 det
278 1288 397 1326 totus
421 1283 626 1334 mundus,
655 1285 729 1337 qui
751 1283 1004 1336 redemptus

183 1344 249 1381 est
268 1341 477 1393 sanguine
495 1316 674 1383 Domini
693 1341 768 1383 sui.
795 1341 846 1381 In
867 1353 962 1392 qua.

490 1421 641 1462 Lectio
662 1434 698 1459 v.

183 1488 356 1595 Vesti
381 1505 485 1545 ergo
510 1497 554 1534 et
576 1497 625 1534 tu
642 1492 819 1534 Domini
845 1504 1006 1544 corpus

277 1550 416 1602 gloria
431 1563 519 1599 sua,
537 1554 586 1592 ut
604 1554 648 1591 et
665 1549 760 1601 ipse
779 1549 838 1589 sis
858 1549 1005 1600 justus.

183 1607 240 1649 Et
259 1607 295 1648 si
312 1608 532 1648 mertuum
550 1605 704 1656 credis,
723 1605 846 1658 operi
862 1610 1006 1646 tamen

185 1663 421 1705 divinitatis
474 1663 668 1716 propriae
724 1661 1006 1715 plenitudine.

184 1720 308 1771 Unge
333 1719 440 1762 illud
464 1719 639 1772 myrrha
662 1724 706 1761 et
725 1718 838 1768 aloe,
865 1722 913 1759 ut
930 1717 1006 1760 bo-

185 1789 267 1818 nus
295 1775 406 1832 odor
435 1776 595 1817 Christi
623 1776 693 1817 sis.
731 1775 904 1816 Bonum
930 1774 1006 1815 lin-

183 1837 303 1874 teum
330 1833 447 1874 misit
473 1832 638 1885 Joseph
665 1831 738 1873 ille
767 1831 833 1872 vir
860 1832 1006 1883 justus,

184 1894 228 1931 et
246 1889 432 1930 fortasse
457 1888 567 1931 illud
586 1887 706 1940 quod
723 1889 879 1929 Petrus
898 1886 1008 1928 vidit

186 1958 210 1987 e
243 1945 356 1987 coelo
389 1945 447 1987 ad
478 1958 525 1987 se
554 1958 650 1987 esse
678 1944 934 1994 demissum,
965 1943 1009 1984 in

187 2014 273 2053 quo
310 2006 433 2043 erant
467 2003 628 2052 genera
664 1999 1008 2053 quadrupedum,

186 2062 230 2099 et
248 2057 451 2106 ferarum,
476 2062 520 2099 et
538 2057 767 2098 volucrum
789 2055 846 2097 ad
864 2055 1007 2096 simili-

185 2112 382 2155 tudinem
415 2113 654 2155 Gentflium
683 2112 878 2163 figurata.
919 2112 1008 2164 My-

188 2169 300 2211 stico
331 2169 463 2220 igitur
494 2170 715 2221 unguento
747 2168 822 2209 illo
850 2168 1008 2220 pistico

187 2225 481 2278 consepelitur
504 2224 718 2274 Ecclesia,
747 2237 845 2276 quae
872 2224 1008 2266 diver-

187 2283 360 2324 sitatem
378 2282 644 2335 populorum
661 2280 765 2323 fidei
784 2294 875 2322 suae
894 2293 1009 2322 com-

187 2339 391 2380 munione
410 2339 604 2380 sociavit.

245 2404 291 2454 Ιζι.
307 2404 521 2445 Tulerunt
537 2402 727 2445 tunicam
743 2402 767 2442 J
771 2400 910 2453 oseph
929 2400 1009 2441 fra-

186 2466 277 2502 tres
288 2461 396 2512 ejus,
408 2465 451 2501 et
460 2460 504 2500 111
515 2458 723 2510 sanguine
734 2457 864 2506 hoedi,
881 2469 1010 2508 quem

189 2516 450 2566 occiderant,
464 2516 693 2564 tinxerunt,
705 2514 925 2555 mittentes
937 2513 1010 2564 qui

188 2573 349 2614 ferrent
377 2572 432 2614 ad
460 2577 645 2636 patrem,
677 2575 720 2612 et
752 2569 960 2611 dicerent.
989 2566 1009 2588 *

188 2629 347 2670 Hanc
336 2629 592 2678 mvenimus;
615 2626 716 2668 vide
738 2638 841 2666 num
864 2625 1010 2666 tunica

188 2683 267 2724 filii
284 2684 348 2726 tui
366 2684 437 2734 sit,
464 2697 518 2725 an
537 2682 646 2725 non?
682 2676 730 2727 l«-
753 2682 893 2731 Quam
912 2693 1010 2722 cum

189 2742 439 2791 agnovisset
463 2745 605 2792 pater,
633 2739 706 2780 ait:
738 2737 907 2778 Tunica
933 2737 1011 2778 filii

394 2885 406 2902 s
422 2877 514 2902 Verna.

1054 382 1163 410 eum.
1190 369 1315 410 Hanc
1334 369 1585 411 invenimus.

1357 437 1504 475 Lectio
1527 436 1576 473 vi.

1148 513 1232 542 unc
1259 500 1425 553 Joseph
1454 501 1612 552 justum
1638 499 1781 540 Lucas
1816 497 1876 539 di-

1156 557 1229 607 xit,
1248 557 1480 599 Matthaeus
1501 554 1688 598 divitem.
1715 556 1772 597 Et
1790 556 1876 596 me-

1054 614 1138 656 rito
1179 614 1302 655 dives
1336 613 1420 654 hoc
1454 612 1554 654 loco
1588 612 1763 662 dicitur,
1803 611 1878 653 ubi

1056 683 1216 723 corpus
1241 670 1424 722 suscipit
1448 669 1620 710 Christi:
1645 668 1878 721 suscipien-

1057 727 1113 769 do
1130 727 1243 769 enim
1257 726 1446 776 divitem,
1462 725 1644 767 nescivit
1658 725 1763 766 fidei
1776 737 1878 777 pau-

1055 786 1283 837 pertatem.
1301 783 1436 824 Dives
1453 787 1519 824 est
1533 781 1729 833 ergoqui
1742 782 1880 833 justus

1057 846 1133 882 est.
1159 841 1184 882 J
1186 845 1310 882 ustus
1330 839 1459 890 igitur
1481 839 1663 880 sindone
1683 837 1879 889 invelvit3

1056 897 1255 938 Israelita
1285 908 1390 937 vero
1426 900 1469 937 et
1501 895 1700 937 diversos
1727 894 1881 935 miscet

1056 955 1266 995 virtutum
1297 951 1476 1001 odores,
1519 956 1563 993 et
1596 951 1716 993 aloes
1748 951 1881 992 mittit

1058 1011 1182 1062 quasi
1203 1009 1336 1051 libras
1356 1013 1545 1058 centum,
1570 1007 1657 1049 hoc
1679 1012 1761 1057 est,
1785 1020 1880 1060 per-

1057 1067 1184 1108 fectae
1203 1065 1306 1107 fidei
1327 1064 1623 1117 quantitatem.
1650 1064 1707 1105 Et
1721 1063 1880 1114 ligave-
1929 1070 1932 1077 '

1058 1128 1157 1165 runt
1185 1135 1344 1175 corpus
1371 1122 1476 1162 Jesu
1507 1122 1625 1172 juxta
1653 1123 1881 1161 consuetu-

1059 1178 1204 1221 dinem
1232 1177 1469 1231 specialem
1496 1177 1520 1217 J
1523 1176 1767 1218 udaeerum:
1794 1189 1882 1217 non

1058 1237 1208 1287 utique
1227 1234 1354 1276 nodis
1373 1232 1590 1286 perfidiae,
1617 1232 1696 1274 sed
1714 1232 1819 1274 fidei
1837 1232 1882 1273 li-

1058 1291 1238 1344 gaturis3
1264 1296 1307 1332 et
1325 1292 1568 1343 posuerunt
1586 1289 1630 1330 in
1647 1289 1793 1339 horto,
1814 1289 1883 1330 cui

1059 1349 1307 1401 frequenter
1352 1346 1549 1387 Ecclesia
1593 1347 1883 1398 comparatur,

1060 1418 1159 1457 quae
1184 1404 1458 1446 diversorum
1482 1402 1615 1443 habet
1639 1415 1773 1454 poma
1796 1414 1882 1443 me-

1059 1462 1253 1510 ritorum,
1272 1460 1491 1511 floresque
1510 1458 1728 1500 virtutum.

1114 1523 1164 1574 R:-
1194 1525 1392 1566 Christus
1419 1536 1576 1575 passus
1604 1527 1671 1564 est
1698 1535 1780 1576 pro
1809 1535 1882 1564 no-

1061 1582 1145 1631 bis,
1186 1581 1310 1623 vobis
1342 1580 1590 1632 relinquens
1623 1579 1882 1632 exemplum,

1059 1643 1106 1680 ut
1134 1637 1374 1690 sequamini
1402 1636 1584 1687 vestigia
1611 1637 1715 1688 ejus:
1745 1636 1767 1658 *
1795 1636 1879 1686 Qui

1060 1697 1293 1748 peccatum
1316 1706 1404 1734 non
1431 1693 1550 1742 fecit,
1578 1705 1659 1734 nec
1683 1692 1883 1734 inventus

1061 1757 1128 1794 est
1153 1750 1313 1792 dolus’
1303 1763 1346 1790 111
1366 1762 1441 1791 016
1462 1750 1562 1801 eius.
1604 1745 1652 1796 Y
1676 1749 1759 1799 Qui
1784 1762 1883 1791 cum

1059 1807 1405 1856 malediceretur,
1452 1818 1539 1846 non
1579 1804 1884 1856 maledicebat,

1061 1878 1160 1906 cum
1174 1864 1409 1917 pateretur,
1426 1875 1513 1903 non
1529 1861 1883 1904 comminabatur.

1061 1921 1155 1972 Qui.
1187 1919 1333 1961 Gloria
1351 1919 1482 1960 Patri.
1510 1919 1604 1969 Qui.

1286 1997 1334 2036 In
1353 1997 1422 2035 ΙΙΙ.
1443 1996 1663 2035 Nocturno.

1118 2063 1214 2103 Ant.
1235 2063 1349 2105 Caro
1367 2076 1465 2104 mea
1478 2061 1722 2113 requiescet
1735 2062 1779 2102 in
1794 2075 1884 2114 spe,

1063 2121 1163 2172 quia
1187 2133 1274 2161 non
1300 2119 1427 2161 dabis
1450 2119 1655 2160 Sanctum
1679 2122 1801 2158 tuum
1825 2118 1883 2159 vi-

1063 2175 1166 2218 dere
1185 2176 1520 2228 corruptionem.

1118 2230 1184 2270 Ps.
1203 2230 1267 2269 53.
1296 2231 1414 2273 Deus
1431 2231 1475 2271 in
1488 2229 1661 2271 nomine
1678 2233 1765 2271 tuo.
1784 2230 1884 2270 250.

1119 2286 1217 2326 Ant.
1254 2286 1516 2329 Convertisti
1546 2285 1768 2338 planctum
1798 2299 1884 2328 me-

1061 2359 1135 2387 um
1165 2346 1207 2386 in
1240 2342 1446 2396 gaudium
1476 2341 1595 2391 mihi3
1633 2342 1884 2384 conscidisti

1062 2414 1236 2443 saccum
1270 2412 1432 2448 meum,
1477 2403 1520 2440 et
1558 2397 1885 2440 circumdedisti

1060 2471 1131 2499 me
1149 2456 1310 2499 laetitia.

1119 2511 1184 2551 Ps.
1204 2510 1268 2550 75.
1299 2510 1435 2552 Notus
1454 2511 1498 2551 in
1515 2510 1679 2552 Judaea.
1696 2512 1783 2552 251.

1120 2567 1216 2606 Ant.
1248 2566 1403 2608 Factus
1425 2580 1521 2608 sum
1545 2567 1657 2608 sicut
1679 2566 1811 2609 homo
1831 2567 1884 2608 si-

1061 2637 1115 2666 ne
1134 2623 1360 2676 adjutorio,
1380 2623 1491 2664 inter
1510 2625 1707 2664 mortuos
1725 2623 1845 2665 liber.

1118 2679 1184 2718 Ps.
1221 2679 1284 2717 87.
1339 2679 1522 2720 Demine
1565 2679 1686 2720 Deus
1731 2679 1883 2721 salutis

1061 2749 1181 2778 meae.
1208 2737 1294 2777 251.

1623 2862 1677 2895 U*
