2066 2956
221 185 265 219 4*
866 191 979 225 Festa
1004 191 1216 226 Februarii.
1241 193 1296 234 (5.)

219 280 458 333 repetendi,
473 286 518 323 et
531 286 627 323 toto
645 282 789 324 animo
807 282 943 325 divini
957 284 1050 337 Spi-

219 337 327 379 ritus
346 337 625 380 instinctibus
645 338 929 392 obsequendi.
962 340 1050 382 Ma-

218 393 351 435 nilam
384 407 507 445 ergo,
543 395 692 436 neseio
731 396 850 448 cujus
886 397 1051 448 negotii

219 463 361 501 causa,
386 451 623 503 profectuS,
646 464 699 493 eo
720 452 938 504 absolato‚
963 467 1049 495 am-

217 506 282 549 bit
311 506 455 549 denuo
485 507 739 559 religiosum
764 508 977 560 habitum,
1007 515 1051 552 et

216 565 423 616 impetrat
455 564 499 605 in
533 564 739 607 coenobio
768 571 932 608 sanctae
959 566 1049 608 Ma-

217 622 294 661 riae
329 620 384 662 de
412 621 595 672 Angelis
626 626 802 674 patrum
830 622 1049 665 Minorum

216 675 595 719 Excalceatorum:
610 677 685 719 ubi
699 678 875 730 egregia
890 692 1047 733 appro-

215 732 409 784 batione,
447 736 630 787 peraeto
665 736 900 787 tyrocinio,
926 736 1047 788 *sole-

215 790 332 831 mnia
366 789 542 832 demum
570 796 675 833 vota
709 792 936 844 professus
970 798 1047 836 est.

269 861 318 912 K.
347 860 594 902 Honestum
612 861 725 903 fecit.

524 950 677 992 Lectio
697 966 733 991 v.

215 1010 405 1116 Hujus
434 1017 688 1059 mutationis
714 1018 886 1071 perlato
912 1019 1045 1061 Mexi-

335 1086 436 1115 cum
461 1074 635 1124 nuntio,
664 1074 947 1119 vehementer
974 1090 1044 1119 ex-

212 1129 386 1171 hilarati
412 1132 628 1183 parentes,
654 1133 907 1183 supremum
931 1133 1044 1175 ordi-

214 1187 279 1227 nis
298 1187 342 1227 in
361 1186 487 1228 India
505 1187 753 1240 praesidem,
780 1202 911 1240 quem
927 1203 1042 1232 com-

213 1243 460 1285 missarium
483 1244 731 1295 generalem
750 1246 974 1299 appellant
993 1248 1044 1299 (is

212 1304 316 1341 tunc
335 1300 493 1342 Mexici
513 1306 620 1352 erat)
641 1301 887 1353 obsecrant,
906 1303 1044 1345 filium

213 1355 296 1398 sibi
314 1356 358 1397 in
376 1357 608 1410 seraphico
627 1357 703 1400 illo
723 1358 878 1401 habitu
892 1360 1043 1403 videre

211 1417 259 1454 ut
278 1426 357 1465 per
377 1426 477 1455 eum
496 1414 636 1456 liceat.
668 1414 846 1457 Lubens
865 1417 949 1469 piis
968 1431 1043 1471 pa·

211 1469 407 1512 rentibus
433 1483 484 1512 ea
503 1471 548 1511 in
566 1484 613 1512 re
633 1471 905 1522 gratificatus
927 1487 1042 1516 com-

211 1526 452 1578 missarius,
486 1528 660 1580 scripsit
687 1529 731 1569 in
759 1529 1042 1584 Philippinas,

210 1588 259 1625 ut
295 1584 527 1626 confestim
559 1584 778 1627 Mexicum
809 1587 1041 1641 Philippus

209 1640 466 1682 mitteretur.
494 1641 558 1682 Ea
578 1654 710 1683 causa
728 1656 885 1685 navem
903 1646 1042 1687 sancti

209 1696 402 1749 Philippi
425 1697 576 1739 tutelae
599 1698 810 1741 creditam
829 1706 962 1753 atque
981 1702 1041 1743 in-

211 1753 414 1804 signitam
439 1754 613 1796 nomine
639 1756 913 1799 conscendit:
941 1771 1041 1811 quae

210 1809 253 1851 vi
266 1811 542 1862 tempestatis
557 1812 779 1863 convulsa,
795 1818 839 1855 et
853 1814 897 1855 in
911 1814 1041 1857 Uran-

210 1864 315 1907 dum
333 1867 527 1908 Tuzzani
546 1868 669 1919 regni
691 1875 871 1921 portum
890 1872 1039 1923 ejecta,

208 1921 304 1975 ipse
323 1922 446 1965 brevi
465 1928 641 1976 portum
658 1927 834 1968 aeternae
853 1926 1038 1971 beatitu-

210 1978 322 2020 dinis
341 1979 491 2022 laarea
510 1982 709 2034 martyrii
727 1982 957 2026 redimitus
976 1987 1037 2028 te-

208 2035 312 2077 nuit.
347 2036 487 2079 Omen
507 2037 713 2091 Philippo
732 2041 930 2093 martyrii
946 2042 1037 2093 fuit,

209 2092 329 2143 quod
361 2093 465 2135 dum
493 2095 701 2147 procellis
731 2097 966 2148 jactaretur
992 2100 1037 2141 in

209 2161 294 2200 qua
323 2150 360 2191 is
393 2155 486 2192 erat
517 2153 657 2195 sancti
683 2152 876 2207 Philippi
902 2157 1036 2207 navis,

209 2218 260 2247 ea
278 2212 403 2259 parte
429 2209 530 2250 coeli
549 2223 648 2262 quae
667 2210 691 2251 J
693 2213 882 2264 aponem
901 2214 1035 2266 respi-

208 2262 368 2313 ciebat,
392 2264 501 2307 vidit
524 2278 699 2309 crucem
720 2267 964 2320 candidam,
988 2271 1034 2312 fi-

206 2322 314 2368 gura
351 2323 606 2374 expressam
641 2324 770 2365 simili
806 2327 955 2367 earum
991 2328 1034 2368 in

209 2388 317 2427 quas
343 2376 444 2418 dein
471 2378 630 2422 sublati
655 2383 870 2434 martyres
895 2382 1033 2435 fuere3

206 2437 308 2483 post
334 2433 378 2474 in
404 2438 689 2486 sanguineum
719 2438 914 2480 colorem
941 2453 1031 2482 mu-

205 2489 324 2530 tasse
343 2489 495 2532 itidem
514 2492 570 2534 ad
585 2492 706 2535 horae
728 2495 1032 2548 quadrantem3

206 2543 383 2587 demum
431 2548 554 2598 nigra
603 2550 718 2592 nube
764 2551 1031 2595 obvolutam.

205 2600 351 2643 Omini
365 2605 594 2657 respondit
608 2610 800 2650 eventus.
822 2609 937 2651 Nam
952 2624 1030 2652 sae-

205 2657 348 2700 viente
380 2659 424 2700 in
455 2661 642 2714 Japonia
677 2664 888 2708 adversus
921 2667 1030 2709 chri-

203 2714 358 2757 stianae
382 2715 486 2759 fidei
510 2722 738 2770 praecones
763 2725 1029 2775 persecutio-

1102 298 1174 334 ne,
1220 286 1377 329 beatus
1412 288 1644 342 Philippus
1679 288 1724 330 in
1759 289 1933 331 vincula

1103 344 1342 395 conjectus,
1375 350 1419 387 et
1445 358 1544 387 cum
1569 345 1666 387 aliis
1694 346 1826 387 sociis
1853 345 1933 388 fuit

1101 404 1245 442 morte
1274 400 1518 443 damnatus.

1154 472 1204 524 R.
1231 470 1512 513 Desiderium
1531 473 1698 515 animae.

1403 584 1557 625 Lectio
1579 585 1630 625 vi.

1186 656 1393 699 erduetus
1417 660 1566 711 itaque
1586 673 1685 702 cum
1709 663 1868 705 ceteris
1887 665 1931 706 in

1213 713 1524 768 triumphalem
1553 730 1774 770 campum,
1806 723 1931 773 para-

1099 775 1190 812 tam
1215 770 1298 812 sibi
1327 784 1502 814 crucem
1527 774 1685 827 positis
1713 775 1834 818 humi
1859 780 1929 829 ge-

1099 827 1227 869 nibus
1247 828 1534 881 amplexatus,
1553 831 1597 871 in
1611 830 1708 874 haec
1726 835 1932 887 prorupit

1099 883 1249 926 verba:
1270 885 1308 926 O
1324 885 1592 928 fortunatam
1612 889 1783 931 navem!
1813 890 1851 933 O
1870 891 1928 934 fe-

1098 941 1227 983 licem
1246 942 1385 984 sancti
1403 942 1597 997 Philippi
1615 945 1860 996 galeonem!
1890 948 1928 991 Ο

1097 999 1309 1050 jactaram
1332 999 1439 1041 mihi
1463 1001 1640 1043 minime
1661 1001 1930 1056 damnosam,

1098 1055 1177 1096 sed
1195 1056 1313 1097 omni
1327 1056 1450 1099 lucro
1468 1060 1848 1110 quaestuosiorem!
1875 1062 1929 1104 Ei

1098 1113 1227 1162 cruci,
1253 1112 1358 1155 dum
1376 1115 1744 1159 transversarium
1764 1118 1929 1170 lignum

1096 1168 1310 1220 inseritur,
1331 1171 1400 1212 cui
1421 1172 1495 1224 qui
1509 1172 1675 1225 pendet
1690 1178 1928 1228 utcumque

1095 1224 1300 1276 insideat,
1334 1226 1511 1270 fallente
1542 1234 1763 1280 mensura,
1796 1244 1928 1284 quam

1096 1282 1192 1324 solo
1212 1283 1402 1326 fortasse
1420 1285 1580 1328 intaitu
1599 1287 1722 1329 faber
1742 1288 1927 1340 college-

1095 1344 1179 1390 rat,
1213 1339 1446 1383 demissius
1479 1342 1704 1396 aliquanto
1732 1345 1928 1398 pesitum

1097 1401 1178 1446 est,
1204 1410 1336 1449 quam
1363 1402 1410 1440 ut
1434 1398 1559 1441 inniti
1585 1400 1741 1443 beatus
1760 1402 1928 1457 Martyr

1094 1458 1260 1506 posset.
1296 1454 1594 1505 Quamobrem
1617 1459 1763 1501 erecta
1787 1471 1928 1511 cruce,

1095 1510 1165 1551 cui
1189 1511 1329 1553 sancti
1352 1512 1434 1553 viri
1459 1512 1636 1564 alligata
1661 1514 1813 1557 ferreis
1836 1518 1926 1558 vin-

1095 1566 1204 1608 culis
1214 1566 1404 1619 brachia,
1421 1569 1584 1611 collum
1599 1583 1650 1612 ac
1660 1570 1782 1613 tibiae
1793 1578 1928 1623 erant,

1093 1623 1155 1665 ita
1188 1624 1389 1667 subsedit
1419 1626 1617 1678 pondere
1645 1640 1725 1670 suo
1753 1642 1927 1683 corpuS,

1093 1686 1141 1723 ut
1165 1694 1217 1723 ea
1240 1682 1429 1724 numella
1454 1695 1553 1735 quae
1572 1689 1724 1736 guttur
1744 1686 1925 1738 stringe-

1093 1737 1180 1788 bat,
1203 1751 1317 1791 pene
1343 1739 1648 1783 suffocaretur:
1670 1755 1830 1795 magno
1850 1744 1926 1796 igi-

1093 1798 1163 1835 tur
1187 1795 1361 1837 fervore
1391 1797 1538 1847 animi,
1567 1798 1688 1840 Jesu!
1716 1799 1838 1842 Jesu!
1865 1801 1925 1843 in-

1094 1850 1263 1894 clamat.
1312 1853 1409 1903 Quo
1442 1853 1750 1898 animadverso
1782 1856 1924 1908 judex,

1091 1908 1351 1961 prinsquam
1376 1911 1735 1963 strangularetur,
1762 1914 1925 1966 configi

1091 1964 1256 2007 lanceis
1279 1966 1416 2019 jubet:
1442 1973 1575 2021 atque
1599 1969 1660 2011 ita
1684 1970 1852 2023 primus
1879 1974 1923 2014 o-

1090 2021 1254 2064 mnium
1271 2024 1433 2077 triplici
1447 2025 1614 2067 lanceae
1627 2026 1717 2069 ictu
1731 2027 1923 2080 palmam

1089 2080 1287 2132 martyrii
1318 2080 1522 2132 obtinuit,
1561 2083 1635 2136 qui
1670 2086 1922 2137 postremus

1090 2135 1133 2176 in
1160 2136 1393 2190 Japoniam
1420 2140 1611 2182 venerat.
1657 2140 1725 2183 De
1753 2141 1921 2194 eodem,

1089 2197 1134 2235 et
1156 2192 1211 2235 de
1234 2194 1387 2246 viginti
1413 2196 1606 2248 quinque
1632 2199 1827 2251 martyrii
1853 2202 1920 2242 so-

1089 2250 1166 2291 ciis
1185 2250 1390 2293 Urbanus
1412 2255 1597 2295 octavus
1611 2254 1816 2309 Pontifex
1830 2256 1919 2298 Ma-

1087 2307 1241 2358 ximus,
1263 2307 1467 2351 Officium
1484 2310 1659 2353 recitari
1680 2317 1724 2354 et
1738 2312 1919 2355 Missam

1086 2367 1334 2417 respective
1353 2366 1566 2408 celebrari
1587 2369 1815 2411 concessit.
1847 2370 1917 2423 Ip-

1087 2423 1176 2462 sius
1213 2426 1360 2464 autem
1396 2422 1515 2465 beati
1551 2424 1742 2478 Philippi
1778 2426 1918 2477 gloria

1085 2490 1243 2528 magna
1280 2478 1516 2522 devotione
1552 2482 1711 2523 Mexici
1749 2482 1916 2533 colitur,

1085 2532 1233 2577 dicato
1270 2535 1315 2576 in
1345 2535 1460 2577 illius
1491 2537 1705 2581 honorem
1736 2539 1915 2593 templo,

1085 2595 1129 2632 et
1149 2591 1495 2644 Capuccinarum
1520 2594 1736 2646 virginum
1756 2596 1915 2648 insigni

1084 2648 1300 2690 coenobio.

1138 2729 1187 2781 Rz.
1211 2726 1336 2769 Stola
1353 2728 1647 2780 jucunditatis.
