2028 2892
394 171 463 205 Die
486 171 538 204 21.
560 171 719 214 Aprilis,
766 171 801 205 S.
825 172 998 206 Anselmi
1023 163 1151 215 Episc.
1174 173 1281 207 Conf.
1308 179 1343 207 et
1368 175 1465 208 Eccl.
1492 175 1596 209 Uoct.

394 269 473 311 Ad
498 270 706 312 Laudes.

195 327 292 367 Ant.
326 327 410 377 Qui
434 326 528 370 odit
556 329 894 370 animam‘suam
920 330 964 371 in

138 383 224 426 hoc
241 384 416 434 mundo,
440 384 484 425 in
508 385 642 426 vitam
661 388 869 428 aeternam
894 400 963 428 cu-

139 439 275 483 stedit
302 453 408 482 eam.

192 495 242 547 V.
289 497 439 540 Justus
488 503 536 540 ut
586 499 734 552 palma
778 499 964 541 florebit.

140 554 189 606 Η.
221 554 343 596 Sicut
375 554 532 597 cedrus
565 555 721 597 Libani
757 556 962 609 multipli-

138 610 317 652 cabitur.

322 668 544 720 Tempore
572 670 782 711 Paschali.

189 725 288 766 Ant.
322 725 443 767 Fssiae
469 726 722 777 Jerusalem,
741 730 897 777 venite,
921 733 964 769 et

138 780 284 823 videte
303 781 520 835 Martyres
541 796 639 825 cum
659 784 849 833 comnis,
874 785 964 836 qui-

137 837 219 879 bus
239 839 467 880 coronavit
490 852 567 881 eos
586 841 801 882 Dominus
824 841 869 881 in
893 841 964 883 die

137 894 426 937 solemnitatis
471 901 516 938 et
560 898 743 948 laetitiae,
781 897 963 949 alleluja,

137 950 318 1003 alleluja.

187 1015 237 1066 V.
252 1021 452 1063 Pretiesa
467 1022 510 1063 in
525 1025 765 1076 conspectu
775 1024 963 1074 Domini,

136 1076 318 1129 allehija.
355 1077 406 1129 Ru
434 1079 555 1120 Mors
583 1083 835 1123 sancterum
862 1082 963 1132 ejus,

137 1133 317 1186 alleluja.

328 1250 334 1256 -
371 1223 455 1265 Die
472 1225 531 1264 21.
551 1223 727 1277 Aprilis.

135 1289 178 1330 S.
202 1290 427 1332 Anselmi
449 1291 659 1345 Episcopi
686 1294 960 1334 Confessoris

385 1353 428 1389 et
449 1350 563 1390 Eecl.
582 1350 709 1391 Doct.

464 1414 630 1457 Duplex.

188 1468 325 1503 Omnia
343 1469 390 1503 de
408 1469 610 1504 Communi
628 1471 802 1505 Confess.
820 1472 959 1506 Pontis.

135 1516 206 1561 [66]
227 1523 368 1560 praeter
392 1528 497 1561 sequ.

184 1573 228 1607 In
251 1574 425 1618 utrisque
451 1575 567 1619 Vesp.
591 1575 642 1610 ad
665 1576 820 1619 Magnis.

184 1630 284 1671 Ant.
309 1630 347 1670 Ο
365 1632 536 1674 Doctor
555 1633 730 1685 optime,
747 1634 960 1677 Ecclesiae

133 1692 296 1729 sanctae
316 1687 477 1737 lumen,
502 1688 632 1731 beate
650 1689 873 1742 Anselme‚
899 1692 959 1734 di-

132 1745 246 1785 vinae
267 1743 377 1796 legis
403 1747 590 1795 amator,
618 1745 857 1800 deprecare
876 1762 958 1802 pro

131 1799 257 1842 nobis
276 1801 435 1843 Filium
453 1802 548 1844 Dei.

468 1868 631 1909 Oratio.

225 1943 313 1981 eus,
337 1933 588 1987 quipopulo
607 1939 684 1976 tuo
701 1937 878 1976 aeternae
894 1948 957 1976 sa—

204 2024 205 2027 ,
231 1986 333 2030 lutis
358 1988 536 2031 beatum
555 1991 812 2032 Anselmum
836 1992 956 2033 mini-

131 2047 270 2085 strum
286 2045 489 2088 tribuisti:
507 2053 672 2100 praesta
692 2050 957 2100 quaesumus3

130 2105 188 2149 ut,
208 2113 338 2153 quem
352 2102 594 2145 Doctorem
608 2105 711 2146 vitae
726 2104 957 2146 habuimus

129 2156 172 2197 in
186 2158 325 2208 terris,
343 2158 680 2202 intercesserem
694 2161 857 2203 habere
871 2174 956 2203 me-

130 2216 302 2255 reAmur
320 2215 363 2255 in
383 2216 518 2258 coelis.
545 2217 630 2259 Per
648 2218 896 2259 Dominum.

183 2278 225 2313 In
258 2280 283 2314 Ι.
322 2280 530 2315 Nocturno.
570 2280 668 2315 Lect.
706 2279 955 2323 Sapientiam.

132 2325 178 2360 de
202 2327 346 2363 Comm.
370 2329 479 2363 Doct.
505 2325 575 2369 [79]

354 2399 403 2439 In
429 2401 480 2439 II.
508 2402 731 2442 Nocturno.

431 2469 582 2510 Lectio
603 2471 654 2510 iv.

207 2537 267 2607 κ
284 2527 486 2626 *sema
728 2531 954 2628 Parii?

147 2599 273 2654 §Q
299 2598 461 2693 {inhonelt
479 2599 808 2695 lirmembei‘ga,
835 2643 954 2684 nobi-

130 2693 244 2737 hbus
273 2702 316 2739 et
347 2698 574 2740 catholicis
602 2699 856 2751 parentibus
882 2713 954 2740 na-

1017 274 1099 320 tus,
1119 283 1144 311 a
1162 271 1323 312 teneris
1343 273 1465 313 annis
1484 273 1662 315 assiduo
1682 274 1844 315 littera-

1016 339 1112 367 rum
1128 326 1286 377 studio,
1307 334 1438 381 atque
1452 330 1727 382 perfectiOris
1742 331 1844 373 vitae

1017 381 1253 434 desiderio,
1289 398 1377 426 non
1414 385 1650 427 obscurum
1686 387 1845 429 futurae

1017 440 1259 482 sanctitatis
1297 446 1341 483 et
1377 440 1590 484 doctrinae
1623 444 1845 496 specimen

1018 495 1150 538 dedit.
1185 497 1242 538 Et
1266 496 1368 539 licet
1394 498 1569 550 juvenili
1593 499 1751 542 ardere
1772 501 1844 541 ali-

1018 551 1195 605 quando
1215 553 1273 594 ad
1293 554 1442 596 saeculi
1460 554 1687 597 illecebras
1705 557 1844 599 trahe-

1017 611 1154 659 retur,
1195 609 1320 652 brevi
1354 616 1502 652 tamen
1538 611 1582 652 in
1617 613 1846 665 pristinam

1017 666 1133 707 viam
1166 669 1419 718 revocatus,
1455 668 1602 720 patria
1639 675 1682 711 et
1717 669 1845 711 bonis

1017 723 1219 765 Omnibus
1256 723 1493 774 derelictis,
1538 724 1596 766 ad
1630 729 1845 768 monaste-

1016 780 1129 821 rium
1156 780 1378 822 Beceense
1407 781 1571 823 Ordinis
1600 783 1739 824 sancti
1765 784 1844 825 Be-

1016 836 1179 878 nedicti
1203 850 1249 878 se
1273 838 1472 879 contulit:
1501 839 1575 880 ubi
1599 842 1758 881 emissa
1782 853 1845 881 re-

1018 893 1160 944 gulari
1203 894 1477 947 professione
1513 896 1594 938 sub
1632 897 1845 938 Herluino

1016 950 1193 992 Abbate
1225 951 1629 1003 observantissimo‚
1667 958 1711 995 et
1736 954 1845 995 Lan-

1016 1007 1167 1048 franco
1183 1008 1278 1048 viro
1295 1007 1561 1059 doctissimo,
1576 1015 1699 1052 tanto
1716 1011 1847 1052 animi

1017 1063 1205 1114 fervore,
1229 1070 1273 1106 et
1291 1065 1378 1116 jugi
1399 1066 1546 1108 studio
1566 1067 1609 1107 in
1627 1067 1783 1108 litteris
1803 1072 1847 1109 et

1017 1120 1250 1161 virtutibus
1268 1122 1554 1173 assequendis
1572 1124 1774 1175 profecit,
1799 1129 1847 1165 ut

1015 1177 1173 1217 mirum
1191 1177 1235 1217 in
1254 1177 1433 1219 modum
1450 1183 1674 1231 tamquam
1690 1181 1844 1222 sancti-

1016 1234 1119 1274 tatis
1166 1239 1210 1275 et
1261 1234 1475 1276 doctrinae
1520 1237 1744 1289 exemplar
1790 1236 1844 1278 ab

1017 1290 1218 1332 omnibus
1237 1290 1483 1333 haberetur.

1069 1364 1119 1414 R.
1144 1365 1298 1405 Inveni
1316 1365 1462 1406 David
1487 1378 1662 1407 servum
1688 1380 1844 1417 meum,
1918 1367 1921 1370 ⁴

1017 1419 1115 1462 oleo
1143 1426 1294 1462 sancto
1320 1434 1420 1463 meo
1444 1422 1550 1463 unxi
1576 1435 1689 1464 eum:
1718 1425 1738 1446 *
1755 1424 1843 1464 Ma-
1893 1474 1895 1477 Α

1015 1490 1097 1518 nus
1118 1478 1234 1519 enim
1253 1491 1352 1520 mea
1372 1478 1652 1520 auxiliabitur
1673 1481 1722 1530 ei,
1744 1480 1842 1522 alle-

1015 1533 1112 1586 luia.
1140 1528 1190 1579 Y.
1207 1534 1328 1576 Nihil
1351 1535 1556 1587 proficiet
1574 1536 1774 1578 inimicus
1797 1537 1842 1577 in

1016 1603 1080 1640 eo,
1100 1595 1143 1632 et
1163 1590 1280 1632 fssius
1298 1591 1542 1644 iniquitatis
1561 1605 1648 1634 non
1667 1593 1844 1634 nocebit

1015 1647 1064 1687 ei.
1090 1647 1245 1688 Manus
1268 1648 1391 1689 enim.

1151 1721 1155 1725 ’
1325 1728 1476 1768 Lectio
1498 1741 1534 1767 v.

1089 1798 1338 1841 bstinentiae
1355 1806 1397 1842 et
1412 1801 1691 1842 continentiae
1707 1806 1841 1842 tantae

1118 1856 1212 1905 fuit,
1251 1861 1299 1897 ut
1329 1857 1587 1898 assiduitate
1620 1858 1764 1909 jejunii
1796 1871 1839 1899 0-

1011 1912 1123 1953 mnis
1154 1926 1267 1965 pene
1299 1913 1498 1954 ciborum
1531 1927 1684 1955 sensus
1712 1914 1756 1954 in
1785 1927 1837 1955 eo

1011 1968 1234 2010 videretur
1254 1972 1504 2011 exstinctus.
1532 1970 1702 2011 Diurno
1725 1971 1838 2012 enim

1010 2026 1210 2078 tempore
1246 2026 1290 2066 in
1328 2027 1547 2068 exercitiis
1582 2027 1837 2068 monasticis

1011 2080 1224 2131 docendo,
1245 2087 1289 2124 et
1308 2082 1618 2136 respondendo
1636 2083 1767 2124 variis
1783 2082 1837 2124 de

1010 2137 1220 2189 religiene
1249 2141 1462 2191 quaesitis,
1491 2142 1684 2188 emenso,
1718 2138 1838 2191 quod

1010 2194 1225 2246 reliquum
1257 2201 1350 2237 erat
1372 2196 1530 2246 noctis,
1559 2208 1712 2236 somno
1739 2196 1836 2237 sub-

1008 2249 1222 2302 trahebat,
1236 2257 1285 2293 ut
1300 2250 1456 2293 divinis
1466 2251 1836 2303 meditationibus,

1010 2319 1120 2358 quas
1157 2309 1339 2360 perenni
1382 2308 1661 2350 lacrimarum
1697 2308 1836 2351 imbre

1009 2363 1203 2415 fovebat,
1239 2370 1431 2407 mentem
1463 2368 1691 2407 recrearet.
1738 2365 1834 2407 Ele-

1009 2424 1105 2462 ctus
1137 2421 1181 2461 in
1212 2422 1411 2463 Priorem
1446 2421 1700 2463 monasterii
1731 2423 1835 2464 invi-

1010 2476 1092 2518 dos
1110 2477 1268 2519 fratres
1287 2478 1347 2519 ita
1367 2477 1559 2527 caritate,
1580 2478 1835 2530 humilitate,

1009 2537 1053 2574 et
1069 2533 1301 2585 prudentia
1319 2534 1488 2584 lenivit,
1506 2539 1555 2576 ut
1575 2547 1686 2587 quos
1705 2538 1834 2577 aemu—

1007 2588 1075 2630 los
1094 2592 1340 2642 acceperat,
1368 2589 1452 2631 sibi
1475 2595 1519 2632 et
1537 2591 1634 2633 Deo
1658 2594 1833 2642 amicos,

1007 2646 1200 2687 maximo
1229 2659 1327 2687 cum
1358 2646 1569 2698 regularis
1599 2648 1833 2690 observan-

1006 2701 1081 2742 tiae
1099 2702 1392 2744 emolumento
1411 2702 1628 2746 redderet.
1654 2705 1832 2747 Mortuo
