2066 2956
710 210 750 243 In
775 210 901 244 Festis
926 209 965 243 B.
991 209 1123 243 Mariae
1147 209 1190 243 V.
1216 219 1284 253 per
1306 220 1455 244 annum.

234 303 463 353 mantibus,
477 307 599 344 tanta
614 303 704 354 ejus
718 303 1059 344 incarnatiOnem

234 374 326 414 prae
343 358 544 401 Omnibus
560 359 809 401 sinceritate
824 360 1059 411 cognoscit,

233 422 355 459 tanta
372 416 533 458 fiducia
552 415 801 466 confitetur,
820 421 869 458 ut
888 421 932 458 et
949 429 1059 469 prae-

234 474 422 515 sentium
448 474 682 526 procerum
710 472 984 522 calumniam,
1017 477 1060 514 et

233 530 478 572 futurorum
498 529 737 571 confundat
750 529 1059 571 haereticorum

233 586 475 639 perfidiam.
507 586 622 628 Nam
646 586 758 628 sicut
781 591 885 628 tunc
906 586 931 627 J
933 585 1058 636 udaei,

233 644 373 685 sancti
391 643 577 696 Spiritus
601 645 736 696 epera
754 642 1057 695 blaspheman-

233 700 311 750 do,
356 713 509 742 verum
554 699 1058 752 consubstantialemque

232 757 352 799 Patri
366 757 450 798 Dei
464 756 622 798 Filium
641 756 873 808 negabant:
891 756 954 798 sic
971 756 1056 797 hae-

231 813 356 855 retici
370 815 527 866 pastea
540 812 742 864 negando
752 813 936 854 Mariam
948 825 1056 854 sem-

232 882 312 922 per
330 870 571 921 Virginem,
596 870 735 911 sancti
751 870 938 922 Spiritus
958 882 1058 922 ope·

232 928 358 969 rante
384 927 568 976 virtute,
600 927 822 968 nascituro
855 939 954 968 cum
982 926 1056 967 hu-

231 984 371 1024 manis
420 983 628 1025 membris
676 983 910 1034 Unigenito
959 983 1058 1033 Dei,

233 1041 375 1081 carnis
403 1053 494 1081 suae
522 1039 750 1082 materiam
776 1040 1059 1089 ministrasse,

232 1109 385 1138 verum
404 1096 906 1148 consubstantialemque
931 1096 1060 1138 matri

232 1153 391 1194 Filium
418 1152 605 1194 heminis
634 1152 759 1194 fateri
783 1165 871 1194 non
898 1152 1059 1195 debere

233 1209 449 1251 dixerunt.
768 1254 774 1262 ,

287 1267 336 1318 R.
352 1266 477 1308 Felix
495 1279 684 1320 namque
705 1280 762 1317 es,
782 1279 907 1308 sacra
920 1266 1059 1317 Virgo

232 1322 381 1373 Maria,
402 1327 446 1364 et
464 1324 583 1364 omni
601 1323 731 1366 laude
750 1323 1018 1374 dignissima:
1034 1322 1057 1347 *

234 1379 347 1429 Quia
378 1392 433 1421 ex
463 1384 507 1421 te
536 1384 659 1421 ortus
688 1385 754 1422 est
782 1379 848 1421 sol
875 1379 1061 1431 justitiae,

234 1435 433 1477 Christus
452 1436 573 1478 Deus
592 1441 752 1478 noster.
789 1429 838 1479 Y.
865 1435 955 1477 Ora
978 1447 1060 1488 pro

233 1492 414 1546 pupulo,
439 1493 654 1535 interveni
671 1506 753 1546 pro
770 1493 904 1542 clero,
930 1492 1060 1534 inter-

234 1549 341 1591 cede
384 1562 466 1602 pro
512 1549 674 1591 deveto
715 1550 902 1591 femineo
939 1562 1061 1590 sexu:

233 1606 421 1648 sentiant
436 1618 589 1648 omnes
603 1611 727 1648 tuum
742 1607 953 1658 juvamen,
970 1605 1059 1658 qui-

234 1665 420 1715 cumque
458 1662 681 1704 celebrant
712 1667 833 1704 tuam
864 1666 1061 1703 sanctam

233 1718 525 1761 festivitatem.
560 1719 682 1770 Quia.

288 1776 445 1818 Bened.
490 1776 622 1827 Cujus
662 1776 823 1818 festum
862 1775 1060 1825 colimus,

234 1832 330 1885 ipsa
348 1832 486 1883 Virgo
505 1832 731 1884 virginum.

520 1891 670 1930 Lectio
692 1892 773 1930 viii.

236 1940 362 2047 Sed
381 1945 417 1986 si
442 1957 543 1986 caro
562 1944 701 1987 Verbi
718 1944 802 1986 Dei
821 1944 1062 1986 secundum

326 2013 503 2042 carnem
525 2001 743 2042 nascentis
766 2013 792 2042 a
815 2013 946 2042 carne
965 2001 1061 2043 Vir-

236 2057 348 2108 ginis
362 2057 515 2099 matris
526 2058 833 2110 pronuntiatur
845 2059 1061 2109 extranea,

236 2114 328 2156 sine
351 2126 484 2156 causa
506 2119 658 2156 venter
683 2114 757 2166 qui
780 2126 876 2155 eam
894 2116 1061 2166 portas-

237 2175 319 2220 set,
343 2169 479 2212 ubera
498 2183 597 2223 quae
615 2169 870 2220 lactassent,
897 2170 1061 2212 beatifi-

238 2228 401 2268 cantur.
455 2227 574 2268 Dicit
617 2231 764 2268 autem
804 2226 1062 2279 Apestolus:

238 2282 348 2332 Quia
374 2283 491 2325 misit
518 2285 640 2325 Deus
665 2282 822 2324 Filium
850 2295 977 2324 suum
1003 2283 1062 2324 fa-

238 2343 356 2379 ctum
376 2352 430 2381 ex
448 2339 645 2389 muliere,
668 2340 831 2381 factum
855 2338 937 2380 sub
955 2339 1062 2391 lege.

236 2393 391 2446 Neque
424 2395 629 2438 audiendi
660 2400 779 2447 sunt,
815 2395 888 2448 qui
920 2395 1061 2446 legen-

239 2449 341 2491 dum
373 2457 542 2504 putant:
579 2452 742 2494 Natum
780 2465 834 2494 ex
870 2452 1062 2502 muliere,

239 2506 400 2548 factum
426 2508 506 2550 sub
530 2509 642 2560 lege,
673 2508 769 2558 sed,
800 2508 984 2550 Factum
1009 2521 1062 2550 ex

238 2562 430 2605 muliere:
460 2565 560 2616 quia
588 2567 827 2617 conceptus
855 2577 909 2606 ex
933 2568 1061 2607 utero

238 2618 454 2669 virginali,
492 2633 667 2663 carnem
703 2634 790 2663 non
827 2621 882 2663 de
918 2620 1062 2671 nihilo,

238 2686 325 2714 non
344 2674 527 2726 aliunde,
547 2677 626 2719 sed
643 2680 840 2719 materna
858 2677 991 2719 traxit
1008 2690 1062 2718 ex

239 2742 381 2771 carne:
404 2731 595 2784 alioquin
613 2746 694 2775 1180
713 2747 815 2776 vere
832 2733 967 2775 Filius
986 2733 1061 2775 ho-

1110 303 1237 344 minis
1256 303 1490 353 diceretur,
1517 303 1591 356 qui
1617 302 1828 355 originem
1845 315 1933 344 non

1110 359 1294 402 haberet
1318 373 1373 402 ex
1395 360 1583 402 homine.
1619 359 1676 401 Et
1699 371 1779 401 nos
1801 359 1934 411 igitur

1111 416 1178 457 his
1203 421 1356 459 contra
1378 416 1606 469 Eutychen
1631 415 1775 466 dictis,
1800 415 1934 457 extol-

1110 473 1250 515 lamus
1268 486 1423 515 vocem
1446 486 1546 515 cum
1563 472 1763 514 Ecclesia
1787 471 1935 514 catho-

1110 529 1208 579 lica,
1236 531 1356 582 cujus
1378 529 1474 571 haec
1495 529 1650 571 mulier
1669 534 1823 582 typum
1842 541 1935 581 ges·

1111 586 1182 636 sit,
1208 586 1469 628 extollamus
1493 591 1538 628 et
1559 590 1751 628 mentem
1774 585 1830 627 de
1849 587 1935 627 me-

1112 642 1184 684 dio
1209 643 1454 693 turbarum,
1482 642 1767 695 dicamusque
1790 642 1935 684 Salva-

1109 700 1210 741 teri:
1228 700 1392 742 Beatus
1411 704 1564 741 venter
1584 699 1658 752 qui
1673 704 1718 741 te
1731 698 1935 752 portavit,

1111 761 1155 798 et
1180 756 1317 798 ubera
1346 769 1444 809 quae
1473 756 1638 798 suxisti.
1677 755 1796 798 Vere
1821 755 1936 797 enim

1109 813 1240 855 beata
1266 825 1443 866 parens,
1472 826 1588 866 quae,
1617 812 1730 855 sicut
1758 812 1936 865 quidam

1110 870 1181 920 ait,
1197 870 1338 911 Enixa
1352 874 1419 911 est
1431 871 1650 923 puerpera
1663 869 1841 921 Regem,
1861 868 1936 921 qui

1111 926 1270 968 coelum
1282 928 1532 979 terramque
1543 931 1664 968 tenet
1674 938 1754 979 per
1764 924 1936 967 saecula.

1166 983 1215 1033 R.
1232 983 1418 1024 Beatam
1435 995 1506 1025 me
1528 982 1675 1025 dicent
1693 994 1846 1024 omnes
1864 993 1935 1033 ge—

1111 1039 1376 1081 neratiOnes:
1405 1040 1428 1063 *
1455 1039 1567 1091 Quia
1594 1039 1697 1081 fecit
1718 1038 1826 1080 mihi
1847 1038 1935 1079 De-

1110 1097 1253 1137 minus
1288 1108 1445 1148 magna
1477 1096 1551 1148 qui
1582 1101 1740 1149 potens
1773 1098 1856 1145 est,
1893 1098 1937 1136 et

1111 1158 1311 1195 sanctum
1338 1166 1497 1195 nomen
1523 1154 1624 1205 ejus,
1658 1146 1709 1198 V.
1733 1152 1791 1194 Et
1811 1151 1936 1193 mise·

1110 1209 1301 1251 ricordia
1322 1211 1413 1261 ejus
1437 1223 1462 1251 a
1482 1210 1692 1262 progenie
1715 1209 1760 1250 in
1782 1209 1936 1261 proge-

1110 1266 1203 1308 nies
1222 1266 1473 1308 timentibus
1497 1279 1606 1308 eum.
1635 1266 1757 1317 Quia.
1784 1263 1938 1306 Gloria

1109 1323 1240 1365 Patri.
1280 1323 1401 1373 Quia.

1163 1377 1326 1420 Bened.
1355 1379 1427 1421 Ad
1445 1379 1710 1422 societatem.

1416 1453 1567 1494 Lectio
1588 1453 1641 1493 ix.

1194 1517 1358 1559 uinimo
1386 1517 1505 1560 beati
1535 1518 1610 1571 qui
1638 1517 1819 1560 audiunt
1846 1530 1939 1560 ver-

1206 1574 1310 1616 bum
1336 1574 1435 1625 Dei,
1467 1579 1511 1616 et
1543 1574 1804 1617 custodiunt.
1842 1574 1938 1617 Pul-

1114 1631 1217 1673 chre
1235 1631 1438 1673 Salvator
1457 1631 1727 1674 attestatieni
1746 1631 1939 1673 mulieris

1113 1687 1273 1737 annuit,
1290 1700 1378 1729 non
1397 1700 1494 1730 eam
1512 1687 1818 1730 tantummodo
1840 1700 1939 1741 quae

1112 1743 1309 1786 Verbum
1322 1744 1407 1787 Dei
1426 1744 1713 1798 corporaliter
1729 1746 1940 1796 generare

1112 1803 1348 1851 meruerat,
1376 1801 1456 1843 sed
1481 1806 1525 1844 et
1548 1813 1701 1843 omnes
1726 1801 1801 1854 qui
1821 1800 1939 1843 idem

1113 1857 1311 1899 Verbum
1355 1858 1607 1911 spiritaliter
1645 1857 1797 1899 auditu
1835 1856 1941 1899 fidei

1113 1916 1361 1967 concipere,
1388 1918 1431 1956 et
1449 1913 1555 1956 boni
1573 1914 1720 1968 operis
1739 1913 1941 1956 custudia

1113 1970 1184 2012 vel
1202 1970 1246 2011 in
1266 1983 1357 2021 suo,
1376 1970 1446 2013 vel
1464 1971 1508 2012 in
1525 1971 1828 2024 proximorum
1846 1982 1939 2012 eor-

1115 2027 1169 2069 de
1201 2029 1374 2079 parere,
1407 2032 1451 2069 et
1484 2028 1609 2080 quasi
1640 2027 1758 2070 alere
1792 2026 1940 2069 studu-

1115 2084 1236 2134 erint,
1255 2086 1510 2126 asseverans
1530 2097 1627 2127 esse
1645 2084 1816 2126 beatos:
1840 2083 1941 2136 quia

1115 2145 1158 2182 et
1177 2139 1332 2182 eadem
1350 2141 1431 2182 Dei
1446 2140 1655 2191 Genitrix,
1675 2145 1719 2183 et
1732 2139 1835 2182 inde
1851 2139 1940 2193 qui-

1114 2196 1215 2238 dem
1232 2196 1378 2247 beata,
1406 2197 1508 2250 quia
1526 2197 1667 2240 Verbi
1684 2195 1941 2239 incarnandi

1113 2253 1310 2294 ministra
1332 2253 1448 2295 facta
1473 2258 1539 2296 est
1561 2253 1832 2307 temporalis3
1860 2251 1940 2294 sed

1114 2309 1216 2351 inde
1240 2309 1377 2351 multo
1400 2309 1587 2361 beatior,
1617 2310 1718 2363 quia
1745 2308 1939 2362 ejusdem

1115 2378 1287 2418 semper
1328 2366 1504 2408 amandi
1547 2372 1696 2409 custos
1735 2365 1940 2407 manebat

1114 2424 1287 2463 aeterna.
1331 2421 1397 2463 Te
1415 2422 1560 2465 Deum
1578 2422 1816 2465 laudamus.
1835 2421 1895 2463 15.

1375 2505 1676 2547 AdLaudes

1280 2564 1340 2600 et
1384 2570 1498 2610 per
1542 2558 1766 2598 Horas.

1164 2625 1262 2664 Ant.
1287 2625 1316 2663 1.
1350 2622 1469 2663 Dum
1496 2626 1612 2664 esset
1631 2622 1729 2663 Rex
1751 2622 1775 2647 *
1798 2622 1842 2662 in
1870 2634 1937 2663 ac-

1114 2678 1263 2720 cubitu
1283 2691 1374 2728 suo,
1394 2678 1555 2720 nardus
1574 2691 1671 2720 mea
1690 2677 1812 2720 dedit
1831 2677 1936 2720 ode-

1113 2747 1206 2776 rem
1225 2735 1460 2777 suavitatis.
