2066 2956
609 205 676 238 Dic
702 206 751 237 21.
780 204 878 242 Maii.
926 205 959 236 S.
987 204 1124 237 Felicis
1153 214 1171 235 a
1199 203 1413 236 Cantalicio
1440 202 1547 236 ‹30an

227 317 307 344 nus
326 315 405 355 per
423 303 515 343 vias
535 306 692 350 rectas,
717 306 760 342 et
778 301 970 343 ostendit
990 302 1051 342 illi

228 373 405 411 regnum
425 359 517 400 Dei.
545 359 602 399 Et
621 357 752 399 dedit.

533 421 681 460 Lectio
703 434 739 458 v.

304 473 417 515 dhuc
447 477 562 523 tyro,
594 470 781 513 necdum
808 477 913 513 vota
941 472 1050 514 sole—

328 529 443 570 mnia
463 529 698 581 professus,
721 528 937 579 religiosae
956 542 1050 582 per-

226 586 423 627 fectionis
453 586 623 638 apicem
655 586 738 636 jam
767 585 963 635 attigisse
992 585 1050 626 vi-

227 642 421 684 debatur.
458 641 731 683 Obedientiae
758 641 935 682 sedulus
965 641 1051 683 cul-

226 704 305 749 tor,
326 699 381 740 ad
396 698 692 751 praecipientis
707 710 793 739 non
809 697 942 739 modo
958 711 1050 739 ver-

225 755 339 805 bum,
359 754 437 797 sed
454 755 584 797 etiam
598 760 749 797 nutum
763 760 927 807 praesto
945 760 1051 806 erat;

226 825 361 864 seque
380 811 569 853 coenobii
586 813 820 863 jumentum
836 811 1051 861 dictitans,

226 868 435 910 vilissima
464 881 649 920 quaeque
678 868 914 909 ministeria
943 881 1051 909 sem-

226 938 305 977 per
325 925 520 977 arripuit,
551 938 601 966 ac
624 924 813 966 ludibria
838 930 881 966 et
901 930 1050 966 contu-

226 982 375 1023 melias
390 982 515 1022 hilari
529 982 651 1023 vultu
667 981 924 1034 excipiebat.
943 981 1050 1022 Pau-

226 1039 407 1091 pertatis
437 1051 566 1090 quam
595 1044 711 1079 esset
740 1037 978 1087 studiosus,
1005 1038 1051 1078 il—

226 1095 350 1136 lustri
370 1094 632 1150 documento
653 1095 773 1135 Deus
794 1095 889 1147 ipse
910 1094 1051 1136 decla—

227 1152 348 1192 ravit.
386 1152 590 1192 Ostiatim
616 1151 730 1192 enim
755 1164 834 1202 per
859 1151 982 1192 vicos
1008 1156 1051 1192 et

227 1207 395 1259 plateas
435 1207 602 1248 alendis
645 1206 850 1249 fratribus
888 1206 1051 1248 mendi-

227 1276 329 1305 cans
358 1263 495 1315 (quod
522 1263 595 1305 ille
623 1276 778 1304 munus
806 1276 886 1316 per
914 1276 1051 1304 annos

227 1319 511 1372 quadraginta
531 1320 658 1361 nudis
677 1320 767 1361 fere
788 1333 960 1373 semper
977 1322 1050 1373 pe-

226 1376 352 1418 dibus
374 1376 539 1427 obivit),
565 1390 663 1418 cum
687 1376 757 1418 die
783 1376 972 1429 quadam
990 1377 1050 1417 in-

225 1433 386 1474 usitato
412 1433 608 1485 pondere
634 1446 680 1475 se
708 1433 895 1486 opprimi
922 1435 1049 1475 senti-

226 1495 307 1539 ret,
332 1490 564 1531 manticam
589 1492 822 1538 scrutatus,
848 1490 1051 1541 injectum

227 1545 339 1586 clam
370 1560 591 1587 nummum
624 1545 929 1598 deprehendit:
964 1558 1051 1598 quo

226 1603 439 1654 projecto,
491 1615 572 1644 nec
618 1603 708 1643 sine
755 1601 1050 1653 indignatione

226 1659 501 1711 proculcato,
545 1659 690 1700 alacer
727 1664 770 1700 et
808 1659 916 1700 levis
950 1658 1050 1700 inde

227 1715 343 1756 abiit.
381 1715 652 1765 Castitatem,
679 1728 810 1767 quam
835 1727 974 1767 usque
994 1714 1051 1757 ad

227 1770 395 1812 obitum
418 1771 608 1812 servavit
628 1770 840 1812 illibatam
860 1772 1051 1821 (sanctus

226 1829 411 1879 corpore
437 1833 480 1869 et
505 1828 660 1880 spiritu
685 1841 710 1869 a
735 1827 872 1869 Paulo
898 1828 1049 1879 quinto

226 1886 462 1936 propterea
489 1884 767 1937 appellatus),
799 1883 919 1935 vigili
950 1897 1050 1925 ocu-

224 1939 366 1981 lorum
391 1939 590 1982 custodia
614 1946 657 1982 et
683 1941 931 1982 voluntario
956 1942 1049 1982 cor-

225 1997 345 2048 poris
366 1997 561 2039 cruciatu
581 1997 878 2047 communivit,
904 1999 1049 2050 asper-

225 2053 335 2094 rimo
373 2054 546 2105 flagello
582 2067 629 2095 se
667 2053 864 2107 quotidie
901 2055 1049 2095 cruen-

224 2114 339 2159 tans,
367 2123 418 2151 ac
441 2110 583 2152 ferreo
611 2110 751 2152 cilicio
777 2112 1049 2160 constrictus,

225 2172 394 2218 septem
414 2167 545 2208 etiam
560 2167 691 2209 Urbis
710 2167 913 2209 basilicas
933 2166 1049 2208 iden·

225 2221 361 2263 tidem
406 2223 606 2265 invisens.
670 2223 838 2275 Jejunia
884 2222 1050 2264 ordinis

226 2277 367 2319 inedia
397 2279 660 2332 quandoque
689 2279 936 2321 cumulavit.
972 2279 1050 2320 Le-

226 2339 321 2374 ctus
341 2335 430 2385 ejus
450 2335 614 2377 doloris
635 2336 784 2388 potius
808 2349 939 2388 quam
959 2336 1048 2387 qui-

227 2389 307 2430 etis
326 2396 432 2431 erat:
459 2391 636 2433 brevem
662 2393 824 2445 quippe
850 2404 1050 2433 somnum

227 2445 349 2486 flexis
376 2447 491 2488 nuda
520 2461 652 2500 super
679 2448 828 2490 tabula
856 2448 1050 2499 genibus,

227 2514 278 2542 ac
306 2502 420 2544 fasce
449 2507 764 2547 sarmentorum
794 2505 925 2557 capiti
951 2518 1048 2557 sup—

226 2558 385 2609 posito,
406 2560 623 2612 carpebat.

282 2612 328 2661 Ii·-
356 2615 530 2657 Amavit
549 2629 647 2658 eum
667 2618 898 2666 Dominus,
919 2622 963 2658 et
983 2630 1048 2658 or—

228 2670 346 2711 navit
380 2683 491 2712 eum:
532 2673 688 2714 stolam
723 2673 876 2724 gloriae
911 2673 1050 2714 induit

225 2739 339 2775 eum,
366 2720 386 2741 *
412 2727 468 2768 Et
496 2727 551 2769 ad
580 2735 730 2780 portas
758 2729 950 2782 paradisi
979 2742 1048 2771 co-

1103 302 1276 344 ronavit
1303 315 1419 353 eum,
1456 302 1639 354 alleluja.
1695 295 1744 346 V-
1781 300 1930 343 Induit

1104 371 1203 400 eum
1243 359 1459 401 Dominus
1498 359 1679 400 loricam
1719 358 1840 407 fidei,
1887 362 1931 399 et

1104 416 1276 458 ornavit
1301 429 1410 458 eum.
1449 416 1506 457 Et
1529 415 1585 458 ad
1609 421 1771 469 portas.

1404 474 1555 515 Lectio
1575 474 1628 514 vi.

1103 526 1267 632 Vitae
1290 529 1545 570 austeritate
1564 528 1648 571 sibi
1666 542 1811 582 asper,
1836 530 1931 572 aliis

1188 598 1325 634 ‚carus
1338 589 1645 638 acceptusque,
1656 586 1819 628 sanctis
1829 600 1932 639 prae-

1105 642 1253 684 sertim
1283 642 1443 683 Carolo
1476 647 1519 683 et
1546 641 1751 695 Philippo
1778 642 1931 693 Nerio,

1104 698 1383 752 simplicitate
1403 703 1535 751 atque
1554 698 1803 741 innocentia
1822 712 1930 741 sem-

1103 769 1182 808 per
1217 756 1308 797 fuit.
1348 756 1398 796 In
1431 755 1629 798 oratione
1656 758 1932 810 pernoctans,

1105 811 1401 853 dulcissimam
1449 812 1700 865 frequenter
1748 813 1932 855 extasim

1104 874 1172 910 est
1199 881 1370 922 passus:
1404 874 1447 911 et
1479 868 1716 922 aliquando
1748 869 1791 910 in
1820 869 1932 910 ulnis

1104 925 1193 966 suis
1229 925 1486 967 reclinatum
1518 939 1544 967 a
1578 926 1758 978 Virgine
1790 925 1932 968 Matre

1103 985 1288 1035 pl'ler-um
1329 983 1354 1023 J
1356 995 1478 1024 esum
1519 983 1776 1025 suavissime
1817 995 1931 1025 com-

1103 1040 1237 1093 plecti
1256 1040 1424 1081 meruit.
1458 1039 1709 1092 Prophetiae
1728 1040 1869 1091 gratia
1888 1044 1933 1082 et

1103 1096 1413 1137 miraculorum
1450 1096 1609 1147 clarus,
1654 1096 1931 1139 demortuum

1105 1153 1235 1194 etiam
1259 1152 1396 1194 filium
1415 1153 1543 1194 matri
1563 1153 1711 1194 vivum
1731 1153 1932 1195 restituit.

1104 1210 1271 1252 Meritis
1296 1209 1473 1251 tandem
1498 1210 1542 1250 in
1565 1209 1680 1251 bona
1705 1212 1931 1252 senectute

1105 1265 1362 1315 cumulatus,
1375 1265 1566 1308 secunda
1578 1267 1640 1317 (ut
1649 1265 1932 1319 praedixerat)

1104 1323 1210 1364 feria
1228 1323 1513 1365 Pentecostes
1534 1322 1591 1364 ad
1612 1322 1838 1365 coelestem
1856 1325 1930 1376 pa-

1103 1379 1247 1430 triam,
1294 1380 1486 1432 Deipara
1530 1378 1758 1429 invitante,
1803 1379 1931 1421 laetus

1105 1436 1221 1478 abiit.
1261 1437 1364 1489 Ejus
1393 1449 1554 1489 corpus
1580 1436 1625 1476 in
1653 1435 1838 1478 ecclesia
1865 1435 1932 1476 sui

1105 1492 1270 1534 ordinis
1297 1506 1465 1534 summa
1488 1492 1620 1535 Urbis
1650 1492 1930 1534 veneratione

1104 1548 1278 1600 colitur,
1303 1549 1494 1591 Domino
1521 1549 1687 1591 crebris
1710 1547 1931 1590 miraculis

1105 1606 1219 1647 servi
1256 1606 1323 1647 sui
1360 1606 1638 1647 sanctitatem
1673 1605 1930 1655 illustrante,

1105 1674 1235 1714 quem
1278 1664 1517 1715 propterea
1562 1662 1766 1704 Urbanus
1808 1661 1931 1714 Papa

1104 1721 1286 1760 octavus
1315 1718 1561 1768 beatorum,
1596 1718 1796 1760 Clemens
1824 1730 1930 1760 vero
1983 1749 1988 1754 .

1103 1774 1359 1816 undecimus
1402 1777 1655 1817 sanctorum
1692 1775 1816 1817 fastis
1857 1773 1930 1816 ad-

1103 1831 1288 1884 scripsit.
1334 1831 1385 1883 R.
1418 1831 1509 1873 Iste
1527 1831 1674 1872 homo.
1693 1830 1777 1883 [89]

1316 1912 1365 1950 In
1393 1912 1463 1951 ΙΙΙ.
1492 1911 1714 1951 Nocturno.

1103 1970 1255 2012 Lectio
1281 1971 1419 2012 sancti
1438 1969 1664 2021 Evangelii
1689 1968 1930 2011 secundum

1376 2027 1644 2069 Matthaeum.

1205 2086 1355 2127 Lectio
1377 2087 1443 2126 vii.
1597 2087 1700 2140 Cap.
1717 2088 1768 2128 11.
1784 2086 1823 2128 d.

1102 2139 1177 2246 In
1203 2144 1278 2186 illo
1303 2146 1518 2197 tempore:
1545 2143 1840 2198 Respondeas
1862 2142 1930 2185 Je-

1169 2214 1258 2250 sus,
1285 2200 1409 2242 dixit:
1438 2200 1663 2243 Confiteor
1686 2200 1767 2243 tibi
1789 2201 1930 2250 Pater,

1102 2258 1290 2299 Domine
1319 2258 1420 2299 coeli
1448 2263 1491 2299 et
1517 2263 1665 2307 terrae,
1699 2257 1802 2310 quia
1835 2256 1930 2299 abs-

1104 2313 1292 2356 condisti
1317 2313 1412 2355 haec
1431 2326 1457 2355 a
1477 2313 1747 2366 sapientibus
1768 2318 1812 2355 et
1830 2326 1930 2366 pru-

1103 2370 1323 2419 dentibus,
1349 2375 1394 2411 et
1418 2369 1626 2412 revelasti
1650 2383 1701 2412 ea
1725 2369 1930 2422 parvulis.

1103 2427 1159 2468 Et
1180 2426 1360 2479 reliqua.

1103 2497 1295 2539 Homilia
1307 2496 1445 2538 sancti
1461 2496 1694 2547 Augustini
1704 2495 1928 2548 Episcopi.

1179 2562 1295 2595 Scrm.
1321 2564 1350 2595 9.
1377 2562 1422 2595 de
1446 2561 1558 2595 Verb.
1584 2560 1703 2598 Dom..
1729 2571 1761 2594 n.
1787 2561 1846 2594 70.

1107 2624 1170 2671 ἦρ
1188 2628 1192 2630 “
1211 2618 1333 2658 mnia
1356 2630 1475 2658 saeva
1499 2622 1542 2658 et
1564 2617 1784 2667 immania,
1808 2630 1929 2670 pror-

1147 2668 1192 2729 ‚1-*1
1234 2687 1307 2715 sus
1334 2673 1475 2715 facilia
1501 2678 1544 2715 et
1569 2686 1710 2726 prope
1735 2674 1853 2715 nulla
1872 2673 1929 2714 ef-

1110 2726 1143 2753 ²<>
1163 2719 1208 2753 s
1236 2730 1325 2772 ficit
1344 2743 1478 2772 amor.
1515 2730 1688 2780 Quanto
1713 2743 1819 2782 ergo
1839 2731 1929 2772 cer-
