2028 2892
138 271 187 322 V.
201 272 259 314 Et
272 273 485 315 Dominus
502 272 547 313 in
562 285 672 314 voce
688 273 818 315 tubae.
845 273 960 316 Alle-

134 327 232 382 luja‚
251 329 433 382 alleluja.
461 329 620 370 Gloria.
650 329 871 372 Ascendit.

192 390 240 438 N
262 388 519 432 Ascendens
540 390 735 432 Christus
755 390 798 431 in
816 391 960 441 altum,

136 445 318 499 alleluia.
354 450 402 500 R«.
433 447 660 499 Captivam
683 445 806 489 duxit
829 448 961 500 capti-

135 502 326 553 vitatem,
353 502 535 555 allehija.

414 580 480 617 Ad
506 580 692 618 Sextam.

192 641 287 679 Ant.
321 636 511 679 Elevatis
535 637 747 679 manibus.

216 701 470 752 Capitulum.
742 702 834 739 Act.
858 702 882 738 l.

217 764 235 802 t
262 761 548 810 convescens,
577 759 790 813 praecepit
817 759 879 800 eis
907 759 960 802 ab

250 816 536 870 Jerosonmis
580 829 635 858 ne
678 815 962 866 discederent,

138 872 219 915 sed
271 875 577 927 exspectarent
630 872 963 926 promissionem

136 928 296 980 Patris,
325 942 457 982 quam
481 928 664 971 audistis
691 929 858 981 (inquit)
883 942 963 982 per

139 998 190 1027 os
223 999 387 1028 meum:
424 986 526 1038 quia
558 986 583 1027 J
587 987 750 1027 oannes
786 985 964 1038 quidem

137 1041 378 1096 baptizavit
401 1055 530 1095 aqua,
555 1055 635 1084 vos
660 1047 805 1084 autem
826 1041 963 1095 bapti-

138 1098 341 1141 zabimini
367 1099 531 1152 Spiritu
562 1103 713 1140 sancto
744 1111 833 1140 non
861 1102 965 1151 post

137 1154 299 1198 multos
317 1155 400 1198 hos
420 1155 524 1198 dies.

190 1221 320 1274 Rbr.
349 1219 606 1263 Ascendens
627 1219 824 1262 Christus
845 1219 889 1260 in
908 1218 965 1261 al-

137 1281 249 1327 tum,
282 1281 303 1304 *
337 1275 543 1329 Alleluja‚
575 1276 757 1329 alleluja.
802 1275 965 1317 Ascen-

139 1331 258 1375 dens.
297 1331 346 1382 V.
382 1333 610 1386 Captivam
637 1332 761 1375 duxit
789 1332 965 1385 captivi—

137 1391 284 1431 tatem.
335 1388 542 1442 Alleluja,
577 1388 759 1442 alleluja.
815 1388 966 1430 (lloria

137 1445 267 1488 Patri.
303 1445 570 1488 Ascendens.

192 1503 241 1555 V.
259 1506 466 1549 Ascendo
486 1506 543 1549 ad
556 1507 733 1548 Patrem
747 1518 902 1555 meum,
922 1509 965 1546 et

138 1562 315 1606 Patrem
328 1568 532 1614 vestrum,
550 1562 732 1615 alleluja.
757 1564 803 1614 Rg.
823 1562 966 1603 Deum

138 1631 294 1671 meum,
313 1625 357 1662 et
373 1620 518 1662 Deum
535 1624 740 1669 vestrum,
759 1617 939 1670 alleluia.

421 1697 488 1734 Ad
511 1697 695 1734 Nonam.

193 1756 291 1798 Ant.
324 1756 583 1800 Videntibus
606 1757 700 1798 illis.

220 1818 475 1870 Capitulum.
687 1819 780 1857 Act.
803 1819 828 1855 1.
849 1816 886 1856 b.

233 1878 287 1920 iri
314 1879 501 1929 Galilaffi,
530 1878 636 1931 quid
663 1878 787 1920 statis
815 1877 967 1930 aspici-

255 1937 377 1978 entes
403 1936 447 1976 in
479 1933 665 1977 coelum?
719 1934 803 1975 Hic
830 1934 854 1974 J
857 1946 967 1982 esus

145 1990 219 2042 qui
245 1995 495 2056 assiimptus
520 1996 586 2033 est
611 2004 637 2032 a
661 1989 787 2032 vobis
814 1989 858 2030 in
883 2002 967 2030 coe-

143 2046 251 2098 lum,
293 2048 356 2089 sic
394 2048 558 2097 veniet,
600 2043 968 2099 quemadmodum

143 2102 313 2146 vidistis
333 2117 431 2146 eum
451 2107 626 2146 euntem
643 2103 686 2143 in
706 2101 876 2144 coelum.

195 2169 245 2220 R.
274 2167 334 2209 br.
369 2168 575 2210 Ascendo
604 2166 660 2209 ad
684 2167 857 2208 Patrem
883 2178 967 2207 me-

143 2237 227 2274 um,
252 2230 295 2267 et
313 2225 488 2267 Patrem
506 2229 710 2273 vestrum,
728 2226 749 2247 *
773 2222 967 2274 Alleluia,

145 2280 326 2333 alleluja.
346 2280 563 2322 Ascendo.
589 2274 636 2326 δ”.
657 2281 799 2321 Deum
814 2291 968 2327 meum,

145 2341 188 2378 et
214 2337 358 2379 Deum
383 2342 588 2379 vestrum.
634 2334 838 2387 Alleluia,
870 2333 968 2375 alle-

143 2391 241 2445 luja.
269 2392 421 2435 Gloria
438 2393 569 2434 Patri.
596 2390 814 2433 Ascendo.

197 2448 247 2500 V.
284 2453 497 2494 Dominus
533 2453 577 2493 in
613 2451 747 2501 coelo,
787 2450 968 2502 alleluja.

146 2510 195 2562 Rz.
222 2509 398 2552 Paravit
417 2508 567 2551 sedem
586 2521 718 2558 suam,
747 2506 926 2558 alleluja.

347 2591 408 2631 In
434 2590 496 2632 11.
515 2588 765 2639 vesperis.

198 2654 284 2688 Ant.
303 2655 349 2688 de
368 2654 574 2688 Laudibus
596 2655 670 2690 326,
703 2652 771 2685 l‘s..
790 2649 910 2691 Capit.
929 2654 964 2680 ct

149 2701 322 2743 Hymnus
348 2708 386 2736 ut
411 2712 526 2744 supra
556 2701 593 2733 in
618 2700 643 2733 1.
670 2700 782 2740 chp.
811 2698 885 2733 317.

690 181 785 213 lutra
813 182 993 213 (milvum
1022 179 1279 213 Asu-usionis.

1064 275 1113 322 V
1150 273 1364 315 Deminus
1398 274 1441 315 in
1479 275 1610 325 coelo,
1649 275 1830 327 alleluja.

1015 334 1062 384 Rg.
1088 330 1264 371 Paravit
1282 329 1431 372 sedem
1449 344 1580 380 suam,
1608 331 1788 383 alleluja.

1068 396 1132 436 Ad
1162 395 1329 441 Magnis.
1361 396 1452 434 Ant.
1488 396 1523 430 ()
1546 392 1642 433 Rex
1669 391 1830 442 gloriae,

1011 447 1036 472 *
1075 445 1261 487 Demine
1301 446 1506 488 virtutum
1520 478 1529 496 ‚
1575 447 1649 498 qui
1686 448 1830 489 trium-

1012 501 1173 555 phator
1200 501 1330 543 hodie
1359 515 1489 555 super
1517 516 1666 545 omnes
1694 503 1830 545 coelos

1013 557 1270 608 ascendisti,
1321 571 1375 599 ne
1428 558 1701 611 derelinquas
1750 572 1830 601 nos

1014 614 1255 667 erphanos:
1300 614 1379 656 sed
1414 615 1535 656 mitte
1570 618 1832 668 promissum

1012 671 1154 713 Patris
1185 670 1228 711 in
1259 683 1359 721 nos,
1391 671 1597 724 Spiritum
1627 671 1833 721 veritatis,

1013 727 1195 781 anehna.

1068 795 1168 827 Infra
1183 796 1191 823 (
1204 796 1363 827 ’etaiam
1382 793 1633 826 Ast-cnsionis
1652 803 1769 833 usquc
1786 792 1830 824 ad

1017 844 1281 876 Pentecosten.
1314 841 1485 884 quotidie
1516 842 1551 873 lit
1583 841 1755 873 osticium
1787 840 1831 872 (lc

1017 891 1268 924 Asccnsionc.
1300 890 1371 923 nisi
1403 896 1574 923 occurrat
1607 889 1739 921 les-tum
1772 898 1832 920 no.-

1019 950 1100 972 x‘cm
1128 939 1356 972 Lectionum.
1397 938 1449 971 llc
1476 938 1581 970 sestis
1608 948 1697 969 vcro
1724 937 1830 969 trium

1021 988 1236 1020 Lectionum
1270 987 1305 1019 lit
1338 992 1479 1019 tuntum
1512 984 1831 1017 <tomum-monnio

1017 1046 1099 1068 cum
1125 1046 1224 1067 nona
1255 1034 1428 1067 Lectione
1456 1033 1500 1066 (lc
1527 1033 1591 1066 cis.

1220 1149 1254 1184 F
1273 1159 1296 1185 e
1313 1148 1361 1184 ri
1376 1159 1401 1184 a
1435 1149 1463 1186 S
1481 1158 1504 1184 e
1522 1159 1548 1184 x
1564 1151 1580 1183 t
1597 1158 1633 1184 a.

1249 1214 1295 1251 In
1324 1213 1351 1250 I.
1382 1212 1601 1249 Nocturno.

1060 1278 1213 1331 Incipit
1239 1276 1439 1330 Epistola
1465 1274 1656 1318 secunda
1681 1275 1798 1317 beati

1247 1333 1365 1375 Petri
1392 1332 1605 1385 Apestoli.

1123 1393 1269 1432 lectio
1300 1394 1321 1431 i.
1591 1393 1690 1440 (11.p
1712 1390 1731 1427 i

1022 1454 1234 1513 ἵῑῆῂιιιοιι
1256 1454 1429 1503 Petrus,
1457 1466 1623 1502 servus,
1652 1458 1694 1494 et
1718 1452 1834 1505 Apo-

1025 1502 1111 1596 Q}
1134 1510 1408 1619 Ξὲἶὲέἱέἓῗ
1433 1508 1835 1607 fflggssmsszbrffl}

1017 1629 1116 1665 sunt
1134 1622 1295 1665 fidem
1284 1636 1327 1663 ιιι
1345 1623 1506 1675 justitia
1522 1621 1606 1662 Dei
1623 1621 1770 1670 nostri,
1794 1626 1837 1662 et

1017 1679 1252 1721 Salvatoris
1270 1679 1295 1720 J
1298 1691 1374 1721 esu
1394 1677 1563 1720 Christi.
1594 1677 1745 1718 Gratia
1763 1690 1836 1718 vo-

1018 1736 1101 1786 bis,
1129 1740 1172 1777 et
1197 1749 1283 1788 pax
1309 1733 1598 1787 adimpleatur
1624 1733 1668 1773 in
1694 1733 1837 1783 cogni-

1017 1792 1135 1834 tione
1159 1791 1258 1841 Dei,
1286 1796 1329 1832 et
1355 1789 1513 1832 Christi
1535 1790 1639 1830 Jesu
1662 1788 1836 1830 Domini

1017 1848 1173 1890 nostri.
1205 1845 1426 1899 quomodo
1456 1846 1599 1887 omnia
1626 1844 1751 1886 nobis
1779 1843 1839 1886 di-

1018 1907 1130 1946 vinae
1149 1903 1320 1946 virtutis
1339 1915 1441 1952 suae,
1461 1915 1559 1954 quae
1576 1900 1633 1943 ad
1648 1901 1781 1942 vitam
1796 1905 1840 1942 et

1017 1961 1226 2013 pietatem
1253 1958 1415 2001 donata
1442 1962 1560 2007 sunt,
1590 1969 1669 2010 per
1696 1956 1839 2007 cogni-

1018 2016 1182 2058 tionem
1204 2016 1311 2068 ejus,
1340 2015 1413 2067 qui
1438 2013 1612 2056 vocavit
1636 2025 1716 2054 nos
1741 2014 1838 2064 pro-

1018 2072 1114 2125 pria
1141 2071 1298 2123 gloria,
1330 2076 1374 2112 et
1400 2070 1577 2119 virtute,
1604 2081 1683 2121 per
1710 2079 1838 2119 quem

1018 2128 1225 2177 maxima,
1271 2132 1315 2168 et
1349 2126 1542 2178 pretiosa
1580 2123 1705 2165 nobis
1739 2135 1837 2175 pro-

1018 2186 1151 2224 missa
1174 2182 1368 2224 donavit.
1395 2187 1442 2222 ut
1464 2193 1543 2233 per
1565 2179 1660 2220 haec
1682 2178 1838 2220 efficia-

1019 2240 1122 2280 mini
1143 2238 1300 2281 divinae
1324 2239 1548 2279 consortes
1570 2237 1750 2276 naturae:
1776 2233 1837 2274 fu-

1019 2295 1186 2346 gientes
1218 2296 1326 2346 ejus,
1364 2305 1461 2344 quae
1494 2291 1537 2331 in
1567 2289 1728 2331 mundo
1761 2294 1838 2338 est,

1020 2349 1387 2412 concupiscentiae
1404 2345 1736 2398 corruptionem.

1072 2409 1120 2460 R.
1147 2407 1255 2448 Post
1273 2403 1529 2469 passionem.
1556 2402 1654 2442 320.

1327 2465 1358 2503 Ι
1363 2464 1473 2503 ectio
1495 2463 1531 2501 ii.

1110 2534 1160 2563 os
1180 2526 1323 2563 autem
1340 2530 1487 2560 curam
1507 2529 1678 2558 omnem
1696 2515 1838 2558 subin-

1127 2578 1324 2625 ferentes,
1346 2573 1583 2614 ministrate
1602 2572 1646 2613 in
1663 2571 1751 2614 fide
1769 2585 1839 2613 ve-

1009 2622 1109 2675 stra
1127 2634 1339 2679 virtutem,
1358 2630 1402 2670 in
1419 2629 1578 2670 virtute
1597 2634 1742 2670 autem
1761 2628 1838 2669 sci-

1020 2689 1189 2739 entiam,
1207 2688 1251 2728 in
1269 2684 1448 2728 scientia
1464 2690 1609 2726 autem
1625 2684 1839 2726 abstinen-

1878 942 1886 1434 fflmmv
1878 852 1883 934 ...α-η,-
1878 828 1881 845 -
1876 667 1882 822 m·-
