2028 2892
546 176 617 210 Die
642 176 694 210 19.
718 176 855 210 Martii.
902 179 936 211 S.
961 162 1110 221 Joseph
1134 178 1277 221 Sponsi
1301 178 1342 212 B.
1368 179 1413 212 M.
1440 179 1480 212 V.

214 266 271 307 Et
289 267 492 308 laetentur
511 279 681 316 omnes,
709 267 784 318 qui
808 274 987 320 sperant

162 321 206 361 in
222 325 277 371 te,
295 322 319 348 *
338 322 383 362 in
399 324 613 363 aeternum
629 322 923 365 exsultabunt:
943 329 987 366 et

161 376 382 419 habitabis
401 377 445 417 in
465 377 538 418 eis.

211 431 270 473 Et
287 432 590 483 gloriabuntur
608 433 653 472 in
667 436 711 474 te
727 445 890 483 omnes,
911 436 985 486 qui

162 486 347 538 diligunt
372 500 533 529 nomen
560 493 702 538 tuum,
725 489 750 515 *
778 490 985 540 quoniam

159 547 208 583 tu
226 542 460 584 benedices
478 544 603 595 justo.

210 598 409 647 D6mine,
428 603 476 639 ut
495 604 621 640 scuto
639 599 770 640 bonae
785 600 983 642 volunta-

157 653 215 694 tis
233 658 322 694 tuae
340 654 364 680 *
383 655 607 695 coronasti
624 667 716 696 nos.

214 729 312 769 Ant.
337 726 556 768 Defuncto
574 726 769 776 Herode,
787 727 982 778 Angelus

157 781 333 822 Demini
351 782 554 834 apparuit
571 782 615 822 in
635 783 797 824 somnis
815 783 981 836 Joseph

156 835 200 876 in
219 837 430 889 AEgyth
452 837 616 879 dicens:
634 838 786 889 Surge,
810 844 854 880 et
871 840 979 880 acci-

156 903 213 943 pe
231 895 417 944 puerum
436 898 480 934 et
493 899 677 935 matrem
691 895 793 945 ejus
813 900 856 936 et
869 895 980 936 vade

154 946 198 987 in
241 951 403 988 terram
445 949 596 998 Israel:
645 949 838 991 defuncti
881 956 981 992 sunt

156 1001 269 1043 enim
285 1003 359 1055 qui
375 999 629 1055 quaerebant
643 1005 830 1046 animam
843 1007 980 1058 pueri.
1039 1012 1104 1050 ἑε-ῑ»

210 1078 308 1119 Ant.
337 1077 522 1129 Accepit
541 1077 566 1117 J
568 1078 708 1130 oseph
732 1082 918 1130 puerum
937 1084 981 1120 et

153 1135 338 1227 ffissgffim
371 1133 478 1184 ejus,
516 1138 560 1174 et
593 1134 711 1175 venit
741 1134 786 1174 in
818 1140 980 1176 terram

440 1250 639 1290 Psalmus
666 1253 703 1289 8.

246 1315 388 1357 emine
402 1316 616 1358 Deminus
633 1322 793 1366 noster,
807 1318 831 1343 *
849 1331 978 1369 quam

257 1370 512 1413 admirabile
531 1377 597 1413 est
615 1385 775 1414 nomen
794 1378 916 1414 tuum
934 1374 978 1414 in

152 1425 354 1467 universa
372 1427 505 1468 terra!

205 1482 420 1531 Quoniam
435 1482 605 1524 elevata
621 1488 688 1525 est
702 1484 977 1534 magnificen-

151 1537 213 1578 tia
230 1542 315 1587 tua,
334 1539 358 1566 *
377 1551 508 1590 super
528 1538 676 1580 coelos.

202 1593 270 1633 Ex
298 1606 375 1635 ore
402 1594 629 1635 infantium
657 1599 701 1636 et
725 1594 977 1637 lactentium

150 1648 372 1700 perfecisti
411 1649 586 1691 laudem
621 1655 806 1702 propter
841 1651 976 1692 inimi-

151 1716 228 1745 cos
255 1708 376 1754 tuos,
403 1705 427 1731 *
453 1709 502 1746 ut
529 1704 729 1746 destruas
756 1706 977 1748 inimicum

151 1763 195 1801 et
212 1759 411 1801 ultorem.

203 1815 419 1865 Queniam
462 1815 623 1858 videbo
673 1817 811 1858 coelos
859 1822 975 1868 tuos,

151 1872 288 1923 Opera
314 1870 550 1922 digitorum
572 1874 764 1914 tuorum:
783 1874 807 1899 *
829 1873 976 1914 lunam

151 1931 195 1968 et
214 1926 373 1977 stellaS,
395 1940 492 1979 quae
510 1932 559 1968 tu
576 1928 778 1969 fundasti.

201 1981 318 2032 Quid
341 1987 408 2024 est
430 1982 574 2032 homo,
604 1983 723 2035 quod
740 1996 909 2025 memor
927 1997 973 2026 es

150 2035 264 2088 ejus?
285 2037 309 2063 *
327 2042 402 2079 aut
419 2038 534 2079 filius
552 2038 749 2088 heminis,
770 2040 974 2090 queniam

150 2092 302 2134 visitas
322 2092 442 2134 eum?

199 2148 394 2190 Minuisti
429 2161 528 2190 eum
568 2149 701 2201 paulo
739 2149 881 2191 minus
917 2150 973 2191 ab

148 2203 344 2255 Angelis,
376 2204 515 2255 gloria
542 2209 586 2245 et
607 2204 774 2246 honore
794 2207 973 2246 corona-

149 2259 205 2300 sti
231 2271 346 2301 eum:
371 2260 395 2286 *
419 2264 463 2301 et
490 2260 752 2301 constituisti
779 2273 878 2302 eum
905 2273 973 2302 su-

148 2327 229 2366 per
247 2317 383 2367 opera
404 2317 611 2356 manuum
628 2318 814 2357 tuarum.

201 2370 358 2412 Omnia
402 2371 625 2422 subjecisti
664 2371 744 2413 sub
786 2371 972 2423 pedibus

149 2426 257 2476 ejus,
289 2426 313 2452 *
346 2439 451 2468 oves
484 2431 528 2468 et
560 2426 698 2468 boves
732 2427 972 2477 universas,

148 2483 324 2533 insuper
344 2486 387 2523 et
404 2484 568 2534 pecora
587 2482 741 2534 campi.

199 2536 414 2578 volucres
442 2537 557 2587 coeli,
590 2542 634 2579 et
658 2538 803 2590 pisces
830 2538 972 2586 maris,

149 2590 173 2615 *
202 2592 275 2642 qui
300 2593 605 2644 perambulant
632 2594 807 2634 semitas
830 2593 972 2633 maris.

199 2645 386 2689 Demine
403 2648 619 2689 Deminus
637 2649 831 2698 noster,*
843 2661 973 2700 quam

1806 175 1870 209 411

1039 270 1294 311 admirabile
1314 275 1380 312 est
1398 284 1558 313 nomen
1576 276 1699 313 tuum
1718 272 1761 313 in
1779 272 1868 313 uni-

1038 327 1166 367 versa
1183 326 1319 367 terra!

1092 387 1191 427 Ant.
1223 385 1411 438 Accepit
1429 387 1454 427 J
1457 387 1596 438 oseph
1614 390 1800 439 paetum
1826 393 1870 429 et

1037 445 1222 482 matrem
1255 442 1362 492 eim,
1402 446 1446 483 et
1478 442 1598 483 venit
1629 443 1673 482 in
1706 447 1869 484 terram

1037 496 1184 537 Israel.

1091 548 1141 598 V.
1175 552 1335 603 Magna
1364 556 1431 593 est
1455 552 1594 602 gloria
1620 555 1711 604 ejus
1734 554 1777 593 in
1802 567 1866 595 sa-

1037 607 1168 648 lutari
1186 613 1274 649 tuo.
1303 609 1352 658 Ιᾲ.
1379 608 1576 649 G16riam
1601 614 1644 650 et
1662 623 1867 660 magnum

1037 662 1242 705 decerem
1260 664 1461 716 impones
1480 677 1612 716 super
1632 677 1741 706 eum.

1072 739 1227 782 Sermo
1247 741 1385 782 sancti
1403 739 1618 782 Bernardi
1636 741 1835 783 Abbatis.

1037 804 1178 838 Homil.
1191 804 1221 838 2.
1236 815 1353 847 super
1368 805 1512 840 Missus
1526 809 1723 848 est,p1·0pe
1739 805 1862 838 finem.

1338 860 1489 902 Lectio
1511 861 1563 900 iv.

1040 921 1226 988 ΐῖ1
1246 926 1289 962 et
1309 922 1449 972 qualis
1466 921 1599 961 homo
1617 921 1745 962 fuerit
1758 921 1860 962 bea—

1060 988 1132 1021 s
1144 989 1154 1054 1
1172 982 1243 1018 tus
1257 977 1282 1017 J
1285 978 1434 1030 oseph‚
1454 980 1618 1032 conjice
1638 989 1693 1017 ex
1710 975 1857 1028 appel-

1130 1031 1137 1038 '
1175 1032 1354 1083 latione,
1383 1047 1486 1086 qua,
1511 1035 1614 1076 licet
1638 1031 1859 1084 dispensa-

1030 1087 1154 1136 t6ria,
1172 1088 1330 1129 meruit
1348 1089 1556 1131 honorari
1575 1089 1698 1137 adeO,
1719 1091 1767 1128 ut
1785 1100 1858 1138 pa-

1030 1147 1098 1184 ter
1124 1143 1209 1184 Dei
1240 1148 1284 1185 et
1316 1143 1458 1186 dictus
1491 1151 1534 1187 et
1566 1144 1758 1187 creditus
1789 1142 1860 1183 sit:

1033 1198 1198 1250 conjice
1238 1204 1282 1240 et
1320 1212 1375 1240 ex
1412 1201 1595 1254 proprio
1631 1197 1860 1247 vocabulo,

1032 1254 1153 1304 quod
1178 1257 1459 1306 augmentum
1483 1269 1571 1298 non
1597 1254 1772 1297 dubitas
1799 1253 1858 1294 in-

1029 1310 1273 1361 terpretari.
1306 1310 1442 1352 Simul
1466 1317 1510 1353 et
1532 1313 1752 1352 memento
1772 1322 1859 1349 ma-

1029 1365 1102 1414 gni
1116 1365 1230 1406 illius
1247 1366 1468 1417 quondam
1476 1365 1744 1408 Patriarchae
1759 1366 1858 1405 ven-

1031 1419 1111 1461 diti
1145 1420 1190 1461 in
1225 1422 1438 1474 AEgyth
1485 1427 1529 1463 et
1569 1422 1680 1462 scito
1721 1421 1858 1472 ipsius

1028 1476 1160 1517 istum
1178 1490 1266 1518 non
1286 1477 1427 1518 solum
1443 1477 1707 1519 vocabulum
1725 1476 1858 1516 fuisse

1030 1533 1252 1582 sortitum,
1280 1532 1360 1574 sed
1387 1538 1430 1574 et
1458 1532 1757 1574 castimoniam
1785 1529 1857 1571 ad-

1030 1588 1195 1639 eptum,
1223 1588 1516 1630 innocentiam
1541 1590 1790 1628 assecutum
1815 1590 1858 1627 et

1028 1643 1223 1692 gratiam.

1084 1702 1134 1740 R.
1171 1698 1384 1741 Ascendit
1415 1698 1583 1751 Joseph
1615 1710 1641 1738 a
1674 1697 1858 1738 Galilaea

1029 1752 1084 1794 de
1116 1754 1292 1796 civitate
1323 1754 1545 1796 Nazareth
1576 1754 1620 1794 in
1645 1752 1856 1801 Judaeum,

1027 1809 1071 1848 in
1100 1810 1321 1851 civitatem
1347 1809 1510 1859 David,
1546 1822 1645 1861 quae
1673 1811 1856 1850 vocatur

1027 1864 1300 1919 Bethlehem:
1336 1867 1356 1888 *
1388 1866 1455 1906 Eo
1489 1864 1611 1917 quod
1650 1868 1766 1906 esset
1801 1864 1855 1904 de

1028 1918 1161 1961 domo
1182 1926 1225 1962 et
1244 1921 1405 1962 familia
1422 1920 1577 1962 David.
1609 1917 1660 1965 Y.
1679 1920 1737 1961 Ut
1754 1932 1854 1971 pro-

1026 1974 1222 2017 fiteretur
1269 1989 1368 2018 cum
1402 1976 1541 2018 Maria
1586 1975 1855 2027 desponsata

1026 2029 1109 2072 sibi
1130 2034 1278 2073 uxere.
1306 2032 1373 2073 Eo
1395 2032 1526 2084 quod.

1340 2094 1490 2134 Lectio
1511 2109 1547 2133 v.

1033 2143 1291 2249 Siquidem
1329 2151 1402 2192 ille
1439 2151 1624 2203 Joseph,
1665 2151 1855 2191 fraterna

1111 2219 1166 2247 ex
1192 2207 1355 2249 invidia
1379 2206 1599 2256 venditus,
1628 2211 1671 2247 et
1695 2205 1852 2246 ductus

1023 2262 1069 2302 in
1086 2262 1345 2315 AEgyptum,
1375 2261 1535 2303 Christi
1557 2261 1853 2302 venditionem

1023 2318 1338 2369 praefiguravit:
1374 2317 1457 2358 iste
1489 2316 1675 2368 Joseph,
1713 2317 1852 2357 Hero-

1025 2372 1198 2414 dianam
1210 2373 1418 2415 invidiam
1432 2373 1612 2423 fugiens,
1633 2371 1852 2413 Christum

1023 2427 1068 2468 in
1082 2429 1326 2481 AEgyptum
1342 2428 1548 2481 portavit.
1575 2427 1654 2468 me
1673 2427 1851 2469 domino

1024 2495 1104 2525 suo
1123 2484 1258 2525 fidem
1281 2496 1475 2532 servans,
1505 2482 1693 2523 dominae
1712 2482 1852 2525 naluit

1024 2540 1314 2581 commisceri:
1353 2539 1437 2579 iste
1472 2537 1694 2579 dominam
1727 2551 1851 2580 suam

1023 2594 1201 2635 Domini
1258 2595 1325 2635 sui
1379 2598 1583 2643 matrem,
1638 2594 1851 2645 virginem

1024 2651 1282 2700 agnescens‚
1306 2653 1350 2691 et
1367 2649 1463 2702 ipse
1481 2649 1722 2700 centinens,
1745 2649 1850 2691 fide-
