2066 2956
755 230 810 263 Ss.
836 229 1017 263 Sindonis
1042 228 1085 262 D.
1110 227 1153 261 N.
1178 228 1210 261 J.
1237 228 1275 261 C.

221 322 258 360 5.
293 319 437 360 Posuit
462 330 561 360 eum
584 319 607 344 *
631 319 675 360 in
699 323 990 370 monumentO,

166 376 211 472 {n
236 388 323 473 qup
349 374 543 417 nondum
568 375 797 428 quisquam
820 378 990 429 positus

184 444 289 474 uera
310 463 319 472 .

274 494 530 546 Capitulum.
752 494 803 531 ls.
824 494 887 531 63.

170 530 320 656 Quis
339 557 407 594 est
425 551 518 601 iste,
540 552 613 604 qui
631 554 750 595 venit
769 553 823 595 de
837 553 990 604 Edom,

269 609 415 651 tinctis
435 608 630 650 vestibus
649 609 704 651 de
721 609 883 651 Bosra?
902 611 991 652 Iste

168 666 386 708 formosus
411 666 455 706 in
475 665 589 707 stola
608 679 702 716 sua,
726 666 930 718 gradiens
948 667 992 707 in

168 721 446 764 multitadine
470 722 734 764 fortitudinis
753 736 854 764 suae.
886 724 992 774 Ego,

171 779 245 831 qui
264 778 421 831 loquor
441 778 661 830 justitiam,
686 784 729 821 et
747 781 991 833 propugna-

169 840 239 877 tor
259 848 355 876 sum
373 834 430 876 ad
449 833 717 876 salvandum.

481 895 689 945 Hymnus.

291 969 380 1006 esu,
400 954 539 998 dulcis
559 969 682 998 amor
699 969 832 1006 meus,

313 1012 380 1054 Ac
399 1012 435 1053 si
453 1024 648 1065 praesens
668 1013 737 1062 siS,
757 1011 937 1054 accedo:

274 1069 340 1110 Te
360 1068 631 1121 complector
650 1081 748 1110 cum
768 1068 937 1119 affectu,

274 1125 470 1166 Tuorum
488 1137 657 1166 memor
674 1125 914 1167 vulnerum.

226 1193 263 1233 O
283 1202 414 1243 quam
431 1188 596 1231 nudum
614 1189 685 1231 hic
703 1195 747 1232 te
767 1203 898 1232 cerno

275 1246 563 1288 Vulneratum
585 1251 628 1288 et
647 1245 894 1298 distentum,

275 1303 565 1355 Inquinatum‚
582 1302 826 1345 involutum

276 1360 327 1401 In
346 1360 430 1401 hoc
449 1361 621 1401 sacrato
641 1360 846 1411 tegmine!

227 1425 353 1467 Salve
373 1430 505 1478 caput
524 1427 797 1467 cruentatum

277 1481 432 1534 Spinis,
452 1482 571 1533 cujus
592 1481 730 1523 dulcis
750 1482 895 1524 vultus

277 1538 529 1580 Immutavit
548 1551 673 1580 suum
692 1538 856 1589 florem,

278 1596 418 1646 Quem
437 1594 537 1636 coeli
554 1595 701 1637 tremit
719 1596 849 1637 curia.

229 1660 354 1702 Salve
373 1660 486 1702 latus
504 1659 752 1710 salvatoris,

279 1716 407 1759 Salve
425 1716 541 1758 mitis
560 1721 775 1770 apertura,

278 1774 418 1827 Super
438 1786 583 1815 rosam
601 1773 853 1825 rubicunda,

282 1829 454 1872 Medela
473 1830 705 1872 salutifera.

234 1898 385 1938 Manus
405 1900 579 1945 sanctae,
597 1908 678 1936 vos
698 1898 835 1946 avete,

281 1952 398 1995 Diris
418 1952 553 1993 clavis
572 1952 823 2004 perforatae:

279 2009 348 2051 Ne
367 2007 554 2060 repellas
571 2021 651 2058 me,
671 2008 882 2059 Salvator,

282 2066 349 2108 De
367 2064 453 2107 tuis
473 2064 634 2106 sanctis
653 2063 851 2117 pedibus.

489 2121 641 2162 Amen.

234 2179 284 2231 V.
316 2182 531 2223 Dominus
559 2181 770 2232 regnavit,
799 2181 1003 2223 decorem

180 2239 330 2280 induit.
366 2239 415 2289 Εἰ.
436 2238 583 2280 Induit
602 2238 816 2279 Dominus
836 2238 1001 2280 fortitu-

181 2295 336 2345 dinem,
356 2300 399 2337 et
417 2294 647 2348 praecinxit
666 2307 713 2336 se
731 2295 902 2336 virtute.

238 2358 308 2399 Ad
335 2355 491 2398 Bencd.
526 2356 624 2396 Ant.
657 2354 821 2407 Joseph
844 2354 1000 2396 nobilis

182 2412 374 2461 decurio,
390 2413 650 2465 exspectans
665 2416 708 2453 et
718 2412 814 2464 ipse
825 2424 1005 2462 regnum

182 2469 276 2518 Dei,
294 2471 511 2510 mercatus
531 2473 598 2510 est
617 2466 854 2518 sindonem,
875 2472 917 2509 et
933 2466 1004 2509 de-

182 2527 351 2577 ponens
370 2537 531 2578 corpus
550 2525 574 2566 J
579 2537 672 2574 esu,
695 2523 877 2565 involvit
898 2523 1006 2565 illud

182 2581 227 2621 in
246 2580 439 2623 sindone.

514 2636 676 2677 Oratio.

187 2690 362 2795 Deus,
389 2690 462 2741 qui
480 2689 607 2731 nobis
626 2689 669 2729 in
687 2692 837 2729 sancta
854 2686 1005 2728 Sindo-

283 2758 352 2795 ne,
379 2758 466 2798 qua
489 2758 650 2798 corpus
668 2750 790 2787 tuum
810 2745 1006 2785 sacratis-

1775 217 1864 261 [311]

1043 319 1198 359 simum
1213 331 1236 360 e
1250 331 1378 360 cruce
1390 317 1649 370 depositum,
1665 329 1689 357 a
1700 316 1724 357 J
1727 315 1866 368 oseph

1042 375 1286 416 involutum
1313 375 1409 425 fuit,
1441 373 1657 426 passionis
1683 378 1770 414 tuae
1796 384 1865 413 ve-

1044 431 1171 482 stigia
1186 431 1413 484 reliquisti:
1429 429 1621 472 concede
1634 429 1866 483 propitius,

1042 493 1090 529 ut
1109 500 1187 540 per
1201 493 1388 529 mortem
1405 491 1448 528 et
1466 485 1734 539 sepulturam
1747 490 1867 526 tuam

1044 544 1102 586 ad
1135 543 1465 586 resurrectionis
1499 543 1683 593 gloriam
1710 540 1866 594 perdu-

1045 603 1210 642 camur:
1251 601 1334 651 Qui
1365 600 1475 641 vivis
1508 604 1551 640 et
1582 611 1737 649 regnas
1769 611 1868 639 cum

1044 658 1141 698 Deo
1162 657 1303 698 Patre.

1104 724 1145 757 Et
1171 723 1210 756 lit
1236 732 1429 755 commem.
1456 722 1587 754 Feriiu.

1317 785 1384 821 Ad
1403 784 1605 821 Tertiam.

1102 851 1199 890 Ant.
1229 847 1308 889 Hic
1327 845 1546 888 audacter.

1101 909 1237 960 Capit.
1268 908 1373 958 Quis
1394 913 1462 949 est
1480 908 1574 948 iste.
1599 916 1641 950 ut
1662 921 1804 959 supra.

1099 970 1150 1021 R.
1174 969 1235 1010 br.
1266 969 1408 1010 Tuam
1432 967 1660 1009 sindonem
1682 972 1701 993 *
1729 966 1870 1007 Vene-

1046 1028 1191 1067 ramur
1218 1025 1416 1066 Domine.
1458 1024 1608 1064 Tuam.
1656 1021 1703 1072 Y.
1731 1023 1871 1063 Tuam

1049 1082 1280 1123 recolimus
1298 1080 1557 1134 passionem.
1579 1080 1872 1122 ‘Veneramun

1051 1139 1200 1182 Gloria
1216 1137 1346 1179 Patri.
1374 1137 1525 1177 Tuam.

1104 1198 1151 1248 V.
1178 1198 1427 1240 Adoramus
1450 1202 1495 1239 te
1522 1196 1707 1247 Christe,
1734 1201 1777 1238 et
1799 1195 1871 1237 be-

1049 1255 1289 1297 nedicimus
1312 1254 1402 1295 tibi.
1443 1259 1489 1308 lg„
1519 1253 1630 1303 Quia
1655 1266 1735 1306 per
1759 1265 1871 1294 mor-

1050 1317 1141 1354 tem
1158 1317 1279 1354 tuam
1297 1310 1521 1353 redemisti
1539 1309 1758 1351 mundum.

1326 1389 1393 1425 Ad
1417 1388 1601 1424 Sextarn.

1104 1458 1202 1496 Ant.
1234 1458 1343 1495 Cum
1361 1453 1650 1502 cognovisset.

1157 1515 1415 1567 Capitulum.
1637 1514 1685 1551 ls.
1707 1513 1770 1549 ‹5:5.

1053 1548 1240 1673 Quare
1260 1585 1364 1625 ergo
1381 1571 1558 1613 rubrum
1573 1577 1639 1613 est
1654 1571 1874 1613 indumen-

1153 1637 1246 1673 tum
1273 1636 1413 1678 tuum,
1446 1634 1489 1670 et
1516 1629 1773 1670 vestimenta
1801 1634 1875 1669 tua

1053 1689 1165 1734 sicut
1183 1686 1442 1729 calcantium
1456 1685 1499 1726 in
1514 1683 1746 1727 torculari?
1766 1685 1874 1726 Tor-

1054 1745 1173 1786 cular
1192 1743 1357 1785 calcavi
1377 1742 1511 1792 solus,
1537 1747 1580 1783 et
1600 1741 1654 1783 de
1674 1740 1875 1792 gentibus

1053 1814 1141 1842 non
1160 1806 1227 1843 est
1245 1800 1310 1841 vir
1329 1811 1511 1840 mecum.

1109 1869 1157 1917 Ru
1188 1867 1246 1906 br.
1283 1859 1532 1901 Adoramus
1559 1863 1604 1900 te
1634 1858 1823 1909 Christe,
1856 1862 1875 1881 *

1053 1918 1110 1959 Et
1141 1916 1437 1958 benedicimus
1469 1915 1559 1957 tibi.
1617 1914 1877 1957 Adoramus.

1058 1974 1105 2026 Y.
1125 1973 1235 2024 Quia
1253 1986 1332 2026 per
1350 1978 1536 2014 mortem
1555 1978 1675 2014 tuam
1694 1971 1874 2013 redemi-

1057 2031 1112 2072 sti
1129 2029 1348 2072 mundum.
1372 2030 1440 2071 Et.
1471 2029 1620 2071 Gloria
1634 2029 1764 2070 Patri.
1789 2027 1877 2068 Ad-

1056 2090 1243 2129 oramus.

1109 2142 1159 2193 ys.
1177 2144 1327 2185 Omnis
1342 2145 1459 2185 teria
1474 2141 1628 2183 adoret
1642 2145 1696 2191 te,
1717 2145 1759 2182 et
1773 2139 1878 2193 psal-

1056 2200 1117 2241 lat
1136 2200 1225 2242 tibi.
1260 2204 1309 2253 Rg.
1332 2199 1553 2241 Psalmum
1577 2197 1692 2239 dicat
1715 2196 1878 2238 nomini

1056 2262 1132 2299 tuo
1151 2257 1349 2298 Domine.

1332 2334 1399 2370 Ad
1422 2334 1602 2369 Nonam.

1111 2398 1209 2437 Ant.
1238 2395 1386 2436 Posuit
1408 2406 1517 2436 eum.

1162 2457 1419 2509 Capitulum.
1640 2454 1690 2492 Is.
1711 2454 1775 2492 63.

1061 2514 1407 2621 circumspexi,
1427 2521 1470 2558 et
1487 2527 1575 2556 non
1595 2520 1687 2557 erat
1702 2514 1877 2556 auxilia-

1143 2579 1227 2615 tor:
1248 2572 1438 2626 quaesivi,
1458 2577 1502 2613 et
1515 2584 1602 2613 non
1621 2571 1699 2612 fuit
1718 2571 1791 2623 qui
1806 2570 1878 2612 ad-

1058 2631 1239 2683 juvaret:
1264 2634 1307 2671 et
1326 2629 1510 2670 salvavit
1528 2627 1634 2669 mihi
1653 2627 1879 2669 brachium

1057 2700 1217 2736 meum,
1246 2691 1288 2727 et
1313 2684 1554 2735 indignatio
1578 2697 1675 2726 mea
1692 2684 1790 2736 ipsa
1808 2696 1878 2724 au-

1058 2743 1207 2784 xiliata
1227 2747 1294 2783 est
1312 2740 1427 2782 mihi.
