2066 2956
826 178 1052 231 Benedictio
1075 178 1230 212 Mensae.

258 276 429 317 ominus
455 279 607 317 noster
634 274 659 315 J
661 286 761 315 esus
791 273 1001 324 Christus,

263 332 401 373 Filius
421 331 506 373 Dei
530 331 636 380 vivi,
665 330 740 382 qui
765 329 898 372 beato
922 331 1000 371 Pe-

167 394 238 430 tro
254 387 474 441 Apostolo
494 400 575 429 suo
596 386 719 428 dedit
732 389 1002 439 potestatem

167 444 333 496 ligandi
360 448 492 496 atque
520 442 738 494 solvendi,
770 455 850 495 per
878 455 1002 483 suam

167 500 408 554 piissimam
439 497 786 541 misericordiam
818 499 1002 551 recipiat

170 556 491 599 confessionem
534 560 671 605 tuam,
717 559 761 596 et
799 557 1002 596 restituat

167 612 248 655 tibi
277 612 437 654 stolam
463 612 666 665 primam,
700 624 832 664 quam
858 611 902 651 in
928 610 1000 653 ba-

167 671 375 722 ptismate
406 668 628 721 recepisti:
661 672 704 709 et
737 680 836 718 ego,
869 667 1000 708 facul-

166 727 259 766 tate
290 724 396 766 mihi
430 724 486 766 ab
519 723 766 777 apostoliea
794 723 900 765 sede
927 723 1001 764 tri-

167 781 291 831 buta,
336 780 651 831 indulgentiam
682 780 925 833 plenariam
958 785 1002 821 et

168 837 471 879 remissionem
499 836 692 878 omnium
715 838 1002 889 peccatorum

166 893 247 935 tibi
274 892 484 935 concedo.
521 894 573 934 In
596 893 771 934 nomine
789 892 934 933 Patris
953 897 1001 941 ᾧ,

168 954 212 991 et
229 949 339 1000 Filii,
359 954 403 991 et
421 949 609 1002 Spiritus
629 949 779 990 sancti.
806 948 960 990 Amen.

225 1010 303 1052 Per
337 1012 619 1052 sacrosancta
646 1009 849 1051 humanae
878 1022 1001 1062 repa-

166 1065 349 1108 rationis
374 1066 600 1119 mysteria,
628 1067 823 1108 remittat
850 1065 931 1107 tibi
958 1078 1001 1106 o-

166 1125 417 1176 mnipotens
441 1122 563 1164 Deus
588 1134 740 1164 omnes
770 1122 1002 1174 praesentis

946 1239 1109 1277 «sagn

1797 171 1888 216 [211]

1056 278 1100 315 et
1137 274 1296 315 futurae
1333 273 1436 315 vitae
1473 283 1646 325 poenas,
1696 267 1890 322 paradisi

1054 335 1208 382 portas
1229 330 1414 382 aperiat,
1443 334 1487 370 et
1513 327 1570 369 ad
1594 326 1757 378 gaudia
1781 337 1889 366 sem-

1055 387 1229 439 piterna
1246 386 1472 438 perducat.
1502 384 1654 425 Amen.

1114 441 1350 484 Benedicat
1382 447 1427 483 te
1461 442 1740 492 omnipotens
1768 438 1890 478 Deus

1056 499 1188 540 Pater
1203 503 1259 548 »1«,
1284 503 1328 540 et
1347 498 1499 547 Filius,
1525 502 1568 538 et
1587 495 1774 548 Spiritus
1795 506 1888 535 san-

1057 559 1165 596 ctus.
1194 554 1347 596 Amen.

1111 616 1150 651 Si
1176 625 1268 649 vero
1288 615 1463 648 Infirmus
1487 613 1535 646 sit
1555 613 1653 646 adeo
1672 614 1784 646 morti
1803 623 1889 655 pro-

1056 665 1194 702 ximus,
1217 668 1258 697 ut
1275 672 1399 705 neque
1418 661 1678 695 confessionis
1696 661 1888 702 generalis

1056 711 1257 752 faciendae,
1278 721 1402 753 neque
1422 709 1711 753 primnis-sarum
1732 719 1889 752 precum

1056 759 1342 794 recitandarum
1364 761 1546 801 suppetat
1567 761 1734 799 tempus.
1760 758 1889 790 statim

1057 808 1240 842 sacerdos
1258 806 1569 840 benedictionem
1588 805 1621 838 ei
1640 805 1890 848 impertiatur,

1057 855 1238 889 dicendo:
1260 853 1447 888 Dominus
1464 856 1607 895 noster,
1625 856 1693 887 etc.

1109 904 1156 937 Et
1173 903 1206 936 si
1225 912 1328 936 mors
1347 901 1523 943 proxime
1543 906 1687 942 urgeat„
1707 901 1823 934 dicat:

1111 952 1432 1003 indulgentiam
1468 952 1712 1005 plenariam
1748 956 1791 993 et
1827 964 1890 992 re-

1056 1010 1310 1051 missionem
1363 1009 1557 1050 omnium
1606 1010 1892 1060 peccatorum

1056 1065 1137 1107 tibi
1161 1065 1377 1115 concedo,
1403 1065 1447 1105 in
1471 1065 1646 1105 nomine
1669 1064 1812 1105 Patris
1836 1069 1890 1114 ⁵1⁴,

1058 1126 1101 1162 et
1120 1121 1229 1171 Filii,
1250 1126 1294 1163 et
1312 1121 1500 1173 Spiritus
1520 1120 1670 1162 sancti.
1699 1121 1851 1161 Amen.

671 1370 1083 1421 BENEDICTIO
1110 1368 1376 1418 MENSAE.

399 1477 512 1513 Ante
537 1475 782 1513 Prandium.

1113 1478 1283 1520 Deinde
1309 1478 1469 1518 Lector
1496 1475 1604 1517 Jube
1633 1475 1794 1517 domne
1819 1474 1891 1517 be-

226 1537 418 1572 Sacerdos
442 1535 718 1572 benedicturus
743 1544 927 1577 mensam,
951 1535 1005 1568 in·
1056 1530 1276 1573 nedicere:

173 1589 268 1633 cipit
287 1583 550 1626 Benedicite.
577 1593 613 1623 et
634 1588 702 1622 alii
722 1591 901 1631 repetunt
924 1583 1003 1624 Be-

173 1640 374 1682 nedicite.

222 1701 394 1743 Deinde
421 1702 540 1743 dicit:
567 1697 618 1749 lls.
648 1704 775 1745 Oculi
802 1703 1005 1753 omnium,

178 1762 222 1799 et
240 1757 313 1798 alii
331 1763 671 1810 prosequuntur:
690 1760 739 1800 In
756 1764 801 1801 te
816 1765 1005 1812 sperant,

171 1816 378 1868 Domine,
410 1822 454 1859 et
478 1821 528 1858 tu
553 1815 633 1858 das
659 1828 807 1858 escam
830 1815 1007 1857 illorum

172 1872 218 1912 in
241 1874 443 1925 tempore
468 1875 733 1926 opportuno.
774 1871 936 1924 Aperis
958 1876 1007 1913 tu

171 1940 349 1970 manum
365 1934 503 1979 tuam,
530 1933 574 1970 et
591 1928 749 1980 imples
769 1940 898 1969 omne
919 1928 1005 1968 ani-

173 1983 262 2025 mal
279 1984 599 2027 benedictione.

226 2039 380 2082 Gloria
398 2041 529 2082 Patri.
556 2040 678 2082 Sicut
697 2045 803 2082 erat.

226 2101 360 2152 Kyrie
388 2101 563 2143 eleison.
622 2100 797 2142 Christe
830 2100 1006 2142 eleison.

176 2157 310 2208 Kyrie
329 2156 505 2198 eleison.

231 2216 358 2259 Pater
375 2222 536 2259 noster.
565 2221 747 2257 secreto.

226 2274 278 2326 V.
313 2278 372 2320 Et
398 2291 453 2320 ne
479 2291 561 2320 nos
589 2277 771 2319 inducas
799 2278 843 2318 in
870 2282 1007 2319 tenta-

175 2333 352 2376 tionem.
382 2337 434 2387 R.
460 2333 549 2376 Sed
571 2333 710 2376 libera
728 2346 810 2375 nos
834 2346 860 2375 a
879 2333 1009 2375 malo.

344 2411 486 2444 Postea
511 2409 702 2443 Sacerdos
728 2409 835 2442 dicit:

495 2464 694 2504 Oremus.

257 2519 411 2561 enedic
429 2519 618 2560 Domine
636 2532 733 2568 nos,
757 2523 800 2560 et
819 2519 916 2560 haec
934 2523 1010 2560 tua

269 2574 401 2626 dona,
430 2588 530 2627 quae
550 2574 606 2616 de
625 2580 701 2616 tua
719 2575 922 2626 largitate
941 2588 1008 2616 su-

178 2643 275 2671 mus
301 2631 530 2684 sumpturi.
564 2631 650 2673 Per
676 2631 898 2672 Christum
921 2631 1008 2672 Do-

178 2686 342 2728 minum
359 2692 569 2729 nostrum.
616 2689 668 2739 R.
704 2687 856 2728 Amen.

1113 1593 1274 1634 Bened.
1310 1593 1471 1633 Mensae
1499 1592 1692 1633 coelestis
1716 1594 1891 1644 partici-

1058 1661 1150 1758 pel}
1158 1649 1293 1747 &2:1ng
1295 1661 1391 1745 1pos
1412 1649 1511 1690 Rex
1530 1650 1707 1690 aeternae
1726 1649 1891 1700 gloriae.

1299 1779 1407 1814 Post
1430 1777 1662 1813 Prandium

1187 1838 1353 1875 aguntur
1376 1834 1511 1874 gratia:
1535 1833 1608 1866 hoe
1634 1835 1765 1867 modo:

1119 1889 1250 1928 Dicto
1279 1901 1304 1928 a
1330 1888 1516 1928 Lectorc
1544 1887 1608 1927 Tu
1634 1890 1781 1926 autem
1803 1885 1891 1926 Do-

1059 1943 1174 1984 mine
1193 1942 1400 1984 miserere
1418 1942 1558 1984 nobis.
1596 1945 1646 1995 R.
1673 1942 1771 1983 Deo
1797 1943 1892 1992 gra-

1059 1999 1154 2050 tias,
1174 2012 1325 2041 omnes
1347 2004 1540 2049 surgunt.

1113 2064 1332 2106 Sacerdos
1365 2064 1532 2116 incipit:
1566 2061 1615 2112 Ns.
1645 2063 1891 2105 Confitean-

1059 2125 1131 2161 tur
1155 2119 1236 2162 tibi
1258 2120 1447 2161 Domine
1475 2119 1619 2161 omnia
1645 2122 1781 2172 opera
1806 2124 1892 2160 tua.

1062 2179 1113 2230 Rt·
1127 2176 1186 2217 Et
1205 2176 1346 2218 sancti
1363 2176 1428 2217 tui
1445 2175 1708 2218 benedicant
1726 2174 1817 2217 tibi.

1113 2232 1267 2274 Gloria
1284 2232 1417 2273 Patri.
1444 2231 1564 2273 Sicut
1583 2236 1688 2272 erat.

1124 2307 1266 2341 Postea
1291 2306 1482 2340 Sacerdos
1508 2304 1683 2339 absolute
1709 2304 1826 2338 dicat:

1137 2357 1279 2409 gimus
1303 2356 1384 2399 tibi
1406 2356 1587 2407 gratias,
1612 2358 1893 2409 omnipotens

1167 2414 1300 2463 Deus,
1325 2425 1409 2465 pro
1432 2413 1647 2453 universis
1667 2412 1893 2455 beneficiis

1059 2469 1161 2510 tuis:
1185 2469 1269 2519 Qui
1288 2468 1399 2510 vivis
1418 2473 1462 2509 et
1482 2480 1639 2519 regnas
1659 2468 1704 2509 in
1726 2469 1891 2511 saecula

1061 2525 1334 2567 saeculorum.

1113 2582 1164 2633 Rv.
1193 2582 1346 2622 Amen.

1114 2647 1264 2682 Deinde
1297 2645 1514 2680 alternatim
1543 2645 1684 2679 dicitur
1711 2646 1890 2680 Psalmus

1005 2722 1008 2726 .
1059 2696 1241 2732 Miserere
1268 2697 1345 2731 mei
1367 2696 1483 2731 Deus.
1506 2697 1559 2731 52.
