2066 2904
752 128 964 162 Commune
989 139 1067 162 non
1091 128 1303 170 Virginum.

175 222 401 276 perfecisti
437 221 613 263 laudem
643 224 828 272 propter
867 220 1003 260 inimi·

177 291 254 320 cos
282 284 400 328 tuos,
426 279 451 306 *
477 281 526 318 ut
551 276 754 318 destruas
781 276 1004 317 inimicum

177 339 221 376 et
239 335 441 376 ultorem.
484 355 487 358 >

229 390 446 441 Queniam
494 387 656 430 videbo
704 387 843 428 coelos
888 391 1004 437 tuos,

178 449 315 499 opera
339 445 578 496 digit6rum
600 445 793 485 tuorum:
812 444 836 470 *
858 443 1005 483 lunam

178 507 221 544 et
239 501 400 550 stellas
420 513 519 552 quae
537 505 586 541 tu
604 498 807 540 fundasti.

229 556 346 607 Quid
365 560 432 598 est
449 556 599 604 homo,
624 554 745 607 quod
769 566 938 596 memor
958 567 1005 595 es

177 612 290 665 ejus?
309 614 333 640 *
352 616 429 653 aut
448 611 563 652 filius
578 610 776 660 hominis,
797 610 1005 662 queniam

176 669 328 710 visitas
348 666 469 709 eum?

228 724 425 765 Minuisti
466 736 565 764 eum
600 722 734 775 paulo
770 722 912 762 minus
950 721 1004 762 ab

177 779 378 832 Angelis,
405 779 545 829 gloria
567 783 610 819 et
631 778 800 819 honere
825 779 1004 818 corona-

177 836 234 878 sti
258 848 372 877 eum:
395 836 419 862 *
444 839 487 876 et
514 834 780 875 constituisti
810 846 910 875 eum
938 846 1005 874 su-

177 905 257 944 per
275 893 412 943 epera
429 893 637 931 manuum
655 892 841 931 tuarum.

229 947 387 988 Omnia
425 946 649 998 subjecisti
696 945 776 987 sub
817 945 1005 998 pedibus

178 1004 283 1054 ejus,
312 1004 336 1030 *
369 1015 475 1043 oves
510 1007 555 1043 et
589 1001 728 1043 boves
762 1002 1006 1043 universas:

176 1061 354 1111 insuper
374 1062 418 1099 et
435 1059 599 1110 pecora
617 1057 772 1109 campi.

227 1114 446 1155 Velucres
472 1113 592 1162 coeli,
625 1118 668 1154 et
691 1113 836 1165 pisces
860 1114 1005 1163 maris,

176 1172 200 1198 *
225 1170 300 1222 qui
324 1168 630 1222 perambulant
659 1169 838 1210 semitas
861 1170 1006 1210 maris.

228 1225 417 1266 Demine
431 1225 647 1265 Dominus
660 1229 821 1274 noster,
835 1226 859 1252 *
875 1237 1006 1276 quam

177 1280 435 1323 admirabile
453 1285 521 1322 est
539 1293 700 1322 nomen
718 1285 842 1322 tuum
856 1281 900 1321 in
914 1282 1004 1321 uni-

177 1338 305 1377 versa
323 1336 456 1378 terra!

227 1393 326 1434 Ant.
361 1394 399 1434 O
426 1404 557 1443 quam
581 1391 764 1443 pulchra
791 1397 858 1433 est
884 1397 1006 1434 casta

176 1448 402 1500 generatio
422 1460 522 1488 cum
541 1447 755 1488 claritate!

230 1502 331 1542 Ant.
372 1502 509 1544 Laeva
547 1503 638 1554 ejus
676 1504 700 1530 *
737 1503 820 1544 sub
861 1504 1006 1556 capite

176 1571 296 1608 meo,
325 1563 369 1600 et
395 1558 577 1600 dextera
599 1558 714 1599 illius
741 1559 1005 1611 amplexabi-

176 1618 248 1656 tur
265 1627 347 1655 me.

455 1663 654 1705 Psalmus
674 1665 732 1704 18.

253 1725 328 1766 oeli
356 1728 559 1767 enarrant
585 1725 771 1776 gleriam
793 1726 892 1775 Dei,
913 1728 937 1754 *
963 1732 1006 1768 et

265 1784 401 1834 <Spera
426 1783 635 1822 manuum
663 1783 752 1834 ejus
777 1783 1006 1824 annuntiat

176 1837 509 1878 firmamentum.

228 1893 334 1934 Dies
367 1891 454 1934 diei
482 1895 652 1934 eructat
682 1892 883 1943 verbum,
911 1894 934 1920 *
963 1900 1006 1936 et

177 1960 268 1988 nox
285 1948 406 1989 nocti
423 1947 588 1989 indicat
606 1949 843 1989 scientiam.

228 2003 332 2044 Non
365 2007 465 2044 sunt
499 2003 705 2055 loquelae,
740 2016 884 2056 neque
918 2018 1005 2046 ser-

176 2060 347 2108 mones,
374 2060 398 2086 ¹⁸¹
433 2070 621 2110 quorum
652 2071 742 2100 non
773 2059 1006 2102 audiantur

177 2127 311 2156 voces
331 2127 494 2155 eorum.

230 2171 283 2210 In
311 2182 486 2211 omnem
517 2174 681 2211 terram
708 2171 843 2212 exivit
871 2184 1005 2213 sonus

180 2227 346 2267 eorum:
371 2227 395 2253 *
424 2230 468 2267 et
501 2226 546 2266 in
577 2226 686 2267 fines
721 2226 842 2268 orbis
875 2231 1005 2269 terrae

178 2280 313 2322 verba
332 2283 496 2322 eerum.

231 2337 283 2376 In
302 2337 396 2378 sole
417 2337 565 2388 posuit
587 2336 919 2379 tabernaculum
937 2352 1005 2380 su-

179 2404 268 2432 um:
300 2394 324 2419 ¹⁸¹
356 2397 400 2433 et
431 2393 527 2444 ipse
558 2397 784 2445 tamquam
817 2406 1005 2445 sponsus

179 2447 426 2498 procedens
446 2447 501 2489 de
520 2447 715 2489 thalamo
735 2461 831 2489 suo:

234 2503 482 2544 Exsultavit
513 2508 562 2545 ut
595 2504 717 2555 gigas
748 2504 805 2545 ad
833 2507 1005 2546 curren—

181 2556 428 2622 dam-viam,
446 2559 471 2585 *
490 2571 516 2600 a
535 2572 706 2600 summo
729 2560 843 2601 coelo
864 2563 1004 2611 egres-

181 2625 247 2653 s10
267 2625 371 2664 ejus:

1106 220 1164 260 Et
1192 223 1403 261 occursus
1425 220 1516 271 ejus
1535 231 1676 270 usque
1695 218 1753 259 ad
1773 231 1885 258 sum-

1054 288 1175 316 mum
1202 276 1308 327 ejus:
1336 277 1360 302 *
1387 288 1468 316 nec
1502 279 1570 315 est
1603 275 1676 326 qui
1710 287 1757 315 se
1790 273 1885 316 abs-

1056 330 1218 372 condat
1237 343 1263 371 a
1282 331 1430 372 calere
1451 332 1552 382 ejus.

1106 387 1200 428 Lex
1213 387 1391 427 Domini
1411 386 1692 427 immaculata
1709 388 1887 427 conver-

1055 447 1153 484 tens
1191 443 1375 483 animas:
1407 443 1431 469 *
1463 442 1765 483 testimenium
1799 442 1887 482 Do-

1055 498 1161 538 mini
1194 497 1341 547 fidele,
1376 497 1638 550 sapientiam
1670 502 1888 549 praestans

1055 554 1262 605 parvulis.

1108 610 1298 651 Justitiae
1334 609 1514 650 Demini
1550 614 1703 658 rectae,
1749 608 1888 649 laetifi-

1058 669 1209 707 cantes
1243 665 1398 706 corda:
1430 666 1454 692 *
1489 666 1764 717 praeceptum
1800 665 1888 705 Do-

1057 722 1163 762 mini
1180 721 1386 770 lucidum,
1404 720 1654 761 illuminans
1674 720 1838 761 oculos.

1109 778 1263 818 Timor
1290 777 1469 818 Demini
1498 782 1692 826 sanctus,
1720 779 1889 828 perma-

1058 847 1167 874 nens
1191 834 1236 873 in
1260 833 1470 874 saeculum
1499 833 1662 874 saeculi:
1682 833 1705 858 *
1731 832 1890 884 judicia

1058 889 1238 930 Demini
1263 902 1383 939 vera,
1407 889 1642 940 justificata
1665 889 1709 929 in
1735 893 1889 929 semet-

1058 948 1166 998 ipsa.

1110 1000 1434 1042 Desiderabilia
1475 1013 1608 1052 super
1649 1013 1804 1040 aurum
1848 1004 1891 1040 et

1058 1056 1251 1109 lapidem
1284 1057 1529 1108 pretiosum
1560 1056 1762 1097 multum:
1789 1056 1813 1081 *
1847 1060 1890 1096 et

1059 1112 1258 1154 dulcidra
1277 1125 1411 1165 super
1429 1112 1516 1153 mel
1537 1116 1580 1153 et
1598 1112 1757 1152 favum.

1109 1169 1283 1210 Etenim
1308 1181 1462 1209 servus
1486 1172 1588 1208 tuus
1612 1167 1808 1208 custodit
1828 1179 1890 1215 ea,

1058 1224 1082 1250 *
1115 1225 1159 1265 in
1195 1223 1496 1265 custodiendis
1536 1224 1621 1264 illis
1658 1222 1889 1264 retributio

1058 1280 1205 1321 multa.

1110 1336 1285 1377 Delicta
1322 1336 1420 1387 quis
1454 1334 1678 1386 intelligit?
1727 1335 1782 1375 ab
1819 1348 1889 1376 oc-

1059 1392 1187 1433 cultis
1223 1392 1332 1433 meis
1367 1391 1531 1432 munda
1566 1404 1653 1431 me:
1689 1392 1712 1418 *
1750 1396 1794 1431 et
1835 1391 1889 1432 ab

1059 1448 1210 1489 alienis
1229 1460 1363 1500 parce
1383 1460 1511 1488 servo
1533 1451 1622 1488 tuo.

1110 1504 1155 1545 Si
1198 1504 1286 1544 mei
1331 1516 1419 1544 non
1460 1503 1620 1544 fuerint
1661 1503 1890 1553 dominati,

1058 1565 1163 1601 tunc
1187 1560 1491 1601 immaculatus
1519 1572 1610 1600 ero:
1628 1561 1651 1586 *
1676 1564 1719 1600 et
1745 1572 1890 1600 emun-

1059 1616 1199 1657 dabor
1219 1629 1245 1656 a
1264 1616 1425 1657 delicto
1445 1615 1650 1656 maximo.

1109 1672 1166 1713 Et
1194 1676 1321 1714 erunt
1361 1676 1410 1712 ut
1457 1671 1763 1722 complaceant
1804 1671 1889 1712 elo-

1060 1728 1163 1779 quia
1190 1728 1279 1768 oris
1307 1727 1410 1768 mei:
1428 1729 1452 1754 *
1473 1732 1516 1768 et
1542 1726 1774 1768 meditatio
1795 1740 1888 1768 cor-

1060 1783 1127 1825 dis
1149 1784 1237 1824 mei
1259 1784 1304 1824 in
1329 1785 1573 1835 conspectu
1601 1787 1678 1823 tuo
1703 1795 1889 1835 semper.

1109 1839 1300 1880 Domine
1328 1839 1506 1890 adjutor.
1528 1851 1663 1888 meus,
1683 1839 1706 1864 *
1727 1843 1770 1880 et
1793 1838 1887 1880 red-

1058 1897 1233 1948 emptor
1251 1908 1387 1936 meus.

1111 1950 1211 1990 Ant.
1239 1951 1375 1992 Laeva
1398 1951 1490 2002 ejus
1511 1950 1592 1992 sub
1613 1951 1758 2002 capite
1777 1962 1889 1998 meo,

1059 2011 1103 2048 et
1126 2006 1308 2050 dextera
1329 2007 1445 2047 illius
1464 2006 1787 2059 amplexabitur
1807 2018 1888 2046 me.

1111 2063 1210 2102 Ant.
1240 2064 1497 2111 Revertere‚
1520 2064 1544 2090 *
1568 2064 1789 2103 revertere
1812 2061 1887 2102 Su-

1057 2119 1248 2160 namitis:
1288 2120 1527 2167 revertere,
1565 2119 1804 2165 revertere,
1839 2121 1889 2157 ut

1057 2174 1303 2216 intueamur
1322 2179 1377 2216 te.

1337 2229 1536 2269 Psalmus
1556 2231 1619 2269 23.

1147 2285 1282 2326 emini
1315 2289 1382 2326 est
1413 2288 1547 2333 terra,
1583 2288 1627 2325 et
1657 2283 1887 2335 plenitudo

1161 2341 1266 2391 ejus:
1284 2340 1308 2367 *
1329 2339 1449 2381 orbis
1473 2341 1705 2389 terrarum,
1734 2344 1778 2381 et
1796 2340 1887 2380 uni-

1058 2396 1174 2437 versi
1195 2396 1270 2447 qui
1287 2395 1488 2437 habitant
1505 2395 1549 2435 in
1569 2407 1634 2437 eo.

1109 2452 1222 2502 Quia
1246 2452 1342 2503 ipse
1369 2463 1502 2502 super
1524 2451 1663 2491 maria
1687 2450 1887 2492 fundavit

1058 2519 1173 2548 eum:
1205 2507 1229 2533 *
1262 2511 1306 2548 et
1338 2519 1470 2558 super
1503 2506 1683 2547 flumina
1714 2519 1886 2559 praepa-

1057 2562 1170 2604 ravit
1189 2575 1299 2604 eum.

1109 2618 1216 2668 Quis
1249 2617 1459 2660 ascendet
1493 2617 1537 2658 in
1569 2621 1765 2660 montem
1798 2618 1886 2659 Do-
