2028 2892
789 195 989 228 1)(11111111611
1019 195 1243 228 Palinurum.

217 293 275 326 Ad
308 292 415 325 Noct.
446 292 573 325 onmia
601 296 638 325 ut
670 292 705 324 in
736 291 868 325 l‘snlt..
903 300 986 323 cum

163 337 244 380 X'X'.
270 340 315 373 dc.
342 340 471 382 'sc-inp.
498 340 710 373 Passionis.

399 408 447 446 In
471 408 500 446 I.
525 408 748 446 Nocturno.

303 474 368 513 De
395 472 584 513 Jeremia
611 470 845 523 Propheta.

267 537 416 578 Lectio
438 537 461 576 i.
680 540 781 588 (lap.
797 538 832 576 2.
850 549 883 576 c.

166 594 548 652 ’707]Ι)ε111ρ6ε6116
563 592 663 634 coeli
682 603 814 643 super
830 590 926 640 hoc,
946 595 990 631 et

165 663 170 696 ῑ,
188 651 271 703 7,,’47
293 656 434 703 portae
461 651 551 702 ejus
580 647 838 691 desolamini
862 646 988 688 vehe-

168 703 182 728 ‘³
220 704 223 705 ⁷
292 708 476 757 menter,
501 706 606 748 dicit
624 704 850 746 Deminus.
886 703 987 744 Duo

161 764 275 804 enim
293 763 409 804 mala
428 763 531 804 fecit
548 760 741 815 populus
760 772 899 801 meus:
917 759 988 800 Me

160 819 487 871 dereliquerunt
516 819 683 860 fontem
710 828 837 867 aquae
863 815 988 864 vivae,

160 880 203 916 et
234 875 439 916 foderunt
466 874 549 916 sibi
578 874 809 921 cisternas,
842 871 986 912 cister-

157 945 236 972 nas
257 931 509 983 dissipatas,
539 943 638 983 quae
658 928 881 970 continere
900 939 987 968 non

159 988 306 1030 valent
323 1000 471 1039 aquas.
502 983 729 1037 Numquid
748 996 902 1024 servus
921 987 989 1024 est

158 1043 307 1094 Israel,
327 1048 402 1085 aut
420 1040 703 1084 vernaculus?
728 1051 864 1091 quare
883 1051 987 1090 ergo

158 1101 299 1142 factus
325 1105 390 1141 est
413 1099 457 1140 in
479 1097 699 1151 praedam?
727 1097 867 1148 Super
888 1108 988 1136 eum

158 1157 381 1207 rugierunt
406 1156 576 1204 16όι16ε,
605 1159 648 1196 61
673 1153 890 1195 dederunt
913 1165 987 1194 vo-

158 1225 254 1254 cem
276 1226 414 1262 suam,
440 1213 684 1265 posuerunt
707 1215 871 1252 terram
896 1209 987 1261 ejus

157 1269 199 1309 in
230 1269 527 1310 solitudinem:
563 1267 763 1309 civitates
794 1266 885 1318 ejus
917 1278 986 1306 ex-

157 1329 269 1366 ustae
296 1331 412 1374 sunt,
441 1330 484 1366 et
509 1336 598 1365 non
626 1328 693 1365 est
719 1322 793 1375 qui
818 1321 988 1363 habitet

156 1381 199 1422 in
227 1382 300 1423 eis.
338 1381 437 1422 Filii
463 1393 639 1433 quoque
658 1378 918 1431 Mempheos
944 1382 988 1419 et

156 1437 363 1490 Taphnes
379 1438 775 1489 constupraverunt
789 1439 834 1476 te
847 1446 988 1486 usque

157 1493 213 1534 ad
241 1494 461 1535 verticem.
497 1491 724 1544 Numquid
752 1503 841 1532 non
868 1489 988 1531 istud

156 1549 318 1590 factum
347 1555 414 1591 est
440 1549 535 1598 tibi,
580 1548 682 1601 quia
713 1546 988 1598 dereliquisti

155 1606 393 1647 Deminum
406 1607 549 1647 Deum
564 1610 687 1646 tuum
705 1616 758 1645 eo
775 1605 987 1655 tempore,

158 1674 245 1713 quo
267 1661 456 1703 ducebat
474 1666 518 1702 te
536 1674 617 1713 per
636 1657 774 1700 viam?

212 1724 261 1775 leg.
294 1726 345 1766 In
378 1725 449 1767 die
483 1737 569 1777 qua
600 1723 801 1765 invocavi
828 1728 872 1764 te
899 1723 986 1763 Do-

157 1782 289 1831 mine,
316 1782 479 1823 dixisti:
503 1781 607 1823 Noli
630 1780 799 1822 timere:
825 1785 847 1809 *
869 1778 986 1820 Judi-

159 1839 268 1879 casti
305 1850 482 1879 causam
517 1850 679 1886 meam,
717 1841 760 1877 et
790 1835 987 1877 liberasti

158 1907 243 1944 me,
263 1895 451 1936 Domine
469 1895 591 1935 Deus
610 1906 745 1934 meus.
773 1888 821 1937 Y.
845 1892 896 1932 In
916 1891 986 1933 die

157 1951 450 1993 tribulationis
483 1963 594 1992 meae
626 1949 811 1991 clamavi
843 1947 900 1989 ad
930 1953 985 1998 te,

159 2007 259 2059 quia
287 2007 501 2049 exaudisti
529 2019 610 2048 me.
646 2004 862 2047 Judicasti
889 2017 986 2045 cau-

157 2075 251 2104 sam
270 2077 423 2106 meam.

467 2130 619 2171 Lectio
640 2130 676 2170 ii.

244 2208 263 2244 t
280 2215 394 2244 nunc
406 2203 513 2254 quid
531 2202 611 2243 tibi
626 2202 691 2242 vis
711 2201 755 2241 in
770 2201 840 2241 via
854 2200 987 2251 AEgy-

246 2259 326 2311 pti,
349 2263 397 2300 ut
417 2258 543 2300 bibas
565 2270 725 2310 aquam
742 2255 986 2298 turbidam?

158 2320 202 2355 et
232 2315 337 2366 quid
364 2314 444 2356 tibi
474 2327 573 2356 cum
598 2314 668 2354 via
692 2312 986 2364 Assyriorum,

158 2376 204 2410 ut
228 2370 352 2412 bibas
379 2384 539 2423 aquam
564 2367 778 2411 fluminis?
816 2369 987 2417 Arguet

158 2430 201 2466 te
220 2426 384 2467 malitia
402 2433 487 2476 tua,
507 2431 551 2468 et
567 2425 739 2466 aversio
759 2429 836 2465 tua
849 2423 986 2464 incre-

157 2481 280 2532 pabit
299 2487 352 2523 te.
380 2483 511 2532 Scito,
531 2487 574 2524 et
593 2481 692 2522 vide
710 2480 810 2532 quia
823 2478 985 2519 malum

159 2542 201 2578 et
222 2541 415 2579 amarum
435 2544 502 2580 est
521 2538 752 2589 reliquisse
773 2540 817 2577 te
836 2535 985 2575 Demi-

157 2606 259 2633 num
274 2594 417 2635 Deum
431 2599 565 2643 tuum,
585 2598 628 2634 et
646 2605 734 2633 non
750 2603 847 2632 esse
861 2590 985 2631 timo-

157 2660 248 2688 rem
275 2650 359 2690 mei
388 2649 506 2701 apud
531 2655 591 2698 te,
635 2648 742 2690 dicit
769 2646 985 2687 Deminus

156 2704 276 2744 Deus
306 2707 585 2746 exercituum.
627 2705 667 2745 A
693 2702 858 2745 saeculo
885 2714 984 2742 con-

1042 289 1211 340 fregisti
1235 290 1384 342 jugum
1409 302 1574 338 meum,
1607 288 1765 340 rupisti
1784 291 1871 330 vin-

1043 344 1142 386 cula
1159 358 1273 396 mea,
1299 350 1343 387 et
1363 344 1529 387 dixisti:
1552 343 1656 386 Non
1674 344 1874 385 serviam.

1043 401 1093 441 In
1113 402 1233 442 omni
1252 402 1367 444 enim
1387 401 1499 443 colle
1518 400 1709 450 sublimi,
1729 404 1774 442 et
1791 399 1873 441 sub

1043 457 1163 498 omni
1180 457 1299 509 ligno
1319 457 1532 499 frondoso
1557 461 1605 498 tu
1623 460 1873 509 prosterne-

1041 512 1161 554 baris
1175 514 1394 556 meretrix.
1421 513 1518 565 Ego
1540 517 1687 554 autem
1705 511 1873 566 planta-

1042 569 1086 610 vi
1104 574 1148 611 te
1167 571 1339 612 vineam
1359 569 1555 618 electam,
1575 580 1705 610 omne
1723 580 1875 610 semen

1042 637 1210 666 verum:
1230 625 1456 678 quemodo
1477 637 1582 677 ergo
1598 625 1812 666 conversa
1827 636 1874 665 es

1042 681 1148 722 mihi
1179 682 1224 722 in
1255 695 1442 734 pravum
1472 683 1600 722 vinea
1632 678 1796 722 aliena?
1829 679 1875 721 Si

1042 736 1203 779 laveris
1225 742 1269 779 te
1288 738 1421 785 nitro,
1448 742 1493 779 et
1514 735 1874 790 multiplicaveris

1041 792 1122 834 tibi
1140 792 1324 835 herbam
1342 793 1506 843 borith,
1525 792 1745 835 maculata
1763 805 1811 835 es
1829 792 1874 832 in

1041 849 1270 902 iniquitate
1289 855 1366 892 tua
1384 862 1535 891 coram
1552 862 1639 900 me,
1661 848 1768 890 dicit
1785 847 1873 889 Do-

1041 905 1183 947 minus
1201 906 1335 948 Deus.

1094 969 1145 1020 Rz.
1170 970 1349 1012 Fratres
1373 970 1461 1011 mei
1485 970 1802 1021 elongaverunt
1825 981 1874 1012 se

1042 1038 1067 1067 a
1091 1038 1178 1068 me:
1210 1032 1255 1068 et
1285 1026 1380 1068 noti
1410 1026 1514 1077 mei,
1536 1023 1560 1049 *
1585 1026 1721 1076 Quasi
1745 1025 1875 1067 alieni

1040 1084 1318 1124 recesserunt
1350 1096 1376 1124 a
1406 1095 1488 1124 me.
1535 1075 1586 1127 Ys-
1619 1082 1874 1135 Derelique-

1041 1144 1143 1181 runt
1171 1152 1242 1181 me
1273 1139 1465 1192 preximi
1496 1139 1600 1189 mei,
1633 1143 1677 1180 et
1705 1139 1780 1191 qui
1803 1151 1874 1180 me

1040 1197 1268 1237 noverunt.
1297 1196 1443 1245 Quasi.

1345 1272 1497 1313 Lectio
1519 1273 1572 1312 iii.

1043 1324 1203 1449 Quid
1227 1346 1359 1387 vultis
1389 1358 1562 1387 mecum
1585 1345 1747 1397 judicio
1773 1358 1873 1387 con-

1142 1400 1348 1444 tendere?
1391 1414 1543 1443 omnes
1576 1401 1874 1454 dereliquistis

1039 1470 1121 1507 me,
1155 1457 1261 1499 dicit
1293 1458 1519 1499 Deminus.
1564 1458 1747 1499 Frustra
1776 1470 1873 1510 per·

1041 1513 1159 1554 cussi
1203 1514 1319 1555 filios
1363 1518 1552 1564 vestros,
1598 1513 1874 1567 disciplinam

1040 1582 1129 1611 non
1147 1572 1424 1622 receperunt:
1449 1569 1680 1612 devoravit
1700 1569 1873 1621 gladius

1040 1630 1187 1668 vester
1200 1626 1444 1679 prophetas
1458 1631 1642 1676 vestros
1663 1625 1789 1678 quasi
1801 1625 1873 1668 leo

1040 1685 1239 1724 vastator
1265 1683 1492 1735 generatio
1516 1687 1675 1724 vestra.
1710 1681 1873 1724 Videte

1041 1738 1225 1780 verbum
1247 1739 1441 1780 Demini:
1467 1737 1696 1791 Numquid
1723 1737 1873 1780 solitu-

1042 1794 1099 1836 do
1119 1795 1260 1837 factus
1280 1808 1377 1837 sum
1395 1795 1559 1846 Israeli,
1579 1799 1654 1836 aut
1672 1798 1790 1836 terra
1808 1806 1873 1836 se-

1041 1849 1207 1892 retina?
1244 1864 1380 1904 quare
1409 1863 1514 1902 ergo
1544 1851 1655 1892 dixit
1681 1850 1872 1903 populus

1041 1920 1179 1949 meus:
1208 1908 1508 1957 Recessimus‚
1533 1919 1623 1948 non
1646 1906 1872 1948 veniemus

1041 1963 1154 2005 ultra
1173 1963 1231 2005 ad
1250 1962 1316 2006 te?
1340 1962 1568 2016 Numquid
1587 1962 1873 2004 obliviscetur

1042 2020 1166 2071 virgo
1197 2020 1442 2062 ornamenti
1474 2019 1559 2069 sui,
1599 2023 1674 2060 aut
1707 2031 1873 2072 sponsa

1041 2076 1190 2117 fasciae
1206 2076 1446 2129 pectoralis
1463 2073 1576 2117 suae?
1595 2075 1788 2127 pepulus
1802 2087 1876 2117 ve-

1041 2144 1091 2173 ro
1110 2145 1234 2174 meus
1259 2132 1421 2175 oblitus
1440 2136 1508 2174 est
1532 2132 1618 2173 mei
1637 2131 1792 2173 diebus
1811 2131 1872 2172 in-

1040 2189 1243 2230 numeris.

1096 2251 1146 2302 Rv-
1177 2251 1370 2294 Attende
1397 2253 1586 2294 D6mine
1616 2252 1674 2294 ad
1702 2264 1789 2302 me,
1828 2257 1872 2294 et

1041 2308 1142 2350 audi
1184 2321 1317 2350 voces
1358 2308 1714 2350 adversarierum
1754 2310 1871 2349 1116ό-

1040 2378 1154 2405 rum:
1178 2362 1442 2416 *Numquid
1466 2363 1664 2406 redditur
1687 2376 1770 2417 pro
1796 2363 1871 2406 bo-

1040 2433 1097 2461 no
1122 2420 1302 2470 malum,
1338 2421 1440 2476 quia
1466 2420 1673 2462 foderunt
1698 2420 1872 2462 foveam

1041 2477 1196 2517 animae
1221 2475 1355 2518 meae?
1397 2473 1446 2518 Υ-
1471 2476 1726 2519 Recordare
1751 2475 1871 2528 quod

1041 2532 1238 2574 steterim
1265 2533 1308 2572 in
1335 2535 1576 2585 conspectu
1604 2537 1699 2581 tuo,
1734 2536 1782 2573 ut
1809 2532 1870 2572 Ιό-

1041 2601 1197 2641 querer
1225 2601 1308 2640 pro
1338 2589 1400 2630 eis
1427 2590 1608 2638 bonum,
1636 2593 1680 2630 et
1703 2590 1869 2629 averte-

1039 2658 1132 2686 rem
1169 2645 1512 2695 indignationem
1547 2650 1668 2686 tuam
1706 2644 1761 2685 ab
1795 2644 1869 2685 eis.

1039 2700 1274 2752 Numquid.
1307 2700 1507 2743 Attende.
