2028 2892
822 200 1022 233 Dmninicu
1053 199 1086 231 in
1116 199 1236 231 Albis.

404 295 452 332 In
472 295 522 332 II.
542 294 765 332 Nocturno.

227 355 324 393 Ant.
351 353 549 404 Alleluja,
569 355 710 405 Quem
731 354 892 406 quaeris
911 356 1000 394 mu·

171 407 271 450 lier?
300 409 488 460 alleluja:
516 410 737 451 viventem
763 423 863 451 cum
888 411 1000 450 mor-

170 464 278 523 tuis?
300 465 483 516 alleluja,
501 465 684 518 alleluja.

226 521 272 565 δ’.
298 521 496 563 Surrexit
512 522 729 563 Dominus
754 534 874 571 vere,
900 521 1000 562 alle-

169 577 266 627 luja.
310 576 353 626 R:-
380 577 438 619 Et
462 578 667 630 apparuit
691 578 872 627 Simoni,
901 577 1000 619 alle-

168 632 265 684 luia.

170 704 323 743 Sermo
352 703 491 744 sancti
518 702 752 754 Augustini
779 702 1000 755 Episcopi.

192 770 323 800 Sermo
348 767 370 798 l.
398 767 430 798 in
456 768 600 798 Octava
630 764 804 798 Paschae,
830 763 895 805 qui
922 769 977 795 cst

404 814 470 846 1:37.
497 814 542 845 dc
569 812 769 853 Tempore.

475 868 622 907 Lectio
648 868 698 905 iv.

176 948 182 981 ἴ
266 928 469 970 aschalis
501 928 756 970 solemnitas
785 928 999 970 hodierna

176 1008 182 1035 χ
249 992 277 1034 --ξὲν
298 985 535 1027 festivitate
556 984 848 1034 concluditur,
873 990 917 1026 et
938 986 998 1027 id-

178 1043 179 1046 ’
300 1053 352 1082 eo
373 1040 506 1082 hodie
523 1040 861 1093 Neophytorum
879 1041 998 1083 habi-

166 1102 238 1138 tus
256 1099 566 1138 commutatur:
585 1097 645 1138 ita
660 1102 817 1148 tamen,
837 1103 885 1139 ut
901 1110 998 1138 can—

168 1153 261 1202 dor,
282 1154 356 1205 qui
377 1152 431 1194 de
451 1152 603 1194 habitu
623 1152 869 1205 deponitur,
889 1166 998 1195 sem-

168 1222 247 1261 per
267 1209 311 1249 in
332 1208 466 1250 corde
483 1210 697 1250 teneatur.
729 1209 780 1249 In
801 1222 889 1261 qua
908 1210 998 1261 qui-

169 1264 270 1306 dem
297 1265 486 1317 primum
514 1264 641 1306 nobis
669 1265 888 1316 agendum
917 1270 998 1315 est,

168 1326 216 1362 ut
237 1321 338 1372 quia
355 1320 587 1372 paschales
608 1321 701 1362 dies
722 1326 832 1371 sunt,
855 1321 901 1363 id
921 1326 999 1371 est,

168 1377 451 1428 indulgentiae
480 1389 531 1418 ac
558 1377 846 1427 remissionis,
880 1378 942 1419 ita
975 1391 1000 1419 a

168 1433 296 1474 nobis
316 1435 569 1474 sanctorum
595 1433 764 1474 dierum
785 1434 999 1476 festivitas

169 1490 341 1540 agatur,
378 1494 426 1530 ut
458 1488 728 1531 relaxatione
762 1492 999 1542 corporum

167 1545 336 1597 puritas
355 1557 442 1586 non
462 1545 731 1586 obfuscetur:
753 1545 834 1587 sed
851 1546 999 1598 potius

169 1600 437 1642 abstinentes
459 1600 514 1642 ab
535 1601 655 1642 omni
674 1601 794 1651 luxu,
814 1601 1000 1644 ebrieta-

168 1661 230 1705 te,
249 1656 444 1706 lascivia,
464 1655 617 1698 demus
637 1659 820 1709 operam
838 1658 1000 1700 sobriae

170 1712 431 1760 remissioni,
464 1725 515 1753 ac
548 1719 713 1755 sanctae
746 1714 1000 1756 sinceritati:

169 1772 217 1808 ut
238 1767 452 1819 quidquid
471 1768 606 1810 modo
627 1770 848 1821 corporali
869 1770 1000 1812 absti-

169 1823 316 1864 nentia
348 1836 434 1864 non
468 1825 752 1875 acquirimus,
789 1826 1000 1867 mentium

170 1879 362 1931 puritate
383 1882 644 1930 quaeramus.

222 1944 270 1995 R.
309 1943 447 1984 Maria
476 1944 750 1994 Magdalene,
789 1951 832 1987 et
862 1947 1000 1988 altera

170 1999 308 2040 Maria
326 1998 448 2040 ibant
468 1998 661 2042 diluculo
677 2001 734 2042 ad
748 2004 1000 2043 monumen-

170 2060 274 2096 tum.
289 2056 311 2079 *
336 2055 486 2097 Jesum
513 2069 643 2108 quem
668 2058 881 2108 quaeritis,
914 2071 1001 2100 non

172 2116 239 2152 est
256 2110 344 2160 hic,
373 2112 563 2152 surrexit
589 2112 702 2153 sicut
726 2113 900 2154 locutus
925 2120 1001 2164 est,

171 2166 395 2219 praecedet
410 2180 491 2209 vos
507 2167 550 2207 in
567 2167 807 2219 Galilaeam,
826 2169 887 2210 ibi
903 2183 1002 2211 eum

172 2222 395 2272 videbitis,
424 2222 613 2274 alleluja,
641 2224 824 2275 alleluja.
863 2217 910 2267 V.
945 2227 1002 2268 Et

172 2279 302 2320 valde
334 2292 462 2320 mane
498 2292 584 2320 una
616 2279 901 2322 sabbatorum
934 2284 1002 2322 ve-

173 2335 296 2376 niunt
324 2334 381 2376 ad
408 2336 755 2385 monumentum,
789 2342 888 2378 orto
920 2338 1003 2387 jam

175 2390 283 2431 sole:
310 2396 353 2432 et
378 2391 648 2432 introeuntes
668 2391 871 2433 viderunt
890 2393 1003 2443 juve-

175 2458 275 2486 nem
294 2446 522 2488 sedentem
541 2447 583 2487 in
604 2446 781 2496 dextris,
803 2449 876 2499 qui
894 2448 1004 2490 dixit

176 2501 271 2542 illis.
298 2503 321 2542 J
324 2515 446 2543 esum
467 2515 597 2555 quern
618 2503 826 2555 quaeritis.

482 2578 631 2617 Lectio
653 2592 689 2616 v.

255 2638 283 2679 d
312 2652 464 2680 omnes
495 2640 672 2692 quidem
700 2640 892 2692 pertinet
919 2654 1004 2682 ser-

282 2708 369 2744 mo,
391 2708 500 2746 quos
521 2709 625 2737 cura
643 2701 795 2737 nostra
815 2697 1005 2749 comple-

1054 292 1203 334 ctitur:
1240 295 1543 334 verumtamen
1574 291 1709 333 hodie
1740 292 1885 334 termi-

1053 350 1156 389 nata
1188 350 1562 390 sacramentorum
1596 347 1885 397 solemnitate,

1053 416 1133 445 vos
1174 404 1438 456 alloquimur
1478 403 1653 445 novella
1689 403 1885 454 germina

1054 460 1315 510 sanctitatis,
1342 462 1600 512 regenerata
1624 472 1679 501 ex
1703 471 1819 511 aqua
1842 464 1886 501 et

1053 516 1220 568 Spiritu
1244 521 1415 558 sancto:
1441 528 1620 568 germen
1644 515 1784 567 pium,
1813 527 1884 557 ex-

1054 574 1183 614 amen
1207 572 1444 621 novellum,
1478 571 1561 612 flos
1585 571 1724 613 nostri
1747 571 1884 613 hono-

1053 628 1127 679 ris,
1157 633 1201 670 et
1219 628 1388 669 fructus
1406 627 1590 676 laboris,
1612 626 1821 679 gaudium
1841 632 1885 669 et

1053 686 1218 726 corona
1247 697 1360 734 mea,
1394 696 1547 725 omnes
1576 683 1650 735 qui
1682 684 1808 725 statis
1839 683 1884 724 in

1052 741 1256 782 Domino.
1309 739 1583 793 Apostolicis
1619 739 1766 781 verbis
1802 751 1884 780 vos

1053 796 1270 849 alloquor:
1288 797 1406 838 Ecce
1424 808 1514 836 nox
1529 795 1770 847 praecessit,
1790 794 1884 837 dies

1052 857 1200 894 autem
1256 851 1649 905 appropinquavit:
1711 850 1884 903 abjicite

1053 910 1191 961 opera
1215 908 1515 958 tenebrarum,
1543 911 1587 949 et
1611 906 1778 949 induite
1804 920 1884 949 vos

1053 977 1175 1005 arma
1206 965 1326 1006 lucis.
1380 964 1503 1005 Sicut
1529 963 1574 1004 in
1600 962 1671 1004 die
1698 962 1884 1005 honeste

1052 1020 1342 1062 ambulemus:
1369 1033 1459 1061 non
1485 1019 1531 1059 in
1555 1019 1883 1061 comessationi-

1052 1075 1135 1117 bus
1155 1081 1199 1118 et
1219 1075 1524 1125 ebrietatibus,
1552 1087 1641 1116 non
1663 1074 1709 1115 in
1733 1074 1883 1117 cubili-

1050 1132 1133 1174 bus
1154 1137 1198 1174 et
1217 1131 1518 1184 impudicitiis,
1537 1143 1625 1172 non
1643 1131 1688 1172 in
1706 1136 1883 1173 conten-

1050 1188 1171 1230 tione
1187 1193 1231 1230 et
1246 1187 1541 1229 aemulatione:
1561 1186 1641 1228 sed
1657 1186 1885 1229 induimini

1051 1245 1290 1285 Dominum
1307 1245 1333 1284 J
1335 1257 1459 1286 esum
1479 1243 1713 1285 Christum.

1108 1301 1158 1351 K.
1193 1300 1391 1342 Surrexit
1419 1304 1574 1352 pastor
1605 1299 1768 1348 bonus,
1808 1299 1884 1351 qui

1051 1357 1241 1398 animam
1275 1369 1400 1397 suam
1431 1355 1582 1408 posuit
1613 1368 1697 1408 pro
1727 1355 1883 1396 ovibus

1051 1413 1159 1463 suis,
1179 1418 1223 1454 et
1242 1425 1326 1465 pro
1345 1424 1480 1463 grege
1500 1424 1581 1453 suo
1600 1412 1716 1453 mori
1735 1410 1883 1463 digna-

1051 1474 1123 1510 tus
1143 1474 1224 1510 est:
1245 1470 1265 1490 *
1279 1468 1478 1519 Alleluia,
1498 1467 1682 1519 alleluja,
1701 1466 1884 1519 alleluja.

1056 1519 1105 1569 Υ.
1125 1524 1300 1566 Etenim
1318 1523 1490 1566 Pascha
1513 1528 1714 1565 nostrum
1732 1523 1884 1564 immo-

1052 1581 1168 1623 latus
1188 1585 1257 1622 est
1276 1580 1487 1622 Christus.
1515 1579 1715 1632 Alleluia.

1355 1635 1505 1675 Lectio
1527 1636 1579 1674 vi.

1055 1687 1342 1792 Habemus,
1360 1691 1512 1744 inquit,
1532 1691 1766 1733 certiorem
1784 1704 1884 1744 pro-

1156 1748 1382 1801 pheticum
1401 1749 1665 1790 sermonem:
1684 1747 1754 1788 cui
1771 1747 1885 1789 bene

1053 1804 1195 1846 facitis
1215 1803 1492 1846 intendentes
1507 1808 1734 1855 tamquam
1747 1802 1884 1844 lucer-

1053 1873 1122 1902 nae
1155 1860 1199 1901 in
1232 1860 1424 1902 obscuro
1455 1859 1573 1908 loco,
1612 1859 1755 1901 donec
1789 1858 1884 1900 dies

1054 1917 1264 1966 lucescat,
1293 1921 1337 1958 et
1361 1915 1516 1957 lucifer
1542 1915 1709 1956 oriatur
1727 1914 1772 1955 in
1791 1916 1884 1956 cor-

1054 1972 1183 2014 dibus
1202 1972 1372 2014 vestris.
1404 1971 1500 2013 Sint
1523 1983 1629 2022 ergo
1652 1970 1791 2012 lumbi
1814 1983 1884 2012 ve-

1055 2029 1134 2070 stri
1156 2028 1358 2076 accincti,
1392 2032 1436 2069 et
1464 2026 1655 2068 lucernae
1679 2026 1886 2068 ardentes

1054 2085 1098 2126 in
1120 2084 1323 2126 manibus
1344 2083 1519 2125 vestris:
1548 2087 1591 2124 et
1615 2095 1696 2123 vos
1721 2082 1885 2123 similes

1054 2140 1304 2182 hominibus
1342 2138 1702 2191 exspectantibus
1749 2137 1884 2179 domi-

1055 2210 1158 2237 num
1193 2209 1339 2244 suum,
1373 2194 1549 2247 quando
1584 2196 1832 2236 revertatur
1860 2206 1886 2234 a

1056 2252 1231 2304 nuptiis.
1276 2251 1393 2292 Ecce
1426 2250 1520 2292 dies
1553 2250 1806 2299 adveniunt,
1842 2250 1886 2290 in

1057 2308 1216 2360 quibus
1246 2307 1462 2348 Dominus
1501 2306 1638 2348 dicitz·
1658 2305 1886 2354 Pusillum,

1056 2364 1212 2415 inquit,
1231 2367 1275 2404 et
1298 2375 1386 2404 non
1405 2362 1611 2404 videbitis
1630 2374 1715 2403 me:
1741 2366 1785 2403 et
1809 2363 1886 2403 ite-

1057 2433 1153 2461 rum
1167 2419 1385 2471 pusillum,
1401 2423 1444 2460 et
1459 2417 1664 2459 videbitis
1675 2430 1757 2458 me.
1775 2418 1887 2458 Haec

1058 2481 1124 2517 est
1139 2475 1263 2525 hora,
1286 2475 1341 2516 de
1363 2487 1449 2527 qua
1469 2473 1593 2516 dixit:
1617 2473 1714 2515 Vos
1738 2474 1886 2515 tristes

1057 2532 1189 2580 eritis,
1209 2530 1418 2571 saeculum
1437 2534 1583 2571 autem
1597 2527 1822 2579 gaudebit:
1841 2529 1886 2570 id

1058 2592 1141 2636 est,
1173 2587 1262 2628 vita
1289 2586 1372 2626 ista
1399 2584 1714 2626 tentationibus
1740 2585 1886 2637 plena,

1058 2644 1101 2683 in
1134 2655 1221 2694 qua
1247 2641 1580 2694 peregrinamur
1608 2639 1663 2681 ab
1693 2653 1757 2682 eo.
1799 2640 1887 2682 Sed

1058 2701 1231 2747 iterum,
1250 2698 1406 2749 inquit,
1423 2696 1585 2738 videbo
1606 2708 1700 2746 VOS,
1723 2700 1767 2737 et
1785 2708 1886 2747 gau-
