2066 2956
514 227 586 261 Die
610 228 640 260 5.
666 227 824 270 Aprilis,
872 227 912 261 Β.
938 227 1105 262 Julianae
1131 229 1447 263 Cornelionensis
1477 230 1578 272 Yirg.

186 322 282 362 Deo
301 319 422 361 Patri
439 319 496 360 sit
514 318 665 369 glOria,

236 376 431 427 Eiusque
451 374 535 416 soli
553 375 677 424 Filio,

235 432 346 473 Cum
364 431 528 483 Spiritu
547 431 781 480 ParaclitQ

232 487 372 537 Nunc,
391 491 434 528 et
453 500 533 539 per
552 500 682 529 omne
702 489 923 529 saeculum.

492 543 646 584 Amen.

237 596 287 648 W.
323 599 495 641 Diffusa
532 605 599 642 est
633 600 776 651 gratia
808 601 852 641 in
885 601 1013 643 labiis

180 656 278 698 tuis.
341 658 390 709 Ru
427 657 671 709 Propterea
705 656 932 699 benedixit
968 663 1013 699 te

180 713 302 754 Deus
321 712 366 753 in
386 714 610 755 aeternum.

236 781 307 822 Ad
327 781 490 823 Bened.
509 781 618 830 Ant.
657 781 771 821 Pone
795 791 865 820 me
888 783 937 820 ut
960 779 1012 820 si-

180 834 414 885 gnaculum
451 847 583 887 super
620 847 698 877 cor
730 840 870 876 tuum:
911 836 1013 888 quia

180 891 306 932 fortis
338 895 405 932 est
435 895 485 932 ut
515 903 635 932 mors
667 891 863 933 dilectio:
902 891 1012 933 dura
1072 904 1086 944 ς

181 948 294 988 sicut
335 947 528 988 infernus
565 948 802 997 aemulatio,
846 948 1010 1000 lampa-

181 1003 259 1045 des
301 1005 409 1056 ejus,
455 1004 684 1057 lampades
725 1005 836 1055 ignis
877 1010 1011 1057 atque

180 1060 466 1101 flammarum.

519 1115 683 1155 Oratio.

266 1182 358 1219 euS,
396 1170 470 1222 qui
505 1170 684 1211 beatam
722 1169 1010 1219 Catharinam‚

181 1171 320 1278 Din
345 1225 687 1279 contemplanda
706 1225 804 1266 Filii
823 1226 887 1267 tui
908 1227 1009 1267 Pas-

179 1283 318 1332 si6ne,
347 1282 482 1324 divini
510 1283 672 1324 ameris
698 1283 797 1333 igne
823 1283 1010 1333 flagrare

178 1338 334 1380 fecisti:
368 1341 635 1391 quaesumus3
663 1344 728 1389 ut,
756 1339 852 1391 ipsa
880 1340 1008 1380 inter-

178 1395 374 1445 cedente,
392 1400 481 1437 tuae
500 1396 544 1436 in
563 1395 691 1437 nobis
706 1395 927 1436 flammam
943 1408 1009 1436 ca-

177 1451 319 1492 ritatis
347 1451 581 1502 accendas,
615 1457 658 1492 et
687 1451 883 1503 ejusdem
911 1465 1008 1504 pas-

177 1508 312 1548 sienis
331 1508 571 1560 participes
589 1507 818 1558 dignanter
835 1508 1008 1549 efficias.

175 1564 261 1605 Per
282 1564 486 1616 eumdem
504 1564 758 1614 Deminum.

231 1624 279 1658 Et
303 1623 343 1657 fit
368 1632 565 1665 commem.
589 1621 715 1656 Feriae
740 1621 778 1655 in
803 1622 944 1662 Quadr.

230 1675 274 1710 In
298 1675 344 1710 H.
366 1675 553 1719 Vesperis
579 1674 709 1709 omnia
733 1681 774 1709 ut
798 1675 837 1708 in
863 1675 1009 1718 primis.

230 1729 281 1776 V.
314 1728 486 1769 Diffusa
520 1732 588 1769 est
622 1728 764 1779 gratia
800 1728 844 1768 in
878 1727 1007 1769 labiis

175 1786 274 1827 tuis.
335 1785 385 1836 Rs,
426 1785 670 1837 Propterea
704 1783 930 1826 benedixit
964 1789 1008 1826 te

175 1841 332 1884 Deus
321 1855 365 1882 1n
389 1843 614 1882 aeternum.

230 1902 274 1948 In
298 1900 502 1957 Quadrag.
516 1901 558 1956 fit
582 1910 779 1935 commem
805 1901 939 1935 Feriae.

436 1983 518 1984 „m
524 1970 725 1996 ψῃ*
739 1982 749 1984 ,,

314 2043 743 2138 ΡΕΞΤᾼΨᾼΡΗΙ
758 2044 902 2104 Lis·

422 2165 507 2206 Die
518 2165 564 2211 ⁷5.
583 2164 760 2217 Aprilis.

227 2235 278 2275 B.
304 2235 334 2275 J
335 2233 524 2276 ulianae
550 2231 954 2273 cornelionensis

493 2283 696 2333 Virginis.

510 2347 673 2391 Duplex.

230 2406 366 2440 Omnia
390 2407 436 2440 de
455 2406 659 2441 Communi
676 2405 876 2449 Virginum
899 2405 1004 2449 [100]

178 2460 318 2498 praeter
344 2455 555 2498 sequentia.

514 2511 679 2551 Oratio.

266 2580 343 2608 eus
385 2566 613 2607 humilium
654 2564 887 2614 celsit1'1d0‚
931 2566 1005 2617 qui

269 2622 447 2664 beatam
465 2623 694 2673 Virginem
712 2623 735 2662 J
738 2622 927 2663 ulianam
948 2621 1005 2663 ad

175 2679 524 2730 promovendum
561 2678 823 2719 sanctissimi
854 2678 1003 2719 Sacra-

176 2735 311 2776 menti
348 2735 513 2776 cultum
549 2734 805 2776 mirabiliter
837 2734 1002 2775 inflam-

1804 230 1896 275 [343]

1065 321 1213 363 mesti:
1240 322 1400 373 tribue,
1431 326 1698 376 quaesumus3
1726 327 1788 368 ita
1814 340 1896 369 nos

1065 377 1325 420 humilitatis
1351 381 1442 431 ejus
1461 381 1646 431 vestigia
1670 383 1830 424 sectari
1852 384 1897 424 in

1065 434 1210 484 terris,
1238 440 1287 476 ut
1312 448 1411 477 cum
1435 437 1532 489 ipsa
1557 438 1783 479 sublimari
1810 452 1896 481 me-

1065 492 1241 531 reamur
1260 491 1303 532 in
1322 492 1458 533 coelis.
1485 493 1570 535 Per
1589 494 1838 536 Deminum.

1121 554 1168 588 Et
1198 555 1237 587 tit
1267 564 1463 588 commem.
1489 555 1612 588 Fcriaz
1642 556 1680 589 in
1706 558 1897 601 Quadrag.

1121 610 1163 644 In
1198 611 1223 645 Ι.
1258 611 1457 645 Nocturno
1498 612 1534 644 in
1569 612 1760 653 Quadrag.
1797 614 1897 648 Lect.

1069 659 1125 692 De
1141 657 1369 700 virginibus.
1390 659 1435 692 dc
1455 659 1599 693 Comm.
1624 661 1649 693 l.
1669 661 1765 694 loco.
1782 660 1880 703 [104]

1122 707 1215 740 Post
1239 706 1391 740 Pascha
1416 707 1462 740 de
1489 708 1623 750 script.
1651 719 1793 742 occurs.

1302 772 1351 810 In
1370 772 1419 810 ΙΙ.
1440 771 1474 809 N
1478 773 1663 811 octurno

1370 832 1553 873 Lectio
1544 847 1596 872 iv.

1111 890 1183 967 532}
1202 888 1390 932 ertente
1425 898 1539 927 anno
1570 886 1733 928 Christi
1760 887 1894 928 mille-

1075 943 1157 1000 Ὗ(
1145 950 1214 1008 ,Ὗῇ
1237 942 1348 983 simo
1392 943 1631 983 centesimo
1669 944 1895 994 nonagesi-

1070 992 1214 1022 *L*
1237 1011 1310 1039 mo
1342 998 1490 1048 tertio,
1530 1004 1631 1040 nata
1663 1004 1731 1040 est
1764 1000 1895 1041 beata

1063 1054 1236 1095 Juliana
1276 1055 1320 1094 in
1356 1055 1547 1096 Retinna
1587 1055 1741 1096 humili
1777 1069 1894 1108 pago

1062 1110 1298 1151 Leodiensi
1309 1111 1564 1162 parentibus
1579 1111 1790 1163 religiene
1802 1125 1896 1153 con·

1064 1167 1237 1218 spicuis,
1258 1166 1417 1218 quibus
1433 1166 1588 1208 orbata
1605 1168 1895 1219 quinquennis

1063 1222 1144 1264 sub
1165 1221 1398 1275 disciplina
1417 1223 1620 1274 religiosa
1638 1224 1683 1263 in
1704 1224 1896 1265 Cornelii

1062 1279 1225 1320 montis
1258 1280 1474 1320 asceterio
1506 1292 1646 1332 prope
1678 1279 1894 1321 Lcedium

1063 1335 1267 1376 adolevit.
1307 1335 1358 1375 In
1386 1348 1439 1377 eo
1469 1335 1702 1387 adjuvante
1730 1336 1895 1388 Spiritu

1063 1397 1216 1433 sancto
1253 1392 1314 1432 ita
1349 1392 1555 1443 profecit,
1594 1396 1643 1433 ut
1680 1392 1894 1433 virtutum

1063 1448 1257 1488 emnium
1293 1447 1466 1489 culmen
1497 1448 1695 1498 attigisse
1727 1448 1893 1489 videre-

1057 1508 1142 1556 tur.
1160 1503 1308 1545 Sancti
1319 1504 1556 1554 Augustini
1571 1504 1777 1555 regulam,
1795 1517 1893 1556 quae

1061 1560 1106 1599 in
1131 1559 1289 1600 eedem
1312 1560 1580 1601 monasterio
1605 1559 1798 1610 vigebat,
1825 1573 1890 1601 ac-

1062 1618 1212 1657 curate
1240 1616 1442 1668 professa
1468 1629 1520 1657 ac
1548 1616 1775 1658 sororibus
1803 1617 1892 1658 suis

1060 1672 1318 1724 praepesita,
1357 1673 1552 1714 emnium
1583 1673 1628 1713 in
1659 1685 1706 1713 se
1740 1673 1892 1714 oculos

1062 1741 1116 1770 ex
1145 1729 1320 1769 austera
1357 1731 1597 1780 sanctaque
1625 1728 1801 1770 vivendi
1828 1742 1892 1770 ra-

1061 1785 1180 1826 ti6ne
1191 1785 1418 1826 convertit.
1436 1785 1657 1827 Praeclara
1667 1790 1777 1835 sunt,
1794 1798 1893 1837 quae

1060 1840 1318 1893 produntur,
1338 1848 1431 1882 tum
1451 1840 1507 1883 de
1526 1842 1665 1894 ipsius
1685 1841 1729 1882 in
1748 1842 1893 1883 Deum

1062 1902 1105 1939 et
1142 1898 1392 1950 preximum
1428 1900 1594 1947 amere,
1631 1897 1891 1947 humilitate,

1061 1953 1326 2004 obedientia,
1350 1954 1522 2006 pietate
1548 1959 1592 1996 et
1618 1954 1890 2003 abstinentia,

1059 2014 1154 2051 tum
1181 2010 1237 2051 de
1265 2011 1476 2052 orationis
1505 2011 1654 2052 studio
1683 2023 1734 2051 ac
1762 2009 1889 2051 coele-

1059 2065 1200 2107 stibus
1220 2066 1567 2108 charismatibus.

1114 2124 1165 2175 R.
1203 2123 1392 2175 Propter
1422 2123 1665 2171 veritatem,
1698 2126 1742 2163 et
1772 2134 1888 2162 man—

1059 2179 1352 2228 suetudinem,
1380 2184 1424 2220 et
1450 2178 1673 2230 justitiam,
1699 2177 1791 2219 *Et
1816 2177 1887 2219 de·
1940 2177 1942 2182 '

1059 2234 1192 2277 ducet
1227 2240 1271 2277 te
1302 2234 1558 2276 mirabiliter
1589 2233 1771 2275 dextera
1801 2238 1888 2275 tua.

1062 2285 1112 2337 V.
1126 2291 1282 2343 Specie
1300 2296 1386 2340 tua,
1407 2295 1451 2331 et
1468 2288 1793 2342 pulchritndine
1811 2294 1887 2330 tua

1056 2346 1248 2396 intende,
1276 2349 1490 2398 prospere
1514 2344 1723 2397 procede,
1751 2349 1795 2386 et
1822 2357 1886 2386 re·

1056 2415 1152 2453 gna.
1180 2403 1238 2444 Et
1257 2402 1458 2443 deducet.

1372 2457 1523 2497 Lectio
1543 2472 1580 2496 v.

1143 2524 1218 2551 um
1246 2509 1302 2551 ad
1334 2522 1504 2550 sacram
1530 2509 1737 2561 Synaxim
1764 2522 1884 2551 acce-

1156 2566 1304 2614 debat,
1328 2564 1573 2607 incredibili
1592 2565 1770 2617 pietAtis
1790 2579 1884 2607 sen-

1057 2636 1108 2664 su
1119 2628 1162 2664 et
1172 2622 1326 2673 gratiae
1337 2620 1464 2663 donis
1475 2621 1740 2673 replebatur:
1754 2635 1884 2674 spon-

1057 2692 1154 2720 sum
1179 2691 1304 2719 suum
1330 2677 1556 2719 coelestem
1585 2677 1666 2718 sub
1691 2678 1883 2719 euchari·

1056 2735 1177 2776 sticis
1201 2733 1431 2785 speciebus
1454 2733 1663 2775 latentem
1684 2733 1882 2785 frequen-
