2066 2956
559 180 734 214 efficium
760 180 933 213 votivum
959 179 1005 213 de
1030 169 1217 212 Passione
1243 179 1286 212 Ι).
1307 179 1351 212 N.
1372 180 1404 213 .1.
1428 179 1466 213 C.

158 278 182 303 *
206 275 393 326 Quando
416 274 638 323 morietur,
663 278 708 314 et
730 273 891 326 peribit
913 286 986 315 no-

157 345 258 374 men
286 330 399 385 ejus?

211 390 268 431 Et
299 389 336 430 si
369 386 694 440 ingrediebatur
727 390 775 427 ut
807 385 987 436 videret,

133 457 135 460 ’
158 458 271 487 vana
297 444 578 497 loquebatur,
611 443 634 469 *
664 455 741 484 cor
768 442 859 494 ejus
888 455 988 484 con-

157 502 356 554 gregavit
382 501 659 553 iniquitatem
687 499 780 541 sibi.

208 557 528 609 Egrediebatur
555 557 689 606 foraS‚
717 558 740 582 *
770 560 813 598 et
838 556 986 609 loque-

157 613 287 656 batur
305 615 349 655 in
367 614 571 667 idipsum.

211 668 987 712 Adversummesusurrabantomnes

158 728 320 769 inimici
345 727 445 768 mei:
470 729 493 753 '⁸‘
519 726 753 768 adversum
777 739 848 767 me
874 726 986 777 cogi-

158 784 311 827 tabant
337 783 452 825 mala
478 783 594 824 mihi.

209 840 409 883 Verbum
439 840 635 892 iniquum
670 839 988 881 constituerunt

159 896 392 940 adversum
409 909 494 938 me:
513 898 536 922 *
555 895 782 949 Numquid
799 896 873 948 qui
888 895 986 937 dor-

158 953 238 995 mit
255 966 343 995 non
363 953 536 1005 adjiciet
554 958 603 995 ut
622 951 844 1004 resurgat?

209 1010 382 1052 Etenim
401 1009 534 1052 homo
552 1010 674 1063 pacis
692 1022 814 1059 meae,
835 1009 879 1050 in
900 1022 987 1062 quo

159 1066 347 1119 speravi:
370 1066 394 1092 *
416 1066 491 1119 qui
513 1065 674 1108 edebat
696 1079 833 1119 panes
852 1078 987 1115 meos,

157 1122 454 1174 magnificavit
482 1135 614 1176 super
638 1136 709 1164 me
737 1122 986 1175 supplanta-

157 1179 332 1221 tienem.

214 1236 285 1277 Tu
302 1241 447 1278 autem
460 1236 650 1278 Demine
667 1235 875 1278 miserere
890 1235 987 1285 mei,

158 1297 202 1334 et
237 1293 452 1335 resuscita
482 1305 567 1335 me:
608 1294 632 1320 *
669 1298 713 1335 et
748 1292 988 1334 retribuam

158 1361 231 1390 eu.

208 1406 260 1446 In
274 1405 359 1447 hoc
379 1406 566 1457 cognevi
587 1405 793 1459 queniam
808 1405 987 1446 voluisti

157 1474 246 1503 me:
273 1462 297 1487 *
325 1463 534 1514 queniam
561 1475 649 1504 non
675 1462 885 1513 gaudebit
912 1462 986 1502 ini-

156 1521 296 1560 micus
323 1532 446 1561 meus
475 1532 608 1573 super
634 1532 715 1560 me.

209 1574 281 1616 Me
310 1580 457 1617 autem
483 1576 667 1629 propter
694 1575 987 1617 innocentiam

158 1632 406 1684 suscepisti:
434 1634 458 1659 *
486 1637 530 1674 et
554 1632 823 1674 confirmasti
847 1644 917 1673 me
943 1631 987 1671 in

159 1690 399 1741 conspectu
427 1694 503 1730 tuo
531 1689 576 1730 in
604 1690 828 1730 aeternum.

210 1744 476 1787 Benedictus
491 1745 706 1787 Deminus
718 1745 839 1786 Deus
851 1744 989 1785 Israel

159 1813 183 1841 a
212 1801 376 1843 saeculo
406 1806 449 1843 et
473 1814 613 1855 usque
639 1802 684 1842 in
713 1801 937 1843 saeculum:
964 1801 988 1826 *

158 1856 246 1908 fiat,
273 1857 360 1900 fiat.

214 1915 313 1957 Ant.
339 1914 507 1957 Inimici
533 1915 621 1957 mei
649 1914 850 1956 dixerunt
874 1913 989 1954 mala

158 1968 277 2010 mihi:
306 1970 491 2020 Quando
514 1972 736 2021 morietur,
761 1974 805 2012 et
827 1969 988 2023 peribit

159 2037 319 2067 nomen
339 2025 453 2078 ejus?

214 2085 314 2125 Ant.
343 2083 481 2125 Alieni
499 2083 848 2125 insurrexerunt..

435 2140 632 2180 Psalmus
653 2141 717 2179 53.

250 2209 326 2238 eus
351 2197 394 2237 in
420 2197 595 2238 nemine
620 2201 697 2238 tuo
726 2195 894 2237 salvum
917 2208 988 2236 me

263 2253 347 2295 fac:
366 2255 390 2280 *
410 2258 453 2295 et
480 2253 525 2294 in
552 2253 713 2294 virtute
741 2257 817 2293 tua
845 2251 988 2304 judica

159 2324 240 2352 me.

210 2368 331 2408 Deus
351 2366 510 2408 exaudi
530 2365 773 2407 oratienem
791 2377 949 2406 meam:
964 2364 987 2390 *

160 2423 337 2465 auribus
355 2423 535 2476 percipe
554 2421 689 2463 verba
708 2422 796 2463 oris
815 2421 911 2462 mei.

212 2480 428 2530 Queniam
479 2478 608 2520 alieni
659 2479 988 2519 insurrexerunt

161 2535 393 2577 adversum
406 2548 487 2585 me,
508 2539 551 2576 et
567 2534 704 2576 fortes
722 2533 988 2586 quaesierunt

161 2591 350 2632 animam
384 2604 543 2633 meam:
571 2591 594 2616 *
623 2595 667 2632 et
702 2602 789 2630 non
826 2601 987 2641 propo-

161 2649 340 2689 suerunt
375 2647 518 2689 Deum
556 2651 657 2688 ante
703 2646 988 2697 conspectum

161 2716 298 2744 suum.

315 2844 377 2868 Pars
395 2844 485 2868 Ver-na.

1089 272 1206 313 Ecce
1235 272 1349 313 enim
1377 273 1498 314 Deus
1527 272 1703 324 adiuvat
1729 285 1815 313 me:
1842 272 1866 298 *

1040 333 1083 370 et
1107 328 1322 370 Deminus
1348 330 1580 382 susceptor
1613 333 1680 371 est
1709 329 1866 370 animae

1037 397 1160 426 meae.

1090 443 1257 484 Averte
1282 442 1396 483 mala
1420 442 1607 483 inimicis
1633 442 1756 484 meis:
1775 442 1798 468 *
1824 446 1867 484 et

1038 498 1083 539 in
1101 499 1286 541 veritate
1305 503 1381 540 tua
1401 497 1608 551 disperde
1627 498 1737 540 illos.

1092 555 1352 597 Voluntarie
1376 554 1636 596 sacrificabo
1661 555 1757 606 tibi,
1776 556 1799 582 *
1825 560 1868 597 et

1039 612 1285 654 confitebor
1334 611 1500 653 nemini
1545 616 1622 653 tuo
1663 612 1868 654 Demine:

1040 669 1247 720 queniam
1265 668 1430 710 bonum
1450 672 1532 710 est:

1091 725 1308 776 Queniam
1346 738 1400 767 ex
1434 725 1552 766 omni
1583 723 1868 766 tribulatiene

1040 782 1239 835 eripuisti
1270 795 1356 823 me:
1380 784 1404 809 *
1429 786 1472 823 et
1505 793 1636 834 super
1668 781 1867 822 inimicos

1038 851 1161 880 meos
1182 838 1385 891 despexit
1405 837 1558 879 eculus
1577 850 1711 879 meus.

1094 895 1193 935 Ant.
1218 894 1363 936 Alieni
1381 894 1710 936 insurrexerunt
1727 893 1770 934 in
1788 906 1868 942 me,

1039 955 1083 992 et
1092 951 1229 993 fortes
1241 951 1508 1003 quaesierunt
1520 950 1707 991 animam
1715 962 1869 991 meam.

1094 1008 1193 1051 Ant.
1223 1008 1600 1050 Conculcaverunt
1617 1020 1697 1048 me.

1318 1068 1515 1108 Psalmus
1534 1070 1599 1107 55.

1045 1116 1308 1222 Miserere
1318 1122 1405 1164 mei
1414 1122 1547 1171 Deus,
1560 1121 1766 1173 queniam
1778 1133 1871 1162 con-

1170 1178 1358 1220 culcavit
1376 1191 1447 1220 me
1466 1177 1615 1219 horno:
1639 1179 1662 1204 *
1685 1182 1780 1219 tota
1799 1177 1870 1218 die

1038 1234 1299 1288 impugnans
1327 1233 1553 1277 tribulavit
1580 1246 1662 1275 me.

1092 1292 1469 1334 Conculcaverunt
1499 1303 1568 1332 me
1597 1290 1758 1331 inimici
1783 1291 1870 1331 mei

1039 1353 1134 1390 tota
1158 1348 1245 1397 die:
1272 1350 1296 1375 *
1325 1348 1531 1400 queniam
1556 1346 1681 1387 multi
1707 1346 1868 1387 bellan-

1038 1409 1105 1446 tes
1134 1405 1369 1446 adversum
1394 1417 1476 1445 me.

1091 1461 1161 1503 Ab
1181 1461 1410 1503 altitudine
1430 1461 1516 1502 diei
1535 1459 1715 1502 timebo:
1738 1461 1762 1485 *
1787 1471 1868 1510 ego

1039 1530 1144 1559 vero
1173 1518 1217 1559 in
1243 1523 1287 1559 te
1315 1517 1517 1570 sperabo.

1091 1575 1141 1615 In
1158 1575 1256 1616 Deo
1276 1574 1468 1615 laudabo
1491 1575 1715 1615 sermenes
1734 1585 1868 1620 meOS,

1038 1631 1082 1671 in
1100 1631 1198 1672 Deo
1219 1631 1407 1683 speravi:
1428 1633 1451 1656 *
1471 1643 1559 1672 non
1579 1629 1743 1672 timebo
1764 1629 1869 1681 quid

1039 1687 1170 1728 faciat
1196 1687 1302 1728 mihi
1330 1699 1445 1728 caro.
1890 1694 1894 1697 ’

1091 1743 1206 1784 Tota
1225 1742 1295 1785 die
1314 1743 1449 1785 verba
1466 1756 1565 1785 mea
1584 1741 1868 1784 exsecraban-

1039 1805 1128 1841 tur:
1160 1801 1183 1826 *
1215 1799 1449 1841 adversum
1475 1813 1545 1841 me
1574 1812 1726 1840 omnes
1755 1798 1868 1849 cogi-

1039 1857 1229 1898 tatienes
1257 1859 1410 1898 eerum
1437 1856 1481 1897 in
1507 1856 1680 1897 malum.

1091 1913 1403 1955 Inhabitabunt
1438 1918 1481 1955 et
1518 1911 1809 1955 abscendent:
1845 1911 1868 1936 *

1040 1971 1124 2023 ipsi
1174 1970 1428 2012 calcaneum
1472 1983 1618 2012 meum
1666 1968 1868 2010 observa-

1039 2026 1160 2069 bunt

1091 2083 1211 2125 Sicut
1238 2083 1537 2130 sustinuerunt
1565 2081 1753 2122 animam
1780 2092 1867 2121 me-

1041 2153 1121 2189 am,
1140 2153 1221 2192 pro
1240 2139 1375 2181 nihilo
1395 2139 1540 2180 salvos
1560 2138 1693 2179 facies
1712 2136 1825 2178 illos:
1845 2138 1868 2163 *

1039 2196 1084 2236 in
1112 2196 1178 2237 ira
1204 2195 1395 2249 pepulos
1425 2194 1682 2244 confringes.

1091 2252 1232 2302 Deus,
1269 2253 1407 2294 vitam⁴
1438 2263 1581 2292 meam
1617 2248 1869 2290 annuntiavi

1040 2307 1137 2349 tibi:
1170 2310 1194 2335 *
1227 2307 1416 2361 posuisti
1447 2306 1649 2348 lacrimas
1676 2317 1796 2346 meas
1824 2304 1868 2344 in

1041 2366 1282 2417 conspectu
1309 2369 1397 2413 tuo,

1092 2421 1213 2462 Sicut
1243 2425 1287 2462 et
1319 2420 1363 2460 in
1394 2418 1687 2472 promissione
1719 2421 1812 2458 tua:
1845 2418 1868 2443 *

1041 2481 1146 2518 tunc
1174 2477 1484 2518 convertentur
1511 2474 1671 2515 inimici
1695 2473 1781 2514 mei
1803 2486 1866 2514 re-

1040 2535 1245 2574 trersum:

1091 2589 1142 2629 In
1181 2590 1457 2640 quacumque
1494 2586 1564 2628 die
1602 2586 1867 2628 invocavero

1040 2649 1099 2686 te:
1126 2646 1149 2670 *
1178 2657 1281 2685 ecce
1307 2643 1494 2694 cognevi
1523 2642 1729 2695 queniam
1746 2643 1867 2683 Deus

1009 2727 1011 2731 ·
1040 2713 1164 2742 meus
1193 2713 1251 2741 eS.
