2028 2892
564 162 667 196 Infra
693 163 984 197 chdomadam
1008 164 1060 197 iii.
1086 163 1406 205 Quudragcsimae.

139 274 190 303 ca
206 261 435 314 inaquosa,
462 270 663 311 quaerens
683 258 893 310 requiem,
918 261 961 299 et

137 331 225 360 non
242 317 416 360 invenit.

220 386 478 440 Capitulum.
624 385 781 437 Ephes.
796 386 832 424 5.
850 399 882 426 c.

138 441 325 549 Eratis
350 448 464 490 enirn
490 445 725 498 aliquando
751 445 961 486 tenebrae:

227 518 342 547 nune
362 509 508 546 autem
531 503 606 544 lux
624 503 668 543 in
687 501 890 542 Domino:
914 506 962 542 ut

138 564 216 606 filii
241 562 351 605 lucis
383 560 618 614 ambulate:
650 559 816 599 fructus
847 558 961 599 enim

138 621 246 664 lucis
267 624 333 662 est
351 620 396 659 in
416 617 535 659 omni
551 616 765 665 bonitate,
785 619 828 656 et
846 615 961 666 justi-

137 679 208 728 tia,
228 681 271 719 et
290 675 486 718 veritate.

190 734 241 786 R.
273 733 335 774 br.
377 731 511 773 Scuto
545 727 832 772 circumdabit
861 732 905 769 te
939 733 961 757 *

140 790 312 834 Veritas
332 790 433 841 ejus.
466 788 612 829 Scuto.
648 783 698 835 V.
721 785 822 826 Non
840 785 960 825 time-

137 847 206 890 bis
242 860 268 888 a
302 846 461 888 timore
494 846 722 885 nocturno.
774 841 962 883 Veritas,

139 903 291 945 Gloria
307 902 438 944 Patri.
464 901 611 943 Scuto.

190 955 241 1008 V.
267 958 449 1010 Angelis
476 957 566 999 sujs
590 957 712 998 Deus
738 953 962 996 mandavit

139 1017 194 1059 de
210 1021 267 1059 te.
294 1017 345 1069 R.
358 1016 418 1058 Ut
438 1013 687 1057 custodiant
706 1017 749 1054 te
767 1012 811 1052 in
827 1010 962 1052 omni-

136 1073 219 1116 bus
238 1073 319 1115 viis
338 1073 434 1114 tuis.
589 1080 592 1084 '

371 1153 450 1195 Ad.
466 1154 730 1204 vesperas.

191 1220 279 1255 Ant.
305 1224 341 1255 et
363 1219 425 1254 Ps.
450 1219 497 1254 de
521 1219 635 1254 Dom.-
654 1215 733 1251 107.

192 1283 295 1335 Cap.
323 1282 511 1323 Fratres:
535 1279 692 1320 Estote
711 1277 963 1318 imitatores.

141 1344 184 1382 et
219 1339 429 1392 Hymnus.
475 1335 589 1379 Audi
628 1334 815 1384 benigne
854 1334 963 1375 Con-

137 1396 264 1439 ditor.
290 1396 379 1436 159.

194 1455 244 1508 V.
268 1458 452 1511 Angelis
481 1457 570 1498 suis
595 1456 716 1497 Deus
741 1454 964 1495 mandavit

139 1516 194 1559 de
212 1521 267 1559 te.
291 1518 343 1572 Κ.
360 1515 419 1557 Ut
435 1512 685 1556 custodiant
701 1516 745 1553 te
765 1511 809 1552 in
829 1510 963 1552 omni-

136 1573 220 1615 bus
240 1572 323 1615 viis
343 1571 440 1613 tuis.

193 1641 265 1683 Ad
284 1641 458 1693 Magnis.
493 1641 593 1683 Ant.
629 1638 855 1681 Ext611ens
888 1649 962 1678 vo-

137 1713 234 1742 cem
260 1699 284 1725 *
314 1696 516 1750 quaedam
547 1695 704 1737 mulier
738 1694 792 1737 de
823 1693 962 1743 turba,

138 1756 262 1798 dixit:
288 1755 453 1796 Beatus
477 1757 629 1794 venter
655 1752 728 1804 qui
750 1756 794 1793 te
816 1751 962 1803 porta-

137 1813 210 1863 vit,
230 1816 274 1854 et
287 1811 435 1861 ubera,
455 1822 553 1862 quae
573 1808 739 1850 suxisti.
761 1807 823 1848 At
836 1807 861 1847 J
863 1819 963 1848 esus

138 1869 199 1910 ait
217 1868 293 1910 illi:
315 1868 521 1918 Quinimo
544 1865 663 1908 beati
687 1864 761 1917 qui
780 1863 962 1905 audiunt

137 1925 320 1967 verbum
338 1924 432 1976 Dei,
452 1927 497 1965 et
516 1921 769 1964 custodiunt
787 1919 904 1961 illud.

194 1990 288 2025 Post
306 1990 502 2034 Vcsperas
527 1989 604 2023 diei
627 1988 805 2022 dicuntur
822 1987 966 2029 Vespe-

142 2049 196 2073 rae
218 2038 503 2074 Defunctorum.

311 2157 482 2193 Feria
514 2153 791 2192 Secunda.

142 2218 295 2260 Lectio
322 2218 461 2259 sancti
479 2215 705 2268 Evangelii
724 2213 962 2256 secundum

462 2273 638 2314 Lucam.

246 2346 397 2387 Lectio
419 2346 442 2385 i.
652 2346 752 2395 Cap.
769 2345 805 2382 4.
824 2343 862 2383 d.

138 2402 214 2508 In
232 2406 308 2448 illo
328 2408 544 2459 tampore:
568 2403 689 2446 Dixit
707 2403 732 2443 J
735 2413 834 2443 esus
859 2399 961 2452 pha-

203 2463 356 2504 risaeis:
375 2462 537 2514 Utique
559 2459 710 2502 dicetis
729 2457 834 2498 mihi
852 2455 963 2496 hanc

141 2518 485 2561 similitudinem:
512 2516 682 2558 Medice
707 2526 810 2556 cura
833 2518 878 2554 te
900 2511 962 2563 ip—

141 2588 251 2616 sum:
291 2579 454 2628 quanta
490 2572 734 2614 audivimus
771 2569 886 2610 facta
919 2567 962 2607 in

142 2631 463 2684 Capharnaum‚
494 2629 563 2670 fac
589 2632 632 2670 et
656 2627 728 2668 hic
753 2626 796 2666 in
821 2623 963 2676 patria

140 2691 227 2729 tua.
252 2687 311 2730 Et
329 2687 508 2738 reliqua.

1770 157 1832 192 165

1015 256 1202 301 Homih'a
1221 257 1357 297 sancti
1375 256 1594 298 Ambrosii
1612 255 1830 308 Episcopi.

1036 325 1117 360 Lib.
1135 325 1164 359 4.
1184 326 1221 359 in
1240 336 1320 368 cap.
1340 327 1370 359 4.
1388 326 1510 361 Luca:
1530 330 1615 368 post
1633 325 1808 359 medium.

1022 389 1098 473 Napi!
1111 390 1168 418 on
1191 377 1424 419 mediocris
1443 376 1602 418 invidia
1619 376 1830 429 proditur,

1032 468 1037 470 -
1055 439 1089 477 “,«
1123 447 1220 486 quae
1240 434 1390 475 civicae
1410 433 1602 474 caritatis
1622 432 1768 481 oblita,
1787 433 1830 473 in

1014 489 1170 531 acerba
1203 490 1303 531 Odia
1336 502 1488 531 causas
1525 489 1682 529 amoris
1714 489 1830 530 infle-

1014 546 1103 587 ctit.
1131 546 1266 588 Simul
1284 546 1369 587 hoc
1389 545 1587 597 exemplo
1606 545 1768 597 pariter
1789 550 1832 586 et

1014 602 1191 643 oraculo
1225 602 1488 651 declaratur,
1526 600 1643 653 quod
1675 601 1831 642 frustra

1014 671 1144 711 opem
1183 658 1494 700 misericordiae
1538 657 1726 698 coelestis
1763 670 1831 698 ex-

1014 717 1202 768 spectes,
1229 716 1266 756 si
1291 715 1443 756 alienae
1468 713 1678 755 fructibus
1702 714 1832 754 virtu-

1013 773 1070 813 tis
1089 771 1296 813 invideas.
1326 772 1598 824 Aspernator
1619 770 1731 811 enim
1746 770 1832 810 Do-

1013 829 1154 869 minus
1172 828 1419 870 invidorum
1440 832 1519 868 est:
1544 831 1587 867 et
1610 826 1665 867 ab
1689 826 1740 866 iis
1762 826 1833 877 qui

1014 884 1160 926 divina
1177 884 1389 926 beneficia
1402 884 1445 924 in
1462 883 1555 923 aliis
1570 884 1832 934 persequun-

1013 946 1097 991 tur,
1120 941 1328 982 miracula
1351 953 1441 981 suae
1460 939 1692 992 potestatis
1716 939 1833 978 aver-

1013 998 1076 1039 tit.
1103 998 1344 1039 Dominicae
1366 996 1527 1049 quippe
1546 995 1685 1036 carnis
1701 999 1833 1042 actus,

1015 1054 1252 1096 divinitatis
1277 1053 1524 1105 exemplum
1548 1056 1628 1092 est:
1659 1055 1703 1091 et
1730 1050 1833 1090 invi-

1016 1110 1157 1152 sibilia
1175 1110 1301 1152 nobis
1321 1111 1425 1162 eius,
1450 1121 1528 1161 per
1549 1120 1599 1149 ea
1620 1119 1716 1159 quae
1736 1110 1835 1147 sunt

1015 1167 1202 1208 visibilia
1221 1166 1585 1208 demonstrantur.

1070 1241 1120 1292 R».
1143 1236 1305 1277 Tollite
1326 1235 1426 1276 hinc
1445 1233 1671 1276 vobiscum
1690 1234 1835 1272 mune-

1016 1307 1079 1343 ra,
1112 1298 1155 1335 et
1187 1293 1246 1335 ite
1278 1291 1334 1333 ad
1367 1291 1590 1333 dominum
1619 1294 1761 1330 terrae:
1794 1291 1836 1328 et

1017 1363 1115 1391 eum
1141 1349 1408 1397 inveneritis,
1437 1347 1616 1388 adorate
1644 1357 1742 1386 eum
1769 1356 1834 1384 su-

1015 1419 1095 1459 per
1125 1411 1301 1447 terram:
1330 1408 1353 1432 *
1380 1405 1500 1445 Deus
1535 1407 1681 1443 autem
1713 1412 1834 1441 meus

1015 1463 1146 1503 faciat
1181 1475 1279 1503 eum
1315 1460 1440 1502 vobis
1475 1457 1747 1512 placabilem:
1792 1460 1835 1496 et

1015 1521 1208 1560 remittat
1233 1522 1276 1559 et
1301 1517 1415 1558 hunc
1442 1516 1619 1557 fratrem
1643 1517 1834 1554 vestrum

1016 1574 1257 1624 vobiscum,
1291 1578 1335 1615 et
1363 1586 1461 1615 eum
1489 1583 1618 1624 quem
1646 1572 1765 1610 tenet
1791 1568 1834 1608 in

1016 1631 1209 1673 vinculis.
1232 1625 1283 1679 V.
1298 1630 1463 1671 Sumite
1483 1627 1537 1669 de
1557 1625 1732 1679 optimis
1751 1629 1834 1665 ter-

1016 1702 1077 1730 rae
1096 1687 1292 1739 frugibus
1311 1687 1353 1727 in
1372 1686 1487 1727 vasis
1507 1683 1676 1732 vestris,
1704 1685 1746 1723 et
1765 1680 1834 1722 de-

1015 1745 1123 1786 ferte
1141 1745 1236 1786 viro
1255 1746 1444 1784 manera.
1475 1741 1606 1782 Deus.

1328 1819 1478 1860 Lectio
1499 1818 1537 1857 ii.

1019 1883 1168 1989 Non
1196 1890 1336 1932 oti6se
1363 1891 1511 1941 itaque
1537 1886 1736 1928 Salvator
1766 1898 1834 1926 ex·
1882 1903 1883 1907 =

1118 1951 1252 1997 cusat,
1270 1945 1389 1998 quod
1407 1944 1525 1986 nulla
1542 1944 1585 1984 in
1604 1943 1744 1996 patria
1758 1954 1834 1982 sua

1015 2003 1224 2046 miracula
1248 2001 1421 2044 virtutis
1446 2002 1652 2053 operatus
1678 1998 1749 2039 sit:
1780 2009 1834 2037 ne

1015 2059 1213 2104 fortassis
1255 2058 1412 2111 aliquis
1449 2056 1647 2097 vili6rem
1681 2053 1833 2106 patriae

1015 2117 1142 2159 nobis
1158 2128 1254 2158 esse
1268 2114 1428 2157 debere
1438 2115 1613 2166 putaret
1622 2110 1833 2151 aflectum.

1013 2175 1176 2226 Neque
1212 2172 1326 2213 enim
1370 2171 1487 2211 cives
1530 2169 1703 2220 paterat
1745 2177 1830 2205 non

1015 2232 1172 2279 amare,
1193 2229 1267 2280 qui
1285 2228 1452 2268 amaret
1470 2235 1632 2266 omnes:
1652 2220 1731 2262 sed
1748 2220 1832 2273 ipsi

1015 2299 1062 2327 se
1090 2285 1271 2327 caritate
1298 2282 1470 2336 patriae,
1498 2279 1600 2321 dum
1628 2276 1832 2325 invident,

1016 2342 1283 2384 abdicarunt.
1308 2340 1359 2380 In
1377 2337 1558 2379 veritate
1578 2333 1676 2375 dico
1691 2332 1832 2374 vobis:

1014 2398 1163 2439 multae
1208 2395 1351 2438 viduae
1391 2393 1562 2433 fuerunt
1598 2389 1642 2429 in
1678 2387 1832 2430 diebus

1015 2454 1134 2495 Eliae.
1166 2453 1266 2494 Non
1291 2450 1390 2502 quia
1408 2447 1514 2488 Eh'ae
1538 2445 1631 2487 dies
1650 2445 1832 2491 fuerunt,

1016 2509 1096 2551 sed
1122 2510 1167 2550 in
1196 2507 1351 2560 quibus
1374 2504 1490 2545 Elias
1517 2503 1724 2554 operatus
1752 2505 1833 2541 est:

1016 2571 1090 2607 aut
1122 2565 1222 2617 quia
1248 2562 1365 2603 Elias
1397 2559 1492 2600 dies
1521 2556 1709 2599 faciebat
1738 2555 1832 2604 illis,

1018 2622 1091 2674 qui
1120 2621 1164 2661 in
1194 2620 1285 2671 ejus
1318 2614 1524 2668 operibus
1550 2613 1692 2655 lucem
1718 2610 1832 2652 vide-

1015 2678 1121 2720 bant
1147 2674 1299 2726 gratiae
1328 2670 1551 2724 spiritalis,
1584 2674 1628 2711 et
1654 2679 1830 2710 conver-
