2028 2892
723 163 830 195 Feria
857 174 887 196 v.
914 164 948 196 in
976 164 1095 198 Coena
1121 164 1285 198 Domini.

205 259 306 299 Ant.
344 259 613 299 Avertantur
645 260 902 308 retrersum,
939 264 983 300 et

157 312 427 363 erubescant,
444 313 519 365 qui
534 314 729 364 cogitant
742 314 847 355 mihi
858 314 983 356 mala.

424 372 624 412 Psalmus
645 374 711 412 69.

243 437 320 466 eus
339 425 384 465 in
403 424 666 476 adjuterium
683 439 830 466 meum
848 426 982 467 inten-

251 480 321 522 de:
344 480 368 506 *
390 481 578 523 Domine
606 481 664 523 ad
690 481 983 533 adjuvandum

155 549 225 577 me
246 536 414 578 festina.

208 592 540 635 Confundantur
568 598 612 635 et
639 596 936 644 revereantur,
960 596 983 622 *

157 648 232 700 qui
251 654 454 700 quaerunt
473 650 662 691 animam
680 663 838 691 meam:

207 704 478 746 Avertantur
513 708 775 755 retrersum,
813 711 856 747 et
891 719 983 747 eru-

156 759 350 811 bescant,
368 761 392 787 *
413 762 487 813 qui
505 762 660 803 volunt
677 762 783 803 mihi
802 761 932 802 mala:

206 817 476 858 Avertantur
494 818 644 859 statim
662 819 983 868 erubescentes,

155 872 179 898 *
200 873 275 924 qui
293 872 444 914 dicunt
462 873 583 914 mihi:
601 874 734 926 Euge,
754 887 875 925 euge.

205 928 440 971 Exsi'sstent
472 935 516 971 et
546 930 751 972 laetentur
787 931 831 971 in
862 935 906 972 te
939 943 983 972 o-

154 997 278 1025 mnes
304 985 379 1036 qui
404 991 608 1037 quaerunt
631 990 692 1036 te,
715 986 738 1011 *
763 991 807 1027 et
836 985 983 1027 dicant

155 1052 344 1093 semper:
354 1041 658 1092 Magnificetur
667 1043 898 1083 Deminus:
909 1042 984 1094 qui

155 1095 342 1148 diligunt
359 1097 551 1139 salutare
569 1103 703 1139 tuum.

205 1152 301 1204 Ego
317 1165 424 1194 vero
441 1155 615 1204 egenus,
633 1159 676 1195 et
689 1166 858 1206 pauper
873 1167 984 1194 sum:

154 1207 178 1233 *
195 1207 318 1249 Deus
338 1209 496 1261 adjuva
514 1222 596 1251 me.

205 1264 395 1317 Adiutor
414 1278 548 1316 meus,
568 1270 612 1307 et
630 1265 842 1307 liberator
860 1278 984 1308 meus

155 1333 202 1362 es
220 1325 284 1363 tu:
302 1323 327 1350 *
344 1322 533 1364 Domine
550 1335 606 1364 ne
624 1322 819 1363 moreris.

204 1377 305 1417 Ant.
342 1379 615 1419 Avertantur
647 1380 906 1427 retrersum,
939 1383 983 1419 et

155 1432 425 1482 erubescant,
443 1434 517 1485 qui
532 1434 727 1485 cogitant
740 1433 848 1474 mihi
858 1434 983 1474 mala.

204 1487 304 1529 Ant.
356 1489 474 1530 Deus
510 1501 634 1530 meus
671 1489 792 1542 eripe
824 1502 894 1530 me
927 1489 983 1530 de

153 1558 285 1586 manu
306 1545 565 1597 peccateris.

423 1600 623 1640 Psalmus
643 1600 714 1638 70.

202 1670 232 1698 n
258 1661 303 1699 te
329 1657 519 1699 Demine
547 1658 738 1710 speravi,
766 1671 855 1699 non
883 1671 982 1699 con-

213 1713 372 1756 fundar
396 1714 441 1755 in
464 1715 691 1756 aeternum:
709 1714 733 1740 *
751 1714 796 1754 in
821 1715 983 1766 justitia

153 1773 231 1811 tua
247 1769 387 1812 libera
404 1783 486 1820 me,
506 1774 550 1811 et
568 1770 689 1822 eripe
708 1783 789 1811 me.

205 1825 374 1867 Inclina
398 1826 455 1868 ad
476 1839 547 1868 me
570 1838 722 1867 aurem
740 1830 878 1876 tuam,
897 1826 921 1852 *
941 1831 984 1867 et

155 1881 277 1923 salva
293 1895 376 1923 me.

206 1938 316 1979 Esto
334 1937 441 1979 mihi
456 1938 501 1978 in
514 1938 658 1979 Deum
672 1940 983 1990 protectorem,

158 1998 202 2035 et
221 1994 266 2035 in
287 1994 435 2036 locum
457 1996 686 2035 munitum:
704 1993 728 2020 *
747 1998 796 2035 ut
814 1993 983 2034 salvum

155 2062 227 2091 me
245 2050 393 2099 facias,

208 2106 425 2156 Queniam
443 2106 765 2147 firmamentum
780 2117 940 2155 meum,
959 2105 983 2130 *

157 2166 201 2204 et
219 2163 435 2213 refugium
453 2175 599 2203 meum
618 2175 666 2203 es
686 2166 745 2203 tu.

207 2219 330 2260 Deus
361 2231 484 2260 meus
517 2218 638 2270 eripe
669 2230 739 2258 me
772 2217 827 2258 de
853 2229 984 2256 manu

156 2274 421 2326 peccatoris,
449 2274 473 2301 *
506 2279 550 2315 et
583 2273 639 2314 de
670 2286 801 2314 manu
831 2276 984 2313 contra

156 2328 298 2381 legem
317 2330 486 2381 agentis
505 2335 548 2371 et
565 2329 716 2380 iniqui:

210 2386 428 2436 Queniam
462 2390 511 2427 tu
553 2398 601 2426 es
638 2383 851 2436 patientia
886 2394 983 2423 mea

157 2441 364 2483 Demine:
400 2442 424 2467 *
458 2441 647 2482 Demine
685 2452 787 2492 spes
824 2450 921 2478 mea
958 2449 984 2477 a

157 2497 381 2547 juventute
399 2510 508 2538 mea.

209 2553 260 2593 In
283 2557 328 2595 te
352 2553 636 2594 confirmatus
656 2564 752 2592 sum
772 2563 826 2591 ex
843 2552 983 2589 utero.

157 2607 182 2633 *
202 2607 257 2650 de
275 2614 428 2650 ventre
447 2608 599 2649 matris
618 2620 728 2648 meae
748 2611 795 2647 tu
819 2618 865 2646 es
884 2616 983 2655 pro—

158 2664 301 2705 tector
319 2677 455 2705 meus.

1793 169 1858 203 215

1086 259 1138 298 In
1174 265 1218 300 te
1255 261 1446 301 cantatio
1482 275 1580 303 mea
1615 276 1802 315 semper:
1834 266 1856 291 *

1035 318 1259 365 tamquam
1298 315 1546 367 prodigium
1585 318 1725 359 faetus
1761 333 1857 361 sum

1034 369 1199 410 multis:
1220 375 1264 411 et
1282 376 1331 411 tu
1350 371 1521 422 adj1'1tor
1540 373 1675 414 fortis.

1088 425 1328 477 Repleatur
1363 439 1413 467 os
1449 441 1593 468 meum
1628 429 1772 481 laude,
1809 439 1857 474 ut

1036 486 1209 522 cantem
1242 482 1426 532 gleriam
1456 488 1590 524 tuam:
1614 486 1637 511 *
1662 491 1754 528 tota
1786 488 1856 530 die

1035 537 1380 587 magnitUdinem
1398 543 1528 579 tuam.

1086 593 1155 634 Ne
1183 594 1386 645 projicias
1413 608 1483 636 me
1511 595 1555 635 in
1579 598 1774 650 tempore
1794 613 1856 642 se-

1035 650 1239 690 nectutis:
1275 651 1298 675 *
1335 663 1434 691 cum
1475 651 1683 694 defecerit
1719 656 1856 697 virtus

1035 717 1143 754 mea,
1163 718 1217 746 ne
1238 705 1515 759 derelinquas
1534 721 1614 749 me.

1088 761 1200 810 Quia
1224 762 1428 803 dixerunt
1451 763 1613 804 inimici
1636 765 1721 805 mei
1740 766 1858 807 mihi:

1035 817 1058 842 *
1079 822 1122 857 et
1143 818 1216 869 qui
1235 818 1543 860 custodiebant
1567 820 1754 861 animam
1772 835 1856 863 me-

1036 885 1116 921 am,
1136 873 1364 914 consilium
1383 874 1578 916 fecerunt
1595 876 1639 915 in
1658 889 1799 917 unum.

1086 928 1311 970 Dicentes:
1338 930 1460 971 Deus
1490 930 1721 982 dereliquit
1749 945 1857 982 eum,

1035 985 1364 1036 persequimini,
1415 991 1458 1026 et
1502 986 1857 1038 comprehendite

1037 1052 1149 1080 eum:
1167 1040 1191 1065 *
1213 1041 1314 1092 quia
1332 1054 1421 1082 non
1440 1047 1506 1082 est
1527 1043 1600 1094 qui
1619 1043 1783 1095 eripiat.

1087 1096 1208 1136 Deus
1231 1109 1285 1137 ne
1311 1097 1526 1148 elongeris
1550 1111 1576 1138 a
1593 1111 1677 1139 me:
1696 1100 1719 1126 *
1737 1100 1858 1140 Deus

1035 1164 1159 1192 meus
1178 1152 1222 1192 in
1241 1153 1449 1194 auxilium
1467 1166 1611 1194 meum
1630 1155 1810 1207 respice.

1088 1207 1433 1258 Confundantur‚
1472 1214 1514 1250 et
1552 1209 1756 1251 deficiant
1788 1211 1858 1252 de-

1035 1262 1258 1306 trahentes
1285 1265 1441 1306 animae
1469 1278 1593 1306 meae:
1613 1267 1636 1292 *
1663 1267 1857 1319 operian-

1036 1324 1107 1360 tur
1126 1320 1392 1370 confusiene‚
1412 1326 1456 1362 et
1471 1321 1641 1373 pudere
1657 1323 1730 1373 qui
1745 1335 1858 1374 quae-

1035 1380 1136 1416 runt
1154 1375 1269 1416 mala
1286 1376 1403 1417 mihi.

1086 1432 1181 1482 Ego
1201 1437 1346 1474 autem
1363 1445 1535 1484 semper
1550 1432 1753 1484 sperabo:
1771 1433 1795 1459 *
1814 1438 1858 1475 et

1035 1486 1235 1538 adjiciam
1283 1501 1416 1541 super
1466 1501 1639 1529 omnem
1682 1488 1858 1530 laudem

1035 1547 1166 1584 tuam.

1090 1599 1151 1640 Os
1178 1612 1324 1641 meum
1351 1599 1624 1641 annuntiabit
1649 1600 1857 1652 justitiam

1035 1659 1171 1697 tuam:
1189 1656 1212 1682 *
1231 1661 1326 1697 tota
1345 1655 1415 1697 die
1435 1656 1624 1697 salutare
1642 1661 1774 1697 tuum.

1091 1713 1306 1762 Quoniam
1328 1725 1416 1753 non
1441 1713 1626 1763 cognevi
1646 1712 1856 1754 litteratu-
1906 1713 1907 1758 j

1035 1782 1140 1818 ram,
1158 1768 1348 1809 introibo
1368 1769 1411 1808 in
1430 1768 1649 1820 potentias
1668 1768 1858 1809 Demini:

1035 1826 1059 1851 *
1073 1825 1262 1866 Do'mine
1281 1824 1560 1865 memorabor
1578 1824 1752 1876 justitiae
1771 1829 1858 1865 tuae

1036 1880 1182 1922 solius.

1088 1937 1210 1977 Deus
1247 1935 1434 1977 docuisti
1471 1947 1541 1976 me
1578 1947 1603 1975 a
1638 1936 1858 1986 juventute

1035 2005 1147 2033 mea:
1166 1992 1190 2018 *
1213 1996 1257 2033 et
1276 2004 1414 2043 usque
1434 2003 1547 2032 nunc
1565 1990 1856 2042 pronuntiabo

1035 2047 1250 2088 mirabilia
1267 2052 1352 2088 tua.

1087 2104 1144 2144 Et
1163 2115 1301 2154 usque
1319 2103 1363 2143 in
1382 2104 1602 2144 senectam
1618 2105 1662 2142 et
1677 2100 1857 2141 senium:

1035 2159 1060 2185 *
1078 2159 1199 2200 Deus
1218 2171 1272 2199 ne
1293 2158 1568 2210 derelinquas
1586 2169 1665 2206 me,

1087 2215 1242 2256 Donec
1270 2214 1518 2255 annuntiem
1538 2211 1767 2257 ,brachium
1793 2215 1856 2251 tu-

1035 2283 1110 2311 um
1135 2271 1158 2297 *
1182 2269 1452 2320 generationi
1476 2268 1606 2316 omni,
1636 2278 1734 2318 quae
1758 2278 1856 2307 ven-

1035 2329 1134 2367 tura
1154 2331 1234 2367 est:

1087 2381 1334 2423 Potentiam
1352 2385 1485 2427 tuam,
1508 2383 1551 2419 et
1569 2377 1775 2429 justitiam
1794 2382 1857 2418 tu-

1037 2450 1107 2477 am
1131 2437 1251 2478 Deus
1277 2448 1414 2487 usque
1438 2435 1481 2474 in
1506 2433 1730 2482 altissima,
1759 2445 1856 2484 quae

1035 2493 1178 2533 fecisti
1196 2490 1424 2541 magnalia:
1443 2491 1466 2516 *
1484 2489 1605 2529 Deus
1631 2488 1726 2540 quis
1745 2488 1857 2528 simi-

1035 2547 1088 2588 lis
1107 2546 1211 2589 tibi?

1090 2603 1283 2652 Quantas
1307 2598 1537 2641 ostendisti
1558 2598 1663 2639 mihi
1681 2598 1855 2639 tribula-

1034 2659 1177 2699 tiones
1194 2656 1362 2704 multas,
1382 2659 1426 2695 et
1443 2654 1593 2695 malas:
1620 2659 1664 2695 et
1681 2655 1856 2695 conver-
