2028 2892
477 158 518 192 In
545 159 668 193 feriali
692 160 828 195 Officio
854 163 902 196 ad
927 163 1092 198 Primam
1118 165 1235 201 (extra
1262 171 1373 210 temp.
1401 170 1551 210 paschi

213 256 408 298 Deduxit
431 271 501 299 me
522 271 653 312 super
672 261 850 302 semitas
869 262 985 313 justi-

161 312 246 362 tiae,
264 313 288 339 *
306 318 490 366 propter
509 328 667 357 nomen
687 329 822 357 suum.

212 368 336 418 Nam,
357 374 401 411 et
420 371 456 411 si
476 371 758 413 ambulavero
778 373 821 413 in
839 373 984 415 medio

159 424 327 466 umbrae
346 427 511 476 mortis,
531 440 618 469 non
637 429 801 470 timebo
820 430 947 471 mala:
961 432 985 456 *

161 481 366 533 quoniam
386 487 434 523 tu
453 497 623 525 mecum
643 498 700 526 es.

211 538 347 589 Virga
361 543 446 588 tua,
467 545 511 581 et
525 539 706 582 baculus
722 547 837 583 tuus:
851 544 874 568 *
889 543 984 596 ipsa

158 606 228 635 me
247 595 475 637 consolata
495 603 605 639 sunt.

210 651 381 692 Parasti
404 652 447 692 in
473 655 713 706 conspectu
741 667 839 696 meo
868 669 983 697 men-

159 719 271 757 sam,
303 708 327 732 *
359 707 570 750 adversus
604 723 700 759 eos,
742 712 814 763 qui
850 711 982 753 tribu-

158 762 250 805 lant
268 777 349 805 me.

209 820 496 873 Impinguasti
510 822 554 862 in
570 822 667 864 oleo
681 828 813 875 caput
824 836 982 865 meum:

156 875 181 901 *
191 881 236 917 et
246 876 357 917 calix
367 891 491 919 meus
501 878 718 920 inebrians
733 892 863 931 quam
872 893 981 932 prae-

157 931 300 973 clarus
320 933 403 975 est!

148 1028 153 1034 ,
207 989 264 1030 Et
282 990 581 1032 miseric6rdia
600 997 675 1033 tua
691 992 981 1045 subsequetur

155 1057 225 1086 me
243 1045 267 1071 *
288 1046 488 1088 Omnibus
509 1047 663 1090 diebus
683 1049 785 1090 vitae
804 1062 929 1090 meae:

206 1102 264 1143 Et
278 1107 327 1143 ut
340 1102 578 1145 inhabitem
593 1105 635 1145 in
649 1104 780 1146 domo
793 1106 980 1156 Domini,

154 1158 179 1183 *
196 1158 240 1198 in
259 1157 575 1209 longitudinem
595 1160 773 1202 dierum.

1036 277 1106 305 me
1126 264 1180 306 de
1200 271 1369 308 ventre:
1387 269 1410 294 *
1431 282 1530 322 spes
1555 285 1651 312 mea
1676 272 1730 314 ab
1755 273 1855 314 ube-

1036 319 1156 361 ribus
1175 324 1326 364 matris
1344 338 1464 366 meae.
1501 327 1549 367 In
1573 332 1615 368 te
1636 329 1854 380 projectus

1037 389 1133 417 sum
1153 390 1206 419 ex
1224 382 1365 421 utero:

1087 433 1154 474 De
1165 440 1315 476 ventre
1326 438 1476 478 matris
1487 451 1595 479 meae
1603 436 1722 481 Deus
1732 454 1854 482 meus

1037 501 1083 529 es
1103 494 1160 539 tu,
1180 491 1203 515 *
1223 505 1276 533 ne
1296 492 1547 535 discesseris
1567 508 1590 535 a
1609 509 1692 537 me:

1088 546 1301 595 Quoniam
1321 549 1542 591 tribulatio
1562 552 1758 603 pr6xima
1773 558 1853 594 est:

1035 602 1059 626 *
1079 603 1283 653 quoniam
1302 617 1387 645 non
1409 610 1476 646 est
1496 607 1568 658 qui
1588 607 1769 659 adjuvet.

1087 658 1475 702 Circumdederunt
1493 675 1562 703 me
1578 663 1698 704 vituli
1717 665 1853 706 multi:

1035 713 1058 737 *
1078 715 1189 755 tauri
1208 716 1390 768 pingues
1409 717 1674 760 obsederunt
1693 734 1771 761 me.

1085 770 1363 823 Aperuerunt
1394 787 1523 826 super
1551 788 1619 816 me
1644 788 1693 816 os
1718 789 1852 826 suum,

1034 826 1057 850 *
1077 827 1188 868 sicut
1207 827 1275 869 leo
1296 829 1469 881 rapiens
1489 835 1532 871 et
1551 831 1734 881 rugiens.

1084 883 1204 924 Sicut
1228 897 1340 936 aqua
1365 885 1526 927 effusus
1552 900 1660 928 sum:
1679 889 1702 913 *
1722 893 1765 929 et
1793 888 1851 930 di-

1034 940 1184 991 spersa
1205 946 1305 982 sunt
1324 942 1467 982 Omnia
1487 955 1587 984 ossa
1606 957 1712 985 mea.

1084 996 1266 1037 Factum
1287 1002 1354 1038 est
1373 1010 1448 1038 cor
1467 1012 1610 1040 meum
1630 1005 1851 1052 tamquam

1033 1064 1132 1093 cera
1167 1052 1412 1105 liquescens
1443 1055 1467 1080 *
1498 1055 1540 1095 in
1572 1056 1716 1097 medio
1754 1070 1850 1097 ven-

1032 1108 1110 1149 tris
1131 1109 1227 1150 mei.

1084 1164 1212 1206 Aruit
1227 1170 1450 1218 tamquam
1465 1172 1578 1209 testa
1593 1168 1730 1210 virtus
1745 1182 1850 1219 mea,

1033 1226 1077 1262 et
1116 1221 1262 1273 lingua
1301 1235 1398 1264 mea
1436 1223 1619 1265 adhaesit
1655 1225 1850 1266 salicibus

1030 1278 1153 1318 meis:
1176 1279 1199 1303 *
1224 1284 1267 1320 et
1290 1279 1332 1318 in
1356 1279 1580 1331 pulverem
1603 1282 1756 1322 mortis
1780 1281 1849 1322 de-

1031 1333 1193 1375 duxisti
1212 1348 1292 1376 me.

1082 1391 1296 1441 Qu6niam
1312 1392 1688 1434 circumdederunt
1702 1406 1770 1434 me
1783 1407 1847 1434 ea-

1029 1459 1106 1487 nes
1139 1447 1276 1488 multi:
1304 1449 1327 1473 *
1355 1449 1583 1489 concilium
1616 1450 1846 1500 malignan-

1029 1503 1137 1544 tium
1157 1503 1330 1546 obsedit
1349 1518 1428 1546 me.

1080 1559 1303 1601 Foderunt
1326 1574 1478 1602 manus
1501 1574 1619 1602 meas
1643 1566 1686 1602 et
1708 1561 1843 1614 pedes

1028 1629 1166 1657 meos:
1210 1618 1233 1642 *
1278 1616 1656 1659 dinumeraverunt
1702 1619 1844 1658 Omnia

1029 1685 1130 1713 ossa
1148 1685 1255 1714 mea.

1079 1729 1169 1781 Ipsi
1188 1742 1292 1770 vero
1318 1729 1700 1771 consideraverunt
1724 1735 1766 1771 et
1786 1730 1843 1770 in-

1028 1787 1263 1837 spexerunt
1277 1799 1360 1826 me:
1379 1787 1402 1811 *
1422 1785 1658 1827 diviserunt
1676 1785 1757 1827 sibi
1776 1799 1843 1827 ve-

1028 1841 1229 1882 stimenta
1244 1854 1351 1891 mea,
1371 1847 1414 1883 et
1434 1855 1563 1894 super
1578 1846 1743 1883 vestem
1759 1855 1843 1883 me-

1027 1910 1097 1937 am
1115 1898 1326 1939 miserunt
1345 1903 1519 1939 sortem.

1078 1954 1146 1994 Tu
1169 1959 1314 1995 autem
1332 1954 1517 1995 Domine
1540 1967 1594 1995 ne
1618 1954 1840 2005 elongave-

1025 2010 1084 2050 ris
1113 2010 1318 2051 auxilium
1346 2015 1466 2051 tuum
1495 2023 1519 2051 a
1546 2023 1629 2052 me:
1648 2011 1671 2035 *
1690 2010 1745 2051 ad
1771 2009 1839 2050 de-

1024 2066 1263 2108 fensionem
1283 2079 1424 2108 meam
1444 2067 1657 2118 conspice.

1076 2123 1190 2163 Erue
1231 2135 1256 2163 a
1296 2123 1459 2164 framea
1494 2123 1612 2163 Deus
1654 2122 1838 2162 animam

1023 2191 1178 2220 meam:
1197 2179 1220 2205 *
1240 2183 1283 2220 et
1307 2178 1360 2220 de
1383 2191 1513 2219 manu
1536 2178 1651 2219 canis
1670 2177 1838 2218 unicam

1023 2247 1179 2275 meam:

1074 2291 1202 2332 Salva
1233 2303 1302 2331 me
1335 2303 1389 2331 ex
1420 2301 1494 2330 ore
1526 2288 1677 2329 le6nis:
1696 2289 1719 2314 *
1737 2293 1780 2330 et
1811 2301 1836 2329 a

1022 2346 1225 2388 cornibus
1255 2346 1521 2387 unicornium
1550 2344 1835 2386 humilitatem

1021 2416 1172 2444 meam.

1071 2457 1270 2499 Narrabo
1297 2469 1454 2498 nomen
1481 2461 1603 2497 tuum
1631 2456 1833 2497 fratribus

1019 2515 1126 2556 meis
1134 2531 1141 2554 :
1148 2515 1172 2540 *
1179 2515 1221 2554 in
1231 2513 1373 2554 medio
1383 2512 1576 2553 ecclesiae
1583 2511 1770 2553 laudabo
1779 2517 1832 2553 te.

1071 2571 1153 2621 Qui
1185 2569 1344 2611 timetis
1371 2568 1622 2617 D6minum,
1659 2567 1831 2609 laudate

1019 2639 1132 2667 eum:
1167 2626 1190 2651 *
1225 2625 1471 2665 universum
1514 2636 1661 2665 semen
1695 2622 1829 2664 Jacob

1015 2681 1254 2732 glorificate
1273 2692 1382 2721 eum.

373 1255 543 1292 Feria
580 1255 761 1293 Sexta.

428 1319 627 1361 Psalmus
646 1322 703 1361 21.

152 1381 319 1488 Deus
338 1391 459 1432 Deus
485 1405 609 1433 meus
633 1392 803 1444 respice
827 1393 871 1432 in
893 1405 978 1434 me:

260 1458 394 1498 quare
409 1460 478 1488 me
494 1447 786 1500 dereliquisti?
806 1449 829 1473 *
849 1448 978 1499 longe

153 1512 179 1540 a
220 1501 360 1544 salute
403 1516 502 1545 mea
542 1504 676 1545 verba
717 1503 977 1545 delictorum

153 1558 362 1599 mecrum.

202 1613 324 1655 Deus
356 1628 480 1657 meus
513 1616 711 1658 elamabo
743 1629 823 1669 per
851 1616 976 1666 diem,

152 1673 196 1710 et
215 1682 302 1711 non
321 1671 543 1714 exaudies:
562 1674 585 1698 *
606 1678 649 1714 et
668 1678 808 1723 nocte,
829 1678 872 1714 et
890 1686 977 1714 non

152 1724 209 1766 ad
227 1726 519 1780 insipientiam
538 1729 652 1770 mihi.

203 1782 272 1823 Tu
304 1789 450 1826 autem
482 1785 525 1825 in
557 1790 709 1827 sancto
741 1785 928 1835 habitas,
952 1785 976 1810 *

150 1836 246 1879 laus
264 1840 411 1881 Israel.

202 1895 253 1935 In
275 1900 319 1937 te
344 1898 631 1949 speraverunt
653 1901 802 1950 patres
822 1897 974 1938 nostri:

150 1950 174 1975 *
193 1954 489 2003 speraverunt,
509 1958 552 1995 et
571 1953 766 1995 liberasti
784 1966 871 1995 eos.

202 2007 275 2049 Ad
293 2013 337 2050 te
357 2009 665 2060 clamaverunt,
685 2015 729 2051 et
748 2010 857 2050 salvi
870 2009 974 2051 facti

150 2068 265 2105 sunt:
292 2065 315 2090 *
342 2066 387 2106 in
413 2071 457 2108 te
486 2067 786 2119 speraverunt,
815 2071 859 2107 et
885 2078 973 2107 non

150 2124 251 2161 sunt
270 2121 449 2163 confusi.

201 2177 296 2228 Ego
321 2183 467 2220 autem
492 2191 588 2219 sum
612 2178 787 2227 vermis,
815 2182 859 2219 et
885 2190 972 2219 non

147 2231 296 2275 homo:
315 2234 339 2259 *
358 2234 643 2287 oppr6brium
667 2234 904 2283 hominum,
929 2239 972 2275 et

149 2287 334 2340 abjectio
354 2290 506 2343 plebis.

201 2345 363 2388 Omnes
387 2346 585 2388 videntes
613 2359 699 2396 me,
727 2345 971 2387 deriserunt

148 2414 232 2442 me:
255 2402 279 2427 *
302 2402 439 2444 loenti
464 2408 564 2444 sunt
587 2402 729 2452 labiis,
758 2407 801 2443 et
825 2403 968 2442 move-

147 2462 248 2499 runt
267 2464 409 2511 caput.

198 2513 400 2566 Speravit
413 2515 457 2556 in
470 2515 671 2564 Domino,
687 2515 840 2567 eripiat
855 2526 968 2555 eum:

146 2570 170 2595 *
189 2570 358 2612 salvum
377 2571 508 2612 faciat
524 2584 632 2621 eum,
654 2571 856 2623 quoniam
875 2569 968 2610 vult

147 2638 256 2667 eum.

198 2683 413 2733 Quouiam
444 2688 492 2725 tu
525 2695 587 2733 es,
635 2683 708 2736 qui
739 2683 966 2724 extraxisti

1581 2808 1625 2841 3*

297 2824 361 2848 Pars
377 2823 470 2848 Verna.
