2066 2904
477 1049 759 1099 GOMMUN
762 1050 804 1098 E
836 1050 1319 1099 DEDIGATIONIS
1352 1049 1714 1099 ECGLESIAE.

457 1198 519 1240 In
540 1199 576 1241 Ι.
596 1200 848 1251 vesperis.

288 1270 446 1312 Antiph.
468 1271 514 1304 de
536 1270 747 1306 Laudibus.
770 1273 862 1317 [139]

288 1325 431 1359 Psalmi
459 1332 498 1361 ut
528 1327 564 1360 in
595 1328 620 1361 I.
647 1328 763 1371 Yesp
790 1328 836 1361 de
863 1328 1066 1362 Communi

236 1374 372 1416 Apost.
399 1379 445 1422 [1]
476 1380 512 1409 et
538 1376 623 1409 loco
650 1376 774 1409 ultimi

498 1444 696 1484 Psalmus
718 1445 802 1484 147.

632 1516 877 1558 Jerusalem
916 1517 1066 1557 Demi-

463 1584 471 1609 <
495 1586 612 1614 num:
635 1574 659 1599 *
679 1573 811 1615 lauda
832 1573 978 1614 Deum
1002 1578 1066 1614 tu-

463 1637 471 1671 >ss
494 1643 567 1670 um
586 1629 703 1670 Sion.

462 1683 471 1734 J
547 1686 765 1736 Queniam
802 1685 1067 1728 confortavit

461 1751 465 1754 “
495 1754 616 1783 seras
631 1744 861 1795 portarum
877 1743 1066 1783 tuarum:

234 1798 257 1823 *
276 1798 502 1840 benedixit
521 1798 621 1839 filiis
640 1799 725 1839 tuis
745 1798 789 1838 in
806 1803 861 1840 te.

286 1859 371 1909 Qui
389 1859 539 1911 pesuit
557 1859 667 1900 fines
681 1863 782 1900 tuos
797 1871 969 1911 pacem:
983 1859 1007 1884 *
1023 1864 1067 1901 et

234 1914 365 1968 adipe
384 1916 589 1956 frumenti
610 1915 739 1957 satiat
757 1920 813 1956 te.

286 1975 370 2026 Qui
397 1976 556 2017 emittit
580 1976 803 2028 elequium
830 1988 958 2017 suum
982 1981 1066 2018 ter-

232 2044 310 2072 rae:
328 2032 352 2058 *
371 2032 582 2074 veleciter
602 2032 737 2073 currit
755 2044 901 2073 sermo
922 2033 1024 2084 ejus.

284 2092 368 2142 Qui
389 2092 464 2133 dat
482 2091 628 2134 nivem
647 2092 760 2133 sicut
778 2092 938 2133 lanam:
952 2093 975 2118 *
995 2094 1065 2134 ne-

231 2147 381 2189 bulam
401 2148 513 2190 sicut
533 2151 723 2190 cinerem
743 2148 922 2201 spargit,

283 2208 419 2250 Mittit
434 2208 689 2261 crystallum
705 2221 829 2249 suam
845 2209 957 2249 sicut
970 2208 1065 2250 buc-

232 2264 381 2305 cellas:
405 2265 429 2290 *
456 2269 557 2306 ante
585 2264 742 2306 faciem
770 2265 944 2315 frigoris
973 2266 1063 2316 ejus

234 2320 329 2371 quis
350 2320 603 2362 sustinebit?

285 2380 466 2422 Emittet
489 2380 673 2422 verbum
698 2394 840 2430 suum,
866 2386 910 2422 et
929 2381 1062 2433 lique-

234 2435 364 2477 faciet
392 2450 458 2477 ea:
476 2438 499 2462 *
525 2437 647 2479 flabit
675 2436 855 2489 spiritus
884 2438 989 2488 ejus,
1019 2443 1063 2479 et

232 2491 367 2532 fluent
386 2505 524 2544 aquae.

285 2552 369 2600 Qui
391 2553 618 2594 annuntiat
641 2553 825 2595 verbum
848 2566 975 2594 suum
993 2554 1017 2594 J
1020 2566 1061 2595 a-

233 2606 336 2648 cob:
377 2608 399 2632 *
438 2608 641 2658 justitias,
691 2615 734 2651 et
779 2609 937 2661 judicia
983 2622 1061 2651 sua

231 2663 379 2703 Israel.

1172 1199 1274 1241 Non
1298 1199 1400 1241 fecit
1422 1199 1569 1242 taliter
1593 1200 1711 1242 omni
1730 1200 1910 1243 natieni:
1928 1202 1953 1228 *

1122 1260 1165 1297 et
1184 1255 1342 1308 judicia
1362 1269 1441 1298 sua
1459 1269 1548 1299 non
1566 1257 1862 1299 manifestavit
1880 1258 1953 1300 eis.

1228 1322 1488 1374 Capitulum.
1637 1323 1777 1374 Apoc.
1791 1322 1848 1362 21.

1213 1386 1275 1427 idi
1302 1387 1525 1429 civitatem
1557 1392 1755 1430 sanctam
1781 1388 1806 1429 J
1809 1391 1954 1430 enisa-

1229 1442 1315 1484 lem
1343 1456 1506 1485 novam
1535 1443 1877 1486 descendentem
1897 1443 1953 1487 de

1121 1497 1236 1539 coelo
1259 1512 1284 1540 a
1303 1500 1417 1550 Deo,
1445 1502 1661 1553 paratam,
1686 1500 1799 1542 sicut
1822 1513 1953 1554 spon-

1121 1565 1215 1595 sam
1236 1557 1438 1597 ornatam
1458 1557 1553 1598 viro
1573 1569 1666 1599 suo.

1431 1628 1643 1679 Hymnus.

1223 1684 1390 1727 oelestis
1408 1686 1513 1728 urbs
1532 1687 1787 1738 Jerusalem,

1238 1741 1378 1783 Beata
1395 1743 1518 1795 pacis
1537 1743 1658 1793 visio,

1199 1797 1308 1847 Quae
1328 1797 1446 1840 celsa
1466 1798 1522 1840 de
1541 1799 1790 1841 viventibus

1197 1853 1323 1895 Saxis
1343 1854 1400 1896 ad
1419 1859 1538 1896 astra
1556 1855 1735 1905 telleris,

1196 1909 1471 1963 Sponsaeque
1490 1912 1576 1953 ritu
1596 1912 1783 1963 cingeris

1198 1965 1316 2008 Mille
1337 1967 1608 2019 Angelerum
1627 1968 1830 2010 millibus.

1147 2034 1184 2074 O
1207 2040 1326 2078 sorte
1346 2042 1485 2090 nupta
1502 2039 1730 2090 pr6spera,

1197 2092 1363 2134 Dotata
1381 2093 1523 2135 Patris
1542 2093 1693 2144 gleria‚

1198 2147 1421 2201 Respersa
1441 2150 1594 2202 sponsi
1612 2149 1763 2201 gratia,

1196 2204 1367 2255 Regina
1388 2205 1715 2256 formosissima,

1197 2259 1371 2302 Christo
1390 2262 1536 2313 jugata
1554 2261 1758 2314 Principi,

1197 2316 1309 2358 Coeli
1328 2321 1514 2359 corusca
1533 2319 1698 2359 civitas.

1145 2385 1229 2425 Hic
1249 2386 1497 2435 margaritis
1516 2386 1715 2437 emicant,

1194 2441 1439 2493 Patentque
1460 2443 1628 2483 cunctis
1649 2443 1775 2484 estia:

1194 2497 1369 2538 Virtute
1388 2510 1578 2549 namque
1596 2499 1763 2550 praevia

1194 2552 1393 2594 Mortalis
1412 2553 1516 2595 illuc
1536 2553 1721 2603 ducitur,

1195 2609 1359 2650 Amere
1380 2609 1540 2651 Christi
1559 2611 1754 2662 percitus

1192 2665 1432 2707 Tormenta
1451 2666 1649 2718 quisquis
1668 2666 1864 2708 sustinet.
