2066 2956
211 208 311 253 [190]

264 309 404 347 Rivos
443 305 534 356 ejus
574 304 756 355 inebria,
801 305 1042 358 multiplica

213 362 429 414 genimina
455 362 560 412 ejus:
579 362 602 386 *
622 362 666 402 in
692 361 923 403 stillicidiis
950 363 1041 414 ejus

211 417 433 460 laetabitur
451 418 709 468 germinans.

264 473 509 516 Benedices
534 477 712 516 coronae
731 475 833 516 anni
850 474 1041 525 benigni-

212 531 316 574 tatis
336 537 440 573 tuae:
459 532 484 558 *
503 535 547 573 et
566 532 710 584 campi
731 532 795 573 tui
812 531 1040 584 replebun-

214 593 284 630 tur
303 588 518 629 ubertate.

264 645 556 695 Pinguescent
583 645 785 697 speciosa
813 644 992 686 deserti:
1017 645 1041 670 *

214 706 258 744 et
283 700 575 743 exsultatiOne
597 701 732 742 colles
752 701 1042 751 accingentur.

265 757 415 799 Induti
431 762 532 798 sunt
546 759 704 799 arietes
720 757 878 807 ovium,
899 762 942 799 et
956 756 1042 798 val-

214 815 278 856 les
316 813 602 855 abundabunt
638 814 870 855 frumento:
902 815 925 840 *
959 813 1041 855 cla-

214 870 406 919 mabunt,
426 870 586 912 etenim
605 869 814 923 hymnum
834 869 990 912 dicent.

265 927 482 979 Requiem
502 928 722 968 aeternam.

269 993 363 1031 Ant.
395 987 568 1030 Exaudi
589 988 777 1029 Domine
798 988 1044 1030 orationem

214 1057 371 1086 meam:
390 1043 447 1086 ad
464 1048 509 1085 te
528 1044 669 1085 omnis
689 1057 791 1086 caro
811 1045 966 1086 veniet.

266 1110 362 1148 Ant.
402 1107 471 1147 Me
496 1106 689 1158 suscepit
714 1107 738 1133 ²⁸¹
762 1105 943 1148 dextera
967 1109 1042 1146 tua

215 1162 414 1204 Demine.

487 1208 683 1249 Psalmus
705 1210 767 1247 (32.

213 1267 385 1372 Deus
403 1267 525 1308 Deus
543 1280 668 1309 meus
687 1269 710 1294 *
730 1266 787 1309 ad
806 1272 851 1310 te
872 1268 928 1311 de
946 1269 1044 1311 luce

312 1323 457 1374 vigilo.

267 1380 411 1422 Sitivit
435 1380 479 1420 in
502 1384 547 1421 te
571 1380 715 1421 anima
737 1393 851 1431 mea,
870 1382 893 1408 *
913 1395 1045 1434 quam

216 1436 514 1490 multipliciter
532 1436 614 1478 tibi
632 1449 736 1478 caro
755 1450 863 1479 mea.

267 1494 318 1534 In
341 1498 460 1535 terra
484 1493 675 1543 deserta,
700 1498 744 1535 et
762 1494 892 1544 invia,
921 1499 965 1536 et
983 1495 1042 1535 in-

216 1552 397 1602 aquosa:
431 1551 454 1578 *
487 1550 549 1592 sic
584 1550 629 1591 in
666 1555 819 1592 sancto
857 1552 1042 1604 apparui

215 1606 310 1657 tibi,
333 1612 381 1648 ut
399 1606 595 1648 viderem
613 1606 820 1649 virtutem
838 1612 974 1657 tuam,
999 1613 1043 1650 et

216 1662 401 1714 gloriam
418 1668 551 1705 tuam.

269 1719 486 1770 Queniam
517 1719 672 1761 melior
703 1724 770 1761 est
799 1720 1042 1762 misericor-

218 1776 290 1818 dia
322 1780 397 1818 tua
429 1789 561 1829 super
593 1777 719 1818 vitas:
747 1778 771 1805 *
798 1776 915 1818 labia
945 1790 1044 1819 mea

214 1832 456 1874 laudabunt
475 1838 530 1874 te.

267 1889 338 1930 Sic
361 1888 620 1931 benedicam
642 1894 686 1931 te
710 1889 755 1930 in
774 1890 863 1931 vita
887 1902 999 1931 mea:
1017 1891 1042 1918 *

216 1951 261 1988 et
297 1946 341 1987 in
375 1946 550 1988 nomine
583 1951 661 1988 tuo
692 1946 850 1988 levabo
888 1959 1042 1988 manus

215 2015 348 2044 meas

267 2059 388 2101 Sicut
407 2058 537 2111 edipe
561 2063 604 2100 et
622 2058 887 2111 pinguedine
906 2059 1043 2111 reple-

217 2117 315 2158 etur
336 2115 484 2157 anima
509 2128 620 2157 mea:
639 2115 663 2141 *
682 2120 726 2156 et
749 2114 877 2156 labiis
903 2115 1041 2157 exsul-

216 2171 393 2214 tati6nis
412 2171 608 2213 laudabit
627 2184 677 2212 os
696 2184 852 2212 meum.

268 2228 313 2270 Si
336 2241 504 2270 memor
528 2228 589 2270 fui
615 2228 678 2269 tui
703 2240 835 2280 super
859 2232 1043 2270 stratum

217 2298 378 2335 meum,
412 2285 456 2326 in
480 2284 703 2327 matutinis
727 2284 976 2326 meditabor
1001 2285 1043 2326 in

217 2346 276 2383 te:
294 2342 319 2368 *
338 2341 439 2394 quia
457 2342 575 2384 fuisti
595 2340 766 2393 adjutor
784 2353 919 2382 meus.

270 2398 327 2440 Et
350 2398 394 2438 in
413 2398 660 2440 velamento
683 2397 851 2439 alarum
870 2399 1043 2439 tuarum

220 2454 460 2505 exsultabo,
474 2454 661 2496 adhaesit
675 2454 818 2495 {mima
831 2466 929 2495 mea
943 2460 1045 2506 post

219 2514 278 2550 te:
296 2510 319 2535 *
338 2523 408 2552 me
428 2511 622 2564 suscepit
641 2510 822 2552 dextera
840 2515 925 2551 tua.

272 2566 362 2618 Ipsi
388 2580 492 2609 vero
521 2568 565 2608 in
592 2580 751 2608 vanum
780 2567 1045 2620 quaesierunt

222 2621 408 2663 enimam
427 2636 584 2673 meam,
611 2623 854 2666 introibunt
876 2623 920 2664 in
943 2623 1045 2665 infe-

222 2677 339 2719 ri6ra
366 2684 511 2720 terrae:
530 2680 799 2731 *,tradentur
825 2681 869 2720 in
892 2692 1045 2721 manus

222 2733 366 2784 gladii,
386 2740 532 2787 partes
552 2737 747 2789 vulpium
765 2742 901 2779 erunt.

822 212 997 246 Officium
1023 212 1305 247 Dcl'unctorum.

1146 307 1241 348 Rex
1259 319 1364 349 vero
1387 307 1608 349 laetabitur
1629 307 1674 348 in
1691 307 1804 357 Deo,
1828 307 1916 348 lau-

1093 362 1312 404 dabuntur
1342 376 1493 405 omnes
1520 364 1594 416 qui
1618 364 1759 415 jurant
1781 363 1826 404 in
1849 376 1917 405 eo:

1093 421 1116 446 *
1143 419 1244 472 quia
1271 419 1547 462 obstructum
1571 425 1639 462 est
1664 432 1715 461 os
1738 419 1916 472 loquen-

1093 476 1200 518 tium
1218 476 1376 529 iniqua.

1144 534 1228 574 Hic
1248 546 1332 573 non
1355 533 1513 574 dicitur
1533 533 1759 586 Requiem.

1363 590 1562 630 Psalmus
1582 592 1646 630 66.

1181 659 1259 688 eus
1276 646 1534 687 misereatur
1552 645 1709 696 nostri,
1728 650 1772 688 et
1789 645 1917 688 bene-

1189 702 1306 744 dicat
1322 701 1464 744 nobis:
1483 703 1506 729 *
1524 702 1737 744 illuminet
1750 702 1918 744 vultum

1094 772 1220 801 suum
1238 772 1370 811 super
1389 771 1489 808 nOS,
1509 762 1552 800 et
1569 759 1827 801 misereetur
1844 771 1919 800 no-

1094 816 1184 858 stri.

1146 872 1205 914 Ut
1236 873 1553 922 cognoscamus
1584 871 1628 912 in
1658 875 1778 912 terra
1806 870 1921 912 viam

1094 934 1231 970 tuam:
1250 929 1273 954 *
1292 928 1336 968 in
1356 927 1557 969 omnibus
1577 927 1792 970 Gentibus
1810 927 1920 969 salu·

1095 987 1191 1027 tare
1208 990 1343 1026 tuum.

1149 1041 1447 1083 Confiteentur
1469 1041 1551 1083 tibi
1569 1040 1723 1094 populi
1740 1040 1879 1082 Deus:
1897 1041 1922 1068 *

1096 1098 1383 1140 confiteantur
1402 1097 1482 1139 tibi
1500 1097 1655 1150 populi
1673 1109 1836 1139 omnes.

1146 1155 1372 1196 Laetentur
1395 1159 1439 1196 et
1462 1154 1681 1196 exsultent
1700 1153 1880 1196 Gentes:
1898 1154 1922 1181 *

1098 1212 1305 1264 queniam
1327 1211 1492 1263 judicas
1515 1210 1706 1264 populos
1729 1211 1774 1251 in
1791 1210 1924 1263 aequi-

1097 1270 1198 1318 tete,
1219 1272 1262 1309 et
1281 1267 1448 1309 Gentes
1466 1268 1511 1308 in
1529 1272 1648 1309 terra
1667 1267 1828 1319 dirigis.

1150 1324 1451 1366 Confiteantur
1486 1324 1566 1366 tibi
1601 1323 1755 1377 populi
1789 1323 1922 1373 Deus,

1097 1381 1388 1423 confiteantur
1418 1380 1499 1422 tibi
1524 1380 1678 1433 pepuli
1707 1392 1873 1422 omnes:
1899 1380 1923 1406 *

1096 1442 1214 1479 terra
1233 1436 1356 1479 dedit
1374 1437 1563 1479 fructum
1581 1450 1718 1479 suum.
1763 1473 1769 1481 ,

1146 1493 1387 1536 Benedicat
1413 1506 1495 1535 nos
1522 1493 1660 1544 Deus,
1695 1493 1817 1535 Deus
1846 1505 1921 1534 no-

1097 1555 1202 1601 ster,
1223 1548 1457 1592 benedicat
1474 1563 1555 1592 nos
1574 1550 1711 1592 Deus:
1729 1550 1754 1576 *
1774 1554 1818 1592 et
1835 1550 1921 1591 me-

1096 1612 1221 1649 tuant
1239 1619 1339 1648 eum
1359 1619 1511 1648 omnes
1530 1607 1640 1648 fines
1658 1611 1801 1648 terrae.

1149 1663 1364 1716 Requiem
1383 1664 1603 1704 aeternam.

1146 1723 1245 1762 Ant.
1292 1722 1365 1761 Me
1401 1720 1596 1772 suscepit
1632 1718 1813 1761 dextera
1847 1723 1923 1760 tua

1097 1775 1295 1817 Domine.

1147 1836 1244 1875 Ant.
1283 1836 1322 1874 A
1351 1836 1482 1884 porta
1507 1831 1635 1873 inferi
1657 1833 1680 1859 *
1705 1833 1808 1873 erue
1835 1831 1922 1872 Do—

1096 1888 1212 1930 mine
1231 1888 1418 1930 animam
1436 1901 1590 1930 meam.

1276 1956 1501 1995 Canticum
1532 1953 1741 1994 Ezechiae.

1388 2011 1500 2045 Isaiu:
1516 2012 1570 2044 153.
1591 2010 1625 2044 b.

1177 2072 1233 2110 go
1280 2058 1383 2100 dixi:
1431 2059 1482 2100 In
1528 2058 1710 2101 dimidio
1754 2058 1921 2100 dierum

1204 2118 1400 2157 meerum
1428 2117 1452 2142 *
1479 2114 1638 2157 vadam
1675 2115 1733 2157 ad
1769 2120 1920 2168 portas

1096 2172 1232 2214 inferi.

1149 2228 1342 2279 Quaesivi
1363 2227 1586 2270 residuum
1605 2230 1817 2270 annorum
1834 2241 1920 2270 me—

1097 2287 1239 2326 orum:
1259 2285 1283 2311 *
1310 2285 1427 2326 Dixi:
1454 2285 1555 2326 Non
1582 2284 1744 2327 videbo
1771 2285 1920 2326 Domi-

1095 2355 1199 2383 num
1217 2341 1361 2383 Deum
1378 2341 1422 2382 in
1440 2346 1558 2382 terra
1576 2341 1824 2383 viventium.

1147 2398 1248 2439 Non
1273 2397 1482 2450 aspiciam
1506 2397 1727 2439 hominem
1750 2397 1874 2447 ultra,
1897 2399 1921 2425 ¹⁸¹

1097 2459 1141 2496 et
1159 2454 1451 2495 habitatorem
1471 2454 1639 2505 quietis.

1150 2510 1388 2552 Generatio
1429 2522 1528 2551 mea
1567 2509 1714 2551 ablata
1751 2514 1832 2558 est,
1878 2514 1923 2551 et

1097 2566 1333 2609 convoluta
1351 2571 1419 2607 est
1438 2579 1463 2606 a
1481 2578 1567 2612 me,
1586 2566 1609 2591 *
1630 2566 1754 2618 quasi
1779 2565 1920 2608 taber-

1096 2623 1299 2665 naculum
1318 2624 1560 2675 pastorum:

1149 2681 1339 2721 Praecisa
1358 2684 1425 2720 est
1444 2678 1563 2720 velut
1582 2691 1606 2719 a
1625 2680 1812 2729 texente,
1834 2679 1923 2720 vita

1097 2749 1208 2778 mea:
1235 2735 1339 2777 dum
1362 2734 1505 2776 adhuc
1529 2735 1713 2786 ordirer,
1739 2734 1925 2777 succidit
