2028 2892
688 172 798 205 Feria
823 176 958 215 quarta
983 172 1033 205 ad
1056 172 1293 206 Matutinum.

194 264 252 305 Et
284 268 333 305 tu
359 263 549 305 Domine
578 262 798 305 deridebis
826 277 920 306 eos:
948 266 972 292 *

143 319 200 361 ad
216 319 397 361 nihilum
414 319 609 361 deduces
624 332 776 361 omnes
795 320 972 362 Gentes

193 375 515 419 Fortitudinem
532 389 677 418 meam
693 376 749 418 ad
765 382 810 418 te
830 379 971 418 custo-

143 432 277 483 diam,
314 434 415 486 quia
441 433 563 474 Deus
592 435 822 486 susceptor
848 447 972 475 meus

144 502 207 531 es:
224 491 248 517 *
267 490 390 531 Deus
408 502 544 540 meus,
563 490 863 531 misericordia
882 491 972 542 ejus

141 546 382 599 praeveniet
409 559 492 588 me.

193 603 315 644 Deus
336 602 539 644 ostendet
556 602 662 643 mihi
686 615 818 655 super
836 603 971 643 inimi-

143 671 219 701 cos
250 672 392 709 meOS‚
428 672 483 701 ne
519 658 696 701 occidas
731 672 821 701 eos:
849 661 873 686 *
899 673 971 701 ne-

144 715 320 768 quando
350 716 664 758 obliviscantur
697 716 849 769 populi
876 716 973 758 mei.

193 773 410 826 Disperge
444 772 543 814 illos
571 773 615 813 in
642 773 803 814 virtute
831 777 920 814 tua:
949 774 972 799 *

144 833 198 894 et·
206 829 380 883 depone
402 842 479 871 eos
499 831 725 882 protector
742 842 865 871 meus
884 829 972 870 Do-

141 898 273 927 mme:

193 942 415 984 Delictum
434 943 522 985 oris
541 944 702 991 eorum,
726 944 973 983 sermonem

142 998 359 1041 labiorum
391 1000 602 1052 ipsorum:
638 1001 662 1026 *
700 1004 743 1040 et
777 1012 972 1051 compre-

142 1055 391 1098 hendantur
416 1057 461 1097 in
489 1055 695 1108 superbia
723 1069 812 1097 sua.

194 1113 250 1154 Et
273 1112 329 1154 de
356 1112 657 1154 exsecratione
675 1117 717 1154 et
742 1111 972 1153 mendacio

143 1169 483 1211 afiuntiabuntur
510 1170 555 1210 in
582 1168 974 1210 consummatione:

144 1226 168 1253 *
202 1226 246 1266 in
278 1226 343 1267 ira
371 1225 774 1276 consummationis,
810 1229 853 1266 et
886 1238 973 1266 non

145 1287 282 1324 erunt.
826 1321 830 1326 .

196 1340 253 1381 Et
281 1341 420 1382 scient
457 1341 558 1394 quia
584 1343 706 1383 Deus
735 1339 974 1382 dominabi-

144 1399 216 1437 tur
242 1396 400 1439 Jacob:
427 1400 451 1425 *
480 1403 524 1439 et
550 1398 702 1439 finium
729 1402 870 1438 terrae.

198 1453 519 1495 Convertentur
561 1453 618 1495 ad
661 1456 892 1506 vesperam
932 1457 975 1494 et

145 1508 306 1550 famem
338 1510 559 1563 patientur
595 1515 643 1552 ut
680 1523 826 1552 canes:
869 1511 893 1537 *
932 1514 975 1550 et

146 1565 390 1608 circuibunt
417 1567 650 1609 civitatem.

195 1622 288 1674 Ipsi
307 1622 614 1676 dispergentur
637 1623 694 1665 ad
712 1622 974 1665 manducan-

146 1677 265 1720 dum:
283 1680 306 1707 *
326 1679 363 1720 si
377 1693 484 1722 vero
503 1693 592 1722 non
612 1680 772 1722 fuerint
793 1679 975 1721 saturati

146 1739 190 1776 et
215 1736 560 1778 murmurabunt.

196 1792 292 1843 Ego
310 1797 457 1835 autem
476 1793 664 1835 cantabo
674 1792 975 1834 fortitudinem

143 1851 278 1890 tuam:
307 1851 331 1877 *
359 1854 402 1891 et
431 1850 662 1892 exsultabo
689 1862 817 1890 mane
848 1849 973 1890 mise-

144 1904 377 1947 ricordiam
403 1911 535 1948 tuam.

196 1962 308 2012 Quia
336 1963 477 2005 factus
499 1976 546 2005 es
583 1965 815 2015 susceptor
840 1974 974 2010 meus⁷

143 2019 168 2045 *
185 2023 228 2059 et
255 2019 471 2071 refugium
487 2033 644 2070 meum,
671 2019 715 2060 in
743 2018 814 2060 die
841 2017 973 2059 tribu-

144 2073 318 2116 lationis
345 2089 468 2118 meae.

196 2131 384 2183 Adjutor
405 2146 530 2175 meus
551 2132 631 2174 tibi
649 2131 844 2184 psallam,
873 2130 974 2182 quia

144 2187 266 2229 Deus
295 2191 525 2242 susceptor
557 2201 681 2230 meus
710 2201 772 2229 es:
801 2189 824 2214 *
851 2186 973 2227 Deus

144 2257 268 2286 meus
295 2245 595 2287 misericordia
621 2258 730 2286 mea.

195 2314 295 2354 Ant.
320 2313 440 2356 Justa
451 2314 640 2365 iudicate
653 2312 730 2353 filii
740 2312 973 2353 hominum.

195 2379 294 2419 Ant.
323 2379 395 2420 Da
421 2379 559 2421 nobis.

412 2457 609 2498 Psalmus
637 2457 704 2497 59.

144 2521 311 2627 Deus
330 2526 529 2579 repulisti
549 2539 639 2575 nOS,
661 2530 703 2567 et
722 2523 974 2566 destruxisti

249 2596 347 2625 nos:
366 2585 389 2610 *
408 2584 544 2624 iratus
566 2595 623 2632 es,
643 2587 687 2623 et
703 2582 905 2622 misertus
926 2592 974 2620 es

145 2638 284 2680 nobis.

200 2695 486 2737 Commovisti
518 2699 696 2744 terram,
732 2697 775 2734 et
803 2695 973 2733 contur-

1023 263 1139 306 basti
1159 278 1268 306 eam:
1285 268 1308 292 *
1328 279 1432 307 sana
1447 268 1729 309 contritiones
1746 269 1846 320 ejus,

1026 322 1126 373 quia
1154 324 1373 363 commota
1400 327 1476 364 est.

1077 371 1318 420 Ostendisti
1353 379 1518 431 populo
1552 385 1628 422 tuo
1666 380 1790 422 dura:
1823 382 1846 408 *

1023 435 1188 486 potasti
1214 448 1295 476 nos
1322 435 1422 477 vino
1452 438 1806 489 compunctionis.

1075 490 1248 532 Dedisti
1264 492 1556 534 metuentibus
1571 498 1615 534 te
1636 493 1845 544 significa-

1022 548 1296 589 tionem:*ut
1323 549 1488 599 fugiant
1516 562 1541 589 a
1568 549 1678 590 facie
1706 562 1847 590 arcus:

1077 604 1135 645 Ut
1162 604 1399 645 liberentur
1434 604 1579 646 dilecti
1611 606 1688 646 tui:
1716 608 1738 633 *
1767 606 1846 646 sal-

1024 674 1127 702 vum
1146 661 1214 702 fac
1233 661 1413 702 dextera
1430 666 1516 711 tua,
1533 666 1575 702 et
1595 662 1751 703 exaudi
1767 676 1846 703 me.

1077 717 1198 758 Deus
1221 717 1393 758 locutus
1422 723 1488 759 est
1514 718 1557 758 in
1577 724 1727 759 sancto
1753 732 1846 760 suo:

1024 775 1048 801 *
1073 773 1290 824 Laetabor‚
1317 779 1360 815 et
1386 774 1582 826 partibor
1602 774 1847 816 Sichimam:

1026 835 1069 871 et
1098 830 1342 872 convallem
1361 830 1739 872 tabernaculorum
1762 844 1846 872 me-

1024 886 1152 928 tibor.

1077 944 1200 984 Meus
1235 948 1300 985 est
1334 943 1518 993 Galaad,
1551 949 1594 985 et
1625 958 1747 986 meus
1782 949 1847 985 est

1025 1000 1267 1041 Manasses:
1291 1002 1314 1027 *
1341 1005 1384 1041 et
1407 1000 1615 1053 Ephraim
1639 1000 1846 1042 fortitudo

1026 1057 1180 1109 capitis
1207 1057 1303 1098 mei.

1077 1114 1101 1153 J
1104 1113 1191 1154 uda
1211 1126 1287 1154 rex
1305 1126 1444 1154 meus:
1461 1115 1484 1140 *
1502 1114 1632 1155 Moab
1655 1113 1740 1155 olla
1755 1114 1848 1166 spei

1025 1183 1147 1211 meae.

1078 1228 1129 1267 In
1157 1226 1396 1268 Idumaeam
1428 1226 1659 1267 extendam
1687 1226 1846 1267 calcea-

1026 1285 1219 1324 mentum
1245 1296 1406 1324 meum:
1424 1285 1447 1309 *
1465 1282 1569 1323 mihi
1596 1283 1846 1333 alienigenae

1027 1339 1190 1381 subditi
1218 1344 1328 1380 sunt.

1079 1397 1186 1446 Quis
1223 1395 1411 1437 deducet
1447 1408 1516 1436 me
1552 1395 1594 1435 in
1630 1396 1846 1436 civitatem

1026 1455 1249 1494 munitam:
1279 1455 1302 1479 *
1332 1453 1427 1504 quis
1459 1451 1647 1493 deducet
1678 1464 1746 1492 me
1781 1465 1846 1492 us-

1028 1522 1112 1561 que
1140 1510 1182 1550 in
1211 1507 1470 1550 Idumaeam?

1077 1566 1233 1607 Nonne
1248 1570 1296 1606 tu
1305 1565 1436 1613 Deus,
1449 1565 1521 1616 qui
1541 1564 1735 1617 repulisti
1752 1576 1846 1604 nos:

1026 1624 1050 1649 *
1078 1627 1121 1664 et
1154 1635 1241 1663 non
1276 1621 1509 1672 egredieris
1536 1621 1656 1662 Deus
1691 1620 1734 1660 in
1766 1620 1845 1661 vir·

1026 1679 1192 1720 tutibus
1219 1676 1402 1720 nostris?
1614 1711 1618 1718 .

1077 1736 1146 1777 Da
1174 1735 1300 1776 nobis
1328 1734 1534 1775 auxilium
1562 1733 1615 1775 de
1640 1732 1846 1774 tribulati-

1027 1794 1126 1833 one:
1154 1794 1177 1818 *
1207 1792 1307 1844 quia
1335 1803 1446 1831 vana
1473 1790 1588 1830 salus
1616 1789 1810 1830 hominis.

1077 1850 1127 1889 In
1154 1848 1251 1889 Deo
1279 1847 1485 1888 faciemus
1512 1847 1730 1887 virtutem:
1758 1847 1780 1872 *
1803 1849 1845 1885 et

1024 1905 1119 1957 ipse
1147 1904 1204 1945 ad
1231 1903 1409 1944 nihilum
1429 1902 1618 1944 deducet
1642 1900 1844 1942 tribulan-

1024 1966 1092 2002 tes
1119 1974 1211 2002 nos.

1286 2011 1483 2051 Psalmus
1512 2012 1583 2051 60.

1025 2064 1238 2169 Exaudi
1257 2072 1377 2113 Deus
1393 2070 1746 2123 deprecationem
1764 2081 1844 2109 me-

1128 2142 1213 2170 am:
1242 2130 1265 2155 *
1292 2126 1466 2168 intende
1497 2125 1680 2167 orationi
1706 2137 1827 2165 meae.

1077 2186 1118 2226 A
1144 2184 1302 2226 finibus
1334 2189 1462 2225 terrae
1491 2181 1546 2223 ad
1572 2187 1615 2222 te
1648 2180 1844 2221 clamavi:

1025 2244 1048 2269 *
1084 2241 1187 2282 dum
1220 2241 1465 2281 anxiaretur
1499 2251 1574 2279 cor
1606 2249 1765 2285 meum,
1801 2236 1843 2276 in

1025 2302 1149 2350 petra
1177 2296 1378 2338 exaltasti
1403 2307 1483 2335 me.

1076 2353 1307 2394 Deduxisti
1322 2364 1400 2400 me,
1419 2350 1516 2402 quia
1531 2349 1669 2390 factus
1681 2361 1727 2390 es
1743 2361 1843 2400 spes

1024 2423 1138 2451 mea:
1165 2411 1188 2436 *
1220 2409 1348 2450 turris
1381 2404 1643 2447 fortitudinis
1677 2418 1702 2445 a
1733 2404 1843 2445 facie

1024 2465 1194 2506 inimici.

1076 2519 1334 2562 Inhabitabo
1370 2518 1413 2558 in
1448 2516 1730 2558 tabernaculo
1766 2521 1841 2557 tuo

1024 2579 1067 2618 in
1083 2577 1258 2618 saecula:
1278 2578 1300 2602 *
1318 2576 1522 2627 protegar
1540 2573 1582 2613 in
1599 2573 1840 2614 velamento

1024 2633 1191 2675 alarum
1217 2633 1398 2672 tuarum.

1077 2688 1290 2738 Quoniam
1321 2691 1370 2727 tu
1402 2685 1523 2726 Deus
1558 2697 1681 2726 meus
1715 2695 1839 2725 exau-
