2066 2904
513 182 580 215 I)ic
610 182 662 214 14).
689 181 803 215 Junii.
851 183 884 214 S.
912 180 1128 222 Margaritae
1156 180 1311 221 Reginae
1336 179 1476 213 Scotia:
1504 178 1649 212 Viduae.

232 276 335 318 Mox
368 274 423 316 ad
454 277 690 327 praetorem
722 274 917 324 adducti,
955 288 1052 316 cum

233 331 511 374 christianam
548 330 681 372 fidem
719 331 926 372 acerrime
962 336 1051 372 tue-

232 390 395 437 rentur,
439 387 549 428 alter
589 386 644 428 ab
681 387 818 429 altero
856 386 1051 428 distracti

232 449 347 485 sunt:
375 456 426 485 ac
450 443 637 496 primum
657 444 775 484 varie
797 445 963 485 tentata
986 447 1052 483 est

232 500 474 541 constantia
488 499 706 540 Feliciani.
735 498 823 541 Sed
842 512 939 540 cum
959 511 1052 539 sua-

232 558 353 598 sores
393 555 632 608 impietatis
672 568 718 597 se
755 567 888 607 posse
931 553 1051 607 quid-

233 625 362 665 quam
403 611 549 653 verbis
590 612 805 664 proficere
848 610 1051 663 despera-

231 674 341 718 rent,
367 668 507 709 affixis
527 668 663 720 stipiti
681 667 880 709 manibus
900 667 990 718 ejus
1010 672 1053 708 et

231 724 431 777 pedibus,
463 725 607 776 ipsum
633 724 724 765 sine
751 723 848 765 cibo
874 728 917 765 et
943 728 1052 776 potu

232 780 333 823 inde
361 780 550 822 triduum
576 780 841 833 pendentem
869 779 1050 831 relique-

232 843 341 879 runt.
394 836 610 878 Postridie
646 837 736 888 ejus
770 835 856 877 diei
886 840 1051 888 praetor

231 895 435 935 vocatum
453 893 509 934 ad
528 905 574 934 se
589 893 780 933 Primum
799 894 861 934 sic
881 891 1051 933 affatur:

231 949 379 999 Vides,
395 950 557 1001 quanto
574 949 629 990 sit
641 948 907 1001 prudentior,
922 961 1052 1000 quam

231 1011 296 1055 tu,
319 1005 452 1047 frater
474 1011 591 1053 tuus,
618 1005 691 1056 qui
717 1004 953 1047 obsecutus
977 1004 1051 1044 im-

231 1061 524 1114 pemt6ribus,
549 1061 666 1114 apud
692 1061 813 1114 ipsos
834 1066 899 1103 est
917 1061 1052 1102 hono-

232 1116 374 1159 ratus?
410 1118 548 1167 Quem
574 1118 609 1158 si
633 1123 680 1159 tu
700 1130 876 1170 quoque
894 1116 1054 1158 imitari

234 1174 439 1223 volueris,
462 1174 683 1226 particeps
707 1174 790 1215 eris
811 1175 901 1225 ejus
921 1173 1053 1214 hono-

234 1230 292 1271 ris
313 1235 356 1272 et
373 1230 537 1281 gratiae.

532 1312 682 1352 Lectio
704 1311 758 1350 iii.

311 1381 354 1422 ui
373 1380 555 1421 Primus:
582 1380 696 1430 Quid
719 1380 880 1422 factum
900 1380 955 1422 sit
974 1380 1053 1421 fra-

327 1437 382 1479 tri
414 1449 530 1486 meo,
567 1436 754 1488 cognovi
786 1449 839 1478 ex
871 1436 1053 1487 Angelo.

232 1494 406 1535 Utinam
439 1491 807 1545 quemadmodum
835 1506 930 1533 sum
956 1506 1054 1534 cum

234 1563 285 1591 eo
313 1550 535 1591 voluntate
568 1549 959 1601 conjunctissimus,
992 1549 1054 1590 sic

233 1606 287 1647 ab
316 1605 472 1647 eudem
497 1618 551 1646 ne
583 1605 790 1658 martyrio
824 1604 1054 1657 disjungar.
1110 1628 1133 1657 15.
1157 1624 1249 1657 „gfff

235 1662 330 1711 Quo
351 1661 468 1703 dicto
489 1661 720 1703 excanduit
739 1667 915 1714 praetor‚
937 1668 980 1703 et
998 1661 1055 1703 ad
1110 1655 1224 1718 33²2&
1251 1661 1254 1690 ἱ

235 1720 404 1759 ceteros
425 1718 658 1768 cruciatus,
686 1717 843 1769 quibus
862 1718 1055 1759 Primum
1114 1715 1123 1742 ³²
1252 1722 1254 1727 ι

237 1773 391 1823 affecit,
415 1775 631 1826 praesente
650 1774 733 1826 jam
752 1774 983 1824 Feliciano,
1008 1774 1054 1815 li-

237 1832 415 1882 quatum
442 1830 540 1881 igne
566 1829 792 1882 plumbum
819 1830 861 1870 in
889 1843 939 1872 os
965 1832 1055 1883 ejus

236 1886 358 1937 jussit
376 1885 552 1927 infundi.
584 1886 689 1926 Mox
710 1890 942 1939 utrumque
959 1900 1053 1939 per-

237 1941 337 1983 duci
361 1944 544 1994 imperat
567 1942 610 1982 in
633 1942 869 1993 theatrum,
895 1943 939 1983 in
961 1946 1054 1985 eos-

237 2010 322 2050 que
347 1998 519 2039 immitti
544 1997 653 2039 duos
672 1998 834 2040 leunes:
862 2000 935 2052 qui
957 2013 1054 2052 pro-

236 2054 361 2095 strati
388 2053 444 2095 ad
472 2056 622 2095 eorum
649 2056 807 2105 genua,
841 2056 983 2108 capite
1012 2061 1056 2098 et

237 2109 376 2151 cauda
403 2110 510 2162 ipsis
535 2109 879 2153 blandiebantur.
914 2111 986 2153 Ad
1011 2112 1055 2154 id

238 2165 536 2219 spectaculum
562 2179 660 2208 cum
685 2167 870 2219 amplius
894 2167 1055 2210 duode-

238 2222 322 2262 cim
340 2222 472 2263 millia
495 2222 717 2263 huminum
741 2227 1056 2275 convenissent,

239 2278 461 2329 quingenti
496 2291 595 2320 cum
627 2279 717 2320 suis
748 2279 918 2321 familiis
950 2281 1055 2322 chri-

239 2334 423 2375 stianam
469 2335 722 2386 religionem
763 2339 1056 2389 susceperunt.

239 2389 405 2438 Quibus
450 2390 578 2432 rebus
623 2394 850 2443 permotus
894 2399 1057 2445 praetor

241 2457 316 2486 eos
335 2447 475 2487 securi
492 2448 662 2499 percuti
681 2448 815 2498 jussit.

294 2506 355 2546 Te
374 2506 514 2548 Deum
533 2506 771 2549 laudamus.
790 2509 848 2549 15.

295 2573 363 2614 Ad
386 2574 515 2616 Laud.
545 2577 641 2618 Ant.
675 2576 792 2618 Fssiae
817 2577 1057 2619 Jerusalem

242 2631 401 2679 venite,
445 2636 487 2671 et
522 2631 666 2674 videte
701 2633 915 2685 Martyres
960 2647 1057 2675 cum

242 2685 429 2734 coronis,
457 2687 612 2737 quibus
631 2690 856 2731 coronavit
875 2703 951 2731 eos
970 2691 1057 2732 Do-

1103 273 1244 314 minus
1273 273 1315 313 in
1342 272 1412 314 die
1439 269 1727 313 solemnitatis
1753 274 1797 310 et
1821 268 1927 310 laeti-

1104 329 1187 379 tiae,
1208 328 1390 380 alleluja,
1411 326 1592 377 alleluia.

1162 392 1210 441 δ”.
1223 394 1422 436 Pretiosa
1435 393 1478 433 in
1489 390 1729 442 conspectu
1739 388 1928 438 Dumini,

1105 450 1285 502 alleluia.
1328 452 1376 502 Rg.
1400 449 1519 490 Mors
1548 447 1799 488 sanctorum
1826 445 1928 496 ejus,

1104 506 1285 558 alleluja.

1362 599 1444 640 Die
1466 600 1530 639 10.
1548 598 1570 638 J
1574 596 1673 638 unii.

1148 674 1190 715 S.
1210 671 1504 724 Margaritae
1525 674 1706 721 Reginae
1726 672 1886 713 Scotiae

1434 729 1603 771 Viduae.

1390 794 1649 838 Semiduplex.

1162 855 1297 889 Omnia
1329 855 1375 889 dc
1405 856 1607 890 Communi
1637 865 1706 890 nec
1731 854 1835 896 virg.
1861 864 1930 889 nec

1108 904 1212 938 Mart.
1239 905 1329 949 [116]
1357 907 1497 946 praeter
1521 914 1625 947 sequ.

1442 965 1604 1005 Oratio.

1108 1024 1285 1129 Deus,
1330 1025 1403 1078 qui
1438 1025 1615 1067 beatam
1649 1024 1929 1075 Margaritam

1209 1084 1401 1135 reginam
1438 1081 1595 1123 eximia
1630 1081 1674 1122 in
1710 1083 1930 1134 pauperes

1107 1140 1289 1181 caritate
1306 1138 1549 1181 mirabilem
1568 1137 1764 1179 effecisti:
1789 1136 1860 1188 da;
1882 1141 1931 1179 ut

1108 1197 1198 1248 ejus
1215 1195 1526 1238 intercessione
1551 1200 1593 1236 et
1613 1193 1831 1247 exemplo,
1855 1197 1931 1235 tua

1106 1253 1149 1294 in
1175 1253 1381 1295 cordibus
1406 1252 1566 1294 nostris
1592 1250 1751 1293 caritas
1775 1249 1930 1303 jugiter

1107 1311 1327 1361 augeatur.
1355 1309 1439 1351 Per
1457 1308 1706 1350 Dominum.

1160 1385 1200 1418 In
1230 1385 1256 1418 Ι.
1286 1384 1484 1418 Nocturno
1520 1383 1723 1417 Lectiones
1755 1381 1802 1416 de
1832 1379 1930 1415 Scri-

1108 1439 1218 1476 ptura
1244 1436 1476 1467 occurrente.

1337 1494 1386 1533 In
1407 1494 1458 1533 11.
1477 1493 1699 1533 Nocturno.

1407 1558 1560 1599 Lectio
1579 1558 1632 1598 iv.

1219 1653 1223 1664 ,
1251 1619 1468 1669 ,argarita,
1502 1616 1733 1657 Scotorum
1768 1616 1931 1666 regina,

1252 1694 1255 1717 ι
1276 1676 1461 1727 paterno
1478 1671 1648 1723 Angliae
1662 1683 1823 1722 regum,
1843 1683 1930 1712 ma-

1252 1731 1255 1742 *
1276 1733 1401 1773 terno
1450 1729 1673 1770 Caesarum
1722 1727 1931 1779 sanguine

1108 1789 1360 1838 clarissima,
1410 1785 1619 1827 illustrior
1665 1783 1808 1826 adhuc
1852 1783 1932 1825 fuit

1109 1845 1343 1887 christiana
1361 1843 1532 1884 virtute.
1563 1841 1674 1883 Haec
1691 1840 1735 1881 in
1753 1840 1931 1890 Hunga-

1109 1902 1172 1943 ria
1195 1906 1312 1950 nata,
1339 1899 1415 1942 ubi
1438 1903 1564 1951 pater
1589 1903 1694 1940 tunc
1719 1895 1931 1949 temporis

1110 1957 1353 2007 exsulabat,
1390 1959 1493 2009 post
1529 1955 1729 1996 exactam
1765 1965 1933 1994 summa

1110 2027 1208 2056 curn
1226 2015 1390 2067 pietate
1409 2010 1623 2064 puerilem
1640 2011 1828 2059 aetatem,
1846 2021 1933 2050 una

1110 2084 1208 2112 cum
1226 2070 1438 2123 genitore,
1459 2067 1532 2119 qui
1551 2079 1577 2108 a
1595 2071 1747 2108 sancto
1765 2063 1931 2107 Eduar-

1110 2126 1167 2169 do
1187 2130 1363 2180 patruo‚
1383 2124 1626 2175 Anglorum
1645 2135 1763 2174 rege,
1782 2121 1840 2164 ad
1857 2133 1931 2174 pa-

1108 2184 1220 2225 terni
1239 2183 1361 2234 regni
1379 2180 1597 2232 fastigium
1615 2178 1866 2228 vocabatur,
1888 2177 1932 2218 in

1109 2240 1310 2291 Angliam
1325 2238 1453 2281 venit.
1480 2237 1586 2278 Mox
1605 2235 1846 2278 alternante
1858 2246 1932 2287 pa-

1108 2300 1278 2339 rentum
1303 2296 1492 2343 fortuna,
1519 2306 1574 2334 ex
1591 2292 1763 2343 Angliae
1785 2290 1932 2333 littore

1109 2353 1301 2403 solvenS,
1346 2352 1389 2393 vi
1425 2350 1701 2403 tempestatis
1738 2346 1933 2400 expulsa,

1109 2423 1187 2452 seu
1200 2408 1344 2451 verius
1359 2407 1517 2449 divinae
1531 2404 1820 2459 providentiae
1833 2415 1933 2446 con—

1109 2466 1206 2507 silio
1235 2463 1426 2506 deducta
1452 2468 1521 2504 est
1546 2463 1590 2502 in
1622 2474 1746 2503 oram
1771 2459 1931 2501 mariti-

1108 2535 1223 2564 mam
1247 2520 1417 2563 Scotiae.
1471 2518 1539 2561 Ibi
1570 2531 1670 2559 cum
1702 2530 1756 2559 ex
1782 2515 1933 2558 matris

1109 2578 1292 2630 imperio
1324 2575 1588 2617 Malcholmo
1620 2574 1749 2616 tertio
1782 2573 1932 2615 Scoto-

1109 2648 1205 2675 rum
1224 2633 1330 2684 regi‚
1354 2631 1540 2682 egregiis
1559 2631 1650 2682 ejus
1669 2628 1846 2671 dotibus
1864 2640 1931 2669 ca-

1109 2697 1197 2743 pto,
1216 2691 1447 2742 nupsisset,
1466 2686 1762 2729 sanctimoniae
1777 2698 1830 2727 ac
1842 2685 1932 2737 pie-
