2028 2892
760 188 871 221 Feria
896 188 945 221 vi.
971 188 1009 221 in
1033 188 1258 222 Parasceve.

426 281 626 321 Psalmus
645 282 710 321 39.

155 332 474 437 Exspectans
525 330 780 382 exspectavi
831 330 979 370 Domi·

245 400 360 437 num,
378 386 402 412 *
421 390 464 427 et
485 385 672 426 intendit
693 385 808 425 mihi.

203 443 261 484 Et
289 441 512 484 exaudivit
540 454 695 494 preces
723 453 857 482 meas:
884 441 907 465 *
937 444 980 481 et

153 498 305 540 eduxit
329 511 399 539 me
426 497 481 539 de
505 497 604 539 lacu
628 497 832 546 miseriae,
861 500 904 537 et
926 496 980 536 de

151 555 245 596 luto
264 554 396 595 faecis.

203 611 261 651 Et
292 610 446 651 statuit
479 618 612 662 super
644 614 815 661 petram
844 608 981 660 pedes

153 679 292 708 meos:
311 666 335 691 *
355 670 399 707 et
419 665 579 707 direxit
597 678 774 717 gressus
793 677 927 705 meos.

206 723 263 763 Et
300 722 480 763 immisit
511 722 555 762 in
588 734 638 762 os
670 734 816 762 meum
851 720 982 760 canti-

155 791 254 819 cum
274 790 453 827 novum,
467 778 491 803 *
507 790 684 818 carmen
703 777 800 817 Deo
820 781 984 816 nostro.

206 833 435 876 Videbunt
460 833 602 882 multi,
636 838 680 874 et
705 832 935 874 timebunt:
961 832 984 857 *

156 895 201 931 et
219 889 461 941 sperabunt
480 890 524 929 in
542 889 745 930 Demino.

206 945 371 986 Beatus
390 945 466 994 vir,
493 946 613 996 cujus
634 949 700 986 est
719 957 879 985 nomen
896 943 984 984 Do-

156 1001 263 1041 mini
292 1013 394 1053 spes
423 1002 530 1052 ejus:
554 1001 578 1026 *
604 1005 647 1042 et
674 1012 763 1041 non
791 1000 986 1052 respexit

156 1057 202 1098 in
220 1057 438 1098 vanitates
459 1061 502 1098 et
520 1057 711 1097 insanias
730 1056 873 1096 falsas.

207 1112 346 1154 Multa
385 1112 528 1154 fecisti
563 1117 611 1154 tu
643 1113 831 1153 Domine
865 1112 986 1152 Deus

156 1181 281 1210 meus
305 1168 522 1209 mirabilia
546 1173 636 1209 tua:
655 1169 679 1194 *
699 1172 742 1208 et
762 1167 986 1219 cogitatio-

155 1223 285 1266 nibus
317 1225 403 1266 tuis
434 1237 523 1265 non
552 1229 619 1266 est
648 1224 722 1276 qui
750 1223 902 1264 similis
931 1224 987 1264 sit

155 1280 248 1321 tibi.

209 1336 478 1377 Annuntiavi
519 1340 562 1377 et
603 1336 779 1376 locutus
817 1348 928 1375 sum:
964 1334 987 1360 *

157 1391 437 1444 multiplicati
466 1396 568 1433 sunt
592 1403 724 1443 super
748 1393 988 1431 numerum.

210 1447 482 1488 Sacrificium
507 1452 551 1488 et
574 1446 844 1488 oblationem
868 1446 988 1487 nolu-

158 1503 246 1545 isti:
263 1503 288 1529 *
307 1515 437 1544 aures
461 1507 607 1544 autem
629 1502 853 1555 perfecisti
871 1501 988 1542 mihi.

210 1558 534 1600 Holocaustum
549 1562 592 1599 et
605 1570 686 1610 pro
700 1559 886 1610 peccato
901 1569 989 1598 non

160 1614 412 1667 postulasti:
428 1615 452 1640 *
465 1619 570 1655 tunc
590 1613 695 1655 dixi:
713 1614 830 1654 Ecce
849 1613 989 1654 venio.

211 1671 264 1711 In
292 1670 436 1722 capite
467 1669 569 1711 libri
597 1670 811 1721 scriptum
839 1674 906 1710 est
934 1669 989 1710 de

159 1739 231 1768 me
249 1730 298 1767 ut
317 1726 508 1767 facerem
526 1725 798 1767 voluntatem
817 1729 951 1766 tuam:
965 1726 990 1752 *

159 1781 282 1823 Deus
308 1794 432 1823 meus
460 1781 597 1831 velui,
631 1786 675 1822 et
702 1781 845 1832 legem
870 1785 991 1822 tuam

161 1837 206 1878 in
223 1837 371 1878 medio
392 1837 539 1878 cordis
558 1837 654 1878 mei.

213 1893 481 1934 Annuntiavi
498 1893 705 1945 justitiam
723 1896 844 1933 tuam
862 1892 907 1932 in
924 1904 990 1933 ec—

163 1948 296 1990 clesia
309 1961 477 1999 magna,
491 1950 515 1974 *
531 1961 634 1989 ecce
652 1947 769 1989 labia
787 1960 885 1989 mea
901 1959 991 1988 non

162 2003 426 2056 prohibebo:
444 2004 634 2045 Demine
653 2009 703 2044 tu
723 2003 853 2043 scisti.

215 2059 435 2100 Justitiam
459 2065 580 2101 tuam
603 2071 690 2100 non
709 2057 923 2099 abscendi
946 2058 991 2098 in

165 2115 299 2157 corde
313 2128 428 2157 meo:
442 2117 466 2141 *
480 2116 710 2157 veritatem
727 2120 847 2155 tuam
867 2118 911 2155 et
927 2126 990 2154 sa-

164 2171 306 2212 lutare
325 2176 449 2212 tuum
469 2171 570 2213 dixi.

215 2227 318 2268 Non
338 2226 550 2268 abscendi
565 2224 911 2267 misericerdiam
928 2230 991 2266 tu-

166 2296 247 2332 am,
268 2287 311 2324 et
330 2283 561 2324 veritatem
580 2287 701 2323 tuam
717 2283 741 2307 *
760 2294 786 2322 a
805 2282 991 2322 concilio

165 2338 315 2380 multo.

218 2395 288 2436 Tu
313 2400 459 2437 autem
484 2393 674 2435 Domine
700 2405 755 2434 ne
778 2393 908 2442 longe
934 2392 992 2432 fa-

168 2451 259 2492 cias
281 2451 586 2492 miserationes
612 2454 708 2490 tuas
728 2461 753 2488 a
772 2460 856 2489 me:
875 2448 898 2473 *
917 2447 993 2487 mi-

168 2507 407 2547 sericordia
435 2511 511 2547 tua
537 2511 580 2546 et
604 2505 764 2546 veritas
788 2508 863 2544 tua
886 2515 993 2543 sem-

168 2574 248 2613 per
268 2563 556 2614 susceperunt
578 2573 659 2602 me.

224 2618 440 2667 Quoniam
493 2613 875 2658 circumdederunt
925 2625 994 2653 me

169 2672 299 2722 mala,
327 2685 512 2724 quorum
535 2685 623 2713 non
647 2675 714 2712 est
733 2673 954 2710 numerus:
972 2668 995 2693 *

326 2811 391 2838 Pars
407 2813 501 2839 Verna.

1791 182 1858 218 237

1033 274 1456 326 comprehenderunt
1492 288 1561 316 me
1602 276 1856 328 iniquitates

1032 343 1154 378 meae,
1175 335 1218 371 et
1236 343 1323 371 non
1341 331 1464 382 potui
1483 337 1530 371 ut
1549 331 1753 372 viderem.

1085 386 1387 438 Multiplicatae
1408 391 1507 427 sunt
1527 400 1657 439 super
1675 388 1857 439 capillos

1034 443 1193 494 capitis
1213 443 1314 483 mei:
1334 443 1356 467 *
1377 447 1420 483 et
1439 455 1514 484 cor
1537 455 1680 484 meum
1706 443 1857 485 dereli-

1036 499 1129 550 quit
1147 511 1229 540 me.

1088 554 1373 607 Complaceat
1387 554 1465 596 tibi
1475 555 1660 597 Demine
1676 561 1722 597 ut
1734 559 1858 598 eruas

1034 622 1119 651 me:
1140 611 1163 635 *
1183 611 1370 651 Domine
1396 610 1452 651 ad
1476 610 1766 662 adjuvandum
1790 626 1859 654 me

1036 666 1219 717 respice.

1089 721 1422 762 Confundantur
1446 727 1490 763 et
1509 726 1789 765 revereantur
1808 725 1860 764 si-

1036 777 1141 826 mul,
1171 778 1244 829 qui
1269 783 1470 829 quaerunt
1494 779 1680 819 animam
1705 792 1861 829 meam,

1038 834 1060 858 *
1080 838 1128 874 ut
1147 833 1345 874 auferant
1367 846 1472 874 eam.

1091 888 1413 930 Convertuntur
1441 891 1697 939 retrorsum,
1727 895 1770 931 et
1799 904 1861 932 re-

1039 946 1272 985 vereantur
1290 946 1313 970 *
1339 945 1413 997 qui
1435 945 1588 986 volunt
1611 946 1716 986 mihi
1739 946 1862 987 mala.

1089 1000 1250 1041 Ferant
1295 1002 1525 1042 confestim
1564 1002 1863 1043 confusionem

1039 1069 1177 1105 suam,
1214 1057 1237 1082 *
1275 1057 1350 1108 qui
1386 1057 1536 1098 dicunt
1567 1057 1686 1097 mihi:
1731 1059 1863 1108 Euge,

1040 1124 1160 1162 euge.

1090 1167 1324 1208 Exsultent
1354 1172 1397 1208 et
1428 1168 1628 1208 laetentur
1663 1181 1794 1220 super
1821 1173 1865 1209 te

1041 1235 1193 1264 omnes
1225 1225 1472 1274 quaerentes
1504 1228 1562 1264 te:
1591 1224 1614 1249 *
1643 1228 1686 1264 et
1719 1224 1865 1265 dicant

1041 1291 1231 1330 semper:
1281 1279 1584 1329 Magnificetur
1635 1280 1865 1320 Deminus:

1042 1335 1116 1386 qui
1135 1334 1320 1384 diligunt
1339 1335 1529 1376 salutare
1549 1340 1681 1376 tuum.

1093 1391 1187 1441 Ego
1204 1395 1349 1431 autem
1364 1390 1589 1431 mendicus
1601 1404 1696 1431 sum
1708 1395 1751 1431 et
1762 1403 1863 1442 pau-

1040 1459 1134 1497 per:
1153 1446 1176 1470 *
1199 1446 1416 1486 Dominus
1440 1446 1652 1486 sollicitus
1678 1451 1743 1486 est
1767 1446 1863 1486 mei.

1091 1501 1279 1553 Adjutor
1293 1514 1427 1551 meus,
1444 1506 1487 1542 et
1502 1503 1728 1553 protector
1742 1514 1864 1542 meus

1041 1561 1089 1597 tu
1115 1570 1175 1598 es:
1196 1557 1219 1582 *
1243 1556 1363 1597 Deus
1389 1569 1511 1597 meus
1536 1570 1590 1598 ne
1613 1556 1865 1597 tardaveris.

1096 1616 1195 1656 Ant.
1223 1612 1553 1655 Confundantur
1578 1617 1620 1653 et
1642 1615 1865 1653 reverean-

1042 1674 1129 1719 tur,
1167 1669 1241 1719 qui
1269 1673 1470 1720 quaerunt
1499 1668 1686 1708 animam
1712 1680 1864 1716 meam,

1042 1730 1090 1766 ut
1109 1724 1307 1765 auferant
1326 1736 1432 1764 eam.

1096 1784 1195 1823 Ant.
1217 1780 1362 1822 Alieni
1381 1780 1706 1820 insurrexerunt
1723 1779 1767 1818 in
1786 1791 1865 1827 me,

1044 1841 1087 1877 et
1096 1835 1232 1877 fortes
1245 1835 1510 1886 quaesierunt
1520 1836 1706 1876 animam
1714 1847 1864 1875 meam.

1314 1892 1512 1933 Psalmus
1532 1891 1597 1930 53.

1132 1960 1208 1989 eus
1232 1947 1275 1987 in
1301 1947 1476 1988 nomine
1500 1952 1577 1988 tuo
1606 1947 1772 1988 salvum
1795 1958 1864 1987 me

1146 2004 1230 2045 fac:
1250 2006 1273 2031 *
1292 2008 1336 2044 et
1362 2003 1407 2043 in
1434 2003 1594 2043 virtute
1621 2007 1696 2043 tua
1723 2001 1864 2053 judica

1043 2072 1125 2101 me.

1094 2115 1215 2156 Deus
1235 2114 1394 2156 exaudi
1413 2114 1653 2155 orationem
1671 2125 1825 2153 meam:
1840 2111 1864 2137 *

1044 2170 1221 2212 auribus
1240 2171 1418 2222 percipe
1436 2168 1570 2210 verba
1589 2169 1675 2208 oris
1694 2167 1789 2208 mei.

1096 2226 1312 2275 Quoniam
1362 2224 1490 2265 alieni
1540 2223 1865 2264 insurrexerunt

1045 2281 1278 2322 adversum
1291 2293 1371 2329 me,
1391 2283 1434 2320 et
1450 2279 1585 2320 fortes
1602 2277 1865 2329 quaesierunt

1045 2337 1234 2377 animam
1268 2348 1425 2377 meam:
1453 2334 1476 2359 *
1504 2338 1547 2374 et
1581 2345 1668 2373 non
1704 2344 1865 2384 propo-

1045 2394 1224 2432 suerunt
1259 2392 1401 2432 Deum
1439 2394 1537 2429 ante
1583 2389 1866 2439 conspectum

1046 2460 1182 2488 suum.

1096 2503 1212 2543 Ecce
1241 2501 1353 2543 enim
1382 2500 1501 2540 Deus
1529 2497 1705 2549 adjuvat
1731 2510 1816 2539 me:
1843 2497 1867 2523 *

1046 2562 1090 2598 et
1108 2558 1201 2598 Dfis
1226 2557 1454 2607 susceptor
1479 2558 1545 2595 est
1566 2554 1722 2594 animae
1745 2565 1867 2594 meae.

1098 2614 1262 2653 Averte
1287 2610 1399 2651 mala
1423 2609 1609 2650 inimicis
1634 2610 1757 2650 meis:
1776 2609 1799 2634 *
1825 2612 1868 2648 et

1045 2668 1089 2708 in.
1108 2668 1291 2709 veritate
1310 2671 1385 2706 tua
1405 2663 1610 2716 disperde
1628 2664 1738 2705 illos.

1600 2791 1663 2824 16*
