2028 2892
684 175 786 209 Infra
812 175 997 211 Octavam
1020 177 1283 211 Ascensionis.

129 270 293 311 tenerae
320 268 509 320 virgines
533 280 673 320 usque
701 266 758 309 ad
785 268 958 311 effusio-

131 338 231 367 nem
281 325 347 366 sui
396 324 616 376 sanguinis
669 323 957 367 decertarunt.

131 381 242 423 Haec
259 380 370 423 fides
389 380 606 423 daemonia
626 380 760 432 ejecit,
785 381 958 431 aegritu-

132 437 255 480 dines
273 436 451 491 depulit,
471 439 669 479 mortuos
689 437 925 480 suscitavit.

183 498 234 550 R.
260 495 455 547 Tempus
474 499 552 536 est.
579 494 670 535 322.

438 553 589 594 Lectio
610 568 646 593 v.

219 606 305 649 nde
327 612 371 649 et
394 603 479 660 ipsi
499 606 617 649 beati
636 607 857 659 Apostoli,
884 609 957 659 qui

236 669 304 706 tot
336 663 556 704 miraculis
591 663 854 714 confirmati,
891 669 958 706 tot

131 719 404 762 sermonibus
452 718 634 769 eruditi,
681 720 956 762 atrocitatem

130 781 275 818 tamen
302 775 544 817 Dominicae
577 776 794 828 passionis
828 779 958 830 expa-

131 838 292 883 verant,
316 837 359 874 et
377 832 607 874 veritatem
627 833 957 874 resurrectionis

132 890 222 941 eius
241 901 329 930 non
349 888 441 930 sine
459 888 733 930 haesitatione
755 891 957 942 suscepe-

129 950 237 995 rant,
256 950 424 986 tantum
440 943 495 986 de
513 945 768 986 ascensione
782 945 958 986 Domini

131 1001 420 1054 profecerunt,
438 1006 487 1042 ut
505 1000 718 1053 quidquid
735 1001 819 1042 illis
835 1002 957 1054 prius

130 1057 335 1099 intulerat
348 1062 522 1107 metum,
541 1059 783 1099 verteretur
797 1058 840 1098 in
855 1062 958 1109 gau-

131 1112 260 1155 dium.
299 1114 460 1155 Totam
487 1113 601 1155 enim
629 1114 958 1167 contemplatio-

129 1182 229 1211 nem
248 1169 378 1211 animi
395 1169 439 1210 in
457 1167 727 1211 divinitatem
744 1169 801 1212 ad
814 1171 956 1212 Patris

129 1223 354 1269 dexteram
402 1225 667 1268 considentis
713 1228 957 1269 erexerant:

130 1295 212 1324 nec
237 1284 322 1336 jam
354 1285 581 1336 corporeae
608 1283 787 1325 visionis
813 1285 956 1326 tarda-

127 1338 286 1381 bantur
319 1339 511 1392 objectu,
549 1352 637 1392 quo
669 1340 810 1381 minus
840 1341 884 1381 in
911 1340 956 1382 id

129 1396 267 1437 aciem
304 1396 461 1438 mentis
500 1395 793 1446 intenderent,
835 1397 956 1448 quod

128 1464 209 1493 nec
228 1465 253 1493 a
268 1453 397 1494 Patre
418 1451 725 1494 descendendo
746 1452 955 1504 abfuerat,

127 1521 209 1550 nec
223 1521 248 1549 a
262 1507 488 1562 discipulis
502 1508 780 1551 ascendendo
796 1508 956 1551 disces-

129 1570 256 1607 serat.
287 1565 412 1607 Tunc
430 1565 575 1616 igitur,
600 1564 885 1617 dilectissimi,
909 1567 956 1607 fi-

129 1620 211 1662 lius
222 1620 420 1672 hominis,
430 1621 514 1663 Dei
523 1621 658 1662 Filius
673 1622 955 1664 excellentius

129 1677 428 1729 sacratiusque
455 1677 656 1728 innotuit,
685 1691 784 1719 cum
810 1678 854 1720 in
876 1679 956 1720 Pa-

126 1735 263 1775 temae
289 1734 528 1786 majestatis
557 1734 740 1785 gloriam
766 1748 813 1776 se
837 1738 954 1777 rece-

127 1789 209 1841 pit:
236 1794 280 1831 et
304 1789 511 1832 ineffabili
535 1789 670 1832 modo
696 1791 832 1844 coepit
857 1804 954 1834 esse

128 1843 352 1887 divinitate
388 1847 666 1899 praesentior,
704 1848 779 1899 qui
814 1848 954 1890 factus

128 1906 195 1943 est
213 1901 479 1944 humanitate
498 1902 787 1955 longinquior.

180 1959 231 2010 R.
256 1959 359 2000 Non
375 1959 586 2001 turbetur.
612 1960 704 2000 322.

427 2019 580 2060 Lectio
601 2020 653 2059 vi.

128 2068 292 2174 Tunc
320 2074 378 2117 ad
409 2076 624 2128 aequalem
650 2076 770 2118 Patri
797 2076 955 2118 Filium

225 2130 435 2173 eruditior
467 2131 577 2174 fides
610 2145 764 2183 gressu
797 2133 955 2174 mentis

130 2187 265 2240 coepit
290 2187 516 2239 accedere,
543 2194 587 2230 et
611 2189 954 2231 contrectatione

127 2243 172 2283 in
209 2243 380 2285 Christo
419 2247 647 2297 corporeae
688 2245 954 2296 substantiae,

131 2311 216 2350 qua
242 2300 372 2342 Patre
403 2300 544 2342 minor
574 2306 661 2351 est,
694 2313 782 2342 non
809 2303 955 2352 egere:

130 2356 335 2406 quoniam
370 2356 600 2408 glorificati
638 2358 837 2410 corporis
866 2370 955 2399 ma-

129 2412 258 2453 nente
281 2416 451 2462 natura,
478 2425 532 2454 eo
552 2411 662 2455 fides
686 2413 955 2455 credentium

129 2467 385 2519 vocabatur,
412 2468 487 2510 ubi
514 2481 602 2510 non
629 2469 790 2511 carnali
814 2482 954 2520 manu,

131 2522 209 2564 sed
229 2524 411 2577 spiritali
429 2525 651 2567 intellectu
669 2538 750 2578 par
768 2526 955 2576 genitori

130 2579 374 2630 unigenitus
400 2583 660 2632 tangeretur.
707 2582 821 2623 Hinc
847 2581 954 2623 illud

131 2638 213 2684 est,
239 2636 358 2687 quod
380 2642 484 2689 post
504 2638 867 2679 resurrectionem
888 2650 954 2678 su-

132 2701 202 2730 am
238 2690 451 2734 Dominus
485 2693 636 2734 Mariae
671 2692 954 2744 Magdalenae‚

1008 272 1243 324 personam
1275 270 1485 312 Ecclesiae
1519 271 1703 322 gerenti,
1739 284 1838 312 cum

1009 326 1065 368 ad
1106 328 1356 368 contactum
1399 327 1536 379 ipsius
1577 330 1839 380 properaret

1009 382 1237 432 accedere,
1267 381 1388 424 dicit:
1418 383 1522 424 Noli
1549 397 1619 425 me
1646 386 1837 435 tangere,

1008 438 1202 480 nondum
1230 439 1344 480 enim
1374 438 1551 481 ascendi
1579 439 1635 482 ad
1662 441 1838 482 Patrem

1009 508 1169 536 meum:
1186 495 1272 537 hoc
1290 500 1367 546 est,
1385 495 1503 537 Nolo
1522 502 1570 538 ut
1589 496 1646 538 ad
1660 510 1729 538 me
1746 510 1838 538 cor-

1009 552 1220 604 poraliter
1244 552 1410 603 venias,
1435 566 1517 594 nec
1542 559 1589 595 ut
1613 564 1682 595 me
1707 567 1837 595 sensu

1009 608 1150 649 carnis
1178 611 1408 659 agnoscas:
1436 608 1492 650 ad
1518 609 1771 651 sublimiora
1793 615 1836 652 te

1009 663 1180 714 differo,
1206 665 1370 716 majora
1390 665 1469 707 tibi
1490 668 1710 718 praeparo:
1739 679 1837 707 cum

1009 719 1065 762 ad
1079 721 1254 762 Patrem
1271 720 1522 772 ascenderO,
1540 727 1644 763 tunc
1658 735 1727 763 me
1742 735 1838 775 per-

1009 777 1163 818 fectius
1184 778 1418 830 veriusque
1439 778 1657 831 palpabis,
1683 792 1838 832 appre-

1009 832 1198 875 hensura
1217 833 1337 886 quod
1354 847 1441 876 non
1460 835 1617 886 tangis,
1639 840 1682 877 et
1702 835 1837 877 credi-

1007 893 1107 931 tura
1127 889 1247 941 quod
1265 903 1352 931 non
1373 891 1524 932 cernis.

1063 957 1113 1007 R,
1139 950 1395 993 Ascendens
1417 951 1626 994 Christus.
1652 953 1746 993 323.

1232 1032 1281 1071 In
1301 1032 1371 1072 III.
1394 1032 1616 1073 Nocturno.

1009 1095 1164 1138 Lectio
1189 1095 1328 1136 sancti
1346 1095 1571 1146 Evangelii
1595 1096 1837 1139 secundum

1319 1152 1526 1194 Marcum.

1114 1212 1263 1253 Lectio
1286 1212 1352 1252 vii.
1505 1212 1682 1265 Cap.16.
1699 1228 1731 1254 c.

1007 1263 1082 1369 In
1110 1268 1185 1309 illo
1213 1271 1430 1322 tempore:
1462 1271 1850 1313 Recumbentibus

1073 1323 1275 1366 undecim
1298 1325 1540 1379 discipulis,
1566 1328 1770 1380 apparuit
1791 1328 1837 1369 il-

1007 1381 1059 1422 lis
1078 1381 1102 1422 J
1105 1394 1221 1422 esus:
1245 1387 1288 1424 et
1307 1383 1591 1435 exprobravit
1609 1383 1836 1426 increduli-

1006 1439 1143 1479 tatem
1170 1440 1338 1489 eorum,
1370 1437 1414 1480 et
1442 1438 1646 1481 duritiam
1674 1440 1836 1482 cordis:

1008 1493 1109 1545 quia
1127 1493 1194 1543 iis,
1217 1494 1291 1546 qui
1309 1493 1509 1537 viderant
1530 1508 1629 1537 eum
1646 1509 1835 1538 resurre-

1006 1552 1134 1600 xisse,
1155 1563 1244 1591 non
1265 1550 1556 1594 crediderunt.
1582 1553 1639 1594 Et
1657 1553 1835 1605 reliqua.

1082 1626 1148 1666 De
1175 1624 1368 1666 Homilia
1396 1625 1536 1667 sancti
1564 1626 1766 1677 Gregorii

1346 1682 1495 1735 Papae.

1176 1746 1235 1779 Ex
1261 1746 1396 1780 eadem
1420 1745 1590 1780 Homilia
1612 1746 1666 1780 29.

1012 1798 1087 1851 ξ,
1113 1793 1214 1845 igna
1241 1799 1386 1836 autem
1418 1807 1495 1836 eos
1524 1795 1598 1847 qui
1628 1795 1833 1838 credituri

1012 1886 1100 1933 a]
1129 1856 1248 1949 ἓξὲξ
1271 1850 1372 1950 11ῗὲ
1397 1853 1834 1961 ΐὲἓιῗῗέἒῖἐῆἓῑέἕζ

1005 1961 1162 2013 linguis
1203 1964 1438 2017 loquentur
1473 1965 1617 2015 novis,
1660 1968 1834 2018 serpen-

1005 2023 1073 2060 tes
1098 2019 1268 2063 tollent:
1298 2026 1342 2063 et
1369 2021 1406 2062 si
1432 2021 1704 2063 mortiferum
1728 2021 1834 2073 quid

1005 2073 1211 2127 biberint,
1247 2090 1336 2119 non
1371 2078 1434 2119 eis
1470 2077 1664 2119 nocebit:
1701 2090 1834 2130 super

1006 2144 1151 2183 aegros
1183 2147 1337 2175 manus
1369 2134 1611 2187 imponent,
1645 2138 1689 2176 et
1721 2133 1832 2175 bene

1005 2187 1238 2232 habebunt.
1290 2188 1640 2241 Numquidnam,
1678 2189 1832 2231 fratres

1005 2245 1110 2295 mei,
1147 2246 1249 2297 quia
1282 2246 1367 2288 ista
1402 2246 1525 2296 signa
1557 2257 1646 2286 non
1679 2244 1832 2296 facitis,

1005 2301 1180 2343 minime
1207 2300 1408 2344 creditis?
1446 2299 1534 2343 Sed
1560 2300 1657 2342 haec
1683 2313 1832 2343 neces-

1006 2357 1120 2398 saria
1142 2357 1186 2398 in
1210 2357 1392 2400 exordio
1414 2356 1625 2398 Ecclesiae
1648 2356 1831 2400 fuerunt.

1005 2412 1064 2454 Ut
1087 2413 1201 2455 enim
1223 2413 1280 2455 ad
1298 2412 1431 2455 fidem
1455 2414 1672 2455 cresceret
1691 2414 1832 2457 multi-

1005 2467 1114 2511 tudo
1140 2469 1423 2519 credentium,
1448 2468 1668 2511 miraculis
1690 2470 1832 2513 fuerat

1005 2525 1247 2568 nutrienda:
1272 2525 1374 2577 quia
1396 2529 1440 2566 et
1461 2538 1557 2575 nos,
1583 2538 1682 2567 cum
1704 2527 1830 2570 arbu-

1003 2586 1073 2623 sta
1097 2582 1362 2635 plantamus,
1389 2580 1557 2623 tamdiu
1583 2581 1646 2623 eis
1672 2595 1830 2635 aquam

997 2637 1287 2688 infundimus,
1314 2640 1545 2689 quousque
1571 2650 1622 2680 ea
1645 2639 1689 2681 in
1714 2645 1830 2682 terra

1005 2695 1089 2746 jam
1116 2694 1332 2736 coaluisse
1358 2691 1602 2736 videamus:
1630 2700 1675 2738 et
1701 2696 1738 2738 si
1766 2708 1830 2737 se-
