2066 2956
522 231 593 265 Die
616 232 667 265 20.
694 230 801 264 Febr.

201 330 455 381 reperisset,
485 325 604 367 illico
633 325 749 366 facta
776 328 843 366 est
869 337 1023 365 manus

201 383 380 426 Domini
412 395 543 436 super
575 394 685 433 eam,
731 393 830 433 quae
864 392 1022 432 magno

202 441 429 494 culparum
461 441 638 480 suarum
671 439 862 478 moerore
895 441 1023 486 tacta,

202 497 308 539 exiit
325 497 460 546 foraS,
480 500 523 537 et
541 495 663 536 flevit
682 495 840 535 amare.
868 494 1023 546 Itaque

201 553 441 595 Lavianum
465 553 659 601 reversa,
688 550 806 592 crine
825 549 1023 598 detenso,

202 607 402 661 neglecto
448 608 610 661 capite,
655 606 863 660 pullaque
901 611 1023 647 veste

201 667 413 715 contecta,
435 663 657 707 erroribus
677 663 766 704 suis
785 661 1024 714 mundique

200 720 418 763 illecebris
437 720 636 763 nuntium
658 719 789 769 misit;
814 718 946 770 inque
971 720 1024 758 ae-

203 778 330 820 dibus
353 778 451 819 Deo
477 776 628 826 sacris,
655 776 756 816 fune
782 774 838 816 ad
863 774 1025 815 collum

202 834 397 885 alligato,
441 833 562 875 humi
605 831 920 885 procumbens,
969 830 1024 871 ab

203 890 404 932 emnibus
431 902 542 942 quos
566 891 694 930 antea
716 887 911 930 moribus
936 887 1025 928 suis

202 946 348 1000 palam
382 945 642 996 offenderat,
673 945 844 986 veniam
875 946 1025 985 exora-

203 1003 275 1044 vit.
326 1000 431 1044 Mox
465 1002 702 1044 Cort6nam
732 1000 947 1054 profecta,
982 1000 1026 1040 in

203 1062 348 1101 cinere
380 1064 424 1101 et
455 1058 596 1100 cilicio
629 1070 654 1099 a
685 1070 732 1099 se
762 1058 912 1098 laesam
944 1057 1026 1098 Dei

202 1116 475 1167 maiestatem
492 1115 669 1168 placare
688 1113 864 1162 studuit,
884 1112 1026 1154 donec

203 1176 307 1223 post
351 1170 563 1213 triennale
608 1170 816 1211 virtutum
862 1169 1025 1221 experi-

203 1229 397 1269 mentum
415 1240 441 1268 a
456 1226 663 1268 fratribus
680 1224 921 1267 Minoribus
941 1225 1025 1277 spi-

202 1283 369 1324 ritualis
397 1283 500 1325 vitae
529 1282 714 1324 ducibus
741 1281 880 1322 Tertii
914 1280 1025 1322 ordi-

201 1340 267 1380 nis
302 1338 502 1381 habitum
537 1338 800 1391 impetravit.
858 1337 1025 1379 Uberes

203 1395 359 1437 exinde
390 1395 583 1437 lacrimae
611 1394 650 1436 ei
677 1393 911 1435 familiares
939 1393 1025 1434 fue-

202 1456 312 1502 runt,
335 1456 466 1503 atque
486 1451 574 1492 ima
592 1450 778 1503 suspiria
796 1454 919 1491 tanta
938 1450 1026 1490 ani-

201 1508 262 1548 mi
281 1507 547 1549 contritiene
572 1505 720 1556 ducta,
750 1510 798 1547 ut
823 1505 898 1547 diu
925 1505 1025 1547 elin-

201 1564 297 1615 guis
333 1566 606 1606 consisteret.
666 1562 873 1604 Lectulus
909 1562 1027 1603 nuda

202 1621 378 1671 humus,
406 1619 594 1662 cervical
620 1619 734 1672 lapis
763 1623 837 1660 aut
863 1618 1027 1669 lignum

201 1677 413 1730 porrexit;
429 1682 560 1730 atque
570 1676 631 1718 ita
641 1681 794 1718 noctes
807 1675 1027 1716 insemnes

201 1734 245 1774 in
274 1733 519 1776 coelestium
546 1732 829 1775 meditatiene
853 1731 1027 1773 trahere

202 1790 441 1839 consuevit,
459 1789 625 1831 nullum
645 1788 829 1841 amplius
843 1800 1027 1840 pravum

204 1845 471 1888 desiderium
497 1847 726 1898 perpessa,
757 1844 860 1886 dum
885 1844 1027 1885 bonus

205 1902 383 1955 spiritus
415 1901 660 1954 premptior
691 1901 909 1942 infirmam
936 1913 1026 1941 car-

202 1971 304 2056 ssem
333 1957 390 2000 ad
415 1957 666 2000 subeundos
691 1956 867 1998 labores
893 1956 1026 2007 erige-

235 2019 291 2056 at.

257 2071 307 2122 R.
340 2071 529 2123 Propter
561 2070 805 2118 veritatem,
841 2073 884 2109 et
910 2081 1026 2109 man-

205 2126 494 2175 suettidinem,
520 2130 563 2167 et
588 2125 808 2177 justitiam:
832 2123 855 2148 *
875 2124 932 2165 Et
956 2123 1026 2165 de-

206 2182 338 2224 ducet
368 2187 413 2224 te
443 2180 698 2223 mirabiliter
731 2180 913 2222 dextera
943 2185 1028 2221 tua.

207 2232 255 2284 V.
282 2238 438 2291 Specie
456 2243 531 2279 tua
551 2242 594 2279 et
611 2236 935 2290 pulchrit1'1dine
953 2240 1029 2277 tua

206 2294 398 2343 intende,
426 2296 639 2346 prespere
662 2292 870 2346 procede,
899 2296 943 2333 et
965 2304 1027 2333 re-

207 2363 301 2402 gna.
327 2351 384 2392 Et
404 2349 602 2392 deducet.

513 2404 664 2445 Lectio
686 2416 721 2442 v.
764 2424 770 2431 ·

302 2462 501 2504 daemone
548 2460 714 2503 insidiis
759 2461 1029 2511 funestisque

340 2517 568 2560 conatibus
613 2517 832 2565 lacessita,
875 2515 1029 2556 mulier

209 2574 332 2615 fortis
359 2574 532 2616 hostem
560 2586 614 2614 ex
636 2572 782 2614 verbis
810 2571 1030 2613 detectum

210 2629 344 2670 semel
363 2634 494 2682 atque
514 2631 671 2670 iterum
686 2628 847 2668 invicta
860 2626 1029 2679 repulit.

210 2683 282 2726 Ad
307 2684 570 2726 eludendum
593 2697 717 2726 vanae
743 2683 894 2734 gloriae
913 2682 1028 2723 leno-

210 2740 386 2790 cinium,
421 2753 508 2792 quo
540 2753 566 2781 a
590 2740 706 2781 malo
732 2738 888 2790 spiritu
911 2742 1027 2790 pete-

847 230 881 264 S.
908 229 1124 271 Margaritae
1149 229 1399 263 Cortonensis
1425 228 1559 261 l'oenit.

1074 323 1220 373 batur,
1247 323 1496 375 praeteritos
1522 334 1667 363 mores
1694 334 1797 362 suos
1821 334 1900 373 per

1075 380 1214 430 vicos,
1248 383 1290 420 et
1322 379 1491 432 plateas
1524 378 1611 420 alta
1638 390 1748 419 voce
1776 390 1899 419 accu-

1076 438 1174 478 sare
1200 448 1289 477 non
1319 435 1501 485 destitit,
1538 435 1655 476 omni
1683 434 1899 499 supplicio

1076 505 1124 534 se
1143 505 1263 534 ream
1282 491 1533 533 inclamans:
1557 503 1638 532 nec
1656 490 1739 531 nisi
1758 503 1783 531 a
1802 502 1900 531 con-

1076 548 1260 590 fessario
1276 547 1496 597 deterrita,
1517 547 1561 587 in
1581 547 1826 599 speciosam
1841 546 1899 587 fa-

1077 605 1204 654 ciem,
1231 603 1368 646 olim
1356 603 1516 656 1mpuri
1534 603 1694 644 amotis
1714 615 1900 652 causam,

1078 663 1231 702 saevire
1251 659 1469 709 abstinuit,
1489 671 1604 710 aegre
1622 659 1763 700 ferens
1779 671 1902 699 suam

1077 717 1262 758 formam
1289 717 1419 767 longa
1444 716 1585 758 carnis
1608 715 1901 756 maceratione

1077 786 1165 815 non
1193 773 1369 815 aboleri.
1411 771 1577 822 Quibus
1606 771 1788 823 aliisque
1815 783 1901 811 ma-

1078 843 1174 880 gnae
1206 829 1479 882 poenitentiae
1510 827 1774 879 argumentis
1806 828 1903 867 suo-

1079 899 1176 926 rum
1196 886 1423 927 criminum
1442 884 1541 926 labe
1560 883 1752 935 expiata,
1773 887 1904 935 atque

1078 942 1140 983 ita
1167 941 1222 984 de
1246 954 1293 983 se
1318 940 1646 994 triumphatrix,
1678 945 1726 980 ut
1751 952 1904 980 sensus

1080 998 1209 1051 plane
1250 1011 1401 1040 omnes
1438 1011 1463 1039 a
1500 996 1650 1038 mundi
1687 995 1904 1037 illecebris

1082 1055 1341 1105 custodiret,
1374 1054 1504 1105 digna
1534 1054 1649 1095 facta
1682 1058 1763 1102 est,
1806 1065 1903 1104 quae

1080 1124 1199 1164 saepe
1214 1111 1391 1152 Demini
1410 1108 1728 1152 consuetfidine
1744 1109 1903 1149 fruere-

1079 1171 1161 1208 tur.
1214 1166 1421 1219 Ejnsdem
1459 1178 1635 1219 quoque
1668 1165 1831 1206 Christi
1863 1169 1906 1205 et

1079 1223 1269 1274 Virginis
1279 1223 1430 1264 Matris
1446 1222 1658 1271 dolorum,
1675 1220 1795 1273 quod
1809 1220 1905 1272 ipsa

1080 1279 1284 1321 ardenter
1310 1281 1570 1332 expetierat,
1600 1277 1822 1331 particeps
1846 1276 1903 1317 fa-

1080 1341 1168 1386 cta,
1197 1336 1363 1377 cunctis
1384 1334 1582 1376 sensibus
1608 1333 1833 1382 destituta,
1862 1337 1906 1374 et

1079 1405 1182 1434 vere
1222 1394 1396 1433 mortua
1435 1389 1652 1432 interdum
1693 1389 1787 1430 visa
1829 1394 1905 1430 est.

1079 1448 1152 1490 Ad
1173 1461 1270 1489 eam
1294 1446 1495 1500 proinde,
1523 1446 1659 1487 veluti
1685 1445 1741 1486 ad
1765 1445 1903 1497 perfe-

1080 1504 1237 1546 ctienis
1246 1506 1509 1554 magistram,
1530 1515 1584 1543 ex
1599 1502 1763 1543 dissitis
1775 1501 1905 1543 etiam

1079 1559 1329 1611 regienibus
1361 1558 1537 1611 plurimi
1569 1557 1905 1599 conveniebant:

1079 1616 1174 1669 ipsa
1191 1629 1297 1658 vero
1323 1615 1507 1663 coelesti,
1536 1627 1622 1666 quo
1650 1619 1743 1655 erat
1761 1613 1903 1666 perfu-

1080 1686 1145 1722 sa,
1172 1673 1334 1713 lumine
1363 1671 1562 1713 cordium
1590 1672 1775 1719 secreta,
1804 1682 1903 1711 con-

1080 1729 1283 1771 scientias
1301 1728 1534 1777 hominum,
1555 1727 1643 1768 imo
1662 1731 1705 1768 et
1723 1728 1905 1779 peccata

1079 1786 1123 1826 in
1141 1785 1323 1826 remetis
1341 1783 1444 1825 licet
1462 1783 1661 1836 partibus
1679 1783 1824 1823 Deum
1843 1782 1903 1823 of-

1079 1841 1346 1883 fendentium
1365 1853 1464 1881 cum
1484 1838 1637 1881 dolore
1657 1843 1701 1880 et
1714 1838 1904 1880 lacrimis

1081 1897 1303 1949 detegens,
1338 1898 1594 1948 summaque
1622 1896 1666 1936 in
1691 1895 1834 1936 Deum
1862 1899 1905 1935 et

1079 1954 1327 2007 preximum
1348 1952 1529 1994 caritate
1549 1952 1735 2001 fervens,
1759 1951 1903 2001 ingen-

1079 2015 1169 2051 tem
1212 2010 1453 2051 animarum
1492 2009 1680 2050 fructum
1721 2008 1905 2059 operata

1081 2071 1159 2108 est.
1186 2066 1334 2117 AEgris
1354 2064 1411 2107 ad
1437 2077 1483 2106 se
1502 2062 1774 2106 venientibus
1793 2062 1903 2104 salu-

1080 2127 1184 2172 tem,
1210 2122 1402 2164 obsessis
1422 2134 1447 2162 a
1466 2120 1666 2162 daemone
1685 2118 1903 2160 liberatio-

1080 2191 1180 2220 nem
1215 2177 1474 2232 impetravit.
1530 2177 1720 2217 Puerum
1757 2174 1904 2216 defun-

1082 2239 1199 2276 ctum
1225 2235 1401 2285 lugente
1428 2238 1567 2275 matre
1596 2231 1652 2274 ad
1679 2231 1814 2272 vitam
1840 2243 1903 2271 re-

1082 2290 1553 2332 duxit.1mminentes
1589 2287 1804 2329 bellorum
1838 2291 1903 2327 tu-

1080 2346 1242 2388 multus
1270 2345 1456 2387 assiduis
1483 2343 1754 2386 orationibus
1782 2342 1903 2383 seda-

1081 2402 1153 2444 vit.
1189 2402 1390 2454 Denique
1414 2405 1549 2441 suffiae
1568 2399 1744 2452 pietatis
1764 2398 1904 2451 operi-

1080 2458 1163 2500 bus
1174 2459 1299 2499 vivos
1314 2463 1358 2499 et
1371 2458 1570 2498 mertuos
1586 2454 1669 2497 ssbi
1682 2454 1906 2497 demeruit.

1134 2515 1185 2567 Rz.
1215 2513 1417 2556 Dilexisti
1444 2513 1668 2564 justitiam,
1701 2516 1745 2553 et
1773 2510 1906 2553 odisti

1081 2571 1370 2623 iniquitatem:
1395 2570 1418 2594 *
1444 2568 1684 2621 Propterea
1711 2567 1834 2608 unxit
1861 2572 1906 2608 te

1081 2627 1218 2676 Deus,
1269 2626 1390 2666 Deus
1439 2629 1540 2665 tuus
1586 2623 1683 2665 eleo
1728 2623 1905 2664 laetitiae.

1082 2675 1132 2727 V.
1158 2683 1344 2734 Propter
1365 2680 1610 2728 veritatem,
1639 2684 1682 2720 et
1709 2691 1904 2719 mansue-

1080 2737 1289 2786 tudinem,
1309 2741 1353 2777 et
1371 2735 1587 2787 justitiam.
1614 2735 1866 2787 Propterea.
