2066 2904
355 258 439 296 Pro
468 268 554 296 uno
584 255 786 306 Martyre.

433 324 631 365 Psalmus
660 325 696 363 4.

164 402 255 444 :6251
272 407 345 436 um
374 393 628 434 invocarem
660 390 882 433 exaudivit
912 404 983 433 me

295 450 418 492 Deus
445 449 620 502 justitiae
644 461 770 490 meae:
794 449 818 475 *
843 448 888 488 111
912 448 982 490 111-

163 507 173 522 L
209 532 221 534 >
296 506 521 548 bulatione
547 504 739 547 dilatasti
764 504 880 545 mihi.

210 563 418 605 Miserere
444 563 547 614 mei,
575 562 598 588 *
632 566 675 603 et
703 560 863 603 exaudi
891 574 984 602 ora-

155 621 321 662 tionem
346 632 501 661 11163111.

207 677 306 718 Filii
337 676 563 718 hominum
599 678 829 727 usquequo
863 675 985 725 gravi

157 732 318 776 corde?
348 735 372 761 *
403 737 452 774 ut
481 732 587 785 quid
614 731 793 783 diligitis
822 732 984 773 vanita-

155 796 258 841 tem,
286 795 330 832 et
351 789 547 842 quaeritis
565 787 864 830 mendacium?

207 848 265 889 Et
300 846 458 888 scitote
496 845 703 898 quoniam
737 844 986 887 mirificavit

123 952 127 956 ,
156 904 370 946 Dominus
399 907 598 944 sanctum
626 915 766 944 suum:
790 902 813 927 *
835 902 984 943 Domi-

155 974 237 1002 nus
266 959 472 1002 exaudiet
503 972 573 1001 me
606 972 705 1000 cum
736 958 983 1000 clamavero

157 1017 213 1060 ad
234 1030 344 1059 eum.

207 1072 465 1123 Irascimini,
498 1077 542 1114 et
568 1072 704 1114 nolite
732 1074 933 1125 peccare:
961 1074 985 1099 *

157 1143 255 1184 quae
282 1129 427 1172 dicitis
450 1129 495 1170 in
518 1128 725 1170 cordibus
744 1129 913 1178 vestris,
941 1129 984 1169 in

155 1186 371 1229 cubilibus
390 1185 547 1228 vestris
568 1185 924 1238 compungimini.

205 1243 458 1285 Sacrificate
496 1242 759 1283 sacrificium
796 1242 983 1294 justitiae,

154 1305 199 1342 et
222 1302 397 1353 sperate
423 1299 468 1340 in
491 1299 695 1340 Domino.
722 1300 745 1326 *
769 1298 896 1340 Multi
923 1298 983 1340 di-

154 1362 272 1398 cunt:
300 1356 407 1408 Quis
428 1355 622 1397 ostendit
640 1355 769 1397 nobis
788 1353 931 1397 bona?

206 1413 432 1464 Signatum
463 1416 530 1453 est
561 1424 693 1464 super
724 1424 806 1453 nos
837 1412 984 1453 lumen

154 1469 301 1512 vultus
325 1469 390 1510 tui
413 1469 617 1510 Domine:
642 1468 666 1494 *
690 1467 852 1510 dedisti
876 1468 983 1510 13611-

153 1526 261 1568 113111
278 1526 323 1567 111
343 1525 477 1568 corde
495 1538 607 1567 meo.

206 1583 249 1624 A
271 1582 417 1624 fructu
442 1582 662 1632 frumenti,
690 1582 796 1631 vini,
829 1586 874 1623 61
897 1582 983 1623 0161

155 1640 263 1682 sui*
281 1638 561 1692 multiplicati
580 1643 691 1680 sunt.
963 1658 964 1661 ¹

204 1697 256 1738 In
283 1708 394 1749 pace
421 1696 466 1736 in
491 1695 684 1748 idipsum
707 1696 731 1722 *
757 1695 983 1746 dormiam,

155 1758 199 1795 et
218 1752 506 1805 requiescam3

207 1809 425 1861 Quoniam
438 1813 487 1851 tu
496 1810 687 1851 Domine
702 1809 984 1861 singulariter

154 1867 199 1908 in
218 1879 297 1920 spe
317 1867 340 1893 *
360 1867 628 1908 constituisti
646 1879 727 1908 me.

436 1944 632 1985 Psalmus
660 1946 697 1984 ἵ).

155 2004 351 2109 Verba
373 2027 472 2056 mea
498 2014 675 2056 auribus
695 2015 876 2068 percipe
895 2016 983 2057 Do-

271 2071 408 2121 mine,
444 2071 468 2097 *
508 2070 703 2122 intellige
745 2071 983 2114 clamorem

155 2139 312 2168 meum.
486 2133 493 2139 ‘

206 2183 393 2225 Intende
424 2183 525 2225 voci
558 2183 771 2225 orationis
803 2197 931 2235 meae,
960 2187 984 2212 *

154 2239 253 2281 Rex
270 2253 395 2282 meus
415 2244 459 2282 et
474 2240 595 2281 Deus
613 2253 749 2282 meus.

208 2297 425 2347 Quoniam
443 2296 500 2338 ad
518 2301 564 2339 te
583 2296 740 2339 orabo:
753 2298 777 2324 *
796 2299 984 2342 Domine

155 2365 283 2395 mane
304 2353 514 2395 exaudies
534 2367 691 2396 vocem
708 2368 862 2396 meam.

207 2409 336 2451 Mane
372 2409 529 2452 astabo
562 2410 644 2453 tibi
682 2416 725 2453 et
760 2411 937 2454 videbo:
960 2413 984 2438 *

157 2466 363 2517 quoniam
385 2479 474 2508 non
499 2467 620 2509 Deus
648 2467 803 2510 volens
829 2469 983 2521 iniqui-

156 2523 296 2563 tatem
314 2527 363 2563 tu
383 2535 440 2564 es.

207 2577 364 2630 Neque
390 2579 608 2622 habitabit
641 2582 760 2633 juxta
790 2585 835 2622 te
865 2581 983 2622 mali-

157 2645 282 2683 gnus:
297 2636 321 2662 *
336 2648 478 2688 neque
496 2637 817 2689 permanebunt
836 2637 983 2689 injusti

157 2694 258 2732 ante
278 2691 431 2733 oculos
450 2697 563 2734 tuos.

579 158 789 193 Commune
816 159 1026 202 Martyrum
1051 163 1221 201 temporo
1249 158 1439 191 l‘aschuli.

1090 252 1235 295 Odisti
1255 265 1419 303 omnes,
1442 253 1516 306 qui
1531 256 1772 307 operantur
1790 253 1867 294 ini-

1038 310 1264 363 quitatem:
1288 312 1312 336 *
1334 310 1495 362 perdes
1515 323 1679 362 omnes,
1709 311 1783 364 qui
1806 310 1868 352 10-

1039 370 1230 419 quuntur
1248 366 1538 408 mendacium.

1088 423 1246 465 Virum
1283 424 1544 474 sanguinum
1581 429 1625 466 et
1664 424 1868 466 dolosum

1038 480 1363 522 abominabitur
1386 480 1616 522 Dominus:
1641 483 1664 509 *
1690 494 1772 533 ego
1797 494 1868 522 au-

1037 541 1129 579 tem
1163 537 1208 578 in
1238 537 1520 579 multitudine
1551 538 1868 580 misericordiae

1037 599 1136 636 tuae.

1090 650 1289 693 Introibo
1312 651 1357 691 in
1386 650 1567 692 domum
1589 656 1724 693 tuam:
1747 652 1770 677 *
1796 652 1868 693 ad·
1899 702 1904 707 ι

1038 707 1176 749 orabo
1203 707 1260 749 ad
1284 707 1498 760 templum
1523 714 1722 750 sanctum
1745 713 1869 750 tuum

1038 764 1081 804 in
1100 764 1258 806 timore
1276 769 1366 806 tuo.

1091 821 1280 862 Domine
1296 820 1439 863 deduc
1453 834 1524 863 me
1542 822 1586 862 in
1600 822 1765 874 justitia
1779 827 1869 863 tua:

1039 878 1062 903 *
1086 882 1272 931 propter
1295 878 1497 919 inimicos
1520 891 1644 920 meos
1665 878 1803 930 dirige
1827 879 1869 919 in

1038 936 1280 987 conspectu
1299 939 1378 976 tuo
1398 936 1514 976 viam
1528 948 1682 977 meam.

1092 992 1310 1041 Quoniam
1334 1004 1423 1033 non
1453 997 1520 1034 est
1545 993 1589 1033 in
1615 1006 1691 1034 ore
1718 995 1870 1034 eorum

1037 1049 1214 1090 veritas:
1233 1049 1257 1075 *
1277 1061 1354 1089 cor
1375 1051 1526 1090 eorum
1547 1062 1707 1090 vanum
1728 1055 1805 1091 651.

1089 1105 1380 1158 Sepulchrum
1420 1111 1577 1158 patens
1615 1111 1682 1147 est
1720 1111 1871 1157 guttur

1038 1164 1200 1212 eorum,
1220 1162 1378 1213 linguis
1394 1163 1483 1203 suis
1500 1162 1655 1204 dolose
1671 1163 1870 1214 agebant,

1038 1221 1061 1246 *
1081 1218 1225 1272 judica
1243 1219 1343 1260 illos
1362 1220 1496 1261 Deus.

1090 1275 1308 1317 Decidant
1340 1289 1365 1317 a
1395 1276 1740 1327 cogitationibus
1769 1277 1870 1327 suis,

1038 1332 1280 1374 secuudum
1314 1333 1639 1374 multitudinem
1672 1334 1870 1386 impieta-

1037 1394 1131 1430 tum
1151 1392 1303 1431 eorum
1324 1389 1604 1444 expelleyeos‚
1621 1392 1645 1417 *
1664 1390 1871 1442 quoniam

1037 1446 1318 1488 irritaverunt
1338 1452 1383 1488 te
1402 1447 1602 1488 Domine.

1089 1504 1145 1544 Et
1169 1503 1373 1545 laetentur
1398 1516 1565 1552 omnes,
1596 1504 1670 1555 qui
1691 1509 1871 1556 sperant

1037 1560 1080 1601 in
1100 1565 1155 1610 te,
1171 1561 1254 1601 *in
1274 1562 1486 1602 aeternum
1507 1560 1806 1602 exsultabunt:
1828 1566 1871 1602 et

1036 1616 1257 1659 habitabis
1278 1617 1322 1658 in
1342 1617 1414 1659 eis.

1089 1674 1146 1715 Et
1164 1673 1468 1726 gloriabuntur
1487 1675 1532 1714 in
1550 1679 1596 1715 te
1612 1687 1775 1724 omnes,
1797 1674 1872 1726 qui

1037 1730 1222 1782 diligunt
1250 1743 1409 1772 nomen
1434 1735 1578 1780 tuum,
1607 1732 1631 1758 *
1662 1731 1869 1783 quoniam

1036 1792 1084 1829 tu
1104 1787 1341 1830 benedices
1361 1789 1487 1840 iusto.

1087 1845 1291 1895 Domine,
1328 1850 1377 1886 ut
1403 1850 1529 1886 scuto
1560 1845 1690 1887 bonae
1719 1846 1867 1887 volun-

1035 1902 1141 1943 tatis
1159 1907 1249 1943 tuae
1269 1904 1293 1929 *
1310 1902 1535 1944 coronasti
1554 1915 1647 1944 nos.

1324 1992 1520 2032 l’salmus
1551 1998 1585 2031 δ’,

1036 2063 1269 2168 Domine
1284 2073 1500 2114 Dominus
1519 2077 1680 2123 noster,
1696 2075 1719 2099 *
1739 2085 1868 2125 quam

1141 2128 1400 2171 admirabile
1421 2134 1489 2171 est
1506 2142 1666 2171 nornen
1683 2134 1808 2171 tuum
1824 2129 1868 2170 in

1036 2186 1240 2228 universa
1258 2186 1391 2228 terra!

1090 2243 1307 2294 Quoniam
1349 2242 1520 2285 elevata
1565 2248 1632 2285 est
1673 2243 1868 2295 magnifi-

1038 2300 1182 2341 centia
1208 2304 1295 2349 tua,
1315 2301 1339 2327 *
1368 2312 1500 2352 super
1528 2299 1679 2341 coelos.

1089 2356 1156 2397 Ex
1185 2369 1262 2398 ore
1290 2356 1520 2397 infantium
1545 2361 1588 2397 et
1614 2356 1868 2398 lactentium

1036 2412 1261 2465 perfecisti
1280 2412 1456 2453 laudem
1469 2417 1653 2465 propter
1667 2413 1868 2455 inimicos

1036 2473 1154 2519 tuos,
1183 2471 1207 2496 *
1243 2474 1291 2511 ut
1330 2469 1531 2510 destruas
1566 2469 1789 2511 inimicum
1826 2476 1869 2512 et

1037 2524 1238 2567 ultorem.

1089 2582 1307 2632 Quoniam
1355 2581 1517 2623 videbo
1568 2583 1707 2625 coelos
1756 2588 1868 2634 11105,

1038 2640 1174 2691 opera
1200 2637 1438 2690 digitorum
1461 2640 1653 2680 tuorum:
1673 2642 1696 2667 *
1722 2640 1868 2682 lunam

1038 2700 1082 2736 et
1101 2694 1262 2745 5161135,
1292 2707 1391 2747 quae
1410 2699 1459 2736 tu
1478 2695 1685 2738 fundasti.
