2028 2892
579 166 650 199 Dic
674 166 725 200 23.
751 166 909 209 Aprilis.
959 168 993 201 ὃ.
1020 163 1177 209 Georgii
1203 167 1407 210 Martyriis.

140 264 326 306 ecclesia
356 263 592 304 uterentur.
645 260 771 302 Idem
802 262 965 312 statuit,

139 325 189 362 ut
207 319 369 362 Christi
391 330 551 371 corpus
568 317 614 358 in
633 317 770 358 Coena
787 318 965 360 Domini

138 377 383 419 sumeretur
414 373 469 416 ab
505 373 725 424 omnibus,
756 374 808 415 iis
842 377 963 416 exce-

137 433 244 487 ptis,
272 432 345 484 qui
367 436 550 484 propter
575 443 708 482 grave
733 433 965 483 peccatum

138 489 185 532 id
210 489 354 531 facere
384 486 730 540 prohiberentur.
773 487 895 529 Sedit
922 488 966 528 in

136 546 397 600 pontificatu
416 557 553 586 annos
572 549 680 594 tres,
698 557 871 586 menses
891 548 962 586 un-

139 602 292 652 decim,
313 601 407 644 dies
428 600 582 643 decem
601 606 645 643 et
665 606 783 643 octo:
808 604 965 654 marty-

137 660 203 701 rio
233 661 469 701 coronatur
498 658 578 700 sub
607 658 758 699 Marco
785 658 965 699 Aurelio

137 717 412 769 imperatore,
433 719 476 757 et
495 715 539 756 in
558 715 823 765 coemeterio,
845 715 965 767 quod

138 775 295 826 postea
318 771 487 814 Callisti
511 770 676 814 dictum
701 776 783 821 est,
812 772 963 824 sepeli-

137 835 223 880 tur,
241 841 365 870 more
383 829 597 880 majerum
614 841 764 869 mense
783 828 964 869 Decem-

138 886 207 929 bri
239 885 397 927 creatis
428 884 699 938 presbyteris
735 884 888 926 decem
921 890 964 927 et

139 947 257 991 oct0,
294 940 494 997 diaconis>
526 953 700 991 novem,
742 942 963 994 episcopis

137 1011 218 1051 per
236 997 410 1040 diversa
426 998 526 1039 loca
544 996 759 1039 undecim.

191 1075 241 1126 R.
267 1071 364 1112 Lux
387 1073 605 1124 perpetua
622 1071 786 1114 lucebit
805 1073 966 1114 sanctis

137 1128 223 1170 tuis
246 1128 452 1178 Domine,
480 1132 502 1155 *
526 1128 583 1169 Et
612 1128 833 1169 aeternitas
858 1131 964 1170 tem-

138 1198 305 1238 porum,
326 1184 507 1237 alleluja,
527 1184 708 1237 alleluja.
727 1183 777 1235 V.
791 1185 966 1227 Laetitia

138 1242 404 1294 sempiterna
435 1242 517 1283 erit
550 1254 683 1294 super
718 1242 863 1295 capita
895 1244 964 1284 eo-

138 1311 248 1340 rum:
292 1297 500 1349 gaudium
545 1302 588 1339 et
629 1298 966 1340 exsultatic'mem

140 1354 408 1396 obtinebunt.
435 1355 493 1396 Et
512 1354 746 1396 aeternitas.

448 1438 599 1479 Lectio
620 1453 656 1477 v.

142 1500 307 1609 Caius
339 1505 558 1557 Dalmata,
590 1519 644 1548 ex
674 1508 832 1557 genere
863 1507 966 1548 Dio-

230 1563 406 1604 cletiani
423 1563 711 1615 imperatoris,
732 1564 967 1613 constituit,

139 1624 187 1661 ut
210 1619 278 1660 his
302 1618 503 1660 ordinum
526 1624 571 1661 et
592 1619 809 1661 honorum
826 1619 967 1670 gradi-

138 1676 220 1719 bus
256 1676 301 1716 in
335 1675 535 1717 Ecclesia
571 1675 628 1717 ad
664 1676 968 1729 episcopatum

140 1732 463 1775 ascenderetur:
516 1732 712 1782 Ostiarii,
756 1732 967 1783 Lectoris,

139 1790 399 1839 Exorcistae,
433 1788 655 1842 Acolythi,
690 1789 967 1840 Subdiaconi,

138 1846 342 1896 Diaconi,
372 1845 636 1898 Presbyteri.
677 1846 762 1887 Hic
794 1846 966 1888 Diocle-

138 1902 245 1944 tiani
281 1901 583 1944 crudelitatem
619 1902 663 1942 in
697 1902 967 1944 Christianos

139 1958 329 2009 fugiens,
374 1957 642 2010 aliquamdiu
677 1958 722 1999 in
757 1959 967 2011 spelunca

140 2014 326 2057 delituit:
370 2027 522 2056 verum
563 2019 666 2057 octo
705 2020 809 2068 post
845 2016 967 2056 annis

139 2084 226 2113 una
262 2084 360 2112 cum
396 2071 568 2113 Gabino
606 2072 738 2113 fratre
774 2072 969 2124 martyrii

142 2130 351 2169 coronam
377 2131 639 2170 consecutus
665 2132 747 2178 est,
781 2124 882 2169 cum'
904 2141 967 2170 se-

142 2183 280 2226 disset
322 2196 458 2225 annos
501 2183 750 2234 duodecim,
793 2197 966 2226 menses

143 2243 340 2293 quatuor,
356 2239 451 2282 dies
467 2241 669 2293 quinque,
687 2241 844 2283 creatis
859 2254 968 2283 men·

143 2309 190 2339 se
221 2296 457 2339 Decembri
492 2296 763 2350 presbyteris
798 2298 967 2349 viginti-

143 2355 347 2406 quinque,
375 2353 572 2396 diaconis
600 2359 718 2404 octo,
746 2355 967 2407 episcopis

143 2410 344 2462 quinque.
378 2410 585 2463 Sepultus
611 2415 679 2452 est
701 2412 746 2452 in
765 2413 967 2453 coemete-

141 2466 206 2508 rio
228 2467 405 2517 Callisti,
425 2467 596 2509 decimo
615 2467 841 2509 Kalendas
856 2468 967 2519 Maji.

140 2521 244 2574 Ejus
270 2524 528 2565 memeriam
553 2523 756 2566 Urbanus
785 2526 967 2565 octavus

140 2578 185 2619 in
203 2579 322 2621 Urbe
345 2580 589 2630 renovavit,
619 2580 807 2622 dirutam
832 2580 966 2621 eccle-

142 2635 251 2676 siam
274 2637 480 2687 restituit3
510 2636 654 2686 titulo,
687 2637 890 2685 statione,
924 2641 967 2678 et

140 2691 278 2743 ipsius
296 2693 490 2745 reliquiis
511 2692 747 2735 decoravit.

1072 267 1123 318 Ru
1143 262 1195 302 In
1215 262 1352 303 servis
1372 262 1472 312 suis,
1492 262 1673 313 alleluja,
1693 268 1714 291 *
1738 261 1846 302 Con-

1019 318 1233 360 solabitur
1250 318 1382 368 Deus,
1402 318 1582 369 alleluja.
1614 318 1662 368 Ns.
1680 317 1705 358 J
1707 316 1846 358 udica-

1017 375 1081 417 bit
1099 375 1315 416 Dominus
1338 374 1552 427 pepulum
1572 387 1711 425 suum;
1737 378 1781 415 et
1802 374 1846 414 in

1019 432 1156 474 servis
1176 432 1277 473 suis.
1305 431 1624 473 Consolabitur.

1148 520 1300 560 Sermo
1329 518 1467 559 sancti
1495 517 1718 560 Ambrosii

1322 574 1545 627 Episcopi.

1123 642 1274 683 Lectio
1297 645 1347 684 vi.
1527 647 1660 686 Serui.
1680 648 1741 686 22.

1110 705 1258 756 ignum
1273 709 1316 746 et
1330 706 1570 756 congruum
1587 710 1663 755 est,
1682 706 1848 755 fratres,

1020 708 1161 814 Dut
1175 766 1279 814 post
1293 761 1489 803 laetitiam
1505 762 1699 811 Paschae,
1716 774 1846 813 quam

1019 819 1063 860 in
1090 819 1290 860 Ecclesia
1323 818 1656 868 celebravimus,
1688 818 1848 869 gaudia

1019 880 1170 917 nostra
1220 888 1318 916 cum
1369 875 1531 917 sanctis
1581 874 1847 928 Martyribus

1020 932 1310 974 conferamus:
1357 936 1400 973 et
1444 931 1496 972 iis
1542 932 1846 973 annuntiemus

1019 988 1263 1030 Dominicae
1291 988 1623 1030 resurrectionis
1651 988 1846 1039 gleriam,

1021 1046 1095 1097 qui
1108 1047 1344 1086 >consortes
1369 1050 1469 1086 sunt
1487 1045 1732 1086 Dominicae
1751 1058 1847 1097 pas-

1019 1101 1165 1142 sionis.
1200 1101 1284 1151 Qui
1308 1100 1423 1142 enim
1447 1101 1555 1142 socii
1580 1106 1679 1143 sunt
1699 1106 1847 1142 contu-

1017 1157 1176 1208 meliae,
1209 1157 1371 1199 debent
1403 1163 1447 1199 et
1477 1158 1716 1211 participes
1749 1170 1847 1199 esse

1018 1214 1194 1255 laetitiae.
1220 1214 1289 1255 Ita
1308 1214 1421 1255 enim
1437 1212 1543 1256 dicit
1556 1214 1712 1256 beatus
1728 1214 1846 1267 Apo-

1019 1270 1171 1312 stolus:
1190 1271 1311 1312 Sicut
1331 1270 1438 1312 socii
1456 1271 1709 1323 passionum
1730 1271 1846 1320 estis,

1019 1332 1063 1368 et
1082 1327 1415 1369 resurrectic'mis
1436 1328 1569 1369 eritis:
1588 1328 1625 1368 si
1643 1327 1846 1369 tolerabi-
1896 1365 1897 1369 ,

1018 1397 1126 1434 mus,
1140 1384 1292 1435 inquit,
1309 1389 1352 1425 et
1367 1384 1743 1435 conregnabimus.
1764 1384 1848 1433 Qui
1895 1395 1897 1398 ·

1020 1453 1124 1491 ergo
1165 1440 1462 1482 toleraverunt
1505 1441 1620 1481 mala
1663 1446 1847 1493 propter

1021 1496 1257 1546 Christum,
1290 1496 1452 1539 debent
1484 1502 1527 1539 et
1558 1498 1744 1548 gleriam
1775 1497 1846 1538 ha-

1020 1552 1124 1595 bere
1144 1566 1244 1595 cum
1264 1553 1448 1595 Christo.

1072 1622 1122 1672 R*-
1149 1619 1272 1660 Fssiae
1292 1619 1545 1661 Jerusalem.
1565 1620 1649 1672 [44]

1071 1703 1114 1737 In
1136 1703 1201 1737 ΠΙ.
1223 1703 1422 1737 Nocturno
1448 1703 1618 1736 Ilomilia
1644 1703 1680 1736 in
1703 1703 1846 1745 Evang.
1895 1743 1897 1746 y

1022 1752 1107 1793 Ego
1139 1760 1224 1784 sum
1250 1750 1357 1793 Vitis⁷
1386 1761 1459 1786 vos
1487 1751 1676 1794 palmites.
1710 1752 1755 1785 dc
1786 1762 1846 1785 co-
1893 1752 1896 1757 ⁴

1020 1800 1106 1833 dem
1132 1799 1277 1833 Comm.
1303 1801 1331 1832 2.
1356 1800 1443 1833 loco
1469 1804 1581 1842 temp.
1608 1800 1743 1833 I‘asch.
1772 1799 1847 1841 [50]

1071 1860 1256 1903 vespm-zu
1301 1871 1321 1893 a
1361 1860 1484 1903 Capit.
1531 1861 1577 1895 dc
1616 1872 1720 1904 sequ.
1762 1872 1845 1894 cum
1894 1879 1896 1881 >

1020 1918 1215 1942 commem.
1242 1909 1405 1951 przeeed.

1252 2017 1336 2058 Die
1355 2017 1419 2058 23.
1440 2017 1614 2069 Aprilis.

1175 2095 1218 2136 S.
1248 2095 1447 2145 Georgii
1478 2091 1690 2143 Martyris

1305 2164 1563 2207 Scmiduplcx.

1073 2232 1209 2267 Omnia
1227 2234 1273 2267 dc
1293 2233 1436 2267 Comm.
1453 2234 1559 2268 Mart.
1579 2239 1689 2276 temp.
1707 2235 1842 2269 l'asch.

1022 2281 1093 2326 [38]
1115 2286 1256 2324 praetcr
1277 2291 1381 2324 sequ.

1355 2347 1515 2388 Oratio.

1110 2425 1197 2463 eus,
1217 2412 1291 2464 qui
1308 2424 1390 2452 nos
1408 2410 1527 2452 beati
1541 2410 1720 2461 Georgii
1734 2411 1845 2452 Mar-

1118 2469 1227 2521 tyris
1246 2468 1309 2509 tui
1327 2467 1492 2507 meritis
1512 2471 1555 2507 et
1573 2467 1844 2508 intercessio-

1018 2538 1073 2567 ne
1093 2525 1305 2567 laetificas:
1325 2522 1518 2565 concede
1538 2524 1775 2576 propitius3
1798 2529 1846 2565 ut

1020 2583 1094 2634 qui
1120 2587 1196 2623 tua
1221 2593 1300 2633 per
1327 2593 1426 2621 eum
1460 2579 1674 2621 beneficia
1702 2581 1845 2632 posci-

1018 2651 1131 2687 mus,
1160 2637 1277 2679 dono
1304 2641 1392 2678 tuae
1420 2635 1576 2686 gratiae
1604 2639 1842 2688 consequa·

1017 2707 1124 2735 mur.
1151 2694 1235 2734 Per
1252 2692 1499 2734 Dominum.
