2066 2956
643 189 685 223 In
709 189 835 223 Festis
861 189 901 222 B.
930 189 1060 223 Mariae
1086 189 1127 222 V.
1156 199 1223 231 per
1249 199 1398 222 annum,

219 284 432 325 Excelsus
471 295 605 336 super
640 295 793 324 omnes
830 283 996 324 Gentes

167 340 400 405 Dominus,
418 340 442 366 *
469 344 514 382 et
540 352 673 392 super
693 339 832 381 coelos
856 339 996 390 gloria

168 409 328 502 61181118
342 452 454 493 810111
467 451 683 493 Dominus
696 452 819 493 Deus
835 455 995 501 noster,

169 508 306 560 quiin
323 507 423 549 altis
441 507 621 557 habitat,
635 507 659 533 *
680 512 724 549 81
738 507 917 548 humilia
931 509 995 548 re-

168 564 298 617 spicit
313 564 358 604 in
378 563 492 605 coelo
513 568 557 605 et
574 564 618 604 in
637 562 779 605 terra?

219 620 444 661 Suscitans
477 633 502 661 a
532 624 651 661 terra
681 622 875 672 inopem,
900 620 924 645 *
953 624 996 661 et

169 676 224 719 de
243 678 439 718 stercore
459 676 630 727 erigens
649 679 905 728 pauperem:

221 732 281 774 Ut
310 731 499 773 collocet
527 745 627 773 eum
659 745 760 773 cum
791 732 995 784 principi—

167 788 264 839 bus,
284 788 308 814 *
337 801 436 829 cum
454 787 728 840 principibus
746 788 900 840 populi
920 789 996 829 sui.

219 844 304 894 Qui
321 843 519 885 habitare
536 844 640 885 facit
654 843 847 885 sterilem
861 844 905 884 in
921 843 995 885 do-

166 912 250 949 mo,
270 901 294 926 *
320 904 506 941 matrem
523 899 714 941 filiorum
731 899 965 941 laetantem.

218 958 318 998 Ant.
347 957 481 997 Laeva
504 956 595 1007 ejus
619 955 700 997 sub
721 956 865 1008 capite
884 969 996 1006 meo,

167 1016 211 1053 et
230 1011 413 1053 dextera
434 1011 550 1052 illius
574 1011 898 1064 amplexabitur
916 1025 996 1053 me.

219 1069 317 1110 Ant.
345 1067 482 1118 Nigra
510 1081 623 1117 sum,
643 1068 667 1093 *
685 1067 766 1109 sed
793 1068 996 1118 formosa,

166 1124 269 1165 fssiae
306 1123 563 1165 Jerusalem:
599 1123 701 1164 ideo
739 1123 894 1164 dilexit
925 1136 996 1165 me

166 1180 281 1230 Rex,
310 1184 354 1221 et
381 1179 626 1220 introduxit
653 1192 724 1221 me
751 1179 796 1219 in
823 1179 996 1221 cubicu—

166 1235 258 1277 lum
275 1249 412 1277 suum.

428 1291 629 1332 Psalmus
650 1292 726 1331 121.

231 1349 390 1389 aetatus
422 1360 519 1388 sum
548 1347 593 1387 in
620 1347 704 1396 his,
748 1360 848 1399 quae
878 1348 997 1389 dicta

253 1407 355 1444 sunt
378 1403 500 1443 mihi:
518 1403 542 1429 *
557 1403 601 1443 in
621 1402 801 1444 domum
816 1403 996 1445 Domini

166 1459 338 1500 ibimus.

218 1514 394 1556 Stantes
423 1518 547 1556 erant
572 1514 711 1566 pedes
739 1514 891 1564 nostri,
910 1514 996 1555 *in

167 1570 290 1612 atriis
309 1570 397 1612 tuis
415 1570 669 1611 Jerusalem.

220 1626 475 1676 Jerusalem,
494 1638 593 1678 quae
611 1626 856 1668 aedificatur
872 1630 922 1668 ut
941 1628 996 1667 ci-

167 1682 295 1723 vitas:
320 1682 344 1708 *
373 1682 494 1733 cujus
521 1682 803 1734 participatio
833 1683 924 1734 ejus
952 1682 996 1722 in

166 1737 370 1790 idipsum.

218 1793 330 1835 Illuc
365 1793 480 1835 enim
514 1793 808 1835 ascenderunt
841 1793 996 1843 11111118,

167 1848 308 1891 11111118
364 1849 565 1890 Domini:
618 1849 642 1875 *
695 1849 998 1891 testimonium

166 1905 305 1969 Israel
326 1905 383 1947 ad
409 1905 706 1947 confitendum
724 1905 891 1946 nomini
909 1905 996 1946 Do-

167 1973 284 2000 mm1.

224 2016 336 2065 Quia
363 2015 453 2057 illic
482 2016 692 2058 sederunt
719 2015 848 2058 sedes
872 2016 918 2056 in
939 2017 997 2068 ju-

170 2070 299 2121 dicio,
313 2071 338 2097 ²⁸¹
351 2071 481 2113 sedes
498 2084 630 2124 super
646 2071 827 2113 domum
840 2071 998 2113 David.

222 2127 396 2178 Rogate
424 2140 523 2179 quae
552 2127 610 2169 ad
632 2140 788 2180 pacem
809 2132 910 2168 sunt
930 2127 955 2168 J
958 2140 997 2168 e-

172 2183 376 2280 Eusalem:
390 2183 414 2209 *
432 2188 475 2225 et
494 2182 762 2225 abundantia
782 2182 997 2234 diligenti-

202 2252 253 2280 us
272 2243 334 2280 te:

222 2294 321 2335 Fiat
347 2308 437 2346 pax
457 2295 501 2335 in
520 2295 683 2336 virtute
701 2299 792 2335 tua:
810 2294 834 2321 *
855 2299 899 2336 et
924 2294 997 2335 ab·

171 2349 382 2391 undantia
401 2351 445 2391 in
466 2350 661 2392 turribus
679 2351 778 2391 tuis.

222 2406 414 2458 Propter
433 2406 590 2448 fratres
613 2419 754 2456 meos,
783 2410 827 2447 et
852 2405 998 2458 proxi-

172 2473 268 2502 mos
283 2474 419 2512 111808,
432 2463 456 2488 *
470 2462 685 2514 loquebar
699 2474 855 2514 pacem
869 2461 925 2502 de
939 2466 998 2502 te:

223 2517 411 2568 Propter
433 2517 614 2559 domum
627 2517 807 2558 Domini
820 2516 904 2558 Dei
923 2529 998 2557 no-

174 2572 264 2621 stri,
283 2572 307 2598 *
326 2574 509 2623 quaesivi
527 2573 645 2615 bona
663 2573 756 2614 tibi.

219 2630 317 2669 Ant.
362 2629 504 2680 Nigra
535 2642 649 2678 sum,
686 2628 765 2670 sed
795 2628 998 2677 formosa,

174 2683 277 2725 filiae
308 2684 564 2726 Jerusalem:
599 2684 701 2726 ideo
739 2683 892 2725 dilexit
928 2696 998 2725 me

1790 187 1881 232 [153]

1048 283 1162 333 Rex,
1194 288 1238 325 et
1265 283 1511 325 introduxit
1538 295 1609 324 me
1634 282 1679 323 in
1707 282 1880 324 cubicu-

1048 339 1139 380 lum
1158 352 1295 380 suum.

1104 399 1205 438 Ant.
1243 398 1340 437 Jam
1367 395 1508 436 hiems
1533 394 1722 436 transiit:
1751 394 1775 420 *
1803 394 1880 434 im-

1048 451 1128 493 ber
1147 452 1272 501 abiit,
1301 456 1345 493 et
1363 451 1561 494 recessit:
1585 463 1716 502 surge
1740 453 1881 492 amica

1048 520 1158 557 mea,
1178 512 1223 549 et
1241 508 1352 549 veni.

1307 565 1506 606 Psalmus
1531 566 1615 605 126.

1144 619 1198 660 181
1229 619 1446 660 Dominus
1484 618 1771 661 aedificaverit
1805 618 1880 659 do—

1166 688 1300 724 mum,
1335 675 1359 701 *
1392 675 1438 715 in
1466 687 1627 716 vanum
1656 674 1879 716 laborave-

1049 735 1151 772 runt
1171 731 1246 782 qui
1265 730 1487 772 aedfficant
1507 743 1614 772 eam.

1100 787 1198 828 Nisi
1213 787 1430 828 Dominus
1450 786 1711 828 custodierit
1732 786 1880 827 civita·
1961 778 1963 781 ¹

1048 847 1150 892 tem,
1168 843 1192 868 *
1210 843 1373 884 frustra
1400 843 1553 894 vigilat
1582 843 1656 894 qui
1685 842 1880 884 custodit

1050 911 1157 940 eam.

1100 955 1277 996 Vanum
1321 959 1388 996 est
1424 954 1552 996 vobis
1595 959 1698 996 ante
1737 954 1881 994 lucem

1050 1014 1246 1062 surgere:
1265 1011 1289 1037 *
1307 1011 1474 1062 surgite
1497 1015 1736 1063 postquam
1758 1009 1880 1051 sede-

1049 1067 1166 1163 ritis,
1209 1067 1284 1118 qui
1311 1066 1588 1108 manducatis
1616 1079 1777 1119 panem
1805 1066 1880 1107 do-

1067 1135 1167 1163 0118.

1101 1178 1211 1219 Cum
1248 1178 1421 1219 dederit
1463 1178 1636 1219 dilectis
1678 1177 1770 1218 suis
1813 1190 1880 1218 so-

1048 1248 1214 1275 mnum:
1241 1235 1265 1260 *
1294 1247 1398 1275 8008
1430 1233 1668 1275 haereditas
1700 1233 1881 1274 Domini

1049 1290 1143 1331 filii:
1162 1303 1343 1340 merces,
1364 1291 1533 1331 fructus
1553 1290 1733 1331 ventris.

1101 1347 1223 1388 Sicut
1248 1348 1422 1397 sagittae
1448 1346 1493 1386 in
1513 1358 1645 1386 manu
1668 1344 1880 1397 potentis:

1049 1402 1073 1428 *
1092 1402 1154 1443 ita
1171 1402 1251 1442 fssii
1271 1403 1569 1443 excussorum.

1102 1459 1267 1499 Beatus
1293 1458 1360 1499 vir
1386 1457 1461 1508 qui
1484 1457 1684 1509 implevit
1710 1456 1880 1501 deside-

1049 1514 1162 1554 rium
1183 1527 1310 1555 suum
1330 1526 1384 1554 ex
1402 1513 1528 1565 ipsis:
1549 1513 1573 1539 *
1590 1525 1678 1553 non
1703 1512 1880 1553 confun-

1051 1569 1179 1611 detur
1214 1582 1314 1610 cum
1340 1569 1546 1621 loquetur
1573 1569 1760 1610 inimicis
1789 1569 1880 1609 suis

1049 1626 1093 1666 in
1112 1630 1253 1678 porta.

1103 1683 1203 1723 Ant.
1232 1684 1328 1722 Jam
1356 1680 1496 1721 hiems
1524 1680 1713 1721 transiit:
1741 1679 1882 1722 imber

1050 1737 1170 1786 abiit,
1188 1741 1231 1778 81
1249 1736 1446 1779 recessit:
1464 1748 1594 1788 surge
1614 1739 1754 1778 amica
1772 1749 1881 1786 mea,

1050 1798 1094 1835 et
1112 1793 1223 1834 veni.

1104 1852 1202 1891 Ant.
1230 1850 1441 1901 Speciosa
1459 1849 1483 1875 *
1504 1849 1618 1890 facta
1644 1862 1690 1890 es
1718 1853 1761 1890 et
1786 1850 1880 1889 sua-

1050 1905 1115 1946 vis
1135 1905 1180 1945 in
1200 1905 1368 1947 deliciis
1392 1905 1495 1955 tuis,
1522 1910 1674 1946 sancta
1692 1905 1777 1946 Dei
1797 1905 1880 1946 Ge-

1050 1962 1192 2004 nitrix.

1312 2013 1510 2053 Psalmus
1531 2014 1616 2053 147.

1122 2072 1237 2114 auda
1280 2072 1524 2115 Jerusalem
1567 2073 1820 2114 Dominum:
1855 2072 1879 2098 *

1135 2128 1267 2170 lauda
1283 2129 1428 2171 Deum
1445 2133 1569 2170 tuum
1587 2129 1703 2170 Sion.

1104 2185 1321 2235 Quoniam
1345 2184 1611 2226 confortavit
1634 2196 1755 2225 seras
1780 2196 1879 2235 por-

1048 2242 1194 2282 tarum
1228 2243 1417 2282 tuarum:
1452 2240 1477 2266 *
1511 2239 1737 2281 benedixit
1779 2239 1880 2281 filiis

1049 2297 1135 2337 tuis
1153 2296 1198 2336 in
1216 2301 1272 2338 te.

1102 2352 1186 2402 Qui
1213 2352 1362 2404 posuit
1388 2351 1497 2393 fines
1524 2355 1626 2392 tuos
1653 2363 1828 2403 pacem:
1855 2352 1879 2378 *

1050 2412 1094 2449 81
1121 2407 1252 2460 adipe
1279 2407 1485 2448 frumenti
1511 2407 1642 2447 satiat
1668 2411 1724 2448 te.

1101 2463 1186 2514 Qui
1213 2463 1371 2504 emittit
1398 2462 1621 2514 eloquium
1648 2475 1774 2503 suum
1796 2467 1879 2505 ter·

1049 2531 1126 2559 rae:
1153 2519 1178 2545 *
1204 2518 1415 2560 velociter
1442 2518 1577 2559 currit
1604 2531 1749 2559 sermo
1778 2519 1879 2571 ejus.

1102 2575 1186 2624 Qui
1223 2573 1298 2615 dat
1332 2574 1478 2614 nivem
1514 2574 1628 2614 sicut
1662 2573 1821 2615 lanam:
1854 2576 1878 2601 *

1050 2629 1254 2671 nebulam
1282 2629 1394 2670 sicut
1421 2631 1611 2671 cinerem
1638 2631 1818 2682 spargit.

1100 2685 1234 2726 Mittit
1248 2684 1502 2736 crystallum
1517 2698 1641 2727 suam
1652 2686 1765 2727 sicut
1773 2686 1875 2728 buc-
