2028 2892
173 204 241 239 292

176 315 269 342 sam
288 300 419 351 Agni:
444 301 464 321 *
485 300 542 340 Et
563 299 652 340 vidi
672 299 916 340 Jerusalem
936 298 1007 340 de-

175 356 459 398 scendentem
477 355 532 397 de
553 355 679 405 coelo,
698 357 899 397 ornatam
918 368 1007 395 mo-

174 413 332 454 nilibus
353 412 459 462 suis,
483 412 670 463 alleluja,
695 411 883 463 alleluja,
907 411 1007 452 alle·

173 469 270 520 luja.
312 464 360 514 Y'.
389 468 446 509 Et
475 468 653 509 sustulit
679 481 749 509 me
778 468 820 508 in
850 468 1007 519 spiritu

173 525 217 565 in
235 530 431 567 montem
449 538 657 575 magnum
677 529 721 565 et
740 524 887 566 altum.
914 524 982 564 Et.

488 583 639 622 Lectio
661 596 696 621 v.

174 633 285 738 Ait
313 638 447 679 enim:
476 636 591 687 Quid
618 636 784 678 turbati
811 637 935 686 estis,
964 641 1007 677 et

287 694 580 745 cogitatienes
604 692 847 734 ascendunt
868 693 911 733 in
932 705 1009 734 cor

173 749 392 792 vestrum?
430 751 699 791 putaverunt
720 749 836 790 enim
856 762 902 790 se
923 751 1006 801 spi-

174 807 306 848 ritum
336 806 497 848 videre.
552 805 668 855 Quid
696 805 862 847 turbati
891 806 1006 855 estis,

173 863 335 915 inquit,
368 868 411 904 et
439 862 732 913 cogitatienes
765 838 1008 903 ascendunt

173 920 217 960 in
258 932 335 960 cor
376 917 597 959 vestrum?
652 918 815 959 Videte
853 930 1008 958 manus

173 989 311 1024 meas,
341 980 385 1016 et
409 974 548 1027 pedes
573 987 714 1016 meos:
742 973 937 1026 palpate,
965 978 1009 1015 et

174 1032 337 1073 videte:
372 1032 474 1084 quia
504 1031 685 1084 spiritus
715 1043 816 1071 ossa
847 1035 890 1072 et
916 1043 1007 1071 car-

174 1101 274 1129 nem
304 1101 393 1129 non
420 1087 575 1137 habet,
607 1088 720 1128 sicut
749 1100 820 1128 me
848 1087 1008 1128 videtis

174 1144 346 1186 habere.
395 1144 559 1185 Contra
586 1144 715 1185 istam
745 1142 1008 1185 evidentiam

175 1200 460 1253 disputabant
488 1200 701 1242 homines.
748 1199 865 1249 Quid
893 1200 1008 1241 enim

174 1257 293 1298 aliud
306 1257 500 1298 facerent
512 1257 723 1306 hemines,
740 1256 814 1307 qui
830 1269 892 1305 ea,
908 1269 1008 1307 quae

174 1318 274 1354 sunt
298 1313 539 1362 hominum,
568 1313 760 1366 sapiunt,
788 1325 921 1364 quam
945 1312 1008 1353 sic

175 1370 402 1422 disputare
437 1369 492 1411 de
524 1370 622 1411 Deo
656 1374 809 1410 contra
838 1366 1006 1410 Deum?

173 1426 252 1467 Ille
286 1427 400 1467 enim
428 1426 549 1467 Deus
584 1430 670 1474 est,
706 1426 778 1466 isti
807 1425 1008 1466 hemines

174 1487 284 1524 sunt.
321 1482 409 1524 Sed
428 1483 550 1523 Deus
572 1482 694 1523 novit
717 1482 1008 1532 cogitationes

172 1538 410 1589 heminum,
432 1539 639 1591 queniam
657 1551 783 1579 vanae
804 1543 916 1579 sunt.

228 1599 275 1637 R.
303 1595 467 1636 Audivi
487 1608 644 1636 vocem
664 1596 708 1635 in
728 1594 843 1635 coelo
864 1595 1006 1646 Ange-

173 1652 315 1693 lerum
341 1651 579 1692 multerum
607 1650 860 1692 dicentium:
888 1654 909 1675 *
937 1651 1007 1691 Ti-

173 1709 289 1749 mete
307 1708 556 1756 Deminum,
578 1712 622 1748 et
639 1706 741 1748 date
761 1706 1007 1747 claritatem

173 1763 245 1813 illi,
264 1768 307 1804 et
323 1763 506 1804 adorete
522 1776 622 1804 eum
639 1763 713 1814 qui
727 1763 831 1804 fecit
845 1762 1007 1804 coelum

175 1824 219 1861 et
234 1824 408 1868 terram,
427 1832 547 1860 mare
563 1824 606 1860 et
622 1819 767 1860 fontes
784 1821 1008 1871 aquarum,
1063 1823 1076 1871 {2
1089 1823 1119 1874 ’ά
1131 1815 1183 1868 1²4¹:

174 1876 358 1927 alleluja,
378 1875 560 1927 alleluia.
591 1873 641 1923 Y.
665 1874 771 1916 Vidi
790 1875 1008 1926 Angelum
1098 1868 1167 1895 ””Ψ’Ῡ

174 1932 257 1973 1)οἰ
277 1932 451 1981 fortem,
474 1932 698 1973 volantem
717 1944 797 1983 per
815 1931 1008 1973 medium

174 1988 286 2038 coeli,
305 2000 416 2029 voce
432 2000 591 2039 magna
609 1988 871 2029 clamantem
887 1993 930 2029 et
945 1987 1006 2029 di-

175 2046 357 2086 centem.
384 2044 555 2085 Timete
574 2044 823 2085 Deminum.

479 2103 628 2143 Lectio
652 2103 701 2142 vi.

176 2155 247 2260 In
270 2157 447 2199 hemine
472 2156 633 2198 carnali
657 2161 751 2197 tota
775 2157 925 2207 regula
946 2157 1006 2197 in-

236 2212 462 2265 telligendi
499 2218 566 2254 est
602 2211 878 2254 consuetudo
917 2226 1006 2255 cer-

175 2270 317 2311 nendi.
334 2269 465 2320 Quod
478 2269 621 2310 solent
634 2267 794 2317 videre,
809 2268 1007 2311 credunt:

177 2327 296 2378 quod
313 2340 401 2368 non
417 2326 571 2375 solent,
587 2338 675 2366 non
691 2324 886 2366 credunt.
901 2326 1009 2367 Prae-

174 2387 241 2423 ter
268 2381 631 2424 consuetudinem
658 2382 761 2422 facit
785 2382 906 2422 Deus
932 2383 1007 2423 mi—

176 2439 335 2483 racula,
357 2439 457 2491 quia
476 2439 597 2480 Deus
617 2443 695 2479 est.
730 2437 897 2488 Majera
918 2439 1007 2490 qui-

177 2494 277 2535 dem
309 2496 519 2536 miracula
552 2500 673 2544 sunt,
709 2499 777 2535 tot
811 2494 1008 2545 quotidie

176 2549 374 2591 hemines
388 2552 518 2600 nasci,
535 2552 609 2603 qui
623 2564 709 2593 non
726 2556 859 2600 erant,
877 2564 1008 2603 quam

176 2619 343 2657 paucos
366 2610 674 2656 resurrexisse,
701 2608 774 2659 qui
799 2613 935 2648 erant:
965 2613 1008 2649 et

176 2668 322 2703 tamen
349 2662 434 2703 ista
459 2664 670 2705 miracula
696 2677 784 2705 non
811 2663 1008 2705 conside-

177 2718 346 2759 ratiene
392 2720 710 2771 comprehensa
755 2724 878 2769 sunt,
929 2720 1007 2761 sed

738 204 936 237 Dominicu
968 205 1027 236 111.
1055 211 1142 246 post
1170 204 1328 238 Pascha.

1061 298 1318 341 assiduitate
1349 299 1580 340 viluerunt.
1635 299 1895 340 Resurrexit

1062 354 1275 396 Christus:
1299 355 1504 397 absoluta
1525 360 1591 397 est
1609 367 1691 396 res.
1721 355 1894 407 Corpus

1062 416 1171 460 erat,
1196 424 1300 454 caro
1321 417 1428 453 erat:
1455 410 1669 464 pependit
1688 411 1732 451 in
1752 423 1894 461 cruce,

1062 467 1206 508 emisit
1230 468 1434 517 animam,
1462 468 1608 520 pesita
1632 472 1700 508 est
1723 479 1827 509 caro
1851 468 1894 508 in

1061 523 1308 576 sepulchro.
1353 523 1564 565 Exhibuit
1592 523 1711 565 illam
1738 523 1895 573 vivam,

1062 580 1136 631 qui
1167 580 1345 621 vivebat
1374 581 1418 621 in
1451 580 1536 621 illa.
1590 580 1736 629 Quare
1767 580 1894 621 mira-

1060 634 1180 677 mur?
1211 649 1347 689 quare
1374 649 1464 678 non
1493 633 1735 677 eredimus?
1773 636 1895 677 Deus

1062 697 1140 742 est,
1160 693 1234 744 qui
1253 693 1367 734 fecit.

1118 755 1166 805 R.
1190 754 1384 796 Veniens
1408 766 1433 795 a
1452 753 1623 795 Libano
1648 766 1779 806 quam
1802 752 1895 806 pul-

1062 809 1166 850 chra
1189 810 1305 851 facta
1330 814 1411 859 est,
1441 809 1629 875 alleluja:
1658 809 1679 831 *
1704 810 1761 852 Et
1785 809 1897 851 odor

1062 866 1425 908 vestimenterum
1458 867 1549 917 ejus
1584 879 1717 919 super
1751 866 1896 908 emnia

1061 922 1697 975 31013313,311011113,311011’113.
1741 917 1896 968 Y.Fa-

1061 992 1142 1020 vus
1163 978 1380 1020 distillans
1398 979 1516 1020 labia
1536 979 1638 1031 ejus,
1657 978 1745 1020 mel
1765 983 1809 1021 et
1827 979 1896 1020 130

1063 1034 1144 1076 sub
1154 1035 1304 1086 lingua
1316 1036 1418 1088 ejus.
1434 1036 1502 1076 Et.
1522 1034 1674 1076 Gleria
1684 1035 1813 1076 Patri.
1828 1035 1896 1076 Et.

1279 1115 1327 1153 In
1356 1114 1427 1152 III.
1455 1114 1679 1152 Nocturno.

1061 1176 1216 1217 Lectio
1243 1175 1384 1216 sancti
1403 1174 1632 1225 Evangelii
1654 1172 1896 1216 secundum

1366 1231 1392 1271 J
1394 1232 1593 1273 oannem.

1165 1293 1199 1332 L
1204 1292 1317 1333 ectio
1340 1292 1407 1331 vii.
1556 1291 1660 1341 Cap.
1678 1291 1735 1329 16.
1752 1288 1790 1328 b.

1060 1349 1137 1455 In
1155 1353 1231 1394 illo
1251 1354 1468 1417 tempore:
1486 1352 1610 1394 Dixit
1623 1353 1647 1393 J
1651 1364 1751 1393 esus
1767 1349 1894 1392 disci-

1126 1409 1242 1463 pulis
1262 1409 1366 1450 suis:
1385 1407 1623 1458 Medicum,
1641 1413 1686 1450 et
1702 1408 1788 1460 jam
1806 1420 1895 1448 non

1061 1466 1267 1508 videbitis
1291 1479 1378 1507 me:
1408 1470 1452 1507 et
1477 1468 1638 1507 iterum
1661 1462 1896 1514 modicum,

1062 1528 1106 1565 et
1129 1522 1335 1564 videbitis
1359 1535 1446 1564 me:
1475 1523 1577 1574 quia
1599 1521 1716 1563 vado
1741 1519 1798 1562 ad
1816 1520 1895 1561 Pa-

1061 1584 1183 1620 trem.
1211 1579 1268 1620 Et
1286 1578 1467 1630 reliqua.

1065 1647 1255 1690 Homilia
1270 1646 1411 1688 sancti
1427 1645 1660 1697 Augustini
1673 1644 1896 1698 Episcopi.

1127 1710 1179 1768 lr
1183 1721 1223 1743 111
1218 1716 1252 1743 t
1278 1711 1354 1743 1()1.
1380 1710 1416 1743 in
1437 1710 1588 1746 .,1031111.
1613 1709 1685 1743 sub
1707 1709 1829 1742 finem.

1191 1763 1398 1805 0111011111
1424 1768 1492 1804 est
1516 1762 1603 1804 hoc
1628 1767 1772 1804 totum
1798 1764 1895 1815 spa·

1204 1816 1211 1873 ,ἕξ
1237 1820 1357 1870 tium,
1374 1832 1462 1872 quo
1477 1831 1675 1871 praesens
1691 1819 1896 1871 pervolat

1238 1852 1459 1917 saecu’lum.
1495 1874 1623 1917 Unde
1647 1874 1755 1916 dicit
1778 1874 1896 1916 idem

1062 1933 1158 1985 ipse
1186 1932 1468 1984 Evangelista
1499 1932 1543 1972 in
1570 1930 1772 1983 Epistola
1801 1943 1896 1972 sua:

1062 1989 1316 2031 Novissima
1334 1989 1444 2030 hora
1463 1993 1541 2029 est.
1577 1987 1686 2029 Ideo
1705 2000 1895 2040 namque

1063 2044 1252 2087 addidit:
1297 2045 1409 2095 Quia
1449 2043 1565 2086 vado
1608 2042 1665 2085 ad
1699 2044 1895 2086 Patrem:

1063 2101 1183 2153 quod
1207 2100 1263 2143 ad
1283 2101 1478 2154 prierem
1503 2100 1764 2141 sententiam
1786 2100 1894 2141 refe-

1062 2157 1248 2199 rendum
1272 2162 1353 2207 est,
1380 2156 1456 2198 ubi
1479 2157 1554 2198 ait:
1581 2155 1822 2206 Modicum,
1850 2160 1894 2197 et

1061 2215 1147 2266 jam
1170 2226 1258 2255 non
1283 2212 1488 2254 videbitis
1512 2225 1598 2254 me:
1625 2225 1713 2254 non
1737 2212 1795 2254 ad
1817 2224 1894 2265 po·

1062 2270 1303 2319 sterierem,
1322 2269 1397 2311 ubi
1416 2270 1491 2311 ait:
1509 2270 1567 2311 Et
1583 2272 1742 2310 iterum
1756 2268 1893 2310 medi-

1062 2340 1172 2375 cum,
1193 2330 1235 2367 et
1255 2325 1460 2367 videbitis
1479 2338 1560 2367 me.
1591 2324 1750 2366 Eundo
1771 2325 1893 2377 quip-

1061 2395 1118 2435 pe
1133 2382 1189 2423 ad
1204 2383 1391 2431 Patrem,
1411 2382 1606 2423 facturus
1623 2386 1716 2422 erat
1731 2386 1779 2422 ut
1794 2393 1893 2422 eum

1061 2452 1149 2480 non
1169 2438 1377 2479 viderent.
1405 2439 1472 2479 Ac
1490 2451 1571 2491 per
1585 2437 1671 2478 hoc
1690 2449 1777 2478 non
1791 2436 1893 2478 ideo

1062 2495 1227 2536 dictum
1247 2500 1329 2543 est,
1355 2495 1456 2546 quia
1478 2495 1619 2535 fuerat
1641 2493 1893 2542 moriturus,

1062 2557 1106 2593 et
1146 2551 1288 2593 donec
1330 2554 1600 2602 resurgeret,
1645 2549 1700 2590 ab
1740 2551 1893 2590 eerum

1062 2606 1314 2660 aspectibus
1350 2610 1622 2648 recessurus:
1658 2604 1737 2646 sed
1773 2604 1894 2656 quod

1062 2668 1180 2705 esset
1198 2664 1338 2705 iturus
1358 2662 1415 2704 ad
1436 2663 1626 2710 Patrem,
1650 2661 1771 2713 quod
1790 2661 1893 2702 fecit

1061 2722 1353 2772 posteaquam
1369 2718 1620 2767 resurrexit,
1640 2723 1694 2767 et,
1716 2730 1815 2759 cum
1831 2718 1893 2759 eis
