2066 2956
543 208 715 241 (sslicitum
744 207 913 240 xmixvum
941 207 986 240 [lc
1011 208 1066 239 88.
1092 207 1343 240 Eucharistiae
1368 209 1623 242 Sacrzmwnto.

231 307 300 348 hic
324 308 537 359 meipsum
559 305 732 356 tradidi,
756 306 893 347 multo
917 307 1055 359 magis

231 362 276 405 id
303 363 346 404 in
372 363 520 404 futuro
548 363 715 404 faciam.
761 362 895 404 Volui
922 363 1056 405 frater

231 424 376 461 vester
402 419 516 468 fieri,
549 419 668 460 carni
695 423 877 472 propter
903 432 983 461 vos
1012 425 1055 461 et

230 476 428 527 sanguini
464 475 800 517 communicavi:
837 475 964 517 vobis
996 476 1054 517 vi-

230 533 375 574 cissim
412 533 553 585 ipsam
594 545 769 574 carnem
807 537 850 574 et
887 533 1055 584 sangui-

229 601 339 638 nem,
365 601 444 642 per
469 602 567 641 quae
593 591 805 640 cognatus
828 593 974 631 vester
992 589 1054 640 fa-

230 650 324 687 ctus
345 659 451 695 sum,
474 645 614 687 trado.

285 714 331 765 R:-
358 714 543 767 Accepit
566 715 591 756 J
594 727 693 756 esus
718 714 910 764 calicem,
934 719 1052 768 post-

230 783 361 823 quam
388 770 792 821 coenavit,·dicens:
825 771 910 812 Hic
942 770 1054 812 calix

228 840 390 870 novum
426 829 736 870 testamentum
770 832 836 869 est
871 827 915 868 in
954 840 1053 869 meo

229 884 452 936 sanguine:
489 886 507 905 *
542 885 641 925 Hoc
674 884 802 926 facite
834 884 877 924 in
910 896 1053 925 meam

228 941 699 982 commemorationem.
756 938 802 986 Y.
841 940 1052 982 Memoria

227 1010 394 1039 memor
413 1010 499 1047 ero,
525 1002 568 1039 et
590 997 786 1039 tabescet
808 997 852 1038 in
874 1010 944 1039 me
965 997 1052 1038 ani-

226 1067 296 1095 ma
325 1067 432 1096 mea.
486 1054 586 1096 Hoc
614 1054 755 1096 facite.

534 1132 679 1171 Lectio
704 1133 752 1170 vi.

304 1202 554 1245 ttendamus
590 1205 737 1255 itaque
774 1202 901 1244 nobis
935 1203 1052 1255 ipsis,

348 1260 635 1309 dilectissimi,
667 1259 828 1300 talibus
860 1259 1052 1301 fruentes

226 1315 368 1357 bonis:
394 1321 437 1358 et
456 1330 555 1358 cum
575 1315 739 1368 aliquid
757 1321 886 1369 turpe
906 1316 1052 1359 dicere

227 1373 502 1422 voluerimus,
528 1372 597 1414 vel
620 1385 701 1414 nos
726 1371 781 1414 ab
804 1373 867 1413 ira
892 1373 1051 1426 corripi

226 1428 473 1480 viderimus,
493 1429 562 1471 vel
580 1429 665 1470 alio
687 1429 895 1482 quopiam
910 1429 1051 1482 hujus-

225 1485 345 1527 modi
375 1487 503 1536 vitio,
536 1484 863 1527 consideremus
894 1486 1052 1538 quibus

226 1542 327 1583 facti
351 1555 498 1584 sumus
521 1542 652 1593 digni:
677 1541 865 1594 talisque
890 1543 1051 1594 cogita-

226 1600 286 1641 tio
315 1599 440 1640 nobis
469 1598 828 1640 irrationabilium
854 1601 1051 1641 metuum

226 1656 281 1698 sit
305 1655 531 1697 correctio.
572 1656 800 1707 Quotquot
822 1656 952 1707 igitur
975 1655 1050 1696 hu-

226 1712 289 1763 jus
322 1712 559 1764 participes
596 1711 796 1764 corporis
830 1711 1050 1762 efficimur,

226 1773 444 1820 quotquot
473 1769 728 1819 sanguinem
753 1766 1051 1819 degustamus3

226 1825 477 1875 cogitemus,
504 1824 623 1877 quod
647 1824 768 1865 illum
792 1838 964 1865 sursum
987 1838 1050 1866 se-

227 1879 420 1931 dentem,
452 1881 524 1933 qui
552 1881 606 1922 ab
635 1880 814 1932 Angelis
842 1880 1051 1922 adoratur

225 1937 543 1990 incorruptibili
564 1938 731 1978 vicinus
750 1937 914 1987 virtuti,
937 1936 1051 1979 hunc

226 1993 518 2045 degustamus.
546 1994 631 2035 Hei
650 1993 764 2043 mihi,
784 1998 892 2045 quot
911 1993 967 2035 ad
987 2007 1050 2035 sa-

226 2050 362 2091 lutem
375 2050 502 2092 nobis
516 2049 616 2091 viae!
641 2049 734 2091 Nos
750 2062 910 2102 corpus
926 2063 1051 2091 suum

226 2105 384 2149 effecit:
411 2106 538 2148 nobis
565 2119 691 2147 suum
716 2107 1051 2149 communicavit

225 2175 400 2216 eorpus:
421 2168 464 2205 et
482 2162 639 2204 horum
658 2174 739 2204 nos
758 2162 864 2203 nihil
882 2176 907 2204 a
926 2163 1050 2204 malis

225 2220 391 2261 avertit.

280 2284 329 2334 Rg.
354 2284 449 2334 Ego
478 2297 574 2324 sum
601 2284 726 2336 panis
754 2283 871 2325 vitae:
900 2289 1049 2336 patres

226 2341 360 2381 vestri
398 2339 769 2382 manducaverunt
808 2352 966 2381 manna
1006 2341 1049 2381 in

228 2395 414 2446 deserto,
443 2403 486 2438 et
510 2396 670 2438 mortui
696 2402 809 2438 sunt:
831 2399 852 2421 *
873 2396 957 2438 Hic
981 2403 1049 2438 est

225 2453 348 2516 panis
377 2452 432 2494 de
465 2453 579 2494 coelo
613 2452 899 2502 descendens,
933 2458 980 2494 ut
1013 2454 1049 2494 si

227 2508 322 2558 quis
351 2522 404 2550 ex
431 2510 529 2572 ipso
557 2510 806 2559 manducet,
839 2522 926 2550 non
958 2523 1047 2551 mo-

225 2563 370 2605 riatur.
424 2559 470 2609 Υ.
512 2566 607 2617 Ego
636 2579 731 2607 sum
760 2567 884 2618 panis
912 2566 1047 2616 vivus,

227 2621 298 2671 qui
319 2619 373 2661 de
394 2622 506 2663 coelo
526 2621 746 2664 descendi:
766 2623 802 2663 si
819 2623 914 2674 quis
930 2635 1045 2663 man-

225 2676 450 2718 ducaxerit
485 2691 538 2718 ex
570 2677 654 2720 hoc
688 2692 816 2731 pane,
851 2679 969 2720 vivet
1003 2680 1045 2719 in

225 2734 446 2773 aeternum.
482 2734 577 2775 Hic.
616 2734 766 2775 Gloria
788 2735 916 2776 Patri.
952 2735 1046 2776 Hic.

1194 320 1405 362 Mensibus
1433 322 1583 362 Martio
1612 322 1655 362 et
1682 321 1850 374 Aprilis.

1113 398 1267 440 Sermo
1295 399 1432 441 sancti
1455 399 1479 440 J
1481 399 1604 441 oanis
1623 398 1934 452 Chrysestomi.

1250 467 1413 500 llnmiliu
1439 468 1497 501 ΗΟ.
1524 468 1570 501 ad
1598 478 1684 510 pop.
1715 469 1798 501 Ant.

1415 528 1562 567 Lecti«)
1584 529 1635 567 iv.

1113 605 1215 665 's
1238 598 1412 639 ueniam
1443 599 1641 641 Verbum
1676 598 1800 641 dicit:
1835 599 1934 641 Hoc

1113 686 1131 711 ,-
1177 667 1197 687 ³
1222 688 1230 710 9
1256 660 1323 696 est
1348 668 1509 708 corpus
1534 669 1695 698 meum·
1723 660 1768 697 et
1791 668 1934 698 assen-

1117 707 1187 731 &a
1255 712 1431 762 tiamur,
1459 717 1503 754 et
1529 712 1776 762 credamuS,
1804 717 1848 754 et
1873 713 1933 753 in-

1108 767 1460 810 tellectualibus
1449 782 1593 835 ipsum
1612 769 1750 811 oculis
1768 744 1934 811 intuea-

1106 837 1213 865 mur.
1266 824 1386 866 Nihil
1421 826 1534 867 enim
1571 825 1775 868 sensibile
1806 825 1934 867 nobis

1107 880 1305 923 Christus
1329 881 1526 924 tradidit:
1552 882 1631 924 sed
1655 881 1934 924 sensibilibus

1108 937 1284 989 quidem
1303 938 1444 988 rebus,
1464 944 1509 981 at
1528 939 1672 981 omnia
1689 938 1933 990 intelligibi-

1106 994 1172 1034 lia.
1217 994 1377 1037 Itidem
1405 1000 1449 1037 et
1476 996 1520 1036 in
1545 995 1827 1049 baptismate:
1853 1007 1934 1048 per

1106 1063 1198 1092 rem
1216 1064 1374 1105 nempe
1395 1052 1647 1094 sensibilem
1666 1065 1835 1105 aquam,
1858 1051 1932 1094 do-

1105 1120 1208 1148 num
1245 1108 1484 1150 confertur:
1521 1108 1791 1160 intelligibile
1826 1121 1932 1150 vero

1106 1162 1226 1214 quod
1244 1164 1479 1217 perficitur,
1502 1166 1726 1217 generatio
1749 1170 1792 1207 et
1810 1177 1933 1207 reno-

1105 1220 1236 1262 vatio.
1276 1221 1320 1262 Si
1348 1221 1463 1263 enim
1489 1222 1775 1275 incorporeus
1801 1235 1933 1270 esseS‚

1104 1276 1221 1318 nuda
1257 1283 1301 1319 et
1337 1278 1598 1331 incorperea
1628 1278 1708 1320 tibi
1739 1277 1933 1321 dedisset

1104 1333 1198 1385 ipse
1214 1333 1343 1376 dona:
1362 1334 1442 1376 sed
1458 1335 1664 1388 queniam
1682 1335 1825 1377 anima
1839 1337 1931 1377 cor-

1104 1390 1204 1442 pori
1233 1393 1435 1433 conserta
1463 1396 1548 1442 est,
1583 1392 1628 1432 in
1656 1391 1932 1435 sensibilibus

1103 1446 1391 1498 intelligibilia
1440 1447 1520 1490 tibi
1570 1448 1752 1502 praebet.
1815 1449 1933 1499 Quot

1104 1516 1217 1544 nunc
1254 1503 1421 1546 dicunt:
1462 1504 1636 1547 Vellem
1672 1505 1811 1558 ipsius
1847 1505 1931 1547 for-

1103 1572 1219 1600 mam
1243 1562 1455 1613 aspicere,
1479 1560 1678 1612 figuram,
1702 1561 1931 1603 vestimen-

1103 1621 1158 1666 ta,
1183 1616 1498 1660 calceamenta?
1535 1618 1650 1660 Ecce
1675 1618 1774 1660 eum
1795 1617 1931 1669 vides,

1103 1672 1247 1725 ipsum
1265 1674 1418 1725 tangis,
1436 1674 1581 1727 ipsum
1596 1673 1846 1717 manducas.
1873 1675 1931 1716 Et

1102 1733 1150 1770 tu
1166 1728 1343 1781 quidem
1359 1731 1617 1772 vestimenta
1631 1732 1754 1784 cupis
1768 1730 1931 1773 videre:

1103 1784 1197 1837 ipse
1216 1798 1322 1828 vero
1341 1786 1422 1828 tibi
1439 1786 1640 1829 concedit
1657 1800 1746 1829 non
1761 1792 1931 1829 tantum

1102 1840 1271 1892 videre,
1308 1855 1460 1884 verum
1491 1848 1535 1885 et
1565 1842 1849 1894 manducare,
1886 1849 1931 1886 et

1102 1899 1292 1950 tangere,
1313 1904 1356 1941 et
1374 1900 1488 1941 intra
1505 1906 1549 1942 te
1569 1904 1751 1942 sumere.

1160 1966 1206 2017 Rg.
1233 1967 1516 2011 Coenantibus
1535 1969 1630 2011 illis.
1658 1969 1769 2022 [245]

1416 2042 1562 2083 Lectio
1585 2057 1619 2081 v.

1148 2115 1263 2166 gitur
1284 2115 1466 2158 accedat
1485 2129 1614 2159 nemo
1637 2129 1736 2158 cum
1754 2120 1928 2167 nausea,

1170 2184 1297 2213 nemo
1316 2172 1550 2224 resolutus,
1574 2186 1725 2215 omnes
1745 2175 1927 2224 accensi,

1102 2240 1253 2270 omnes
1277 2229 1494 2271 ferventes
1519 2235 1563 2271 et
1587 2230 1774 2272 excitati.
1813 2230 1927 2271 Nam

1101 2285 1137 2325 si
1151 2285 1176 2326 J
1178 2284 1294 2326 udaei
1313 2290 1490 2336 stantes,
1510 2291 1553 2328 et
1572 2287 1866 2329 calceamenta
1883 2287 1925 2327 in

1100 2341 1288 2393 pedibus
1311 2341 1536 2392 habentes,
1564 2348 1608 2384 et
1633 2343 1815 2385 baculos
1837 2345 1925 2384 ma-

1100 2397 1226 2440 nibus
1251 2401 1485 2450 gestanteS,
1510 2412 1668 2451 agnum
1692 2413 1790 2442 cum
1811 2399 1925 2442 festi-

1099 2454 1273 2495 natione
1293 2454 1596 2497 comedebant:
1619 2461 1663 2497 te
1681 2456 1820 2498 multo
1838 2469 1924 2498 ma-

1099 2511 1165 2561 gis
1186 2513 1362 2564 oportet
1377 2523 1475 2552 esse
1493 2511 1710 2554 solertem.
1737 2513 1851 2554 Nam
1865 2513 1924 2553 illi

1100 2567 1276 2618 quidem
1303 2567 1347 2607 in
1372 2567 1650 2610 Palaestinam
1678 2575 1800 2611 erant
1827 2582 1924 2622 pro-

1098 2623 1262 2673 fecturi,
1279 2630 1322 2666 et
1335 2625 1571 2677 propterea
1586 2625 1803 2667 viatorum
1820 2626 1924 2676 figu-

1099 2692 1191 2720 ram
1223 2680 1460 2723 habebant:
1496 2687 1543 2723 tu
1574 2695 1680 2724 vero
1713 2682 1849 2724 debes
1881 2683 1924 2722 in

1098 2736 1258 2777 coelum
1299 2738 1496 2788 migrare.
1559 2740 1839 2792 Quapropter
1879 2739 1923 2779 in
