2028 2892
757 178 793 210 In
823 179 848 211 Α
858 180 1058 213 sconsione
1083 180 1247 213 Domini.

207 268 460 311 Benedicite
474 268 664 310 Domino
681 269 824 310 omnia
843 272 977 322 opera

155 327 262 378 ejus:
281 327 304 353 *
327 325 372 366 in
399 324 514 366 omni
542 324 641 366 loco
671 324 976 367 dominationis

157 383 259 435 ejus,
283 379 469 424 benedic
495 381 637 422 anima
661 394 758 422 mea
777 382 976 424 D6mino.

204 455 300 495 Ant.
328 451 543 493 D6minus
567 451 609 491 in
635 451 764 500 coelo,
792 451 977 514 alleluja:

154 507 325 562 paravit
344 506 493 549 sedem
513 520 645 557 suam,
665 507 845 560 alleluja.

202 572 252 624 V.
275 575 480 617 Ascendo
502 576 557 618 ad
571 577 746 618 Patrem
761 589 914 627 meum,
935 583 977 619 et

153 632 328 673 Patrem
342 638 546 682 vestrum,
563 632 743 685 alleluja.
762 635 811 686 R*-
836 633 977 674 Deum

153 701 308 738 meum,
329 694 372 730 et
390 689 532 730 Deum
551 694 754 739 vestrum,
775 689 955 741 alleluja.

149 767 306 810 Lectio
331 767 470 809 sancti
487 767 713 819 Evangelii
737 767 977 809 secundum

461 823 667 866 Marcum.

252 891 403 931 Lectio
425 892 491 931 vii.
643 891 744 943 Cap.
763 894 819 932 16.
836 906 869 933 c.

150 950 227 1057 In
252 954 327 995 illo
354 956 570 1007 tempore:
602 953 975 995 Recumbentibus

215 1009 418 1053 undecim
442 1010 681 1063 discipulis,
706 1011 908 1063 apparuit
929 1011 975 1051 il-

150 1067 203 1109 lis
222 1068 247 1109 J
249 1080 363 1110 esus:
385 1072 428 1110 θῖ
447 1066 729 1120 exprobravit
748 1066 975 1108 increduli-

149 1126 286 1167 tatem
314 1126 482 1174 eorum,
510 1129 553 1166 et
582 1123 787 1165 duritiam
814 1123 975 1165 cordis:

152 1181 253 1232 quia
269 1181 336 1232 iis,
361 1181 435 1233 qui
452 1179 651 1222 viderant
670 1193 769 1222 eum
787 1193 975 1222 resurre-

149 1239 280 1288 xisse,
300 1251 389 1279 non
408 1236 697 1279 crediderunt.
723 1237 780 1278 Et
798 1236 975 1288 reliqua.

198 1319 389 1363 Homih'a
408 1319 547 1361 sancti
566 1319 769 1370 Gregorii
786 1319 931 1371 Papae.

283 1390 450 1425 Homilia
475 1391 528 1425 29.
555 1391 592 1424 in
616 1391 838 1433 Evangelia.

199 1446 263 1478 Τ·
278 1440 368 1483 uod
396 1440 757 1482 resurrectionem
781 1441 973 1481 Domini-

180 1493 231 1550 &ss
270 1542 271 1545 ,
297 1510 392 1539 cam
412 1496 614 1549 discipuli
634 1496 759 1539 tarde
781 1496 974 1538 credide-

259 1560 266 1568 “’
294 1559 409 1604 runt,
436 1566 524 1595 non
548 1559 638 1595 tam
661 1553 836 1595 illorum
858 1553 972 1594 infir-

146 1610 289 1661 mitas,
316 1623 447 1664 quam
469 1615 636 1660 nostra,
663 1615 711 1652 ut
735 1610 795 1652 ita
821 1609 972 1660 dicam,

147 1667 292 1709 futura
317 1667 498 1709 firmitas
524 1667 613 1709 fuit.
657 1667 761 1719 Ipsa
786 1679 972 1718 namque

146 1724 406 1766 resurrectio
442 1723 528 1765 illis
565 1722 862 1765 dubitantibus
893 1736 973 1776 per

145 1780 281 1823 multa
322 1782 574 1832 argumenta
611 1782 852 1821 monstrata
890 1785 972 1821 est:

147 1850 246 1889 quae
261 1837 364 1880 dum
380 1850 461 1880 nos
475 1837 670 1888 legentes
687 1836 971 1887 agnoscimus,

147 1893 253 1946 quid
277 1893 395 1936 aliud
421 1907 551 1946 quam
574 1892 629 1935 de
654 1892 827 1934 illotum
851 1892 971 1934 dubi-

146 1950 311 1992 tati6ne
325 1949 584 1992 solidamur?
612 1949 754 1990 Minus
770 1949 883 1990 enim
895 1949 970 1989 mi-

146 2006 191 2047 hi
207 2006 345 2048 Maria
363 2005 620 2058 Magdalene
639 2005 852 2058 praestitit,
873 2018 970 2057 quae

148 2062 272 2104 citius
294 2062 492 2113 credidit,
518 2075 648 2114 quam
666 2061 874 2111 Thomas,
898 2061 971 2112 qui

147 2119 222 2161 diu
241 2118 465 2161 dubitavit.
497 2119 577 2160 Ille
598 2118 755 2160 etenim
775 2117 970 2159 dubitan-

147 2175 221 2226 do,
247 2175 475 2217 vulnerum
498 2176 722 2217 cicatrices
745 2174 901 2224 tetigit,
927 2179 970 2215 et

147 2231 201 2274 de
218 2237 369 2274 nostro
384 2234 565 2285 pectore
583 2230 864 2273 dubitationis
880 2229 968 2271 vul-

145 2302 225 2330 nus
244 2289 495 2341 amputavit.

202 2360 250 2410 R.
266 2358 363 2409 Ego
383 2357 551 2408 rogabo
570 2357 755 2406 Patrem,
777 2360 820 2396 et
840 2354 970 2395 alium

143 2414 409 2456 Paraclitum
435 2413 556 2455 dabit
581 2412 725 2461 vobis,
755 2418 775 2439 *
801 2411 859 2453 Ut
883 2412 968 2451 mei-

144 2475 245 2512 neat
269 2470 496 2512 vobiscum
519 2469 561 2509 in
588 2471 815 2517 aeternum,
839 2467 967 2519 Spiri-

143 2531 237 2567 tum
259 2526 471 2575 veritzitis,
497 2525 677 2577 alleluja.
716 2519 763 2570 V.
789 2523 833 2564 Si
857 2523 968 2564 enim

144 2594 233 2623 non
258 2582 425 2631 abiero,
450 2581 690 2623 Paraelitus
715 2593 802 2621 non
826 2579 968 2620 veniet

145 2635 202 2679 ad
229 2650 329 2679 vos:
363 2639 399 2679 si
426 2643 571 2679 autem
599 2637 768 2686 abiero,
802 2635 969 2676 mittam

145 2705 245 2735 eum
263 2694 320 2736 ad
337 2707 429 2736 VOS.
455 2694 515 2736 Ut
533 2695 716 2735 maneat.

1785 178 1851 212 325

1309 276 1459 316 Lectio
1490 277 1572 315 viii.

1107 335 1135 378 d
1166 336 1462 378 insinuandam
1493 350 1667 389 quoque
1694 338 1848 379 verita-

1139 397 1227 434 tem
1246 392 1485 434 Dominicae
1509 394 1847 444 resurrectic'mis,

1027 448 1267 490 notandum
1286 448 1412 490 nobis
1430 455 1495 491 θεῖ
1510 448 1615 501 quid
1627 450 1767 491 Lucas
1785 453 1848 492 re-

1028 505 1149 553 ferat,
1167 504 1329 546 dicens:
1350 505 1623 547 Convescens
1637 507 1848 559 praecepit

1029 562 1091 602 eis
1113 561 1167 603 ab
1186 562 1210 602 J
1213 561 1470 614 erosolymis
1489 575 1544 603 ne
1566 561 1848 605 discederent.

1029 618 1085 659 Et
1101 623 1203 670 post
1219 631 1372 670 pauca:
1389 617 1649 659 Videntibus
1666 618 1748 659 illis
1767 619 1848 661 ele-

1028 677 1155 716 vz'ltus
1170 681 1246 724 est,
1266 680 1309 716 et
1326 674 1462 715 nubes
1478 675 1668 726 suscepit
1682 687 1779 715 eum
1793 675 1847 717 ab

1029 731 1165 772 oculis
1184 734 1344 772 eorum.
1371 731 1534 772 Νοῖέιῖθ
1549 731 1692 780 verba,
1712 732 1848 782 signa-

1027 793 1071 829 te
1098 788 1313 840 mysteria.
1354 788 1628 828 Convescens
1656 788 1848 835 elevatus

1029 850 1105 886 θεῖ.
1144 844 1353 894 Comedit‚
1373 849 1415 885 et
1435 843 1645 886 ascendit:
1669 850 1715 885 ut
1734 844 1848 886 vide-

1028 900 1129 942 licet
1146 914 1226 954 per
1246 900 1446 942 effectum
1465 901 1757 950 comestionis,
1780 903 1848 942 ve·

1027 957 1132 998 ritas
1176 959 1421 1010 patesceret
1466 956 1615 998 carnis.
1676 957 1847 998 Marcus

1027 1026 1148 1063 vero,
1175 1013 1430 1066 priusquam
1456 1012 1614 1054 coelum
1637 1013 1848 1054 D6minus

1028 1069 1250 1119 ascendat,
1275 1082 1372 1111 eum
1393 1068 1447 1110 de
1471 1068 1614 1110 cordis
1638 1074 1768 1121 atque
1789 1070 1847 1110 in-

1027 1126 1250 1168 fidelitatis
1273 1125 1430 1168 duritia
1452 1126 1702 1178 increpasse
1725 1125 1848 1167 disci-

1026 1183 1155 1235 pulos
1187 1185 1410 1224 memorat.
1465 1183 1559 1233 Qua
1591 1182 1634 1222 in
1665 1196 1712 1224 re
1745 1183 1848 1235 quid

1028 1238 1392 1281 considerandum
1421 1244 1503 1289 est,
1533 1239 1614 1279 nisi
1642 1239 1761 1290 quod
1787 1240 1848 1281 id-

1028 1298 1144 1337 circo
1166 1296 1378 1337 Do1ninus
1402 1301 1505 1337 tunc
1530 1294 1767 1348 discipulos
1789 1297 1847 1336 in-

1028 1353 1244 1405 crepavit,
1295 1365 1393 1393 cum
1440 1365 1516 1393 eos
1564 1352 1848 1404 corporaliter

1026 1409 1218 1460 reliquit,
1250 1413 1298 1449 ut
1326 1408 1479 1457 verba,
1513 1420 1610 1459 quae
1638 1407 1845 1449 recedens

1026 1464 1210 1514 diceret,
1245 1465 1288 1504 in
1321 1463 1454 1505 corde
1487 1463 1750 1505 audientium
1783 1467 1844 1505 zir-

1025 1522 1135 1563 ctius
1153 1521 1363 1574 impressa
1381 1518 1672 1562 remanerent?

1076 1589 1126 1640 R.
1149 1587 1281 1628 Ponis
1300 1585 1459 1627 nubem
1480 1587 1703 1626 ascensum
1723 1589 1844 1626 tuum

1023 1643 1224 1684 Domine:
1242 1646 1263 1669 *
1283 1642 1366 1693 Qui
1382 1641 1576 1683 ambulas
1595 1654 1726 1694 super
1743 1653 1843 1693 pen-

1023 1713 1101 1741 nas
1124 1702 1359 1750 vent6rum,
1381 1697 1561 1750 alleluja.
1592 1694 1640 1745 V.
1671 1697 1843 1738 Confes-

1025 1756 1191 1798 sionem
1219 1762 1261 1798 et
1290 1755 1494 1797 decorem
1520 1753 1716 1803 induisti,
1743 1756 1842 1794 ami-

1025 1818 1119 1854 ctus
1134 1813 1278 1854 lumen
1293 1812 1403 1853 sicut
1418 1810 1730 1852 vestimentum.
1750 1809 1843 1859 Qui.

1025 1869 1176 1911 Gloria
1194 1868 1322 1911 Patri.
1351 1867 1444 1918 Qui.

1324 1950 1473 1991 Lectio
1494 1950 1545 1990 ix.

1023 2011 1278 2116 Increpata
1318 2016 1447 2068 igitur
1486 2017 1635 2056 eorum
1675 2012 1841 2063 duritia,

1088 2073 1193 2126 quid
1225 2071 1499 2115 admonendo
1532 2070 1666 2120 dicat,
1698 2068 1840 2110 audid-

1022 2144 1135 2171 mus:
1168 2130 1333 2170 Euntes
1363 2129 1407 2169 in
1438 2125 1644 2168 mundum
1675 2124 1839 2166 univer-

1023 2199 1132 2236 sum,
1157 2184 1396 2238 praediceite
1419 2181 1699 2232 Evangelium
1725 2181 1840 2221 omni

1022 2245 1245 2284 creaturae.
1298 2237 1538 2290 Numquid,
1566 2237 1718 2278 fratres
1744 2236 1839 2286 mei,

1022 2303 1219 2340 sanctum
1232 2295 1513 2346 Evangelium
1528 2292 1597 2334 vel
1612 2292 1840 2333 insensatis

1021 2353 1163 2403 rebus,
1183 2353 1253 2395 vel
1271 2351 1410 2394 brutis
1429 2347 1682 2391 animalibus
1701 2348 1840 2389 fuerat

1021 2408 1364 2463 praedicandum,
1390 2411 1436 2448 ut
1460 2405 1514 2447 de
1539 2417 1592 2445 θο
1617 2403 1840 2456 disc1'pulis

1022 2466 1205 2508 dicatur:
1219 2463 1459 2506 Praedicate
1475 2460 1590 2502 omni
1605 2458 1838 2501 creaturae?

1021 2521 1108 2564 Sed
1126 2521 1264 2563 omnis
1283 2522 1493 2561 creaturae
1511 2516 1683 2557 nomine
1702 2516 1839 2567 signa-

1020 2584 1091 2619 tur
1110 2578 1254 2619 homo.
1290 2573 1437 2616 Omnis
1461 2578 1606 2614 autem
1627 2575 1838 2613 creaturae

1021 2633 1186 2685 aliquid
1213 2631 1343 2673 habet
1370 2629 1514 2670 homo.
1550 2628 1697 2670 Habet
1722 2641 1838 2668 nam-

1022 2703 1106 2741 que
1128 2690 1353 2731 commune
1375 2698 1470 2727 θεεθ
1492 2697 1592 2726 cum
1609 2682 1837 2737 lapidibus,
