2028 2892
736 162 939 196 Dominica
964 162 1221 196 Pentecoste&

128 256 213 300 die:
236 259 260 284 *
284 259 546 311 prosperum
568 256 650 297 iter
674 254 804 297 faciet
826 254 954 297 nobis

128 315 248 355 Deus
269 313 521 355 salutarium
538 314 800 354 nostrorum.

180 371 301 412 Deus
319 374 478 420 noster,
497 369 618 410 Deus
638 367 783 410 salvos
799 368 953 409 facien-

129 427 237 475 di:,*
261 432 305 469 et
326 426 503 468 Demini
520 425 607 466 Dfii
631 425 772 467 exitus
791 424 954 466 mortis.

181 484 493 527 Verumtamen
541 483 662 524 Deus
713 481 955 532 confringet

129 541 274 595 capita
296 540 568 582 inimicorum
595 541 788 581 suorum:
812 539 836 564 *
861 540 952 579 ver-

127 598 258 640 ticem
298 597 443 650 capilli
482 595 876 650 perambulantium
911 595 954 635 in

128 653 298 696 delictis
316 654 417 695 suis.

179 711 301 753 Dixit
328 710 555 752 Deminus:
586 709 655 750 Ex
681 708 827 750 Basan
854 721 952 750 con-

128 769 305 817 vertam,
319 767 343 794 *
358 768 610 809 convertam
627 765 671 806 in
688 764 954 818 profundum

128 836 274 865 mans:

179 880 239 922 Ut
269 879 505 931 intingatur
537 891 618 932 pes
649 883 750 920 tuus
782 877 826 918 in
859 880 952 919 san-

128 936 271 988 guine:
294 937 318 963 *
342 935 488 986 lingua
516 948 671 977 canum
697 936 873 976 tuorum
900 947 954 976 ex

127 992 320 1043 inimicis,
340 991 395 1034 ab
412 992 523 1045 ipso.

179 1048 395 1091 Viderunt
413 1048 635 1100 ingressus
654 1053 755 1090 tuos
774 1047 911 1098 Deus,
930 1050 953 1075 *

127 1106 348 1157 ingressus
376 1105 460 1147 Dei
486 1105 586 1147 mei:
622 1105 736 1156 regis
767 1104 853 1146 mei
882 1105 955 1158 qui

129 1166 195 1204 est
212 1162 256 1203 in
275 1167 437 1204 sancto.

179 1219 491 1260 Praevenerunt
526 1218 747 1272 principes
782 1218 954 1270 conjun-

129 1275 186 1318 cti
210 1274 513 1329 psallentibus,
531 1275 555 1301 *
574 1275 618 1315 in
640 1273 786 1316 medio
810 1274 954 1324 juven-

128 1331 323 1374 cularum
339 1331 750 1385 tympanistriarum.

179 1389 231 1429 In
257 1387 453 1430 ecclesiis
477 1386 723 1430 benedicite
746 1387 844 1429 Deo
868 1387 955 1429 Do-

128 1445 257 1495 mino,
275 1444 299 1470 *
319 1442 374 1486 de
392 1443 585 1486 fontibus
603 1443 750 1485 Israel.

180 1500 248 1543 Ibi
274 1500 499 1553 Beniamin
535 1500 905 1551 adolescentulus,
933 1501 956 1526 *

128 1558 172 1598 in
190 1557 347 1600 mentis
366 1559 560 1599 excessu.

179 1614 405 1668 Principes
446 1613 574 1664 Juda,
616 1613 750 1656 duces
792 1617 957 1656 eurum:

130 1673 153 1699 *
197 1671 418 1724 principes
467 1670 682 1722 Zabulon,
735 1671 957 1725 principes

127 1727 345 1781 Nephtali.

181 1783 341 1826 Manda
365 1784 486 1825 Deus
510 1784 659 1826 virtuti
681 1789 785 1826 tuae:
808 1786 832 1812 *
857 1797 956 1826 con-

129 1841 255 1882 firma
272 1840 357 1883 hoc
376 1841 512 1891 Deus,
542 1839 662 1893 quod
682 1843 890 1894 operatus
910 1854 957 1882 es

128 1898 172 1938 in
190 1896 328 1940 nobis.

182 1954 224 1994 A
241 1954 407 2007 templo
427 1959 503 1996 tuo
523 1954 567 1995 in
582 1954 833 2005 Jerusalem,
844 1954 958 1996 *tibi

131 2009 314 2053 offerent
332 2023 457 2061 reges
475 2014 665 2052 munera.

182 2072 369 2124 Increpa
387 2071 501 2113 feras
521 2070 757 2121 arundinis,
779 2083 957 2122 congre-

129 2128 249 2179 gatio
277 2129 503 2168 taurorum
531 2127 575 2168 in
602 2127 746 2168 vaceis
774 2126 957 2180 populo-

130 2197 240 2225 rum:
264 2183 287 2208 *
311 2187 359 2224 ut
383 2183 616 2225 excludant
641 2195 735 2233 eos,
762 2183 835 2235 qui
859 2195 957 2236 pro-

130 2240 222 2283 bati
241 2244 342 2281 sunt
361 2241 553 2290 argento.

182 2295 361 2349 Dissipa
388 2296 569 2345 Gentes,
608 2308 706 2348 quae
737 2295 853 2337 bella
885 2308 958 2337 vo-

131 2353 239 2394 lunt:
264 2352 438 2393 venient
463 2351 597 2402 legati
623 2364 677 2392 ex
700 2352 912 2404 AEgtho:
935 2352 958 2377 *

131 2407 359 2461 AEthiopia
398 2408 639 2461 praeveniet
678 2421 831 2448 manus
869 2408 958 2459 ejus

132 2465 240 2506 Deo.

184 2521 336 2571 Regna
379 2526 524 2570 terrae,
570 2523 742 2563 cantate
787 2521 898 2561 Deo:
935 2520 958 2545 *

132 2575 306 2628 psallite
325 2576 530 2618 Domino:

184 2632 361 2674 Psallite
380 2633 492 2683 Deo,
519 2633 593 2685 qui
612 2632 809 2678 aseendit
827 2644 959 2684 super

136 2687 295 2729 coelum
312 2689 423 2740 coeli,
441 2690 465 2716 *
485 2689 542 2731 ad
561 2689 793 2731 Orientem.

1766 154 1835 189 357

1054 255 1170 297 Ecce
1197 254 1319 297 dabit
1341 254 1441 296 voci
1467 266 1558 294 suae
1576 264 1733 294 vocem
1750 251 1832 293 vir-

1000 312 1127 362 vtutiS,
1156 310 1258 353 date
1284 311 1467 362 gloriam
1492 310 1589 351 Deo
1615 321 1747 361 super
1771 308 1831 348 Is-

1005 369 1106 419 rael,
1125 369 1148 395 *
1167 367 1487 419 magnificentia
1506 368 1615 419 ejus,
1635 371 1678 408 et
1696 365 1833 407 virtus

1006 427 1097 478 ejus
1114 426 1159 466 in
1176 424 1377 467 nubibus.

1057 481 1269 524 Mirabih's
1301 481 1422 522 Deus
1456 481 1500 521 in
1537 479 1697 521 sanctis
1734 478 1834 528 suis,

1005 539 1126 580 Deus
1143 538 1281 579 Israel
1299 538 1396 591 ipse
1416 536 1537 579 dabit
1555 536 1771 585 virtutem,
1791 540 1834 576 et

1005 594 1305 637 fortitudinem
1330 593 1450 648 plebi
1478 606 1585 643 suae,
1610 594 1634 619 *
1658 590 1833 634 benedi-

1006 657 1101 694 ctus
1120 652 1253 693 Deus.

1063 726 1159 765 Ant.
1194 720 1414 763 (Ionfirma
1439 719 1525 761 hoc
1549 719 1685 769 DeuS,
1715 718 1835 770 quod

1007 780 1214 831 operatus
1235 791 1281 819 es
1298 778 1343 818 in
1356 776 1499 819 nobis:
1519 790 1544 817 a
1557 775 1723 829 templo
1741 788 1833 816 san-

1006 840 1078 876 cto
1096 840 1189 885 tuo,
1216 833 1335 887 quod
1354 839 1421 876 est
1439 834 1483 874 in
1501 832 1757 883 Jerusalem,
1777 831 1834 873 al-

1005 891 1144 943 leluja,
1163 890 1344 943 alleluja.
1885 887 1887 889 ’

1064 965 1160 1003 Ant.
1189 962 1349 1002 Emitte
1368 959 1576 1013 Spiritum
1591 963 1728 1008 tuum,
1747 959 1771 984 *
1793 963 1836 999 et

1007 1017 1283 1060 creabuntur:
1321 1022 1364 1059 et
1404 1015 1638 1057 renovabis
1679 1015 1835 1057 faciem

1005 1080 1147 1124 terrae,
1166 1074 1347 1126 alleluja,
1368 1072 1549 1124 alleluja.

1272 1152 1467 1192 Psalmus
1489 1153 1578 1191 103.

1092 1217 1245 1260 enedic
1278 1218 1421 1260 anima
1452 1230 1550 1259 mea
1582 1217 1787 1258 Domino:
1814 1218 1837 1242 *
1886 1218 1889 1224 ⁴

1101 1276 1288 1317 Domine
1307 1275 1430 1316 Deus
1448 1287 1570 1316 meus
1591 1273 1836 1325 magnifica-

1007 1338 1078 1375 tus
1098 1345 1144 1374 es
1164 1332 1454 1374 vehementer.

1062 1388 1407 1438 Confessionem,
1428 1393 1472 1429 et
1491 1387 1696 1429 decorem
1716 1386 1836 1427 indu-

1008 1446 1094 1488 isti:
1117 1446 1141 1471 *
1166 1447 1349 1487 amictus
1376 1444 1538 1486 lumine
1570 1444 1682 1485 sicut
1710 1443 1836 1485 vesti-

1008 1505 1171 1545 mento:

1060 1557 1314 1601 Extendens
1338 1558 1499 1600 coelum
1526 1558 1637 1599 sicut
1664 1557 1838 1610 pellem:

1009 1618 1033 1645 *
1054 1617 1127 1669 qui
1146 1616 1257 1668 tegis
1278 1616 1402 1668 aquis
1422 1614 1649 1668 superiora
1668 1615 1770 1666 ejus.

1062 1673 1146 1724 Qui
1175 1672 1303 1725 ponis
1332 1671 1493 1714 nubem
1522 1673 1750 1712 ascensum
1774 1676 1837 1712 tu-

1009 1743 1097 1771 um:
1124 1731 1147 1757 *
1177 1729 1251 1782 qui
1279 1728 1477 1771 ambulas
1509 1740 1642 1781 super
1672 1740 1838 1780 pennas

1009 1788 1250 1828 ventorum.

1063 1843 1146 1894 Qui
1165 1842 1271 1884 facis
1291 1841 1486 1892 Angelos
1504 1846 1621 1890 tuos,
1647 1840 1839 1893 spiritus:

1009 1900 1034 1926 *
1054 1905 1098 1941 et
1116 1899 1337 1940 ministros
1356 1903 1456 1940 tuos
1472 1898 1617 1949 ignem
1630 1898 1838 1938 urentem.

1063 1956 1147 2007 Qui
1166 1954 1358 1997 fundasti
1375 1960 1537 1996 terram
1558 1966 1690 2006 super
1709 1952 1838 1994 stabi-

1010 2012 1177 2054 litatem
1196 2025 1334 2053 suam:
1352 2011 1376 2037 *
1394 2023 1483 2053 non
1503 2009 1778 2052 inclinabitur
1796 2009 1838 2049 in

1011 2068 1220 2110 saeculum
1239 2068 1398 2109 saeculi.

1063 2124 1273 2177 Abyssus,
1290 2124 1402 2166 sicut
1416 2123 1722 2165 vestimentum
1738 2122 1837 2161 ami-

1011 2185 1107 2222 ctus
1131 2181 1237 2233 ejus:
1259 2180 1282 2206 *
1307 2193 1439 2233 super
1461 2183 1633 2221 montes
1662 2176 1838 2219 stabunt

1011 2249 1149 2289 aquae.

1063 2292 1134 2335 Ab
1159 2292 1456 2346 increpatione
1478 2296 1554 2332 tua
1571 2290 1751 2341 fugient:
1769 2290 1793 2316 *
1814 2302 1838 2331 a

1010 2362 1121 2391 voce
1138 2349 1319 2391 tonitrui
1337 2349 1400 2390 tui
1419 2346 1726 2389 formidabunt.

1063 2406 1321 2448 Ascendunt
1355 2410 1542 2446 montes:
1581 2408 1624 2444 et
1661 2401 1837 2444 descen-

1011 2462 1119 2504 dunt
1138 2462 1281 2515 campi
1300 2462 1323 2488 *
1342 2462 1386 2501 in
1408 2460 1568 2510 locum,
1594 2471 1724 2512 quem
1746 2459 1837 2500 fun-

1012 2518 1126 2560 dasti
1146 2518 1219 2560 eis.

1002 2595 1005 2598 ⁴
1063 2574 1316 2616 Terminum
1350 2572 1552 2625 posuisti,
1590 2585 1720 2624 quem
1751 2586 1837 2614 non

1010 2630 1397 2682 transgredientur:
1424 2629 1448 2654 *
1481 2641 1623 2681 neque
1659 2642 1836 2671 eonver-

1011 2690 1156 2730 tentur
1175 2688 1346 2739 operire
1365 2690 1536 2727 terram.
