2028 2892
799 195 1000 228 Dominica
1026 193 1254 227 I'almarum.

178 295 346 347 plicans
362 292 492 342 Patri,
511 304 599 333 non
619 304 667 332 se
686 290 909 339 vindicari,
929 289 1007 331 sed

179 352 264 392 illis
283 349 527 403 postularet
546 348 724 398 ignosci.

231 409 278 459 R.
311 405 413 446 Noli
442 417 539 446 esse
565 403 670 444 mihi
694 403 884 443 Domine
908 401 1007 443 alie-

179 475 274 503 nus:
302 474 434 515 parce
459 460 565 501 mihi
588 460 632 500 in
658 459 728 500 die
751 458 880 499 mala:
908 470 1008 499 con-

179 518 413 559 fundantur
451 529 604 558 omnes
644 515 718 567 qui
755 527 826 556 me
862 527 1008 567 perse-

180 577 388 637 quuntur,
407 577 427 598 *
453 573 510 614 Et
533 585 620 613 non
647 570 890 613 confundar
915 583 1008 620 ego.

179 632 227 678 Y.
274 628 605 671 Confundantur
650 639 802 668 omnes
847 626 1007 667 inimici

179 686 281 735 mei,
311 686 384 737 qui
414 688 615 737 quaerunt
640 685 830 724 animam
855 695 1008 723 meam.

180 743 236 784 Et
254 755 354 783 non.
381 741 494 782 Noli.

399 820 447 858 In
467 819 537 857 ΠΙ.
557 819 591 857 N
595 820 780 857 octurno.

182 880 333 921 Lectio
360 879 499 920 sancti
518 877 743 928 Evangelii
766 875 1009 918 secundum

463 934 730 975 Matthaeum.

725 1000 827 1051 Cap.
846 1000 903 1039 21.

284 1003 434 1043 Lectio
457 1003 523 1042 vii.

179 1054 253 1159 In
282 1059 356 1099 illo
385 1060 601 1111 tempore:
637 1058 756 1099 Cumv
774 1057 1007 1110 appropin-

252 1117 431 1166 quasset
463 1115 590 1155 Jesus
621 1113 924 1165 JerosolymiS‚
965 1118 1009 1154 et

180 1173 373 1212 venisset
415 1169 672 1222 Bethphage
716 1169 772 1210 ad
813 1174 1008 1210 montem

181 1226 358 1267 Oliveti:
395 1231 499 1267 tunc
530 1226 648 1267 misit
678 1225 790 1267 duos
819 1225 1008 1277 discipu-

180 1282 263 1332 los,
285 1282 435 1323 dicens
454 1282 527 1324 eis.
555 1282 612 1323 Et
631 1281 809 1333 reliqua.

289 1355 480 1398 Homilia
508 1356 649 1397 sancti
675 1355 902 1397 Ambrosii

483 1412 706 1464 Episcopi.

393 1476 508 1509 Liber
532 1477 562 1509 9.
588 1476 626 1509 in
648 1476 800 1508 Lucam.

217 1538 258 1574 <g
278 1523 444 1565 ulchre
461 1523 624 1565 relictis
642 1524 667 1564 J
668 1524 823 1573 udaffis,
842 1523 1009 1565 habita-

223 1586 288 1644 :2345ss
310 1583 435 1621 turus
462 1580 505 1620 in
536 1579 764 1621 affectibus
792 1580 1010 1627 Gentium,

219 1656 222 1657 ⁷
246 1639 289 1657 τ’
311 1635 522 1687 templum
554 1636 770 1677 Deminus
802 1635 1010 1677 ascendit.

183 1693 282 1733 Hoc
307 1692 422 1732 enim
445 1691 659 1743 templum
684 1698 751 1733 est
774 1705 942 1740 verum,
967 1691 1009 1731 in

184 1760 272 1799 quo
300 1760 388 1787 non
414 1747 456 1787 in
482 1746 645 1795 littera,
679 1747 759 1789 sed
787 1748 830 1788 in
855 1748 1010 1799 spiritu

183 1803 398 1844 Deminus
423 1802 642 1843 adoratur.
675 1804 775 1844 Hoc
798 1804 882 1845 Dei
906 1809 1011 1845 tem-

183 1859 304 1912 plum
338 1863 420 1907 est,
453 1858 572 1910 quod
603 1858 706 1900 fidei
739 1860 889 1909 series,
924 1872 1011 1901 non

183 1914 380 1967 lapidum
399 1917 619 1955 structura
638 1915 846 1956 fundavit.
878 1916 1011 1957 Dese-

183 1973 338 2012 runtur
358 1982 463 2020 ergo
485 1970 558 2022 qui
577 1969 775 2012 ederant:
796 1971 1013 2021 eliguntur

185 2027 259 2079 qui
278 2026 464 2067 amaturi
480 2031 614 2067 erant.
640 2026 696 2067 Et
707 2026 806 2068 ideo
822 2027 878 2068 ad
893 2040 1011 2068 mon-

183 2088 273 2124 tem
287 2081 406 2124 venit
421 2081 592 2130 oliveti,
611 2087 659 2123 ut
682 2083 877 2124 novellas
892 2083 1012 2125 oleas

184 2139 226 2179 in
252 2137 427 2180 sublimi
454 2137 615 2178 virtute
641 2138 878 2190 plantaret,
911 2152 1012 2191 qua-

183 2208 280 2236 rum
312 2199 452 2235 mater
482 2198 549 2234 est
580 2193 672 2243 ina,
711 2207 809 2246 quae
840 2207 1012 2236 sursum

185 2255 262 2299 est,
289 2249 544 2291 Jerusalem.
580 2250 630 2289 In
659 2249 744 2291 hoc
771 2255 920 2291 monte
946 2256 1012 2292 est

184 2306 255 2347 ille
284 2305 477 2347 coelestis
510 2305 716 2356 agricola:
748 2310 796 2347 ut
826 2306 1011 2357 plantati

185 2374 338 2403 omnes
362 2362 405 2402 in
430 2361 563 2403 domo
587 2361 687 2410 Dei,
716 2362 888 2414 possint
914 2362 1011 2402 viri-

185 2417 265 2458 tim
285 2417 445 2459 dicere:
473 2418 568 2468 Ego
593 2422 738 2458 autem
762 2417 874 2458 sicut
897 2418 1012 2459 oliva

185 2473 405 2514 fructifera
426 2473 469 2513 in
489 2472 620 2514 domo
640 2473 828 2514 Demini.

245 2529 288 2577 lif.
327 2529 541 2570 Dominus
586 2541 758 2570 meeum
803 2534 870 2570 est
905 2534 1011 2570 tam-

187 2597 317 2636 quam
360 2584 550 2626 bellator
594 2585 733 2626 fortis:
777 2586 1013 2636 propterea

186 2641 407 2692 persecuti
438 2645 539 2682 sunt
570 2653 657 2689 me,
695 2645 739 2681 et
771 2640 1012 2691 intelligere

186 2708 274 2736 non
320 2698 575 2747 potuerunt:
621 2696 809 2737 Demine
848 2695 1012 2748 probas

1062 301 1189 330 renes
1226 292 1271 329 et
1308 287 1462 329 corda:
1496 288 1520 312 '⁸
1558 288 1661 329 Tibi
1702 286 1893 328 revelavi

1062 357 1239 385 causam
1262 356 1417 385 meam.
1443 336 1494 389 V.
1520 343 1683 385 Vidisti
1703 343 1894 384 Demine

1060 400 1311 452 iniquitates
1349 402 1502 441 eerum
1539 399 1772 441 adversum
1806 411 1895 440 me:

1061 455 1204 507 judica
1223 455 1429 508 judicium
1447 468 1605 498 meum.
1633 455 1744 497 Tibi.

1348 512 1499 553 Lectio
1522 512 1605 553 viii.

1147 574 1165 610 t
1197 568 1385 610 fortasse
1416 568 1514 620 ipse
1540 580 1667 609 mons
1696 567 1896 610 Christus

1153 630 1230 667 est.
1265 625 1373 674 Quis
1398 624 1514 665 enim
1538 623 1649 664 alius
1673 624 1785 666 tales
1808 623 1894 664 fru-

1061 687 1158 723 ctus
1192 681 1326 722 ferret
1362 680 1576 729 olearum,
1616 693 1706 721 non
1743 692 1892 721 curve-

1062 737 1278 779 scentium
1302 736 1506 778 ubertate
1531 735 1785 786 baccarum,
1813 735 1893 777 sed

1062 794 1241 846 spiritus
1273 791 1544 845 plenitudine
1577 792 1786 834 Gentium
1815 791 1894 832 foe-

1062 847 1327 891 cundarum?
1382 849 1484 900 Ipse
1529 853 1598 890 est
1641 861 1722 900 per
1762 860 1894 900 quem

1062 905 1355 954 ascendimus,
1383 909 1427 946 et
1454 904 1511 946 ad
1540 917 1671 956 quem
1699 903 1893 954 ascendi-
1920 950 1926 954 .

1063 975 1172 1002 mus.
1208 962 1312 1014 Ipse
1337 965 1404 1002 est
1430 961 1572 1012 janua,
1598 961 1695 1013 ipse
1723 965 1790 1002 est
1812 959 1893 1008 via,

1063 1018 1137 1070 qui
1157 1020 1362 1070 aperitur,
1382 1021 1425 1058 et
1445 1017 1519 1068 qui
1536 1017 1691 1069 aperit:
1711 1016 1786 1068 qui
1800 1015 1893 1068 pul-

1062 1076 1184 1115 satur
1202 1073 1257 1115 ab
1276 1072 1632 1123 ingredientibus,
1652 1077 1696 1114 et
1710 1071 1766 1113 ab
1782 1073 1894 1114 eme·

1062 1130 1158 1171 ritis
1195 1128 1417 1171 adoratur.
1476 1129 1594 1179 Ergo
1630 1129 1675 1170 in
1711 1127 1893 1170 castello

1062 1191 1171 1235 erat,
1213 1190 1257 1227 et
1293 1185 1453 1235 ligatus
1486 1189 1581 1226 erat
1616 1184 1762 1237 pullus
1795 1196 1894 1225 cum

1062 1242 1200 1283 asina:
1224 1255 1313 1283 non
1337 1243 1512 1293 peterat
1537 1241 1651 1282 solvi
1673 1241 1757 1282 nisi
1775 1241 1895 1292 jussu

1061 1298 1251 1339 Demini.
1274 1297 1414 1339 Solvit
1433 1309 1533 1338 eum
1546 1310 1702 1338 manus
1717 1297 1894 1349 aposte-

1061 1354 1156 1395 lica.
1197 1353 1319 1395 Talis
1351 1358 1492 1402 actuS,
1524 1353 1624 1395 talis
1657 1353 1762 1402 vita,
1794 1351 1894 1394 talis

1061 1410 1213 1461 gratia.
1255 1410 1364 1451 Esto
1387 1409 1488 1450 talis
1512 1414 1556 1451 et
1581 1414 1647 1459 tu,
1674 1413 1724 1450 ut
1747 1407 1895 1460 possis

1061 1466 1222 1517 ligatos
1240 1465 1423 1507 selvere.

1117 1524 1167 1575 R.
1192 1522 1409 1563 Dixerunt
1432 1521 1555 1574 impii
1580 1520 1700 1574 apud
1718 1532 1782 1571 se,
1805 1532 1895 1561 non

1063 1583 1182 1619 recte
1206 1578 1478 1629 cogitantes:
1493 1577 1895 1618 Circumveniamus

1063 1635 1239 1686 justum,
1264 1634 1471 1685 quoniam
1491 1633 1738 1675 contrarius
1761 1637 1831 1674 est
1850 1645 1894 1674 o-

1063 1689 1243 1742 peribus
1259 1690 1438 1731 nostris:
1461 1689 1679 1742 promittit
1697 1701 1745 1730 se
1759 1688 1895 1729 scien-

1063 1747 1168 1788 tiam
1187 1746 1271 1787 Dei
1290 1745 1463 1796 habere,
1480 1745 1638 1786 Filium
1651 1744 1735 1786 Dei
1754 1757 1802 1786 se
1819 1746 1895 1785 ne-

1063 1803 1214 1851 minat,
1243 1807 1287 1843 et
1313 1802 1527 1853 gloriatur
1554 1807 1726 1854 patrem
1750 1813 1799 1842 se
1822 1799 1895 1841 ha·

1063 1858 1169 1900 bere
1188 1858 1346 1899 Deum:
1367 1864 1389 1888 *
1405 1857 1648 1900 Videamus
1671 1858 1707 1898 si
1731 1859 1895 1898 serme-

1063 1927 1142 1956 nes
1166 1914 1282 1956 illius
1308 1914 1400 1956 veri
1424 1919 1539 1956 sunt:
1567 1919 1611 1956 et
1638 1914 1675 1955 si
1700 1917 1768 1955 est
1792 1925 1895 1954 vere

1064 1971 1201 2012 Filius
1219 1971 1313 2020 Dei,
1332 1970 1490 2012 liberet
1509 1983 1609 2012 eum
1624 1969 1680 2012 de
1693 1968 1895 2010 manibus

1064 2027 1240 2068 nostris:
1275 2031 1419 2068 morte
1450 2026 1705 2078 turpissima
1725 2025 1895 2067 ⁴conde-

1064 2085 1263 2124 mnemus
1284 2096 1394 2124 eum.
1427 2080 1477 2132 V.
1498 2082 1744 2134 Tamquam
1762 2083 1895 2132 nuga-

1066 2152 1139 2180 ces
1157 2139 1362 2181 aestimati
1382 2151 1531 2179 sumus
1550 2137 1605 2179 ab
1624 2138 1715 2188 illo,
1735 2142 1779 2179 et
1798 2137 1895 2178 abs-

1064 2195 1174 2237 tinet
1197 2208 1244 2236 se
1268 2207 1293 2236 a
1315 2195 1397 2235 viis
1416 2195 1577 2236 nostris
1595 2199 1820 2245 tamquam
1839 2193 1894 2234 ab

1064 2250 1364 2292 immunditiis:
1392 2255 1437 2291 et
1454 2250 1635 2302 praefert
1656 2249 1895 2290 novissima

1066 2308 1287 2358 justerum.
1315 2305 1557 2348 Videamus
1578 2306 1614 2347 si
1633 2307 1869 2347 sermenes.

1366 2363 1517 2404 Lectio
1536 2364 1590 2403 ix.

1067 2415 1244 2519 Nunc
1276 2417 1605 2459 consideremus
1634 2418 1708 2469 qui
1735 2417 1895 2458 fuerint

1168 2474 1247 2523 illi,
1268 2474 1342 2525 qui
1361 2476 1508 2515 errore
1527 2473 1722 2523 detecto,
1747 2472 1802 2514 de
1820 2485 1894 2524 pa-

1064 2530 1211 2571 radiso
1228 2530 1364 2581 ejecti,
1383 2530 1426 2570 in
1442 2529 1670 2572 castellum
1687 2529 1773 2570 sint
1786 2528 1893 2570 rele-

1063 2586 1164 2636 gati.
1183 2586 1240 2626 Et
1250 2585 1384 2634 vides,
1400 2585 1771 2637 quemadmodum
1783 2597 1894 2636 quos

1063 2655 1183 2683 mors
1211 2641 1455 2693 expulerat,
1492 2642 1581 2684 vita
1608 2641 1894 2682 revocaverit.

1064 2699 1121 2739 Et
1146 2697 1247 2740 ideo
1276 2697 1518 2740 secundum
1542 2697 1816 2746 Matthaeum,
1851 2701 1895 2739 et
