2028 2892
614 161 683 194 Dic
711 160 758 194 17.
784 160 919 194 Martii.
959 162 993 193 S.
1018 159 1167 193 Patritii
1194 159 1317 202 Episc.
1343 164 1379 193 ct
1404 158 1511 193 Conf.

544 257 706 297 Oratio.

295 327 383 364 eus,
405 314 478 366 qui
498 313 554 355 ad
572 312 900 366 praedicandam
919 312 1031 354 Gen-

302 370 420 413 tibus
434 370 617 421 gloriam
630 375 750 411 tuam
763 369 940 411 beatum
954 369 1031 409 Pa-

208 428 374 470 tritium
400 427 708 468 Confessorem
735 431 865 478 atque
888 426 1032 467 Ponti-

210 485 336 526 ficem
354 486 525 526 mittere
546 483 747 547 dignatus
763 495 823 524 es:
843 483 932 533 ejus
947 484 1032 523 me-

210 541 303 582 ritis
330 546 373 583 et
396 539 707 582 intercessic'me
733 538 943 589 concede3
971 544 1032 589 ut,

211 611 310 649 quae
328 597 454 639 nobis
473 595 641 647 agenda
659 596 878 648 praecipis,
897 600 941 637 te
959 595 1033 636 mi-

211 657 382 696 serante
410 653 649 706 adimplere
676 655 907 705 possimus.
950 652 1034 693 Per

210 711 445 753 Deminum
466 715 674 752 nostrum.

260 785 306 819 Et
334 786 373 818 iit
398 784 711 818 commemoratio
738 784 868 818 Feriae.

264 847 362 881 Leet.
388 847 413 880 1.
435 846 543 879 Noet.
571 843 713 878 Fidelis
736 854 872 879 sermo.
901 846 946 879 de
973 855 1033 879 eo-

212 896 296 930 dem
321 895 464 930 Comm.
492 895 518 927 1.
543 894 640 927 loeo.
662 892 734 936 [68]

442 968 490 1006 In
509 967 559 1006 11.
579 966 801 1006 Nocturno.

514 1036 663 1076 Lectio
684 1036 737 1076 iv.

308 1098 503 1147 a-tritius,
520 1096 743 1138 Hiberniae
758 1095 900 1138 dictus
916 1097 1034 1149 Ape-

252 1185 319 1233 s·
339 1153 1036 1275 {ss3¹¹&S51ss{¹582253335ffi5333

210 1267 478 1310 Turonensis
498 1266 711 1334 episcopi,
730 1271 778 1308 ut
795 1265 1036 1319 perhibent,

177 1338 180 1342 ·
212 1326 546 1377 consanguinea,
570 1323 723 1376 majori
745 1323 789 1363 in
811 1322 1038 1364 Britannia

210 1388 354 1432 natus,
381 1394 491 1434 puer
509 1380 552 1421 in
569 1379 858 1422 barbararum
876 1379 1037 1432 saepius

212 1438 363 1480 incidit
391 1437 700 1490 captivitatem.
741 1436 807 1478 Eo
834 1436 878 1477 in
906 1441 1037 1486 statu,

211 1494 443 1548 pascendis
495 1493 700 1544 gregibus
754 1492 1039 1546 praepositus,

211 1553 296 1604 jam
322 1557 414 1593 tum
445 1551 602 1592 futurae
632 1549 874 1591 sanctitatis
902 1549 1039 1602 speci-

211 1621 310 1650 men
335 1607 538 1661 praebuit:
569 1605 673 1648 fidei
697 1618 900 1658 namque,
933 1604 1037 1647 divi-

211 1667 342 1717 nique
366 1663 534 1706 timoris
557 1669 601 1705 et
621 1662 781 1705 ameris
801 1662 957 1715 spiritu
974 1674 1037 1703 re-

212 1721 367 1775 pletus,
388 1720 645 1762 antelucano
663 1720 863 1772 tempore
882 1731 962 1771 per
979 1718 1038 1758 ni-

213 1791 301 1827 veS,
320 1776 420 1828 gelu
439 1789 490 1818 ac
506 1776 678 1844 pluvias
698 1775 754 1817 ad
772 1787 926 1828 preces
941 1774 1038 1815 Deo

213 1832 472 1883 fundendas,
512 1832 697 1886 impiger
733 1830 1039 1882 consurgebat;

214 1890 368 1933 salitus
387 1890 550 1933 centies
568 1888 771 1939 interdiu,
790 1888 1040 1939 centiesque

214 1953 348 1990 noctu
362 1947 505 1989 Deum
519 1948 657 1988 orare.
678 1945 720 1986 A
734 1945 942 1987 servitiite
957 1946 1038 1986 ter-

214 2004 277 2047 tio
298 2006 545 2057 exemptus,
573 2007 617 2045 et
638 2002 751 2044 inter
774 2001 956 2043 clericos
975 2013 1038 2042 re-

214 2060 346 2111 latus,
374 2060 417 2101 in
444 2059 600 2102 divinis
624 2057 883 2100 lectionibus
907 2057 1038 2108 longo

215 2131 263 2159 se
277 2119 476 2171 tempore
491 2116 696 2158 exercuit.
724 2114 888 2164 Galliis,
905 2113 1040 2164 Italia,

216 2174 455 2227 insulisque
483 2172 699 2226 Tyrrheni
729 2171 860 2212 maris
891 2170 1041 2212 labore

218 2244 386 2273 summo
410 2229 671 2284 peragratis,
700 2228 847 2271 divino
865 2226 1042 2269 tandem

216 2288 383 2330 menitu
428 2286 484 2329 ad
519 2286 815 2328 Hibernorum
858 2283 1043 2325 salutem

218 2343 471 2395 advocatur;
501 2349 544 2385 et
567 2343 680 2384 facta
704 2354 729 2382 a
752 2341 883 2383 beato
905 2340 1041 2382 Coele-

220 2402 333 2441 stino
378 2401 498 2453 Papa
542 2398 766 2450 Evangelii
818 2396 1043 2438 nuntiandi

219 2459 455 2509 potestate,
482 2458 851 2506 consecratusque
877 2455 1041 2506 episco-

219 2526 314 2564 pus,
332 2513 375 2553 in
394 2513 647 2555 Hiberniam
664 2511 866 2565 perrexit.

277 2577 324 2626 l{·.
352 2578 502 2618 Inveni
524 2576 668 2619 David
693 2589 866 2618 servum
889 2587 1043 2625 meum,

222 2632 320 2675 eleo
348 2639 497 2675 sancto
525 2647 623 2675 meo
649 2633 752 2675 unxi
779 2645 891 2675 eum:
916 2635 935 2655 '⁸
956 2632 1043 2672 Ma-

221 2701 302 2730 nus
318 2689 430 2731 enim
444 2703 541 2731 mea
555 2689 831 2731 auxiliabitur
846 2689 895 2730 ei.
920 2683 964 2733 δ”.
978 2688 1046 2730 Ni-

1083 254 1145 295 hil
1161 253 1364 307 proficiet
1381 252 1577 294 inimicus
1591 251 1636 292 in
1652 263 1716 301 eo,
1735 255 1779 292 et
1792 250 1906 292 filius

1084 310 1322 362 iniquitatis
1342 322 1429 351 non
1447 308 1622 350 nocebit
1641 307 1691 349 ei.
1716 307 1881 349 Manus.

1392 371 1543 412 Lectio
1564 384 1600 410 v.

1085 423 1195 529 Eo
1227 422 1269 463 in
1304 425 1485 463 munere
1517 421 1674 462 mirum
1706 425 1813 472 quot
1842 420 1908 462 vir

1178 478 1446 532 apostolicus
1482 478 1612 527 mala,
1657 483 1766 529 quot
1801 480 1907 518 aeru-

1085 550 1207 578 mnas
1239 541 1283 578 et
1314 534 1505 584 labores,
1543 539 1651 587 quot
1683 533 1910 587 pertulerit

1087 592 1373 636 adversarios,
1422 591 1588 633 Verum
1617 590 1700 632 Dei
1733 590 1909 632 afflante

1086 650 1369 701 benignitate,
1414 653 1531 690 terra
1564 647 1656 697 illa,
1692 646 1911 689 idolorum

1088 709 1215 748 antea
1233 705 1406 755 cultrix,
1433 717 1532 746 eum
1549 716 1653 745 mox
1671 701 1909 756 praediean-

1086 770 1130 806 te
1147 762 1331 805 Patritio
1361 761 1547 803 fructum
1575 759 1712 810 dedit,
1743 764 1792 801 ut
1816 772 1910 800 san-

1088 822 1258 862 ctorum
1275 818 1417 859 insula
1434 815 1591 859 deinde
1615 815 1745 858 fuerit
1764 815 1910 868 appel-

1087 877 1185 918 lata.
1221 873 1580 927 Frequentissimi
1604 872 1659 915 ab
1683 885 1736 914 eo
1758 871 1913 925 populi

1089 946 1214 975 sacro
1235 937 1334 974 sunt
1354 930 1596 983 regenerati
1613 929 1804 971 lavacro:
1823 930 1911 981 epi-

1088 990 1229 1058 scopi,
1257 988 1491 1040 clericique
1513 985 1689 1040 plurimi
1710 984 1912 1035 ordinati3

1088 1046 1276 1097 virgines
1303 1058 1355 1087 ae
1378 1043 1523 1086 viduae
1551 1042 1607 1085 ad
1635 1041 1911 1084 continentiae

1087 1103 1207 1154 leges
1237 1102 1457 1144 institutae.
1499 1098 1820 1141 Armachanam
1848 1109 1911 1140 se-

1089 1159 1207 1210 dem,
1231 1158 1419 1200 Romani
1436 1157 1662 1199 Pontificis
1681 1154 1911 1197 auctorita-

1088 1222 1149 1266 te,
1167 1218 1302 1258 1011115
1321 1214 1475 1256 insulae
1493 1213 1738 1267 principem
1754 1213 1911 1254 metre-

1088 1273 1225 1326 polim
1239 1271 1473 1322 constituit,
1492 1272 1830 1320 sanctorumque
1848 1280 1912 1309 re-

1088 1287 1233 1382 lpiquiis
1265 1328 1320 1370 ab
1348 1327 1466 1370 Urbe
1497 1326 1646 1369 relatis
1677 1324 1912 1368 decoravit.

1089 1386 1296 1440 Supernis
1309 1384 1560 1434 visienibus,
1577 1382 1823 1436 prophetiae
1837 1380 1912 1423 do·

1089 1457 1164 1494 no,
1190 1441 1525 1495 ingentibusque
1549 1440 1683 1491 signis
1705 1443 1750 1481 et
1767 1437 1913 1491 prodi-

1089 1501 1170 1551 giis
1189 1513 1215 1541 a
1232 1500 1329 1541 Deo
1350 1499 1585 1540 exornatus
1604 1495 1717 1538 adeo
1735 1493 1914 1545 refulsit,

1089 1562 1136 1599 ut
1158 1557 1288 1607 longe
1312 1555 1487 1607 lateque
1511 1552 1724 1596 celebrior
1746 1551 1915 1594 Patritii

1090 1627 1137 1656 se
1155 1613 1270 1655 fama
1288 1610 1521 1654 diffuderit.

1143 1673 1193 1724 R.
1227 1668 1360 1711 Posui
1389 1666 1650 1720 adjuterium
1677 1677 1810 1719 super
1836 1677 1914 1718 po-

1090 1728 1263 1776 tentem,
1283 1730 1327 1767 et
1345 1723 1534 1767 exaltavi
1552 1722 1738 1764 electum
1754 1721 1809 1764 de
1822 1721 1912 1787 ple-

1090 1782 1147 1826 be
1171 1795 1281 1824 mea:
1314 1785 1335 1808 *
1356 1781 1511 1822 Manus
1539 1779 1652 1821 enim
1675 1791 1773 1820 mea
1797 1778 1912 1820 auxi-

1090 1839 1266 1881 liabitur
1281 1838 1330 1880 ei.
1354 1834 1404 1886 17.
1418 1835 1568 1878 Inveni
1581 1834 1726 1877 David
1741 1847 1915 1877 servum

1091 1909 1250 1946 meum,
1274 1894 1373 1937 eleo
1393 1898 1544 1936 sancto
1563 1905 1662 1934 meo
1683 1891 1787 1934 unxi
1805 1904 1914 1934 eum.

1091 1953 1245 1994 Manus
1266 1951 1390 1994 enim.

1392 2007 1542 2048 Lectio
1563 2007 1615 2046 vi.

1094 2061 1308 2166 Praeter
1324 2062 1620 2117 quotidianam
1636 2060 1916 2103 ecclesiarum

1196 2119 1550 2170 sollicitudinem,
1602 2119 1810 2160 invictum
1860 2117 1915 2160 ab

1094 2179 1290 2222 oratiene
1322 2177 1521 2230 spiritum
1547 2187 1783 2228 numquam
1809 2173 1914 2216 rela-

1093 2236 1237 2278 xabat.
1272 2234 1404 2287 Aiunt
1423 2233 1553 2283 enim,
1577 2234 1791 2282 integrum
1811 2243 1916 2283 quo-

1092 2292 1199 2336 tidie
1218 2290 1486 2340 Psalterium,
1505 2302 1591 2331 una
1609 2301 1707 2330 cum
1727 2287 1917 2329 Canticis

1095 2355 1139 2392 et
1165 2347 1365 2401 Hymnis‚
1397 2346 1682 2415 ducentisque
1715 2343 1915 2386 013116111-

1095 2406 1194 2455 11115,
1222 2405 1500 2447 consuevisse
1527 2401 1726 2450 recitare,
1752 2401 1916 2442 tercen-

1095 2463 1177 2504 ties
1204 2474 1284 2514 per
1312 2459 1404 2501 dies
1431 2457 1624 2509 singulos
1651 2455 1776 2498 flexis
1803 2455 1916 2506 geni-

1095 2519 1177 2561 bus
1196 2518 1338 2559 Deum
1358 2515 1558 2564 adorare,
1585 2526 1636 2555 ac
1658 2513 1701 2554 in
1725 2511 1918 2565 qualibet

1095 2575 1203 2617 hora
1228 2572 1314 2615 diei
1337 2571 1544 2614 canenica
1569 2569 1731 2612 centies
1754 2581 1802 2611 se
1826 2581 1917 2610 eru-

1097 2632 1159 2673 cis
1186 2630 1310 2681 signo
1337 2630 1515 2670 munire.
1554 2626 1742 2668 Noctem
1769 2625 1853 2668 tria
1874 2625 1917 2666 in

1097 2687 1238 2740 spatia
1257 2684 1533 2734 distribuens,
1555 2682 1741 2736 primum
1758 2682 1802 2723 in
1821 2693 1916 2723 cen-
