2066 2956
534 197 602 230 Dic
626 197 676 230 223.
702 197 799 236 Maii.
846 198 880 230 S.
906 196 1068 229 Joannis
1097 195 1280 237 Baptistae
1306 194 1351 227 dc
1379 193 1492 227 Rossi
1516 192 1623 225 Conf.

454 293 502 331 In
530 292 579 330 11.
607 291 827 330 Nocturno.

528 348 677 389 Lectio
699 347 750 387 iv.

244 421 272 442 a·
300 415 324 451 ,ις
338 402 501 441 oannes
517 398 718 451 Baptista
738 396 792 438 de
806 397 937 438 Rossi
948 396 1047 438 Vei-

303 449 319 505 3
354 456 454 498 turii
473 456 515 496 in
529 454 705 505 Liguria
723 453 909 495 honesto
924 454 1048 504 gene-

237 518 246 527 *
274 526 278 528 ’
321 507 327 515 “
355 525 401 553 re
428 517 564 560 ortuS,
591 510 733 551 adhuc
751 522 861 563 puer
879 522 1049 551 morum

228 569 441 611 suavitate
469 580 520 609 ac
549 566 726 619 pietatis
758 564 904 607 studio
934 565 977 605 in
1007 566 1049 605 ό-

227 625 388 667 mnium
423 622 709 665 admiratione
747 622 836 663 fuit.
888 620 1049 662 Trede-

229 683 311 724 cim
332 692 469 722 annos
487 685 613 721 natus
630 678 749 719 visus
768 683 835 719 est
848 677 931 719 Dei
951 690 1049 719 con-

231 738 326 779 silio
342 737 529 778 Romam
547 735 669 784 mitti,
687 740 735 776 ut
753 733 942 787 apostoli
962 747 1049 774 mu-

229 807 309 835 nus
328 794 371 833 in
397 805 448 834 ea
471 791 678 844 expleret.
713 792 832 832 Inter
856 789 1050 843 ephebos

231 849 412 900 Collegii
453 848 638 889 Romani
679 846 911 889 Societatis
947 846 1051 887 Jesu

230 905 442 954 adlectus,
460 903 631 954 ingenio
652 908 695 944 et
714 903 875 944 virtute
894 902 1051 955 praelu-

230 962 302 1004 xit.
337 959 528 1003 Curabat
547 959 758 1012 impense,
783 963 830 1001 ut
849 958 879 999 ii
898 958 1050 999 Maria-

230 1030 285 1059 no
318 1016 522 1059 sodalitio
555 1015 803 1067 frequentes
837 1014 1051 1064 adessent,

231 1074 273 1114 in
300 1072 563 1115 nosocomiis
592 1071 719 1122 aegris
747 1071 1052 1120 ministrarent,

231 1129 501 1180 honestaque
526 1128 767 1169 animorum
784 1126 1051 1168 recreatione

231 1185 551 1227 retraherentur
566 1196 591 1224 a
606 1183 762 1233 noxiis3
781 1183 952 1224 interim
968 1195 1052 1224 coe-

231 1241 356 1282 lestia
387 1239 657 1282 sermonibus
688 1241 960 1292 pertractans
989 1252 1051 1281 se-

232 1297 406 1348 gniores
422 1294 652 1345 excitabat,
672 1308 723 1337 ac
737 1295 923 1348 proinde
933 1294 1051 1348 Apo-

233 1352 332 1394 stoli
378 1354 589 1404 agnomen
624 1350 810 1404 adeptus
847 1357 924 1393 est.
984 1351 1052 1394 Ob

234 1411 433 1462 asperam
478 1408 677 1461 corporis
725 1408 1054 1459 castigationem

233 1466 353 1516 gravi
371 1464 526 1507 morbo
547 1466 792 1517 correptuS,
816 1464 870 1506 ab
894 1465 1054 1507 usitata

234 1521 314 1563 sibi
339 1520 581 1563 studiorum
605 1521 837 1563 severitate
862 1521 1053 1574 aliquan-

234 1583 325 1619 tum
353 1579 572 1619 remittere
600 1579 779 1619 coactus
807 1577 902 1619 fuit:
935 1578 1053 1630 quod

235 1633 439 1675 divinitus
456 1634 617 1675 factum
636 1633 788 1686 ajebat,
806 1647 859 1675 ne
875 1634 1054 1676 scientia

234 1691 407 1732 inflatus
427 1703 503 1731 sua
515 1690 661 1743 potius
678 1693 904 1742 quaereret,
925 1704 1054 1743 quam

236 1759 333 1798 quae
353 1747 376 1787 J
379 1759 455 1788 esu
475 1746 643 1788 Christi.
674 1747 871 1789 Clericali
890 1747 1055 1789 militiae

236 1801 482 1855 adscriptus
501 1803 635 1844 sacris
651 1803 888 1856 disciplinis
903 1804 946 1844 in
962 1817 1054 1845 san-

237 1859 294 1900 cti
313 1858 495 1900 Thomae
520 1859 706 1910 collegio
726 1862 905 1912 operam
923 1859 1055 1909 dedit,

236 1927 288 1956 ac
316 1915 358 1955 in
385 1915 544 1957 virtute
574 1916 825 1968 proficiens,
863 1916 963 1958 dein
997 1916 1055 1957 in-

235 1972 352 2021 genti
387 1971 514 2012 animi
548 1972 774 2025 voluptate
806 1972 1054 2015 sacerdotio

237 2033 303 2069 est
326 2032 489 2069 auctus.
521 2028 588 2069 Ita
606 2028 842 2069 Dominum
860 2029 903 2069 in
921 2028 1054 2071 haere—

238 2083 418 2126 ditatem
438 2083 519 2126 sibi
539 2084 780 2135 constituit,
809 2090 857 2127 ut
881 2086 1055 2137 nullum,

237 2153 290 2181 ne
305 2139 499 2182 oblatum
513 2140 699 2193 quidem,
715 2141 1056 2184 ecclesiasticum

238 2195 495 2238 beneficium
528 2197 804 2250 acceptandi‚
841 2198 923 2239 nisi
956 2198 1055 2240 obe-

239 2251 398 2294 dientia
426 2252 690 2305 adigeretur,
718 2254 924 2305 singulari
952 2260 1056 2297 voto

239 2321 284 2349 se
308 2308 596 2351 obstrinxerit.

294 2370 340 2419 Rs.
365 2366 610 2407 Honestum
637 2366 739 2408 fecit
766 2366 887 2408 illum
910 2367 1056 2409 Domi-

240 2433 330 2470 nus,
356 2427 399 2463 et
417 2422 652 2464 custodivit
671 2435 769 2464 eum
788 2423 843 2465 ab
863 2424 1057 2473 inimicis,

241 2482 284 2518 et
314 2490 339 2518 a
369 2478 672 2520 seductoribus
695 2480 854 2521 tutavit
876 2479 1009 2521 illum:
1029 2475 1056 2505 '*

241 2532 296 2574 Et
328 2532 447 2576 dedit
479 2534 538 2575 illi
571 2535 813 2577 claritatem
841 2538 1058 2586 aeternam,

241 2588 420 2641 alleluja.
450 2586 499 2636 V.
521 2591 692 2632 Justum
711 2591 891 2634 deduxit
912 2593 1058 2634 Domi-

241 2658 321 2685 nus
341 2658 419 2697 per
438 2646 529 2687 vias
549 2653 701 2698 rectas,
726 2654 768 2689 et
789 2648 979 2691 ostendit
998 2649 1058 2690 illi

242 2714 420 2752 regnum
439 2702 530 2743 Dei.
558 2703 613 2744 Et
634 2702 765 2746 dedit.

1411 288 1561 329 Lectio
1583 301 1620 327 v.

1192 352 1216 382 e
1236 338 1450 392 spirituali
1461 338 1760 390 proximorum
1779 336 1919 378 salate

1104 342 1187 447 D
1208 397 1293 448 iam
1311 395 1366 437 ab
1386 393 1683 436 adolescentia
1702 393 1924 443 sollicitus,

1102 451 1308 494 sacerdos
1333 451 1474 493 factus
1497 451 1540 491 in
1559 450 1605 492 id
1623 455 1765 492 totum
1785 462 1832 491 se
1852 449 1923 492 de-

1101 509 1231 551 vovit.
1265 507 1599 550 Ecclesiasticos
1618 507 1752 556 viros,
1778 518 1925 547 sacras

1102 565 1306 616 virgines,
1342 562 1607 616 oppidanos,
1645 564 1821 604 carcere
1854 561 1924 604 de-

1101 623 1265 670 tentos,
1302 621 1433 661 imam
1468 618 1644 671 plebem
1678 619 1926 660 universam

1102 678 1209 719 mira
1228 677 1454 724 suavitate,
1473 674 1597 716 verbi
1610 674 1849 716 ministerio
1870 673 1926 716 ad

1102 734 1275 776 virtutis
1294 734 1489 774 amorem
1502 730 1808 772 inflammabat.
1829 730 1926 772 Plu-

1105 803 1174 832 res
1201 788 1396 842 quotidie
1421 788 1552 829 horas
1577 787 1804 829 rudiorum
1826 799 1926 829 con-

1104 845 1365 888 fessionibus
1379 843 1649 897 excipiendis
1661 843 1928 896 impendens,

1103 902 1282 954 aegrotis
1306 900 1458 943 aderat
1477 899 1548 942 vel
1570 899 1612 940 in
1637 898 1839 942 domibus
1858 899 1929 941 vel

1103 959 1146 1000 in
1166 957 1506 1006 valetudinariis,
1525 956 1771 1009 praesertim
1787 955 1928 1009 phthi-

1105 1015 1223 1065 sicis,
1252 1027 1364 1067 quos
1388 1013 1455 1055 sui
1474 1013 1608 1055 veluti
1630 1012 1734 1064 juris
1755 1024 1852 1054 esse
1871 1012 1929 1053 af-

1106 1071 1319 1112 firmabat.
1343 1071 1440 1112 Hac
1459 1069 1560 1111 illac
1579 1082 1658 1122 per
1676 1068 1830 1110 urbem
1845 1068 1929 1110 ala-

1105 1141 1177 1170 cer
1202 1126 1430 1176 advolans,
1461 1125 1698 1167 innumeris
1723 1124 1930 1178 operibus

1104 1188 1269 1237 praesto
1289 1187 1397 1224 erat:
1421 1187 1465 1224 at
1483 1180 1684 1223 assiduus
1703 1181 1747 1222 in
1765 1186 1929 1223 sanctae

1106 1239 1244 1281 Gallae
1264 1239 1456 1291 hospitio
1475 1237 1742 1287 versabatur,
1761 1242 1809 1280 ut
1824 1239 1928 1290 paa-

1105 1308 1247 1348 peres,
1276 1307 1386 1347 quos
1414 1294 1663 1336 carissimos
1691 1293 1857 1344 habuit,
1886 1306 1929 1335 ο-

1105 1352 1194 1393 mni
1218 1364 1303 1405 ope
1328 1352 1506 1404 juvaret.
1543 1349 1613 1392 Ob
1638 1350 1684 1392 id
1709 1363 1735 1391 a
1759 1349 1929 1392 decimo

1107 1408 1258 1460 quinto
1292 1407 1434 1450 aetatis
1467 1419 1581 1448 anno
1610 1406 1839 1458 adjunctus
1866 1419 1930 1448 sa-

1106 1464 1334 1507 cerdotum
1354 1464 1502 1514 co'etui,
1525 1463 1600 1516 qui
1619 1462 1786 1505 eisdem
1804 1475 1930 1505 evan-

1107 1521 1335 1572 gelizando
1355 1519 1519 1563 addicti
1538 1525 1652 1570 sunt,
1675 1519 1737 1561 ibi
1756 1524 1930 1573 aposto·

1106 1578 1220 1620 latus
1245 1578 1311 1619 sui
1339 1577 1552 1619 rationem
1577 1575 1747 1626 didicit,
1775 1575 1931 1629 ipsias·

1108 1647 1192 1687 que
1212 1634 1437 1676 societatis
1459 1635 1594 1686 opera
1613 1633 1870 1675 instauravit
1889 1638 1933 1675 et

1107 1691 1238 1732 auxit.
1280 1689 1449 1732 Eadem
1467 1689 1767 1732 misericordia
1784 1693 1930 1732 motus

1109 1749 1344 1798 egenorum
1379 1746 1572 1788 omnium
1597 1745 1932 1788 necessitatibus

1109 1803 1389 1846 sublevandis
1424 1801 1644 1844 modicam
1676 1815 1800 1844 suam
1834 1801 1932 1844 sub-

1109 1860 1314 1902 stantiam
1343 1858 1566 1913 impendit.
1606 1859 1830 1901 Perennes
1862 1871 1933 1900 au-

1108 1922 1197 1958 tem
1232 1915 1511 1967 infatigabilis
1547 1915 1615 1957 sui
1653 1915 1736 1958 zeli
1767 1915 1934 1958 fructus

1108 1972 1298 2025 reliquit,
1330 1972 1579 2023 satellitum,
1610 1973 1835 2024 vagorum,
1865 1974 1934 2013 ru-

1110 2028 1228 2071 dium
1247 2029 1582 2077 institutionem,
1606 2027 1859 2070 catecheses
1878 2027 1934 2070 ad

1110 2090 1259 2127 sancte
1287 2084 1458 2127 Pascha
1483 2083 1811 2134 celebrandum,
1844 2097 1933 2126 cer-

1109 2146 1199 2184 tam
1219 2141 1464 2184 custodiam
1482 2140 1763 2194 perditarum,
1784 2143 1933 2182 noctu-

1112 2212 1195 2251 que
1219 2211 1299 2252 per
1322 2198 1487 2241 Urbem
1512 2198 1764 2248 vagantium
1787 2197 1934 2240 mulie-

1111 2268 1206 2297 rum
1221 2255 1471 2308 hospitium,
1489 2257 1712 2308 praecipue
1726 2267 1832 2296 vero
1847 2257 1934 2296 stu-

1110 2311 1231 2353 dium
1254 2311 1452 2354 lucrandi
1476 2311 1641 2353 animas
1663 2311 1707 2352 in
1726 2311 1844 2352 clero
1865 2323 1934 2352 ex-

1111 2368 1301 2410 citatum.

1163 2425 1212 2475 R’.
1240 2424 1416 2466 Amavit
1435 2437 1534 2466 eum
1553 2423 1782 2473 Dominus,
1806 2426 1849 2464 et
1868 2435 1935 2464 or-

1111 2481 1231 2523 navit
1265 2494 1378 2522 eum:
1418 2480 1577 2522 stolam
1608 2480 1763 2531 gloriae
1797 2478 1936 2520 induit

1113 2551 1222 2586 eum,
1249 2539 1270 2562 *
1299 2537 1356 2578 Et
1383 2535 1440 2578 ad
1466 2542 1618 2590 portas
1644 2535 1837 2590 paradisi
1866 2549 1936 2578 co-

1113 2594 1283 2635 ronavit
1317 2606 1432 2643 eum,
1469 2592 1651 2644 alleluja.
1702 2587 1751 2638 V.
1789 2591 1936 2635 Induit

1113 2663 1212 2691 eum
1252 2650 1465 2691 Dominus
1504 2650 1686 2691 loricam
1724 2649 1845 2700 fidei,
1893 2654 1936 2691 et

1113 2706 1283 2748 ornavit
1307 2720 1417 2748 eum.
1449 2707 1505 2748 Et
1528 2705 1584 2748 ad
1607 2712 1772 2759 portas.
