2066 2956
547 189 615 222 Die
644 187 690 220 17.
717 186 823 219 Febr.

513 275 719 325 Hymnus.

320 340 381 381 eri
399 339 590 381 tonantis
609 338 793 388 unicum,

332 396 470 437 Enses
490 396 713 443 caventem
731 393 935 447 perfidos,

281 452 408 493 Cultu
428 451 578 492 relicto
596 451 828 500 nominum,

282 510 483 561 AEgypte,
502 513 663 560 praesta
683 507 904 559 sospitem.

232 572 419 616 Herodis
439 572 553 613 hune
571 572 816 613 immanitas

284 629 418 671 Abire
437 629 553 679 cogit
573 628 781 677 exsulem:

281 685 366 727 Sed
387 684 493 727 dura
512 697 592 726 nos
612 683 771 726 Christi
793 684 891 734 fuga

282 743 370 784 Iter
389 741 538 783 salutis
559 740 724 782 edocet.

232 808 366 858 Virgo
385 819 542 859 parens
562 804 810 846 dulcissima

283 865 391 914 Quae
408 862 523 903 mille
542 875 622 914 per
640 861 832 914 pericula

283 919 465 960 Dulcem
484 918 663 959 ferendo
682 918 921 970 parvulum,

282 977 447 1016 Invicta
467 987 640 1016 cursum
661 974 850 1016 conficis.

238 1042 320 1082 Fac
338 1053 429 1088 nos,
450 1039 603 1081 solutis
621 1039 815 1089 vinculis,

284 1098 391 1147 Quae
411 1095 550 1137 tendit
568 1100 689 1136 astus
709 1095 931 1145 daemonis,

282 1154 364 1194 Per
383 1152 522 1205 plana,
543 1164 622 1204 per
641 1156 684 1192 et
705 1154 871 1204 aspera,

281 1209 490 1250 Nostrum
518 1210 751 1260 sequamur
767 1207 1026 1260 Principem.

236 1276 344 1322 Jesu,
364 1273 442 1314 tibi
462 1273 517 1314 sit
535 1272 684 1323 gloria,

282 1330 365 1380 Qui
383 1334 509 1370 natus
530 1342 575 1370 es
595 1327 649 1370 de
668 1329 858 1379 Virgine,

284 1386 392 1426 Cum
409 1385 536 1427 Patre
556 1390 599 1426 et
617 1384 731 1426 almo
749 1385 923 1438 Spiritu,

282 1442 331 1482 In
351 1441 612 1494 sempiterna
632 1440 803 1482 saecula.
830 1442 982 1483 Amen.

255 1503 303 1554 Y'.
352 1505 506 1547 Gaude
547 1511 590 1547 et
629 1505 779 1547 laetare
822 1506 1025 1559 AEgypte.

203 1566 251 1616 R.
272 1562 381 1612 Quia
395 1562 438 1602 in
452 1561 596 1603 medio
610 1562 673 1603 tui
682 1562 866 1604 Sanctus
880 1562 1025 1604 Israel.

255 1626 324 1667 Ad
354 1626 511 1667 Bened.
554 1626 651 1666 Ant.
692 1626 909 1668 Defuncto
940 1628 1025 1669 He-

206 1683 329 1733 rode,
354 1696 455 1725 ecce
479 1682 671 1734 Angelus
694 1682 869 1723 Domini
891 1686 1023 1736 appa-

206 1740 291 1782 ruit
319 1740 362 1780 in
388 1740 549 1781 somnis
573 1739 737 1792 Joseph
760 1739 803 1779 in
828 1739 1023 1793 AEgypto

207 1795 370 1837 dicens:
388 1796 524 1847 Surge
544 1800 588 1837 et
607 1796 757 1848 accipe
775 1795 964 1837 Puerum
984 1802 1026 1839 et

206 1853 388 1894 Matrem
409 1853 509 1903 ejus,
532 1857 574 1894 et
592 1851 703 1893 vade
722 1852 765 1893 in
784 1856 945 1893 terram
964 1853 1024 1894 Is-

206 1908 309 1958 rae13
337 1908 528 1950 defuncti
547 1914 646 1950 sunt
665 1908 790 1958 enim,
815 1909 889 1961 qui
909 1922 1024 1962 quae-

206 1965 357 2006 rebant
377 1965 563 2006 animam
578 1965 718 2006 Pueri.

537 2025 697 2065 Oratio.

204 2080 480 2185 Protector
502 2081 546 2121 in
567 2086 612 2122 te
634 2082 915 2133 sperantium,
939 2082 1023 2123 De-

305 2150 367 2186 us,
387 2137 461 2190 qui
477 2137 751 2188 Unigenitum
769 2142 891 2179 tuum
911 2137 1023 2180 Red-

207 2191 447 2246 emptorem
486 2200 699 2244 nostrum,
742 2206 796 2235 ex
834 2193 1024 2236 Herodis

205 2248 349 2299 gladio
381 2250 481 2301 fuga
511 2250 555 2290 in
583 2250 823 2303 AEgyptum
856 2253 1022 2303 eripere

206 2305 393 2348 voluisti:
446 2305 636 2348 concede
680 2306 806 2348 nobis
850 2307 1022 2348 fem'ulis

206 2361 291 2402 tuis
334 2361 584 2404 beatissima
628 2376 800 2416 semper
843 2363 1023 2414 Virgine

208 2418 296 2467 ejus
320 2424 456 2460 matre
483 2419 618 2460 Maria
639 2418 952 2469 intercedente;
978 2426 1024 2462 ut

207 2471 261 2512 ab
307 2474 504 2516 omnibus
547 2475 702 2517 mentis
743 2481 786 2517 et
827 2476 1023 2528 corporis

207 2529 408 2591 periculis
428 2530 613 2581 liberati,
632 2531 688 2572 ad
708 2531 932 2573 coelestem
950 2535 1022 2584 pa-

207 2588 333 2624 triam
369 2590 594 2636 pervenire
630 2590 883 2629 mereamur.
940 2589 1023 2630 Per

208 2639 407 2681 eumdem
427 2641 669 2684 Dominum.

261 2696 303 2730 Et
328 2699 365 2730 iit
392 2708 581 2733 commem.
613 2700 740 2734 Furiae.

872 184 985 223 Fuga.-
1012 181 1052 213 Γ).
1080 180 1122 213 N.
1148 180 1180 212 J.
1206 179 1244 213 C.
1272 179 1306 211 in
1334 178 1552 221 :Egyptum

1345 276 1412 313 Ad
1435 276 1634 312 Primam.

1128 340 1176 379 In
1211 339 1261 391 R.
1296 338 1357 379 br.
1396 330 1444 382 V.
1482 336 1565 385 Qui
1599 340 1726 377 natus
1761 347 1808 376 es
1843 335 1898 378 de

1074 394 1212 435 Maria
1231 393 1422 444 Virgine.

1346 475 1412 511 Ad
1436 474 1636 511 Tertiam.

1128 539 1227 578 Ant.
1256 539 1390 588 Surge
1410 541 1453 578 et
1472 536 1633 588 accipe.

1128 600 1264 651 Capit.
1294 600 1408 639 Ecce
1427 597 1651 637 Dominus.
1670 596 1783 649 [295]

1132 661 1179 713 Rg.
1214 661 1275 701 br.
1327 657 1541 698 Dominus
1587 662 1610 684 *
1654 658 1899 710 Tamquam

1076 726 1274 766 sponsus.
1308 713 1533 755 Dominus.
1572 710 1622 762 Y.
1648 713 1899 757 Procedens

1077 769 1131 811 de
1156 770 1348 812 thalamo
1374 782 1464 811 suo.
1501 770 1745 821 Tamquam
1770 783 1898 824 spon-

1077 840 1160 868 sus.
1188 826 1338 868 Gloria
1357 826 1487 868 Patri.
1514 826 1739 868 Dominus.

1128 877 1177 928 Y'.
1203 882 1463 934 Egredietur
1481 881 1695 923 Dominus
1721 881 1776 924 de
1799 881 1899 924 loco

1077 945 1227 981 sancto
1257 952 1347 980 suo.
1403 942 1451 991 R
1477 939 1653 989 Veniet,
1686 944 1734 981 ut
1761 938 1900 981 salvet

1075 995 1288 1048 populum
1307 1009 1443 1037 suum.

1352 1072 1419 1108 Ad
1444 1071 1630 1108 Sextam.

1127 1138 1225 1176 Ant.
1257 1136 1364 1175 Esto
1383 1133 1454 1175 ibi.

1128 1196 1384 1249 Capitulum.
1556 1195 1708 1236 Ezech.
1724 1197 1793 1235 30.
1809 1195 1847 1235 b.

1172 1263 1236 1291 aec
1268 1250 1373 1293 dicit
1400 1251 1614 1293 Dominus
1643 1250 1778 1292 Deus:
1805 1250 1901 1291 Dis-

1204 1307 1387 1360 perdam
1431 1308 1679 1357 simulacra,
1724 1312 1767 1349 et
1811 1319 1900 1348 ces-

1078 1365 1176 1405 sare
1200 1363 1356 1405 faciam
1379 1362 1497 1405 idola
1521 1362 1576 1406 de
1598 1362 1830 1416 Memphis,
1858 1367 1902 1404 et

1078 1418 1167 1462 dux
1192 1419 1246 1461 de
1268 1425 1387 1462 terra
1404 1421 1587 1474 AEgypti
1607 1433 1695 1462 non
1715 1419 1796 1462 erit
1814 1421 1900 1461 am-

1076 1476 1208 1528 plius,
1227 1482 1284 1518 .et
1318 1475 1432 1518 dabo
1464 1479 1677 1530 terrorem
1710 1477 1753 1517 in
1783 1480 1901 1518 terra

1078 1533 1270 1585 AEgypti.
1821 1541 1830 1545 “

1131 1594 1181 1645 R·.
1196 1593 1257 1634 br.
1279 1589 1540 1641 Egredietur
1557 1589 1772 1631 Dominus
1790 1596 1814 1619 *
1833 1589 1901 1630 De

1079 1645 1178 1687 loco
1194 1651 1346 1688 sancto
1363 1659 1453 1688 suo.
1473 1644 1742 1697 Egredietur.
1759 1641 1811 1693 ΥΤ.
1823 1645 1902 1687 Ve—
1936 1675 1943 1679 -

1078 1702 1181 1751 niet,
1205 1707 1252 1743 ut
1271 1702 1411 1743 salvet
1428 1702 1640 1755 populum
1660 1715 1797 1743 suum.
1831 1701 1901 1744 De

1077 1757 1186 1800 loco.
1215 1758 1367 1799 Gloria
1385 1758 1514 1800 Patri.
1540 1757 1811 1809 Egredietur.

1131 1815 1179 1866 Y.
1205 1814 1422 1856 Viderunt
1447 1827 1598 1856 omnes
1623 1814 1732 1856 fines
1757 1819 1899 1856 terrae.

1078 1876 1126 1927 R·.
1146 1871 1344 1934 Salutare
1363 1871 1447 1913 Dei
1465 1871 1615 1913 nostri.

1353 1953 1420 1990 Ad
1443 1953 1626 1990 Nonam.

1129 2017 1226 2056 Ant.
1256 2016 1535 2065 Consurgens
1553 2014 1577 2055 J
1579 2013 1730 2066 oseph.

1129 2076 1386 2128 Capitulum.
1717 2077 1771 2116 Is.
1790 2077 1848 2117 16.

1122 2131 1166 2171 ni
1212 2130 1456 2180 consilium,
1499 2143 1608 2182 coge
1654 2130 1900 2172 concilium:

1144 2200 1259 2240 pone
1279 2188 1404 2244 quasi
1425 2192 1599 2229 noctem
1621 2186 1820 2229 umbram
1836 2192 1900 2229 tu-

1076 2257 1145 2285 am
1163 2245 1206 2285 in
1225 2243 1420 2294 meridie3
1440 2244 1661 2286 absconde
1676 2244 1899 2295 fugientes,

1076 2306 1119 2342 et
1152 2313 1286 2351 vagos
1322 2313 1376 2342 ne
1407 2300 1582 2353 prodas.
1626 2299 1900 2342 Habitabunt

1076 2356 1193 2410 apud
1219 2362 1263 2398 te
1290 2357 1463 2409 profugi
1491 2357 1590 2398 mei:
1623 2362 1718 2398 esto
1745 2356 1899 2398 latibu-

1076 2413 1164 2455 lum
1184 2415 1335 2454 eorum
1353 2426 1379 2454 a
1397 2413 1506 2455 facie
1526 2413 1770 2455 vastatoris.

1128 2477 1178 2528 R.
1205 2475 1265 2515 br.
1303 2473 1520 2516 Viderunt
1547 2477 1568 2499 *
1600 2473 1762 2516 Omnes
1790 2473 1899 2515 fines

1076 2535 1217 2572 terrae.
1253 2529 1479 2571 Viderunt.
1514 2528 1563 2577 V.
1592 2530 1790 2572 Salutare
1815 2531 1898 2572 Dei

1076 2586 1222 2627 nostri.
1260 2586 1433 2627 Omnes.
1474 2586 1636 2627 Gloria.
1672 2586 1898 2629 Viderunt.

1129 2639 1177 2690 V.
1228 2642 1422 2684 Verbum
1472 2654 1574 2683 caro
1615 2642 1778 2684 factum
1821 2649 1898 2685 est.

1080 2700 1126 2750 R.
1153 2699 1209 2740 Et
1233 2698 1446 2740 habitavit
1469 2699 1511 2739 in
1535 2698 1674 2740 nobis.
