2028 2892
183 179 250 214 416

627 179 697 212 Dic
722 180 772 212 21.
800 180 936 214 Martii.
984 182 1018 213 S.
1044 180 1244 215 Benedicti
1268 182 1445 215 Abbatis.

184 272 359 313 florebit
402 273 447 314 in
493 275 706 315 aeternum
746 280 846 316 ante
886 275 1013 315 Dfim.

183 327 388 379 Alleluja‚
422 328 604 380 alleluja.
640 329 805 371 Gleria.
849 331 1012 372 Justus.

231 380 281 430 Y.
316 383 544 424 Plantatus
577 384 621 425 in
651 384 784 427 domo
817 386 1012 435 Demini‚

183 438 366 490 alleluja.
407 440 457 490 R.
501 439 553 479 In
586 440 708 481 atriis
741 440 898 482 domus
929 442 1012 482 Dei

182 494 332 543 nostri,
352 494 535 547 alleluJa.

388 572 450 611 In
471 571 529 613 11.
554 571 804 622 vesperis.

228 633 315 666 Ant.
357 633 403 666 dc
441 633 560 666 Laud.
600 633 674 668 414.
724 633 799 670 Ps..

181 680 315 722 llymn.
342 686 381 713 ut
408 680 446 713 in
472 680 496 713 Ι.
523 680 638 721 chp.
668 680 755 715 406.

230 726 279 777 Y.
326 730 478 772 Gloria
516 736 560 773 et
598 731 762 773 divitiae
798 733 842 772 in
877 732 1011 774 domo

183 786 285 836 ejus.
318 787 368 838 Rg.
400 787 459 827 Et
485 787 649 838 justitia
677 789 766 839 ejus
793 795 941 830 manet
968 789 1011 829 in

181 841 391 883 saeculum
409 842 570 884 saeculi.

228 902 298 942 Ad
332 901 505 950 Magnif.
561 903 659 941 Ant.
714 902 833 940 Ecce
868 899 1010 941 fidelis

180 964 334 993 servus
354 958 398 994 et
412 954 617 1006 prudens,
638 966 769 1006 quem
784 955 1011 997 constituit

179 1007 395 1050 Deminus
414 1022 547 1062 super
566 1010 774 1051 familiam
793 1024 926 1052 suam.

227 1074 267 1106 In
294 1072 484 1112 (Ἀκμὴ-εις.
512 1080 707 1104 commem.
734 1070 867 1103 Feriae.

840 633 932 675 Cap.
971 639 1007 667 et

429 1151 511 1192 Die
530 1152 588 1191 21.
608 1152 764 1194 Martii.

318 1213 361 1253 S.
388 1214 648 1256 Benedicti
672 1214 869 1256 Abbatis.

434 1273 587 1315 Duplex
614 1275 747 1313 maius,

227 1329 362 1362 Omnia
397 1330 442 1362 de
475 1330 618 1363 Comm.
649 1330 757 1364 Conf.
788 1341 863 1364 non
893 1331 1002 1365 Pont.

178 1371 251 1414 [84]
271 1385 411 1419 praeter
437 1388 542 1419 sequ.

511 1430 674 1470 Oratio.

224 1479 467 1520 ntercessio
500 1492 600 1530 nos,
635 1483 887 1531 quaesumus
919 1483 1008 1523 De-

242 1534 373 1584 mine,
407 1534 527 1576 beati
558 1536 790 1578 Benedicti
821 1537 1008 1579 Abbatis

177 1590 469 1632 commendet:
501 1596 550 1632 ut
582 1591 703 1643 quod
730 1593 893 1634 nostris
920 1596 1006 1635 me-

177 1646 273 1687 ritis
298 1659 387 1687 non
407 1647 617 1697 valemus,
646 1649 737 1699 ejus
760 1651 1006 1700 patrocinio

176 1705 474 1754 assequamur.
503 1703 588 1744 Per
606 1703 855 1745 Deminum.

227 1764 266 1796 ln
291 1763 482 1804 Quadrag.
508 1773 703 1796 commem.
729 1763 862 1797 Fcriae.

414 1824 462 1862 In
485 1824 514 1862 I.
535 1824 758 1862 Nocturno.

316 1883 384 1923 De
410 1881 523 1923 libro
552 1882 862 1925 Ecclesiastici.

275 1943 426 1983 Lectio
452 1944 473 1982 i.
709 1942 811 1994 Cap.
832 1944 897 1982 44.

178 2007 182 2027 s
212 2011 250 2052 ἥρ
265 2002 504 2052 audemus
536 2005 656 2046 viros
688 2005 924 2056 gloriosos,
960 2011 1004 2047 et

178 2066 179 2091 ἲ
216 2050 279 2119 §⁸⁵3³
308 2061 515 2110 parentes
547 2066 725 2102 nostros
753 2061 797 2101 in
824 2074 1002 2111 genera-

184 2114 252 2140 4
307 2115 426 2156 tione
460 2128 549 2156 sua.
602 2116 785 2157 Multam
817 2116 1003 2167 gleriam

171 2170 274 2211 fecit
293 2170 508 2211 Deminus
532 2172 855 2222 magnificentia
878 2186 958 2213 sua
976 2186 1002 2214 a

172 2226 347 2267 saeculo.
384 2227 675 2268 Dominantes
701 2227 745 2268 in
773 2229 1000 2280 potestati-

171 2281 253 2322 bus
274 2282 375 2332 suis‚
390 2282 589 2324 hemines
607 2283 752 2334 magni
771 2284 942 2335 virtute,
959 2290 1002 2327 et

171 2337 405 2388 prudentia
428 2352 506 2379 sua
533 2338 726 2391 praediti,
750 2341 1000 2382 nuntiantes

170 2392 215 2432 in
242 2393 478 2446 Prophetis
517 2394 776 2446 dignitatem
805 2396 998 2448 Prophe-

170 2450 330 2498 tarum,
359 2455 402 2491 et
429 2451 696 2503 imperantes
720 2451 765 2492 in
788 2453 999 2504 praesenti

169 2504 355 2555 populo,
384 2511 428 2547 et
452 2506 615 2548 virtute
642 2506 889 2559 prudentiae
921 2510 997 2559 pe-

170 2558 284 2609 pulis
305 2563 577 2603 sanctissima
596 2562 742 2603 verba.
769 2563 820 2603 In
840 2563 998 2615 peritia

170 2626 248 2655 sua
267 2617 540 2667 requirentes
558 2618 717 2660 modos
735 2619 938 2668 mimicos,
954 2624 998 2661 et

170 2672 398 2713 narrantes
418 2674 609 2715 carmina
627 2674 953 2727 scripturarum.

1116 280 1166 330 R.
1203 277 1326 328 Euge
1358 291 1486 321 serve
1517 280 1633 322 bone
1666 287 1711 323 et
1740 282 1893 333 fidelis,

1067 332 1168 384 quia
1195 332 1240 373 in
1267 347 1408 386 pauca
1432 336 1552 378 fuisti
1574 337 1732 387 fidelis,
1761 350 1894 390 supra

1065 388 1204 429 multa
1239 393 1284 430 te
1322 393 1600 433 constituam:
1633 396 1655 419 *
1693 393 1814 434 Intra
1849 394 1894 435 in

1065 443 1273 493 gaudium
1292 445 1378 486 Dfii
1396 447 1471 488 tui.
1501 444 1552 495 V.
1582 447 1680 489 Dfie
1700 449 1893 501 quinque

1065 498 1228 540 talenta
1257 500 1478 543 tradid1'sti
1512 502 1637 552 mihi,
1670 516 1773 545 ecce
1810 504 1895 546 alia

1066 554 1258 606 quinque
1281 557 1610 608 superlucratus
1629 572 1736 600 sum.
1763 561 1894 602 Intra.

1373 618 1525 658 Lectio
1546 618 1584 657 ii.

1159 672 1326 712 omines
1352 671 1511 713 divites
1533 672 1577 713 in
1595 673 1773 725 virtute,
1800 675 1893 727 pul-

1177 727 1436 768 chritudinis
1456 727 1649 769 studium
1666 729 1894 772 habentes:

1063 782 1349 833 pacificantes
1418 783 1462 823 in
1525 783 1730 826 demibus
1794 787 1894 827 suis,

1065 837 1229 880 Omnes
1255 839 1329 880 isti
1351 839 1395 879 in
1418 840 1773 890 generationibus
1791 853 1892 891 gen-

1063 894 1119 934 tis
1143 907 1234 935 suae
1257 894 1443 944 gleriam
1466 893 1616 947 adepti
1640 901 1759 946 sunt,
1788 902 1832 939 et
1849 898 1894 938 in

1064 947 1219 990 diebus
1250 950 1340 991 suis
1369 950 1586 992 habentur
1609 952 1653 992 in
1678 951 1893 994 laudibus.

1064 1005 1148 1054 Qui
1175 1005 1230 1047 de
1255 1005 1341 1046 illis
1365 1006 1456 1047 nati
1478 1011 1595 1056 sunt,
1623 1007 1894 1059 reliquerunt

1062 1073 1222 1102 nomen
1246 1061 1453 1103 narrandi
1477 1062 1630 1104 laudes
1654 1065 1820 1104 cerum:
1848 1070 1893 1106 et

1063 1122 1165 1158 sunt
1210 1130 1396 1168 quorum
1438 1130 1527 1158 non
1564 1123 1631 1160 est
1666 1120 1892 1162 memoria:

1062 1173 1285 1223 perierunt
1304 1173 1429 1224 quasi
1450 1174 1523 1225 qui
1541 1187 1629 1215 non
1647 1174 1822 1217 fuerint:
1849 1181 1893 1217 et

1061 1228 1152 1268 nati
1185 1233 1301 1277 sunt,
1335 1229 1459 1280 quasi
1487 1242 1575 1270 non
1603 1231 1708 1279 nati,
1743 1235 1788 1272 et
1814 1231 1892 1272 fssii

1061 1284 1260 1335 ipsorum
1280 1297 1379 1325 cum
1398 1285 1519 1336 ipsis.

1111 1345 1161 1395 R.
1208 1345 1359 1386 Justus
1395 1345 1658 1396 germinabit
1694 1347 1808 1389 sicut
1842 1347 1889 1388 11'-

1060 1399 1184 1441 lium:
1220 1402 1242 1425 *
1281 1401 1338 1442 Et
1379 1400 1555 1443 florebit
1592 1402 1636 1442 in
1677 1405 1891 1444 aeternum

1062 1461 1162 1497 ante
1187 1456 1314 1496 Dfim.
1351 1451 1401 1502 Y.
1432 1457 1660 1499 Plantatus
1686 1458 1730 1498 in
1756 1458 1888 1500 domo

1062 1512 1158 1562 Dfii,
1179 1513 1222 1552 in
1238 1513 1360 1553 atriis
1375 1511 1533 1554 domus
1548 1514 1633 1555 Dei
1647 1515 1796 1555 nostri.
1822 1515 1889 1556 Et.

1359 1572 1512 1613 Lectio
1531 1573 1586 1613 iii.

1059 1623 1185 1729 Sed
1218 1629 1280 1669 illi
1312 1629 1393 1670 viri
1425 1629 1739 1671 misericerdiae
1772 1637 1888 1682 sunt,

1137 1697 1325 1736 quorum
1338 1685 1528 1737 pietates
1542 1698 1630 1727 non
1643 1685 1889 1729 defuerunt:

1059 1753 1159 1782 cum
1181 1740 1347 1782 semine
1367 1743 1518 1782 eerum
1536 1743 1795 1793 permanent
1812 1743 1886 1785 bo-

1057 1809 1128 1846 na,
1155 1796 1393 1838 haereditas
1422 1802 1573 1839 sancta
1601 1800 1787 1850 nepetes
1816 1801 1886 1840 eo-

1057 1865 1164 1901 rum,
1184 1858 1228 1894 et
1246 1852 1290 1892 in
1307 1853 1583 1894 testamentis
1598 1854 1720 1895 stetit
1735 1867 1887 1896 semen

1057 1910 1226 1959 cerum:
1254 1914 1298 1950 et
1316 1908 1394 1949 fssii
1413 1911 1565 1950 cerum
1583 1915 1768 1962 propter
1786 1910 1885 1952 illos

1055 1977 1196 2017 usque
1220 1965 1263 2005 in
1288 1966 1502 2005 aeternum
1519 1970 1710 2007 manent:
1736 1979 1886 2008 semen

1057 2022 1208 2062 cerum
1240 2026 1284 2062 et
1307 2020 1448 2072 gleria
1472 2022 1625 2062 eerum
1650 2034 1739 2062 non
1763 2023 1885 2064 dere-

1054 2076 1287 2128 linquetur.
1318 2076 1517 2129 Corpora
1534 2077 1733 2129 ipserum
1751 2078 1796 2118 in
1810 2091 1885 2130 pa-

1055 2145 1105 2174 ce
1132 2132 1305 2184 sepulta
1329 2137 1446 2182 sunt,
1475 2138 1518 2174 et
1545 2145 1705 2174 nomen
1731 2135 1884 2182 eerum

1054 2189 1161 2230 vivit
1179 2189 1223 2229 in
1241 2189 1569 2239 generatienem
1583 2194 1628 2230 et
1641 2190 1882 2240 generatio-

1054 2256 1164 2286 nem.
1196 2244 1465 2296 Sapientiam
1487 2244 1686 2297 ipsorum
1704 2250 1882 2287 narrent

1052 2299 1224 2353 pepuli,
1258 2304 1301 2341 et
1327 2299 1503 2341 laudem
1532 2302 1685 2341 eorum
1711 2301 1882 2342 nuntiet

1052 2355 1260 2397 Ecclesia.
1311 2357 1364 2407 R».
1383 2356 1472 2397 Iste
1492 2356 1710 2407 cognovit.
1738 2356 1821 2409 [87]

1285 2433 1334 2471 In
1353 2433 1403 2471 11.
1422 2433 1457 2471 N
1460 2433 1645 2473 octurno.

1354 2496 1504 2536 Lectio
1527 2497 1580 2537 iv.

1063 2567 1134 2613 ³³22?
1155 2561 1405 2611 enedictuS‚
1442 2561 1616 2602 Nursiae
1644 2560 1780 2602 nobili
1806 2563 1877 2611 ge-

1063 2612 1070 2675 ]
1089 2614 1156 2671 235-ng
1180 2630 1282 2659 nere
1298 2622 1432 2666 ortus,
1451 2617 1606 2657 Romae
1623 2616 1877 2670 liberalibus

1064 2674 1070 2687 “
1090 2670 1099 2680 ”
1111 2667 1155 2698 {1
1180 2672 1420 2725 disciplinis
1440 2672 1651 2723 eruditus,
1669 2677 1717 2713 ut
1734 2677 1878 2714 totum
