2066 2956
824 219 940 255 Festa
963 220 1123 265 Aprilis.
1147 222 1224 265 (27.)

171 317 229 358 cti
257 317 282 358 J
284 317 412 359 acobi
440 318 720 371 sepulchrum
747 321 995 373 peregrina·

170 378 450 491 tu{.e{liveni
467 435 624 478 David.

478 512 630 553 Lectio
651 527 687 553 v.

293 574 510 626 Gregorio
552 575 723 616 decimo
760 576 891 617 tertio
928 575 995 615 Li-

315 633 459 672 manae
485 631 682 673 ecclesiae
702 644 756 673 ex
776 634 995 683 quaestore

170 686 275 729 fidei
309 688 470 730 invitus
512 688 764 741 praeficitur.
818 689 914 739 Quo
952 689 996 729 in

168 747 348 786 munere
359 744 649 798 apostolicam
659 744 997 786 sollicitudinem

169 800 213 841 in
234 813 348 842 nova
373 801 689 843 christianitate
714 801 784 843 vel
808 801 995 843 solidan-

170 855 228 898 da
248 857 319 898 vel
342 857 595 911 amplianda
620 857 834 900 adhibens
857 858 996 911 perfe-

170 914 229 956 cti
244 914 447 967 praesulis
461 920 610 968 partes
625 915 829 968 explevit.
851 916 995 966 Quare

170 971 352 1022 singulis
390 971 620 1013 dominicis
657 970 811 1014 diebus
847 973 917 1014 vel
953 974 995 1014 in

170 1027 357 1069 ecclesia
379 1028 450 1070 vel
474 1029 518 1069 in
543 1029 752 1081 hospitali
777 1029 926 1079 domo,
952 1030 995 1071 in

168 1085 316 1136 parvis
348 1085 479 1127 etiam
512 1085 734 1138 oppidulis
763 1090 805 1127 et
836 1085 995 1128 subdiu

168 1141 513 1184 concionabatur
531 1142 795 1195 plebemque
809 1143 994 1185 catechi-

168 1210 263 1239 smo
312 1198 566 1242 instruebat.
624 1199 826 1251 synodos
862 1201 995 1242 etiam

167 1253 441 1296 dioecesanas
471 1261 514 1297 et
540 1256 826 1308 provincialia
853 1259 994 1299 conci-

165 1309 224 1352 lia
242 1312 360 1362 iuxta
379 1312 625 1354 Tridentini
648 1317 812 1355 statuta
830 1313 993 1364 habuit,

166 1372 211 1409 et
228 1367 273 1408 in
292 1368 354 1410 eis
374 1369 604 1423 complura
623 1369 810 1420 decreta,
836 1373 994 1423 postea

165 1436 191 1465 a
204 1424 319 1466 Sede
338 1426 584 1479 apostolica
604 1427 871 1478 confirmata,
892 1430 992 1469 con-

166 1480 257 1523 dita
293 1486 410 1531 sunt,
448 1483 606 1535 quibus
640 1482 775 1525 modo
808 1484 994 1526 ecclesia

164 1536 428 1581 Americana
454 1540 630 1591 regitur.
674 1540 789 1581 Hinc
820 1553 992 1582 morum

166 1594 435 1647 emendatio,
468 1596 574 1638 cleri
599 1596 846 1649 disciplina,
876 1598 991 1650 juve-

163 1663 267 1692 num
290 1652 537 1703 seminaria,
562 1653 777 1704 virginum
802 1666 854 1695 ac
878 1655 991 1696 male

163 1710 399 1760 nuptarum
451 1710 672 1760 coenobia,
724 1712 991 1761 aegrotorum

163 1764 451 1816 xenodochia,
475 1766 660 1819 aliaeque
684 1766 803 1809 aedes
823 1771 867 1809 et
884 1772 990 1809 tem-

162 1820 247 1873 pla,
270 1822 361 1872 ejus
380 1823 511 1865 etiam
531 1829 707 1876 sumptu
727 1827 990 1874 constructa,

165 1880 431 1922 emanarunt.

216 1943 268 1995 R.
291 1940 426 1982 Posui
445 1941 717 1993 adjutorium.

463 2016 616 2058 Lectio
636 2015 689 2057 vi.

164 2072 446 2179 Dioecesim
489 2089 632 2126 suam,
677 2075 989 2128 amplissimam

275 2131 464 2184 quidem,
486 2132 731 2174 incredibili
753 2131 904 2173 labore
923 2137 987 2173 to-

160 2191 251 2229 tam
266 2201 386 2241 saepe
400 2190 605 2239 visitavit,
620 2190 860 2241 omnesque
874 2201 987 2241 pene

162 2244 360 2287 ecclesiae
384 2259 475 2287 suae
500 2248 741 2299 proventus
761 2245 803 2285 in
823 2247 985 2297 paupe-

161 2313 257 2342 rum
291 2315 414 2352 usuS,
461 2316 572 2356 quos
606 2301 848 2344 creditores
883 2314 986 2342 suos

160 2357 363 2408 vocabat,
395 2360 608 2410 erogavit,
636 2357 912 2409 octingentis,
939 2362 987 2398 ut

160 2413 321 2465 ferunt,
366 2415 589 2457 hominum
633 2414 823 2456 millibus
860 2426 985 2455 sacro
1043 2418 1155 2474 §2423

160 2469 394 2514 chrismate
417 2473 570 2514 unctis.
606 2472 860 2512 Innumeras
885 2483 984 2511 con·
1046 2491 1058 2500 v>
1077 2474 1119 2528 ἧς

159 2526 462 2578 tradictiones,
490 2529 581 2570 sive
606 2528 661 2569 ab
686 2527 754 2576 iis,
782 2526 856 2578 qui
879 2526 984 2567 foris

160 2588 271 2633 sunt,
289 2589 472 2637 propter
485 2584 629 2633 fidem,
648 2583 739 2624 sive
755 2582 810 2623 ab
825 2582 889 2631 iis,
910 2582 984 2634 qui

158 2638 281 2690 intra,
300 2646 482 2694 propter
496 2640 706 2682 Ecclesiae
723 2638 983 2687 libertatem,

158 2707 328 2738 summa
346 2697 557 2749 patientia
576 2696 805 2743 sustinens,
825 2694 983 2735 acriter

149 2749 371 2803 defendit,
421 2753 619 2805 martyrii
664 2750 982 2803 cupidissimus.

1810 229 1873 264 11*

1048 321 1246 364 Tandem
1289 325 1537 367 sacerdotio
1573 332 1616 369 et
1651 328 1871 369 miraculis

1049 378 1211 428 clarus,
1249 393 1347 432 quae
1384 382 1514 423 etiam
1550 389 1652 435 post
1683 389 1871 426 mortem

1047 435 1185 487 ipsius
1213 437 1488 479 sanctitatem
1515 440 1870 492 comprobarunt,

1049 490 1152 532 dum
1180 494 1373 545 propriae
1405 493 1607 536 dioecesis
1634 496 1871 538 visitationi

1047 547 1334 598 incumberet,
1368 563 1481 592 anno
1512 551 1742 594 millesimo
1776 566 1869 594 sex-

1048 605 1288 646 centesimo
1312 611 1450 656 sexto,
1474 608 1615 649 aetatis
1639 621 1729 649 suae
1749 622 1869 650 sexa-

1047 660 1213 710 gesimo
1234 664 1404 712 octavo,
1429 669 1604 716 sumpto
1624 665 1667 705 in
1687 665 1871 707 ecclesia

1048 729 1174 758 sacro
1203 718 1380 768 viatico,
1408 719 1464 761 ad
1491 721 1645 762 mortis
1672 722 1870 763 nuntium

1048 773 1315 816 exclamans:
1350 775 1544 818 Laetatus
1581 790 1676 818 sum
1711 778 1755 818 in
1791 777 1869 828 his,

1050 842 1147 881 quae
1179 830 1297 872 dieta
1328 838 1430 874 sunt>
1459 832 1580 874 mihi:
1615 833 1658 873 in
1689 833 1869 875 domum

1046 943 1107 984 tia
1129 943 1276 985 Martii
1304 944 1570 987 obdormivit
1596 946 1639 986 in
1662 946 1868 989 Domino:

1048 1012 1178 1051 quem
1213 1001 1493 1043 Innocentius
1533 1001 1788 1044 undecimus
1825 1004 1868 1044 in

1046 1055 1275 1098 beatorum
1307 1061 1534 1100 numerum
1566 1059 1731 1109 retulit,
1766 1060 1868 1101 assi-

1046 1115 1177 1163 gnata
1203 1115 1293 1166 ejus
1316 1114 1543 1157 festivitati
1567 1114 1637 1156 die
1661 1115 1869 1167 vigesima

1047 1170 1233 1222 septima
1275 1170 1452 1224 Aprilis.
1522 1171 1693 1213 Deinde
1743 1173 1868 1214 novis

1047 1226 1377 1279 quampluribus
1391 1227 1628 1279 fulgentem
1642 1229 1775 1280 signis
1788 1230 1867 1270 Be-

1045 1281 1245 1324 nedictus
1272 1283 1464 1325 decimus
1489 1285 1642 1326 tertius
1666 1285 1869 1327 Pontifex

1045 1339 1260 1381 Maximus
1295 1345 1451 1392 quarto
1481 1339 1586 1382 Idus
1610 1341 1867 1383 Decembris

1045 1408 1157 1437 anno
1187 1396 1339 1437 salutis
1364 1396 1594 1438 millesimo
1622 1398 1866 1450 septingen-

1044 1453 1202 1493 tesimo
1230 1453 1440 1504 vigesimo
1465 1459 1590 1496 sexto
1616 1456 1867 1495 sanctorum

1044 1509 1167 1559 fastis
1196 1509 1441 1563 adscripsit.

1098 1579 1148 1631 R.
1172 1579 1263 1620 Iste
1292 1584 1368 1621 est.

1267 1671 1316 1710 In
1334 1671 1404 1711 111.
1424 1672 1645 1711 Nocturno.

1046 1743 1199 1785 Lectio
1222 1744 1363 1786 sancti
1381 1744 1605 1795 Evangelii
1624 1745 1864 1786 secundum

1321 1801 1587 1842 Matthaeum.

1121 1866 1274 1907 Lectio
1295 1865 1363 1906 vii.
1607 1865 1709 1917 Cap.
1725 1865 1788 1904 25.

1040 1922 1115 2028 In
1147 1926 1222 1969 illo
1254 1928 1469 1979 tempore:
1501 1928 1621 1970 Dixit
1647 1928 1774 1970 Jesus
1803 1927 1862 1970 di-

1105 1983 1285 2036 scipulis
1321 1983 1411 2024 suis
1446 1984 1702 2037 parabolam
1738 1984 1863 2027 hanc:

1040 2040 1186 2081 Homo
1211 2041 1394 2092 peregre
1417 2040 1711 2093 proficiscens,
1735 2043 1862 2082 voca-

1040 2095 1103 2137 vit
1138 2108 1291 2137 servos
1327 2109 1447 2146 suOS,
1484 2102 1527 2138 et
1561 2095 1740 2139 tradidit
1776 2096 1861 2138 illis

1039 2151 1157 2193 bona
1183 2165 1272 2194 sua.
1314 2153 1371 2195 Et
1397 2152 1575 2206 reliqua.

1154 2235 1345 2277 Homilia
1372 2236 1510 2277 sancti
1537 2235 1750 2278 Bernardi

1353 2291 1550 2333 Abbatis.

1217 2357 1275 2391 Ex
1298 2356 1415 2391 Serm.
1438 2356 1490 2390 23.
1515 2356 1553 2389 in
1578 2355 1684 2391 Cant.

1117 2419 1170 2465 ξ
1186 2412 1378 2465 ccipiunt
1400 2413 1443 2453 in
1462 2413 1762 2465 promissione,
1786 2413 1860 2464 qui

1202 2469 1313 2510 bene
1327 2473 1535 2521 praesunt,
1551 2469 1775 2510 constituti
1790 2482 1855 2510 su-

1060 2524 1149 2549 Ξῖ
1200 2538 1280 2578 per
1296 2525 1440 2566 omnia
1455 2524 1571 2566 bona
1585 2524 1762 2566 Domini
1778 2524 1857 2566 sui:

1037 2586 1081 2622 at
1099 2581 1227 2633 pauci
1242 2581 1451 2633 profecto,
1472 2581 1546 2633 qui
1561 2581 1734 2631 utiliter,
1753 2594 1856 2633 pau-

1036 2637 1177 2678 ciores
1215 2637 1288 2689 qui
1328 2642 1373 2678 et
1413 2636 1632 2679 humiliter
1665 2637 1857 2690 praesint.

1035 2693 1180 2734 Facile
1205 2698 1351 2734 tamen
1378 2696 1611 2744 utrumque
1638 2692 1856 2744 adimplet,

1036 2749 1109 2801 qui
1127 2754 1310 2791 matrem
1324 2748 1534 2790 virtutum
1549 2748 1856 2791 discretionem
