2066 2956
212 193 307 237 [286]

521 197 591 230 Die
620 197 667 230 11.
694 196 802 230 Febr.
849 197 917 230 Bb.
945 196 1013 229 VII
1043 195 1160 229 Fund.
1187 194 1275 228 Ord.
1300 194 1404 229 Serv.
1432 195 1470 228 13.
1498 195 1543 228 M.
1563 195 1604 229 V.

211 301 284 330 mo
305 293 445 330 semet
468 290 684 339 unierant;
713 302 814 330 cum
839 302 941 331 ecce
965 302 1045 342 per

212 345 368 387 urbem
399 345 535 395 visos,
575 346 724 387 statim
756 346 948 387 Domino
982 346 1045 387 sic

213 401 474 454 disponente
501 404 797 455 moventeque
824 402 1043 444 infantiles

213 470 344 500 voces
377 458 588 511 Deipara,
621 472 675 500 ex
706 459 935 500 infantium
967 471 1044 500 ore

212 527 264 556 ac
282 515 547 565 lactentium,
566 515 680 557 inter
701 528 812 568 quos
826 521 919 557 tum
934 528 1045 568 puer

213 576 306 613 erat
352 576 530 613 sanctus
570 572 800 625 Philippus
843 572 1043 614 Benitius

213 628 283 669 vix
305 628 504 681 quintum
522 641 718 670 mensem
738 629 978 681 ingressus,
996 641 1044 671 se

212 685 362 726 Mariae
404 685 583 726 clamari
623 698 777 727 servos
817 686 1043 738 insperato

214 747 281 783 est
299 741 510 783 auditum.
545 743 717 792 Quanta
741 747 844 784 tunc
864 747 908 784 et
927 744 1043 784 exin·

213 798 268 839 de
309 799 471 839 ameris
513 799 687 840 flamma
728 800 772 840 in
808 799 1044 840 Deminam

213 867 346 904 suam,
365 856 485 907 cujus
501 855 675 906 (ignaris
692 856 814 908 ipsis)
831 854 1044 896 declarati

213 912 328 953 servi
347 917 485 961 erant,
514 912 716 954 excitatis
740 911 899 953 studiis
922 914 1042 953 exar-

213 968 366 1018 serint,
384 981 473 1009 non
493 969 619 1010 facile
641 974 708 1010 est
728 969 962 1022 explicatu.
989 968 1042 1009 11-

212 1024 287 1067 lud
320 1025 463 1066 solum
496 1026 646 1076 scitur,
678 1024 798 1078 quod
833 1026 896 1066 sic
929 1025 968 1067 ei
996 1038 1044 1066 se

213 1081 486 1132 dediderunt,
506 1088 554 1124 ut
567 1082 702 1124 veluti
716 1082 903 1123 Matrem
921 1095 1044 1123 suam

212 1139 429 1188 venerari,
462 1139 743 1192 maximeque
774 1138 942 1180 honere
970 1138 1042 1179 ha-

212 1194 328 1244 bere,
347 1208 516 1237 morem
539 1196 579 1237 ei
597 1198 750 1246 gerere
769 1196 813 1236 in
831 1194 1043 1245 Omnibus,

213 1257 257 1293 et
281 1251 589 1304 obtemperare
613 1258 798 1305 propter
821 1265 918 1294 eam
943 1264 1042 1293 cun-

212 1308 295 1349 ctis
324 1311 604 1362 summepere
633 1308 892 1351 studuerint.
929 1309 1044 1350 Hinc

213 1366 344 1406 etiam
388 1364 500 1407 adeo
545 1365 722 1418 jucundi
766 1367 968 1418 gratique
1004 1366 1044 1407 ei

213 1422 343 1472 fuere,
363 1426 411 1463 ut
430 1434 530 1463 cum
551 1422 731 1463 vitaturi
749 1421 906 1474 pepuli
922 1421 1042 1474 plau-

212 1491 309 1519 sum
334 1479 378 1519 in
397 1479 625 1520 Senarium
652 1484 847 1520 montem
872 1478 927 1520 ab
947 1479 1043 1531 ipsa

212 1535 265 1576 iis
290 1537 615 1588 praeostensum
639 1535 877 1577 habitaturi
905 1537 1042 1577 teten-

214 1591 371 1641 derint,
411 1592 560 1645 ibique
592 1592 850 1634 crucifixum
882 1592 1043 1641 Jesum,

212 1649 628 1702 moestissimamque
640 1649 827 1691 Matrem
843 1648 1044 1690 dolentes

213 1705 389 1747 assidue
427 1706 690 1756 recelerent3
728 1706 933 1758 apparuit
969 1704 1044 1746 illa

213 1762 294 1811 eis,
334 1761 576 1815 habituque
610 1762 787 1814 lugubri
820 1761 1043 1812 assignato

213 1818 257 1858 in
275 1819 533 1860 memoriam
553 1818 757 1860 dolerum
777 1820 973 1867 suorum,
996 1823 1044 1859 ut

213 1877 568 1927 compaterentur
612 1876 725 1925 istis,
772 1887 849 1917 eos
895 1887 1043 1916 conse-

213 1932 361 1973 cravit.

266 1991 315 2041 R.
344 1988 530 2030 Vocabo
559 2001 713 2030 servos
740 2001 880 2037 meos,
913 1994 957 2030 et
984 1991 1043 2029 in-

214 2045 346 2086 duam
369 2045 468 2086 illos
492 2045 640 2087 tunica
658 2058 773 2094 mea,
803 2051 846 2086 et
870 2045 1044 2095 cingulo

212 2114 318 2153 meo,
333 2101 597 2143 confortabo
618 2114 710 2143 eos:
729 2106 751 2128 *
770 2102 832 2151 Et,
850 2104 1043 2154 potesta-

213 2163 302 2199 tem
316 2171 460 2200 meam
477 2157 593 2200 dabo
609 2158 652 2199 in
667 2157 869 2199 manibus
882 2160 1044 2199 00111111.

213 2209 262 2261 V.
287 2215 343 2257 Et
368 2220 495 2256 erunt
522 2215 646 2267 quasi
672 2220 823 2268 patres
848 2214 1044 2256 habitan-

213 2271 330 2313 tibus
349 2271 604 2314 Jerusalem.
636 2272 702 2313 Et.

516 2329 668 2369 Lectio
691 2329 740 2368 vi.

261 2389 306 2424 ta
326 2384 543 2427 cinericiis
562 2385 771 2434 vestibus,
792 2384 1045 2436 indulgente

285 2441 416 2482 etiam
437 2444 660 2494 episcopo,
679 2442 723 2483 in
741 2442 888 2493 nigras
906 2444 1044 2484 muta-

215 2496 287 2545 tis,
312 2503 415 2549 post
439 2499 674 2540 nonnullos
694 2511 834 2540 annos
854 2499 1045 2540 fortuna-

217 2552 273 2593 tis
308 2553 484 2605 quidem
517 2555 724 2608 auspiciis
757 2555 1046 2597 clarissimum

219 2608 326 2650 illud
350 2610 695 2653 Praedicaterum
723 2612 888 2654 ordinis
912 2611 1046 2652 decus

216 2670 394 2707 sanctus
412 2667 570 2709 Petrus
588 2668 757 2720 Martyr
779 2668 1047 2710 Florentiam

216 2723 415 2774 accessit,
436 2729 496 2773 et,
520 2724 669 2767 audita
687 2726 976 2778 inspectaque
995 2728 1047 2765 si-

1096 288 1186 330 mul
1211 302 1299 331 non
1325 289 1472 332 fucata
1499 290 1787 333 sanctimonia
1810 292 1926 346 ipse·

1098 359 1211 396 rum,
1249 346 1311 388 ita
1341 346 1425 388 Dei
1457 347 1586 389 amici
1619 349 1849 401 coeperunt
1879 362 1927 392 se

1096 406 1250 444 mutuo
1284 402 1481 455 diligere,
1513 408 1562 445 ut
1592 404 1927 448 familiarissime

1097 461 1378 501 versarentur
1402 460 1592 502 invicem
1618 473 1786 511 secum,
1814 464 1928 504 sese—

1098 528 1183 568 que
1202 516 1369 558 alterne
1392 516 1603 559 foverent.
1637 517 1758 559 Inter
1782 519 1929 560 cetera

1096 585 1232 626 porro
1251 572 1359 614 illud
1379 572 1555 624 accidit,
1581 574 1701 627 quod
1720 577 1927 627 sperante

1096 629 1262 682 inclyto
1278 629 1472 682 Martyre
1491 630 1705 672 honerem
1719 631 1818 673 Deo
1839 644 1927 673 non

1095 685 1336 735 medicum,
1361 699 1582 751 magnum
1588 687 1718 729 terris
1737 689 1928 730 001111110-

1097 742 1202 784 (111111
1221 718 1476 795 preditum'
1465 743 1527 793 1ri,
1548 743 1595 793 si,
1619 744 1812 796 propitia
1830 744 1927 786 Vir-

1096 800 1208 850 gine,
1227 799 1357 850 longe
1375 799 1553 851 lateque
1567 802 1928 853 propagarentur,
1959 797 1961 800 ’

1097 869 1182 897 11113
1220 869 1319 897 011111
1354 856 1464 908 ipsis
1495 857 1694 909 impense
1729 869 1826 898 eam
1857 870 1928 899 ex-

1096 914 1270 962 orante,
1305 917 1353 954 ut
1388 914 1647 964 argumento
1676 913 1825 978 aliquo
1853 926 1928 955 vo-

1096 969 1309 1010 luntatem
1338 982 1463 1010 suam
1490 969 1783 1022 patefaceret,
1808 970 1928 1011 invo-

1097 1028 1195 1067 cata
1213 1026 1353 1077 Virgo
1377 1039 1529 1067 amans
1553 1026 1597 1067 in
1616 1026 1784 1068 visione
1804 1027 1844 1068 ei
1862 1039 1927 1068 re-

1096 1082 1279 1133 velavit,
1310 1096 1358 1124 se
1383 1083 1502 1124 viros
1530 1082 1628 1124 illos
1656 1087 1848 1136 septem,
1883 1087 1928 1125 et

1098 1140 1173 1192 qui
1200 1140 1373 1182 venturi
1401 1144 1525 1182 erant
1553 1144 1655 1192 post
1684 1152 1778 1190 eos,
1815 1139 1928 1182 inter

1095 1195 1247 1238 mundi
1280 1196 1479 1238 homines
1514 1209 1666 1238 omnes
1699 1196 1756 1238 ad
1783 1196 1926 1247 singu-

1095 1252 1186 1295 lare
1216 1253 1443 1295 servitium
1470 1266 1598 1294 suum
1625 1253 1852 1304 selegisse,
1884 1258 1928 1295 et

1096 1309 1461 1352 commiserandis
1508 1309 1652 1362 poenis
1697 1310 1783 1361 jam
1826 1308 1927 1351 latis

1096 1367 1186 1408 suis
1236 1366 1520 1408 amarissimis
1572 1364 1927 1409 constituendum

1097 1423 1296 1465 ordinem
1330 1436 1428 1465 esse
1460 1423 1517 1465 ad
1550 1423 1618 1464 sui
1644 1423 1857 1464 honerem
1883 1426 1928 1464 et

1095 1480 1292 1532 gloriam.
1326 1480 1426 1522 Hoc
1449 1479 1709 1533 prodigieso
1729 1479 1926 1531 virgineo

1097 1536 1276 1579 decreto
1306 1537 1485 1578 animati
1509 1536 1737 1578 humillimi
1761 1536 1927 1585 Patres,

1096 1607 1184 1635 non
1214 1594 1317 1646 quia
1344 1606 1436 1635 suae
1463 1593 1623 1635 mentis
1650 1593 1805 1635 fuisset
1833 1605 1926 1634 suc-

1097 1653 1297 1692 cessores
1322 1653 1528 1703 posteros
1552 1652 1747 1701 gignere,
1775 1649 1856 1692 sed
1879 1655 1928 1692 ut

1096 1708 1212 1759 iussa
1249 1709 1445 1749 reserata
1481 1706 1676 1748 facerent
1709 1708 1926 1762 supremae

1098 1766 1250 1805 eorum
1278 1764 1479 1815 Reginae,
1514 1776 1613 1815 quae
1641 1763 1816 1804 nomine
1845 1775 1926 1804 suo

1097 1820 1352 1862 duraturam
1389 1819 1473 1861 sibi
1508 1818 1716 1861 familiam
1755 1818 1926 1861 fundari

1097 1877 1312 1926 voluerat,
1348 1876 1576 1918 instituere
1614 1874 1824 1929 deinceps
1860 1887 1924 1916 sa-

1097 1947 1219 1975 crum
1238 1933 1473 1975 Serverum
1497 1932 1698 1974 erdinem
1723 1931 1926 1974 decreve-

1097 1995 1211 2039 runt,
1235 2002 1325 2031 non
1342 1994 1434 2032 tam
1453 1994 1501 2031 ut
1519 1989 1647 2042 primi
1667 1990 1757 2041 ejus
1777 1988 1926 2031 funda-

1096 2050 1233 2096 tores,
1270 2059 1402 2099 quam
1426 2051 1475 2088 ut
1500 2046 1694 2088 coelestis
1719 2058 1811 2087 suae
1835 2045 1927 2087 fun-

1098 2104 1276 2146 datricis
1291 2103 1476 2145 ministri
1488 2103 1799 2155 obsequentes;
1816 2115 1927 2155 quos

1096 2160 1282 2214 proinde
1301 2160 1527 2209 Dominus,
1546 2164 1595 2201 ut
1613 2171 1766 2201 servos
1784 2158 1927 2201 bonos

1098 2223 1142 2259 et
1166 2215 1322 2259 fideles
1348 2229 1469 2266 suos,
1499 2228 1552 2257 ac
1570 2215 1740 2265 MatriS,
1767 2215 1811 2256 in
1837 2215 1928 2257 vita

1097 2273 1245 2314 multis
1269 2272 1522 2323 virtutibus,
1549 2272 1592 2313 in
1616 2277 1758 2314 morte
1780 2271 1928 2312 multis

1097 2329 1329 2383 prodigiis,
1369 2334 1473 2382 post
1509 2329 1743 2371 transitum
1778 2327 1927 2370 multis

1098 2385 1318 2432 miraculis
1339 2385 1585 2436 adornavit3
1604 2385 1842 2427 novissime
1857 2397 1926 2426 ve-

1099 2455 1148 2484 ro
1163 2441 1430 2484 Benedictus
1446 2442 1642 2483 decimus
1655 2441 1820 2490 tertius,
1836 2442 1928 2492 ejus

1098 2499 1286 2541 instituti
1318 2498 1562 2551 professor,
1596 2499 1717 2550 cujus
1749 2502 1927 2538 sanctus

1098 2555 1256 2596 Petrus
1289 2559 1399 2604 erat,
1440 2555 1530 2606 ejus
1568 2566 1744 2607 quoque
1773 2553 1817 2594 in
1850 2566 1927 2595 eos

1099 2611 1241 2653 haeres
1269 2612 1447 2660 ameris,
1481 2611 1684 2652 Pentifex
1711 2610 1927 2652 renuntia-

1100 2674 1186 2718 tus,
1226 2671 1378 2710 eorum
1411 2668 1565 2709 miram
1596 2667 1928 2716 institutiunem,

1100 2730 1147 2767 ut
1178 2725 1484 2767 inclaresceret
1516 2724 1633 2774 orbi,
1666 2723 1928 2766 lectionibus
