2066 2956
587 186 763 219 Officium
790 186 963 219 votivum
991 186 1036 219 de
1063 184 1213 218 Sancti>
1243 185 1452 225 Apostoli&

331 277 451 318 Pro
488 276 684 318 Feria
720 276 832 317 III.

391 341 567 376 Officium
590 340 765 374 votivum

290 389 352 430 de
380 388 578 430 Sanctis
605 387 872 438 Apostolis.

204 484 206 486 ,
446 453 706 495 Semiduplex.

214 511 351 546 Omnia
392 510 437 544 de
478 509 682 544 Communi
722 510 899 551 Apostol.
948 509 995 552 [1]

162 560 224 593 vel
260 554 330 598 [21]
358 559 463 601 juxta
498 557 763 590 diversitatem
796 558 991 599 temporis.

162 608 302 646 praeter
327 612 432 645 sequ.

499 644 664 684 Oratio.

162 702 347 808 Deus,
383 704 457 756 qui
482 712 565 745 nos
590 716 671 756 per
695 703 851 744 beatos
876 704 995 755 Apo-

268 760 409 803 stolos
433 766 534 802 tuos
558 760 615 802 ad
641 759 909 810 agnitionem
934 759 997 800 tui

164 817 352 858 nominis
376 819 525 858 venire
549 816 753 858 tribuisti:
786 815 843 858 da
868 815 996 857 nobis

165 875 317 914 eorum
365 873 550 923 gloriam
596 873 908 924 sempiternam
953 876 997 913 et

164 929 437 981 proficiendo
458 929 693 979 celebrare,
713 933 757 970 et
776 928 995 970 celebran-

164 984 223 1027 do
241 985 469 1038 proficere.
496 986 582 1027 Per
599 985 848 1027 Dominum.

214 1052 257 1086 In
289 1052 314 1086 Ι.
347 1052 546 1085 Nocturno
579 1050 783 1085 Lectiones
817 1052 862 1084 dc
896 1050 993 1085 Seri-

162 1103 274 1144 ptura
300 1104 532 1134 occurrente.

213 1156 256 1190 In
281 1156 472 1198 Quadrag.
497 1165 589 1190 vero
612 1154 676 1189 Sic
697 1163 769 1188 nos
793 1154 996 1189 existimet.

164 1206 210 1240 de
236 1204 440 1241 Communi
467 1204 602 1247 Apost.
630 1202 677 1245 [6]

396 1284 444 1322 In
469 1283 518 1321 ΙΙ.
543 1283 766 1321 Nocturno.

214 1349 280 1388 De
309 1345 521 1386 Sermone
550 1345 690 1386 sancti
717 1345 949 1395 Augustini

471 1401 694 1454 Episcopi.

347 1464 479 1498 Sermo
503 1464 555 1498 43.
581 1463 627 1497 de
653 1462 814 1497 Sanctis.

470 1514 622 1557 Lectio
643 1515 695 1555 iv.

173 1580 210 1622 ᾖε.-
235 1584 272 1622 ψῆ-
285 1569 341 1610 sti
366 1573 467 1610 sunt
491 1568 568 1610 lux
593 1569 758 1610 mundi:
786 1570 887 1621 quia
914 1583 993 1622 per

172 1626 207 1679 .ἓῇ
240 1624 272 1676 ῑῇ
300 1625 423 1678 ipsos
458 1625 605 1667 lumen
642 1624 763 1675 fidei,
801 1631 845 1667 et
877 1639 995 1667 verae

302 1681 496 1722 scientiae
547 1682 737 1734 primum
782 1682 996 1723 Dominus

162 1737 265 1779 huic
288 1737 454 1779 mundo
482 1737 682 1788 tradidit,
716 1745 759 1780 et
791 1738 847 1780 ab
881 1741 996 1780 erro·

164 1807 261 1835 rum
284 1806 336 1836 ac
359 1797 646 1847 peccatorum
669 1794 863 1837 tenebris
883 1795 996 1837 Gen-

164 1856 232 1892 tes
259 1854 303 1892 et
329 1851 523 1903 populos
549 1851 671 1892 eruit.
704 1852 785 1892 Isti
809 1857 909 1893 sunt
934 1852 998 1892 sal

164 1912 310 1949 terrae:
331 1907 433 1959 quia
451 1919 532 1960 per
551 1920 628 1949 eos
648 1909 881 1958 terrigenae
897 1919 997 1948 con-

166 1962 408 2005 dimentum
453 1963 626 2016 saporis
672 1963 774 2005 vitae
820 1965 998 2005 aeternae

165 2021 474 2072 perceperunt,
500 2025 548 2062 ut
570 2021 884 2070 restringerent
907 2032 997 2061 car-

166 2076 232 2116 nis
255 2075 499 2126 lasciviam,
525 2080 569 2117 et
593 2088 619 2117 a
643 2075 876 2128 putredine
899 2088 997 2128 pec-

167 2134 366 2174 catorum
385 2137 429 2173 et
447 2131 655 2174 vitiorum
671 2131 894 2173 vermibus
912 2144 998 2174 ser-

166 2190 373 2229 varentur
402 2187 539 2229 illaesi.
585 2188 664 2230 Isti
695 2192 796 2229 sunt
827 2187 999 2240 lapides

166 2244 361 2297 pretiosi,
382 2257 493 2297 quos
508 2245 552 2285 in
567 2243 853 2286 fundamento
872 2243 999 2286 coele-

168 2301 246 2342 stis
290 2300 466 2342 aedificii
507 2300 680 2352 positos
721 2300 745 2340 J
748 2302 914 2341 oannes
955 2300 999 2340 in

168 2356 442 2409 Apocalypsi
492 2369 572 2398 sua
620 2355 843 2398 describit:
899 2357 1000 2408 quia

167 2411 426 2464 praedicatio
447 2415 599 2454 eorum
618 2412 828 2454 Ecclesiae
848 2412 997 2454 funda—

168 2470 316 2511 menta
333 2469 508 2511 locavit.
537 2469 665 2511 Unde
685 2473 730 2510 et
744 2468 906 2510 Paulus
926 2469 999 2510 ait:

168 2525 264 2566 Vos
290 2526 397 2567 estis
423 2526 543 2567 cives
567 2526 828 2567 Sanctorum
854 2530 898 2566 et
923 2524 998 2566 do-

168 2581 339 2623 mestici
366 2582 465 2632 Dei,
498 2580 840 2634 superaedificati
867 2593 1000 2633 super

169 2636 499 2679 fundamentum
510 2636 830 2690 Apostolorum
846 2641 889 2677 et
903 2636 1002 2678 Pro·

169 2692 413 2744 phetarum.

1791 181 1882 224 [227]

1102 282 1151 332 Ix‘g.
1170 276 1275 317 Vidi
1295 277 1552 328 conjunctos
1572 277 1700 326 viros,
1721 276 1879 317 haben-

1049 337 1116 373 tes
1142 332 1396 384 splendidas
1424 337 1587 381 vestes,
1617 338 1660 375 et
1685 332 1881 383 Angelus

1049 389 1227 430 Domini
1245 388 1420 430 locutus
1442 393 1508 430 est
1528 388 1584 430 ad
1603 401 1688 437 me,
1716 388 1881 430 dicens:

1050 452 1070 473 ²*
1100 445 1180 487 Isti
1213 450 1314 486 sunt
1346 444 1427 486 viri
1455 445 1595 487 sancti
1623 445 1727 486 facti
1754 445 1881 486 amici

1048 502 1143 543 Dei.
1173 502 1219 550 Y
1242 501 1347 542 Vidi
1366 502 1583 553 Angelum
1602 502 1686 542 Dei
1710 501 1881 550 fortem,

1049 557 1273 599 volantem
1293 570 1372 610 per
1392 558 1585 599 medium
1605 557 1782 607 coelum,
1807 570 1881 598 vo-

1050 627 1100 655 ce
1123 627 1282 665 magna
1303 614 1566 656 clamantem
1588 619 1631 655 et
1651 613 1881 655 dicentem.

1049 671 1128 711 Isti
1151 676 1251 712 sunt
1270 671 1361 711 viri.

1240 732 1458 782 Tempore
1486 730 1691 770 l'aseliali.

1102 789 1152 839 Κ.
1179 783 1275 824 Lux
1298 785 1512 835 perpetua
1536 782 1699 823 lucebit
1719 783 1879 824 sanctis

1049 840 1135 881 tuis
1162 839 1370 887 Domine,
1394 846 1413 868 *
1443 839 1498 880 Et
1528 838 1748 880 aeternitas
1776 840 1881 879 tem-

1049 908 1218 948 porum,
1248 894 1430 949 alleluja,
1460 894 1642 943 alleluia.
1681 894 1728 943 V.
1753 895 1881 936 Laeti-

1048 953 1110 994 tia
1148 951 1413 1004 sempiterna
1452 951 1533 993 erit
1569 964 1701 1003 super
1737 952 1882 1003 capita

1049 1011 1216 1050 eorum:
1243 1007 1452 1059 gaudium
1477 1014 1520 1049 et
1546 1008 1882 1049 exsultationem

1050 1064 1319 1107 obtinebunt.
1348 1065 1404 1106 Et
1424 1064 1656 1106 aeternitas.

1363 1126 1512 1165 Lectio
1536 1138 1570 1163 ν.

1051 1178 1200 1282 Hoc
1219 1190 1325 1228 ergo
1353 1176 1700 1226 considerantes,
1726 1176 1882 1217 fratres

1162 1234 1386 1283 carissimi,
1408 1246 1507 1285 quae
1526 1233 1636 1274 tanti
1652 1233 1786 1274 duces
1805 1235 1882 1285 po-

1049 1291 1142 1343 puli
1161 1303 1243 1332 nos
1263 1290 1525 1338 docuerunt,
1549 1289 1804 1330 studeamus
1824 1289 1882 1329 fa-

1050 1348 1132 1388 ctis
1171 1347 1373 1399 implere,
1420 1359 1518 1398 quae
1555 1345 1617 1386 illi
1653 1347 1883 1397 jusserunt.
1954 1360 1957 1363 ·

1049 1403 1284 1444 Discamus
1316 1405 1470 1444 eorum
1499 1401 1703 1454 exemplo
1731 1401 1883 1442 mundi

1049 1459 1225 1501 divitias
1243 1460 1536 1507 contemnere,
1555 1458 1785 1510 praesentis
1805 1460 1883 1498 sae-

1050 1515 1137 1556 culi
1146 1515 1423 1567 voluptatem
1433 1527 1521 1555 non
1529 1517 1689 1563 amare,
1700 1526 1883 1565 regnum

1050 1571 1230 1613 coeleste
1263 1570 1537 1620 desiderare,
1570 1570 1745 1611 Christo
1778 1569 1884 1610 nihil

1049 1630 1328 1680 praeponere,
1362 1626 1442 1668 sed
1473 1628 1564 1679 ejus
1593 1626 1813 1667 mandatis
1839 1626 1883 1666 in

1051 1684 1254 1725 omnibus
1314 1682 1515 1732 obedire,
1574 1684 1883 1735 paupertatem

1049 1740 1333 1792 praesentium
1356 1752 1502 1781 rerum
1527 1739 1724 1790 diligere,
1751 1739 1882 1779 virta—

1050 1803 1144 1837 tum
1163 1796 1339 1837 divitias
1354 1795 1528 1844 habere,
1549 1795 1777 1848 sapientiae
1792 1794 1882 1836 the-

1051 1856 1229 1894 saurum
1264 1854 1491 1904 appetere,
1527 1851 1747 1904 spiritales
1782 1850 1884 1892 deli-

1051 1909 1142 1950 cias
1171 1911 1389 1961 quaerere,
1421 1908 1528 1949 nulli
1556 1907 1772 1957 invidere,
1806 1906 1885 1948 sed

1051 1978 1204 2006 omnes
1224 1965 1424 2007 homines
1443 1964 1636 2015 diligere,
1657 1966 1822 2005 amicos
1842 1963 1885 2002 in

1051 2022 1165 2062 Deo.
1186 2026 1229 2063 et
1266 2022 1465 2063 inimicos
1502 2025 1687 2073 propter
1723 2020 1884 2068 Deum;

1053 2077 1155 2129 quia
1178 2077 1275 2119 haec
1301 2082 1368 2119 est
1386 2089 1491 2119 vera
1515 2081 1558 2118 et
1582 2075 1677 2118 sola
1696 2074 1884 2116 dilectio.

1104 2138 1154 2187 Rp,
1173 2134 1301 2175 Beati
1321 2134 1441 2183 estis,
1461 2146 1560 2175 cum
1578 2130 1885 2173 maledixerint

1051 2190 1180 2232 vobis
1213 2189 1429 2239 homineS‚
1472 2195 1516 2231 et
1549 2187 1771 2241 persecuti
1804 2199 1884 2228 vos

1052 2246 1228 2296 fuerint,
1266 2251 1310 2288 et
1339 2245 1530 2287 dixerint
1562 2256 1691 2286 omne
1722 2243 1885 2284 malum

1053 2302 1288 2343 adversum
1303 2314 1395 2351 VOS,
1409 2301 1681 2349 mentientes,
1700 2304 1886 2352 propter

1051 2370 1137 2399 me:
1164 2361 1187 2384 *
1212 2357 1414 2399 Gaudete
1440 2362 1483 2399 et
1509 2356 1746 2405 exsultate,
1779 2357 1884 2408 quo-

1052 2414 1169 2455 niam
1192 2426 1362 2455 merces
1382 2418 1528 2454 vestra
1552 2412 1735 2464 copiosa
1754 2416 1822 2453 est
1839 2412 1883 2451 in

1054 2470 1188 2511 coelis.
1228 2465 1278 2516 Y.
1308 2469 1417 2510 Cum
1441 2481 1522 2510 vos
1549 2467 1724 2510 oderint
1746 2467 1882 2509 homi-

1052 2539 1145 2576 nes,
1177 2531 1222 2567 et
1254 2538 1352 2566 cum
1380 2525 1682 2577 separaverint
1709 2536 1806 2573 vos,
1841 2529 1884 2565 et

1054 2581 1427 2634 exprobraverint,
1445 2586 1488 2622 et
1503 2580 1710 2632 ejecerint
1723 2592 1884 2621 nomen

1054 2643 1249 2679 vestrum
1272 2642 1497 2688 tamquam
1519 2636 1683 2677 malum
1700 2642 1885 2689 propter

1005 2722 1007 2725 .
1053 2693 1212 2734 Filium
1231 2693 1431 2734 hominis.
1460 2690 1672 2735 Gaudete.
