2028 2892
763 155 963 191 Dominica
989 157 1038 191 ad
1062 157 1298 192 Matutinum.
1836 160 1877 195 13

182 246 401 288 viventem
441 261 540 289 cum
580 249 783 299 mortuis,
823 249 1005 302 alleluja,

181 302 363 354 alleluja.

234 355 283 408 V.
309 359 505 401 Surrexit
526 360 740 402 Dominus
764 373 878 411 vere,
903 361 1003 403 alle-

179 414 276 467 lt'lja.
314 418 364 469 R'·
392 417 448 457 Et
475 417 680 469 apparuit
699 418 872 467 Simoni,
893 418 1004 460 allel.

238 477 364 518 Pater
382 482 542 519 noster.
558 483 738 519 secreto.

233 531 283 582 V.
298 534 355 575 Et
373 547 427 575 ne
446 547 527 575 nos
546 534 727 576 inducas
746 535 789 576 in
803 536 1002 577 tentatio-

178 602 288 631 nem.
318 593 367 644 R.
385 590 472 632 Sed
491 590 628 632 h'bera
647 604 727 632 nos
747 604 772 632 a
790 592 916 634 malo.

472 662 715 704 Absolutio.

223 721 346 772 psius
369 722 510 773 pietas
534 726 579 763 et
600 721 898 764 misericordia
921 735 1002 764 nos

255 775 446 828 adjuvet,
475 777 549 830 qui
572 790 670 819 cum
693 779 823 821 Patre
849 783 892 820 et
910 779 1011 832 Spi-·

176 832 262 874 ritu
289 838 441 875 sancto
470 834 576 876 vivit
604 840 648 876 et
674 841 827 886 regnat
853 836 896 876 in
924 838 1001 876 sae-

177 889 274 931 cula
293 889 565 932 saeculorum.
597 893 645 943 Rg.
663 892 815 934 Amen.

230 943 280 994 V·
304 951 329 991 J
331 950 416 993 ube
436 950 595 994 domne
615 952 885 996 benedicere.

231 1010 391 1053 Bened.
425 1013 545 1054 Deus
567 1014 698 1055 Pater
725 1017 1000 1067 omnipotens

175 1067 231 1109 sit
248 1066 376 1110 nobis
395 1070 612 1122 propitius
636 1075 679 1112 et
698 1070 898 1113 clemens.

230 1126 282 1178 R.
304 1124 459 1167 Amen.

402 1194 487 1234 Pro
508 1208 545 1234 v.
565 1194 783 1235 Lectione.

230 1252 391 1295 Bened.
434 1253 631 1295 Christus
662 1257 888 1307 perpetuae
924 1254 999 1296 det

172 1307 300 1350 nobis
317 1309 477 1360 gaudia
496 1310 608 1351 vitae.
642 1312 691 1364 R'·
710 1312 862 1353 Amen.

390 1377 477 1417 Pro
498 1376 549 1417 vi.
570 1376 787 1418 Lectione.

228 1432 389 1474 Bened.
410 1434 560 1484 Ignem
582 1435 647 1476 sui
667 1436 827 1476 amoris
846 1437 995 1477 accen-

173 1488 388 1596 daRDgus
405 1490 449 1530 in
468 1490 674 1533 cordibus
693 1492 864 1534 nostris.

269 1574 278 1584 .
344 1559 455 1588 men.

385 1631 434 1671 In
460 1630 532 1671 111.
559 1632 594 1671 N
596 1631 782 1672 octurno.

226 1695 310 1790 Dler
334 1695 520 1738 Annum.
556 1697 655 1738 Ant.
689 1695 787 1737 Non
813 1701 913 1738 sunt
936 1696 996 1738 lo-

172 1761 376 1867 qu'ssgnp.
410 1815 620 1857 Paschali.
661 1816 759 1855 Ant.
802 1813 995 1866 Alleluia.

448 1881 646 1922 Psalmus
666 1882 722 1922 18.

177 1936 361 1984 oeli
393 1939 596 1981 enarrant
626 1939 810 1990 gloriam
837 1940 938 1990 Dei,
970 1941 994 1966 *

300 1998 343 2034 et
358 1995 493 2046 opera
507 1997 713 2037 manuum
728 1996 817 2047 ejus
833 2000 992 2038 annun-

219 2046 252 2077 ³1¹⁷
263 2048 269 2054 ”
298 2049 378 2091 tiat
397 2050 726 2093 firmamentum.

219 2105 325 2147 Dies
358 2105 442 2148 diei
475 2111 644 2150 eructat
675 2108 873 2158 verbum,
898 2109 921 2134 *
950 2115 993 2151 et

167 2173 256 2202 nox
274 2163 392 2204 nocti
411 2163 574 2206 indicat
591 2165 825 2206 scientiam.

218 2217 320 2259 Non
339 2225 439 2261 sunt
457 2219 655 2273 loquelae,
675 2234 815 2274 neque
831 2223 991 2263 sermo-

167 2286 260 2324 nes,
285 2275 309 2300 ¹⁸¹
334 2288 519 2328 quorum
547 2290 634 2319 non
661 2277 892 2319 audiantur
919 2291 990 2319 vo-

168 2342 241 2371 ces
261 2332 423 2373 eorum.

218 2387 269 2427 In
301 2400 474 2430 omnem
507 2393 667 2430 terram
696 2390 829 2431 exivit
857 2402 989 2431 sonus

167 2443 333 2484 eorum:
364 2445 388 2470 *
421 2450 464 2486 et
494 2445 537 2486 in
570 2446 678 2488 fines
711 2446 828 2488 orbis
859 2451 988 2488 terrae

167 2498 301 2541 verba
321 2502 482 2542 eorum.

217 2556 268 2596 In
292 2556 384 2598 sole
408 2557 555 2609 posuit
577 2557 902 2599 tabernaculum
922 2571 988 2599 su-

167 2624 258 2652 um:
289 2613 312 2639 *
344 2618 388 2654 et
418 2613 512 2666 ipse
549 2618 771 2666 tamquam
802 2621 999 2666 sponsus

165 2668 410 2720 procedens
430 2669 484 2711 de
502 2669 694 2712 thalamo
714 2682 809 2712 suo:

320 2806 383 2835 Pars
399 2811 492 2836 Verna-

1108 251 1354 293 Exsultavit
1385 258 1432 293 ut
1462 254 1583 304 gigas
1617 254 1673 296 ad
1705 258 1874 297 curren-

1058 306 1159 348 dam
1178 307 1306 357 viam,
1325 309 1349 334 *
1367 321 1393 349 a
1411 322 1579 352 summo
1601 311 1714 353 coelo
1735 314 1874 362 egres-

1059 363 1122 404 sio
1143 364 1249 415 ejus:

1108 420 1165 461 Et
1189 424 1396 462 occursus
1421 422 1510 474 ejus
1533 435 1669 475 usque
1689 423 1744 465 ad
1764 437 1875 465 sum-

1056 489 1173 517 mum
1190 478 1293 529 ejus:
1311 478 1334 503 *
1354 491 1434 519 nec
1453 484 1520 520 est
1540 480 1612 531 qui
1630 492 1677 521 se
1695 480 1874 522 abscon-

1056 532 1132 574 dat
1151 546 1176 574 a
1195 533 1339 576 calore
1359 535 1459 586 ejus.

1107 589 1199 631 Lex
1214 591 1389 631 Domini
1406 591 1681 634 immaculata
1699 596 1873 635 conver-

1055 650 1151 687 tens
1171 647 1349 688 animas:
1360 648 1382 673 *
1393 648 1686 690 testimenium
1700 650 1874 691 Domini

1055 702 1203 752 fidele,
1239 704 1495 756 sapientiam
1530 710 1743 757 praestans
1778 709 1873 759 par-

1055 758 1176 799 vulis.

1105 815 1130 855 J
1132 816 1290 857 ustitiae
1306 817 1481 858 Domini
1495 822 1637 867 rectae,
1656 818 1872 860 laetifican-

1054 876 1121 913 tes
1157 872 1308 914 corda:
1339 874 1363 898 *
1395 876 1663 927 praeceptum
1700 876 1873 916 Domini

1054 927 1260 979 lacidum3
1278 929 1521 971 illuminans
1542 931 1702 972 oculos.

1105 985 1257 1027 Timor
1283 986 1459 1027 Domini
1485 992 1674 1037 sanctus,
1707 990 1871 1040 perma—

1053 1054 1159 1082 nens
1187 1042 1230 1082 in
1257 1043 1463 1084 saeculum
1493 1044 1653 1085 sa'eculi:
1672 1045 1695 1070 *
1717 1044 1872 1095 judicia

1052 1098 1228 1138 Domini
1254 1112 1372 1149 vera,
1400 1100 1628 1150 justificata
1651 1100 1694 1141 in
1720 1106 1871 1142 semet-

1052 1156 1159 1206 ipsa.

1103 1210 1419 1253 Desiderabilia
1438 1225 1568 1265 super
1586 1226 1737 1254 aurum
1754 1218 1797 1255 et
1813 1214 1870 1255 la-

1051 1266 1198 1319 pidem
1217 1268 1456 1320 pretiosum
1475 1269 1671 1311 multum:
1685 1270 1708 1295 *
1723 1275 1767 1312 et
1781 1270 1869 1312 dul-

1052 1323 1171 1364 ciora
1190 1337 1320 1376 super
1338 1324 1424 1366 mel
1443 1330 1486 1366 et
1505 1325 1659 1367 favum.

1103 1380 1273 1421 Etenim
1298 1391 1448 1422 servus
1471 1386 1571 1423 tuus
1595 1382 1785 1424 custodit
1808 1396 1868 1432 ea,

1050 1435 1073 1461 *
1108 1436 1152 1476 in
1189 1437 1484 1479 custodiendis
1519 1438 1602 1479 illis
1642 1439 1867 1480 retributio

1049 1492 1195 1533 multa.

1101 1548 1272 1590 Delicta
1293 1550 1387 1601 quis
1406 1549 1624 1601 intelligit?
1651 1550 1705 1592 ab
1725 1551 1866 1592 occul-

1048 1604 1103 1645 tis
1121 1605 1229 1646 meis
1251 1605 1412 1647 munda
1430 1619 1513 1648 me:
1532 1608 1555 1632 *
1574 1612 1618 1649 et
1640 1607 1694 1648 ab
1719 1607 1866 1648 alienis

1048 1674 1180 1713 parce
1200 1674 1327 1703 servo
1345 1667 1433 1704 tuo.

1098 1718 1143 1759 Si
1157 1718 1242 1759 mei
1256 1731 1343 1760 non
1358 1719 1516 1761 fuerint
1531 1718 1749 1769 dominati,
1764 1725 1865 1761 tunc

1046 1774 1348 1816 immaculatus
1372 1788 1464 1817 ero:
1483 1776 1506 1801 *
1530 1780 1573 1817 et
1598 1775 1865 1818 emundabor

1046 1842 1073 1871 a
1092 1829 1251 1872 delicto
1270 1831 1471 1873 maximo.

1097 1886 1154 1927 Et
1172 1892 1298 1928 erunt
1316 1892 1364 1929 ut
1378 1888 1678 1940 complaceant
1693 1888 1863 1940 eloquia

1046 1943 1133 1983 oris
1152 1943 1251 1984 mei:
1269 1943 1293 1969 *
1313 1948 1356 1985 et
1374 1943 1598 1986 meditatio
1618 1944 1760 1986 cordis
1778 1944 1862 1986 mei

1045 1998 1087 2039 in
1107 2001 1346 2051 conspectu
1364 2004 1440 2041 tuo
1460 2013 1641 2053 semper.

1095 2055 1282 2097 Domine
1306 2055 1476 2108 adjutor
1498 2070 1635 2106 meus,
1654 2057 1677 2082 *
1700 2061 1743 2098 et
1767 2055 1859 2098 red-

1045 2112 1217 2163 emptor
1235 2125 1367 2153 meus.

1100 2169 1182 2209 Per
1202 2170 1384 2209 Annum.
1421 2170 1517 2210 Ant.
1559 2168 1653 2209 Non
1677 2172 1777 2208 sunt
1799 2167 1859 2209 lo-

1045 2223 1199 2275 quelae‚
1230 2236 1371 2276 neque
1403 2226 1639 2272 sermones,
1675 2236 1859 2275 quorum

1042 2291 1130 2320 non
1149 2279 1378 2321 audiantur
1397 2293 1526 2322 voces
1546 2282 1706 2321 eorum.

1099 2337 1197 2377 Ant.
1220 2335 1446 2378 Exaudiat.

1319 2391 1513 2432 Psalmus
1532 2391 1590 2431 19.

1127 2447 1305 2489 xaudiat
1323 2453 1366 2489 te
1388 2447 1600 2489 Dominus
1624 2447 1667 2488 in
1693 2446 1762 2489 die
1786 2448 1856 2489 tri-

1134 2503 1378 2546 bulationis:
1393 2503 1415 2529 *
1431 2505 1634 2555 protegat
1646 2508 1689 2545 te
1699 2516 1854 2545 nomen

1041 2559 1126 2601 Dei
1142 2559 1289 2601 Jacob.

1090 2616 1234 2656 Mittat
1251 2614 1328 2655 tibi
1346 2614 1551 2655 auxilium
1574 2614 1628 2656 de
1646 2620 1811 2657 sancto:
1829 2615 1852 2640 *

1038 2675 1084 2713 et
1102 2671 1156 2712 de
1174 2671 1276 2712 Sion
1295 2671 1467 2712 tueatur
1484 2675 1539 2712 te.

1602 2799 1649 2833 28
