2066 2956
740 241 977 284 praeparatio
1006 242 1054 275 ad
1078 242 1244 275 Missam.

192 336 307 371 Fiant
335 346 448 371 aures
479 339 557 370 tuae
588 335 844 380 intendentes,
875 336 897 360 *
926 336 967 370 in

140 397 278 422 vocem
301 386 586 430 deprecationis
610 396 717 420 meae.

193 435 234 471 Si
257 435 481 480 iniquitates
499 435 770 470 observaveris
786 435 965 470 Domine:

140 485 161 510 *
186 485 348 521 Domine
372 485 460 529 quis
485 485 709 520 sustinebit?

193 535 292 577 Quia
320 535 425 579 apud
452 539 489 570 te
518 535 745 579 propitiatio
776 538 848 569 est:
879 535 900 559 ²¹³
930 540 967 569 et

140 590 300 629 propter
322 585 447 629 legem
471 590 576 620 tuam
597 586 762 620 sustinui
785 589 821 619 te
845 585 939 619 Dfie.

193 635 382 671 Sustinuit
403 636 531 671 anima
553 646 639 670 mea
662 636 702 670 in
725 636 846 670 verbo
869 636 965 679 ejus:

139 686 161 711 *
185 686 358 730 speravit
381 686 509 721 anima
533 696 619 721 mea
643 686 683 720 in
704 686 881 721 Domino.

191 737 229 771 A
257 736 435 772 custodia
461 737 647 771 matutina
674 747 798 780 usque
824 736 873 771 ad
900 746 967 771 no-

141 790 253 821 ctem:
277 787 298 811 *
323 790 452 831 speret
474 787 596 821 Israel
619 787 659 821 in
682 786 860 821 Domino.

193 836 291 878 Quia
322 837 427 881 apud
449 834 656 872 Dominum
684 836 966 871 misericordia:

140 886 161 911 ²³
185 890 223 921 et
249 887 410 931 copiosa
434 887 539 931 apud
563 897 649 921 eum
672 886 897 930 redemptio.

192 938 240 972 Et
263 938 348 982 ipse
376 938 538 972 redimet
560 937 696 979 Israel,
723 937 744 960 ²²²
772 947 820 971 ex
848 937 966 971 omni-

141 988 216 1023 bus
239 987 509 1032 iniquitatibus
534 988 626 1031 ejus.

194 1039 328 1075 Gloria
350 1039 467 1074 Patri.

194 1101 344 1137 Deinde
368 1102 554 1146 repetitur
570 1102 805 1145 Antiphona.
830 1100 888 1136 Ne
911 1112 968 1136 re-

140 1153 359 1188 miniscaris
382 1153 547 1188 Domine
573 1152 712 1187 delicta
735 1156 882 1194 nostra,
905 1152 969 1187 vel

140 1204 343 1248 parentum
358 1204 592 1239 nostrorum:
617 1213 742 1247 neque
758 1202 970 1238 vindictam

143 1264 273 1288 sumas
298 1253 346 1288 de
369 1253 540 1298 peccatis
564 1252 719 1287 nostris.

193 1306 316 1353 Kyrie
342 1308 498 1343 eleison.
525 1306 680 1342 Christe
706 1306 862 1341 eleison.
890 1305 969 1352 Ky-

142 1358 198 1393 rie
224 1358 380 1393 eleison.
418 1356 533 1393 Pater
552 1361 694 1392 noster.

194 1402 240 1449 V.
258 1407 307 1443 Et
321 1418 369 1443 ne
385 1418 458 1452 nos
475 1407 637 1442 inducas
655 1407 694 1441 in
710 1406 968 1441 tentationem.

141 1457 185 1502 R.
213 1457 291 1493 Sed
313 1458 434 1493 libera
455 1468 528 1493 nos
553 1469 575 1492 a
598 1458 710 1492 malo.

193 1503 239 1550 V.
265 1508 348 1553 Ego
373 1508 470 1552 dixi,
493 1508 657 1543 Domine
681 1507 860 1542 miserere
884 1507 969 1542 mei.

141 1558 186 1603 R.
213 1558 315 1594 Sana
340 1558 507 1594 animam
529 1569 670 1601 meam,
695 1558 786 1602 quia
810 1557 970 1602 peccavi

143 1608 225 1644 tibi.

193 1654 239 1700 Y.
256 1659 490 1695 Convertere
502 1659 666 1694 Domine
680 1658 969 1703 aliquantulum.

141 1708 186 1753 R.
214 1710 264 1746 Et
287 1710 494 1755 deprecare
519 1720 635 1754 super
658 1719 794 1744 servos
817 1714 916 1744 tuos

193 1754 239 1800 V.
285 1760 373 1796 Fiat
405 1760 673 1796 misericordia
707 1763 773 1794 tua
806 1759 970 1794 Domine

146 1820 263 1855 super
284 1821 367 1846 nos.
411 1808 455 1852 R.
487 1810 820 1852 Quemadmodum
843 1811 971 1854 spera-

144 1861 272 1896 vimus
296 1861 337 1895 in
359 1864 406 1896 te.

194 1905 239 1952 V.
276 1909 505 1945 Sacerdotes
539 1910 596 1945 tui
628 1909 834 1944 induantur
866 1908 971 1951 justi-

143 1960 247 1995 tiam.
288 1959 333 2004 R.
361 1960 410 1995 Et
433 1960 559 1996 sancti
581 1961 637 1995 tui
662 1960 863 1995 exsultent.

193 2004 240 2049 V.
267 2010 330 2045 Ab
349 2010 511 2045 occultis
527 2010 624 2045 meis
640 2009 784 2044 munda
799 2019 859 2043 me
875 2008 970 2043 Dfie.

142 2060 186 2104 R.
213 2059 262 2094 Et
285 2060 334 2096 ab
360 2060 497 2095 alienis
521 2071 636 2105 parce
659 2070 772 2095 servo
797 2063 872 2094 tuo.

193 2106 239 2152 V.
264 2109 428 2146 Domine
449 2110 592 2146 exaudi
609 2110 821 2146 orationem
836 2119 970 2145 meam.

142 2159 185 2203 R.
213 2160 262 2195 Et
285 2160 431 2196 clamor
451 2171 560 2196 meus
585 2161 635 2196 ad
658 2165 695 2196 te
718 2159 857 2196 veniat.

193 2203 239 2250 V.
264 2210 454 2246 Dominus
479 2211 691 2246 vobiscum.

192 2258 237 2301 Rz.
262 2260 311 2296 Et
335 2271 422 2296 cum
445 2261 582 2306 spiritu
603 2265 680 2296 tuo.

472 2317 645 2352 Oremus.

142 2370 284 2448 Aures
312 2375 389 2406 tuae
418 2372 590 2416 pietatis,
625 2370 825 2405 mitissime
855 2368 971 2410 Deus,

226 2421 368 2456 inclina
391 2422 571 2466 precibus
595 2421 757 2463 nostris,
788 2424 824 2454 et
849 2418 972 2462 gratia

148 2471 271 2506 sancti
295 2471 461 2516 Spiritus
490 2471 664 2506 illumina
695 2479 762 2505 cor
783 2473 971 2510 nostrum;

146 2524 188 2555 ut
211 2521 288 2556 tuis
313 2521 508 2566 mysteriis
531 2521 645 2565 digne
670 2519 896 2561 ministrare,
920 2522 972 2552 te-

149 2581 223 2614 que
241 2572 384 2606 aeterna
399 2572 557 2606 caritate
575 2571 734 2614 diligere
750 2570 971 2603 mereamur.

143 2629 286 2704 Deus,
317 2628 378 2663 cui
409 2638 520 2664 omne
545 2637 611 2662 cor
633 2630 755 2671 patet,
787 2629 824 2660 et
847 2625 972 2660 omnis

228 2677 410 2713 voluntas
433 2678 613 2722 loquitur,
636 2681 673 2711 et
694 2686 807 2720 quem
826 2675 974 2709 nullum

147 2728 241 2763 latet
258 2729 456 2772 secretum,
480 2727 639 2772 purifica
656 2736 726 2770 per
741 2724 973 2759 infusionem

150 2778 274 2812 sancti
290 2777 455 2821 Spiritus
479 2775 733 2820 cogitationes
758 2774 886 2809 cordis
907 2783 974 2808 no-

1019 336 1103 378 stri;
1135 340 1176 371 ut
1201 340 1237 372 te
1267 338 1434 381 perfecte
1459 339 1635 383 diligere,
1668 343 1705 374 et
1729 339 1845 383 digne

1017 386 1176 421 laudare
1200 390 1421 424 mereamur.

1021 446 1116 521 Ure
1151 442 1238 486 igne
1275 444 1397 478 sancti
1431 444 1595 488 Spiritus
1632 455 1743 480 renes
1777 455 1844 480 no-

1099 496 1200 527 stros
1229 497 1265 527 et
1294 503 1360 528 cor
1390 498 1564 529 nostrum
1593 495 1772 538 Domine,
1802 499 1845 530 ut

1018 542 1090 576 tibi
1115 547 1222 577 casto
1247 544 1407 587 corpore
1431 545 1659 588 serviamus,
1684 550 1721 580 et
1738 556 1844 580 mun-

1021 592 1070 627 do
1095 592 1218 627 corde
1235 593 1467 636 placeamus.

1021 652 1196 727 Mentes
1225 654 1393 694 nostras,
1425 652 1646 695 quaesumus
1669 651 1844 695 Domine,

1110 699 1324 734 Paraclitus
1350 701 1416 744 qui
1440 711 1462 735 a
1487 705 1524 736 te
1548 701 1736 745 procedit,
1761 702 1844 736 illu-

1020 749 1147 793 minet,
1172 754 1208 784 et
1225 750 1382 785 inducat
1399 750 1438 785 in
1456 761 1616 794 omnem,
1641 751 1740 786 sicut
1755 755 1843 786 tuus

1020 800 1196 843 promisit
1220 800 1350 843 Filius,
1374 801 1584 836 veritatem.

1024 856 1152 933 Adsit
1173 857 1302 900 nobis,
1327 858 1548 901 quae'sumus
1570 857 1749 900 Domine,
1770 857 1845 892 vir-

1101 910 1162 941 tus
1187 906 1351 951 Spiritus
1376 908 1513 951 sancti;
1545 919 1632 953 quae
1660 912 1697 943 et
1728 908 1845 942 corda

1022 962 1154 993 nostra
1173 957 1376 992 clementer
1392 960 1589 1002 expurget,
1610 963 1646 993 et
1662 959 1710 993 ab
1728 958 1846 993 omni-

1020 1008 1093 1043 bus
1118 1010 1270 1043 tueatur
1292 1009 1477 1043 adversis.

1026 1067 1165 1142 Deus,
1191 1065 1258 1109 qui
1282 1065 1399 1100 corda
1422 1065 1593 1099 fidelium
1616 1064 1740 1099 sancti
1764 1063 1845 1108 Spi-

1104 1115 1201 1150 ritus
1225 1115 1481 1150 illustratione
1502 1115 1682 1158 docuisti;
1708 1114 1756 1149 da
1780 1124 1846 1148 no-

1021 1164 1082 1199 bis
1107 1165 1146 1199 in
1171 1166 1305 1200 eodem
1329 1165 1473 1210 Spiritu
1500 1170 1604 1200 recta
1628 1167 1780 1209 sapere,
1810 1168 1847 1199 et

1023 1214 1070 1248 de
1099 1215 1180 1257 ejus
1206 1225 1357 1259 semper
1380 1215 1644 1250 consolatione
1668 1214 1845 1258 gaudere.

1027 1269 1305 1345 Conscientias
1329 1276 1497 1315 nostras,
1527 1272 1747 1316 quaesumus
1771 1271 1846 1305 Do-

1096 1322 1208 1366 mine,
1225 1323 1421 1358 visitando
1439 1323 1613 1367 purifica;
1630 1327 1672 1357 ut
1687 1322 1846 1357 veniens

1022 1372 1210 1407 Dominus
1234 1378 1365 1408 noster
1388 1373 1503 1408 Jesus
1529 1372 1705 1407 Christus
1726 1372 1846 1406 Filius

1022 1426 1110 1457 tuus
1143 1424 1318 1466 paratam
1350 1423 1426 1458 sibi
1457 1423 1498 1457 in
1530 1422 1644 1457 nobis
1676 1421 1847 1455 inveniat

1022 1473 1275 1508 mansionem:
1300 1473 1374 1514 Qui
1397 1477 1522 1507 tecum
1543 1472 1641 1507 vivit
1661 1475 1697 1506 et
1713 1475 1847 1515 regnat

1023 1523 1063 1557 in
1091 1523 1236 1558 unitate
1268 1523 1432 1567 Spiritus
1468 1522 1591 1557 sancti
1620 1521 1743 1564 Deus,
1778 1530 1848 1564 per

1023 1573 1151 1607 omnia
1174 1574 1317 1608 saecula
1344 1572 1582 1608 saeculorum.
1620 1571 1754 1605 Amen.

1072 1630 1220 1656 Sacerdos,
1244 1630 1290 1662 qui
1316 1634 1377 1662 post
1401 1629 1593 1654 antecedentes
1618 1628 1754 1653 Psalmo&
1783 1626 1847 1658 Ant,

1024 1672 1126 1697 Versic.
1151 1676 1176 1696 et
1199 1671 1344 1696 strutiones
1367 1670 1462 1695 recitat
1486 1670 1528 1695 dic
1550 1669 1690 1699 designata
1713 1675 1793 1693 unam
1814 1676 1846 1692 cx

1024 1712 1203 1745 sequentihus
1225 1716 1328 1744 septem
1351 1711 1529 1736 orationibus
1550 1710 1575 1734 S.
1596 1709 1735 1735 Ambrosii
1758 1708 1846 1741 lcpisc.

1024 1754 1147 1778 lucratur
1164 1752 1362 1784 Indulgentiam
1379 1752 1458 1777 unius
1473 1751 1544 1777 1112111',
1564 1751 1631 1776 1Lco
1647 1750 1723 1775 Xlll.
1739 1750 1779 1775 ⁴2¹).
1797 1750 1847 1775 De-

1024 1795 1142 1820 cembris
1159 1795 1242 1822 iss-1.)

1265 1877 1607 1918 ORATIONES

1041 1949 1099 1976 pro
1119 1940 1358 1976 opportunitate
1377 1938 1563 1967 Sacerdotis
1586 1940 1661 1965 ante
1680 1936 1830 1964 Celebra-

1114 1981 1236 2009 tionem
1255 1984 1287 2009 et
1306 1979 1577 2009 Communionem
1596 1977 1751 2006 dicendae.

1101 2046 1244 2085 Oratio
1268 2045 1310 2084 S.
1334 2044 1544 2085 Ambrosii
1566 2043 1767 2095 Episcopi.

1239 2101 1330 2137 Die
1358 2100 1631 2136 Dominica.

1072 2187 1197 2211 umme
1233 2175 1438 2218 Sacerdos,
1475 2178 1512 2209 et
1545 2184 1635 2209 vere
1668 2173 1847 2208 Pontifex

1100 2226 1195 2261 Jesu
1219 2226 1386 2268 Christe,
1413 2224 1479 2269 qui
1501 2229 1536 2259 te
1567 2223 1739 2259 obtulisti
1762 2222 1845 2257 Deo

1023 2276 1129 2311 Patri
1153 2275 1321 2310 hostiam
1342 2284 1478 2319 puram
1504 2277 1540 2308 et
1564 2272 1847 2307 immaculatam

1024 2326 1064 2360 in
1099 2336 1165 2360 ara
1198 2325 1333 2361 Crucis
1367 2334 1439 2368 pro
1478 2323 1592 2358 nobis
1624 2322 1775 2357 miseris
1810 2325 1847 2356 et

1023 2376 1307 2419 peccatoribus,
1331 2378 1368 2409 et
1385 2373 1451 2418 qui
1469 2372 1610 2407 dedisti
1625 2372 1739 2407 nobis
1757 2372 1846 2407 Car-

1023 2435 1111 2460 nem
1133 2429 1238 2460 tuam
1266 2424 1315 2458 ad
1338 2422 1665 2464 manducandum,
1695 2426 1732 2456 et
1755 2421 1847 2457 San-

1024 2475 1178 2517 guinem
1205 2477 1312 2507 tuum
1336 2472 1386 2506 ad
1412 2471 1638 2515 bibendum,
1672 2475 1709 2506 et
1731 2481 1847 2515 posu-

1024 2524 1088 2559 isti
1115 2523 1338 2568 mysterium
1367 2522 1471 2557 istud
1498 2522 1538 2556 in
1565 2522 1706 2556 virtute
1731 2521 1847 2566 Spiri-

1024 2578 1086 2609 tus
1118 2572 1240 2608 sancti
1268 2572 1339 2614 tui,
1373 2571 1520 2606 dicens:
1551 2571 1647 2605 Haec
1680 2570 1848 2615 quoties-

1025 2626 1186 2667 cumque
1221 2621 1403 2663 feceritis,
1442 2621 1482 2655 in
1515 2621 1591 2655 mei
1624 2620 1847 2655 memoriam

1025 2673 1190 2708 facietis:
1214 2681 1309 2715 rogo
1334 2681 1403 2715 per
1424 2671 1599 2705 eumdem
1615 2670 1848 2714 Sanguinem

1024 2728 1141 2763 tuum,
1161 2731 1341 2766 magnum
1358 2720 1494 2755 salutis
1511 2724 1655 2755 nostrae
1671 2719 1846 2764 pretium,

1025 2782 1121 2816 rogo
1151 2782 1221 2815 per
1249 2771 1349 2805 hanc
1379 2770 1516 2804 miram
1547 2773 1584 2804 et
1614 2768 1847 2803 ineffabilem
