2028 2892
709 176 861 220 Septem
887 162 1072 212 Dolorum
1097 177 1136 211 B.
1162 177 1209 211 M.
1233 176 1275 210 v

1778 171 1843 207 427

142 274 330 316 clinavit:
358 278 401 316 et
427 271 576 326 posuit
600 270 814 312 Dominus
841 270 884 311 in
910 283 964 312 eo
1016 274 1202 312 matrem
1216 270 1442 320 Virginem
1455 271 1610 322 virgini
1627 283 1843 313 commen-

140 330 412 382 iniquitatem
430 328 621 371 omnium
639 331 848 368 nostrum.
877 327 963 370 Ob-
1019 326 1150 368 davit.
1204 326 1315 376 Quia
1346 327 1481 377 virgo.
1537 328 1686 370 Gloria
1711 327 1844 370 Patri.

140 387 255 429 latus
283 391 350 428 est
377 385 478 438 quia
505 384 600 438 ipse
623 383 778 434 voluit,
811 388 855 425 et
876 397 965 426 non

141 443 311 497 aperuit
329 455 378 484 os
398 455 537 483 nuum:
562 441 674 483 sicut
697 440 792 482 ovis
817 440 874 482 ad
894 453 963 483 oc-

141 500 348 542 cisionem
374 498 571 547 ducetur,
604 502 647 539 et
676 497 801 550 quasi
828 510 964 548 agnus

142 569 289 598 coram
306 554 517 598 tondente
537 566 585 596 se
605 553 895 604 obmutescet,
921 559 965 596 et

140 626 228 654 non
247 612 413 665 aperiet
433 624 483 653 os
503 624 640 652 suum.
667 610 734 652 De
753 611 963 661 angustia,

141 674 184 712 et
203 668 258 711 de
276 668 435 722 judicio
460 667 657 710 sublatus
681 672 762 709 est:
787 680 962 718 genera-

139 726 303 767 tionem
336 727 426 778 ejus
460 724 557 777 quis
588 723 827 766 enarrabit?
864 724 964 776 quia

142 782 361 824 abscissus
393 786 460 823 est
489 780 543 823 de
571 786 688 822 terra
714 780 963 822 viventium:

140 843 323 892 propter
340 838 483 880 scelus
498 837 652 891 populi
665 837 751 878 mei
764 837 964 889 permissi

142 908 251 937 eum.
291 895 347 936 Et
376 893 498 936 dabit
524 894 683 947 impios
711 906 794 947 pro
823 894 964 947 sepul-

137 954 246 1001 tura,
271 956 315 993 et
334 950 513 999 divitem
531 963 613 1004 pro
633 955 774 992 morte
794 963 885 992 sua:
911 963 963 992 eo

139 1005 259 1059 quod
281 1007 556 1060 iniquitatem
578 1020 666 1049 non
689 1007 857 1058 fecerit,
892 1020 962 1050 ne-

139 1076 224 1115 que
248 1062 376 1106 dolus
395 1064 525 1106 fuerit
542 1064 586 1104 in
605 1076 682 1106 ore
702 1065 802 1116 ejus.

197 1126 247 1178 R„
265 1120 420 1162 Manus
440 1122 530 1173 ejus
547 1120 793 1170 tornatileS‚
822 1121 963 1163 clavo-

139 1188 235 1217 rum
253 1176 435 1230 cuspide
451 1176 696 1227 terebratae,
718 1177 963 1219 *Humanae

139 1232 290 1275 salutis
315 1233 458 1287 pretio
485 1234 609 1285 quasi
632 1233 876 1286 hyacinthis
899 1247 963 1276 re-

138 1288 274 1331 fertae.
315 1289 366 1341 V.
386 1290 558 1331 Cornua
576 1290 621 1331 in
638 1289 842 1346 manibus¹
859 1292 964 1343 ejus:

138 1344 199 1387 ibi
231 1346 488 1389 abscondita
520 1352 587 1389 est
618 1346 828 1389 fortitudo
859 1349 964 1400 ejus:

140 1407 240 1445 sunt
259 1403 372 1445 enim
388 1417 541 1445 manus
561 1405 663 1456 ejus.
690 1404 916 1445 Humanae.

446 1463 598 1505 Lectio
618 1463 672 1503 iii.

221 1520 240 1557 t
249 1516 462 1558 Dominus
474 1516 613 1558 voluit
626 1519 853 1559 conterere
867 1530 967 1559 eum

239 1574 284 1615 in
307 1573 573 1615 infirmitate:
601 1573 637 1614 si
661 1573 860 1626 posuerit
883 1587 966 1627 pro

140 1633 326 1686 peccato
347 1629 535 1671 animam
552 1643 692 1680 suam,
717 1628 884 1672 videbit
903 1643 966 1672 se-

140 1702 241 1731 men
271 1687 536 1738 longaevum,
569 1690 614 1729 et
643 1686 846 1729 voluntas
878 1688 965 1729 Do-

141 1745 245 1787 mini
271 1744 316 1785 in
342 1756 473 1785 manu
499 1744 590 1795 ejus
618 1743 837 1794 dirigetur.
879 1744 966 1786 Pro

143 1815 196 1844 eo
224 1799 343 1854 quod
367 1799 584 1843 laboravit
607 1800 750 1842 anima
773 1802 880 1853 ejus,
908 1801 966 1842 vi-

143 1858 264 1901 debit
277 1861 323 1899 et
336 1856 615 1899 saturabitur:
633 1857 676 1897 in
694 1857 875 1899 scientia
889 1871 968 1900 sua

142 1913 393 1967 justificabit
408 1914 505 1967 ipse
523 1914 660 1966 justus
678 1926 830 1955 servus
844 1927 967 1956 meus

142 1972 321 2022 multos,
354 1975 397 2012 et
421 1970 671 2022 iniquitates
696 1973 849 2012 eorum
871 1971 967 2024 ipse

142 2027 348 2081 portabit.
374 2026 483 2069 Ideo
505 2026 761 2080 dispertiam
780 2027 820 2069 ei
836 2027 967 2080 pluri-

142 2097 254 2126 mos:
273 2089 316 2126 et
334 2081 511 2126 fortium
530 2082 697 2126 dividet
715 2083 866 2137 spolia,
885 2097 967 2137 pro

143 2153 196 2182 eo
230 2139 351 2193 quod
380 2139 564 2182 tradidit
596 2140 641 2181 in
667 2145 855 2182 mortem
882 2141 968 2182 ani-

141 2210 257 2238 mam
283 2210 423 2247 suam,
455 2201 500 2238 et
526 2209 626 2238 cum
653 2197 877 2239 sceleratis
902 2210 965 2239 re-

142 2256 323 2306 putatus
339 2258 419 2295 est:
439 2258 482 2295 et
498 2253 595 2306 ipse
613 2255 796 2306 peccata
813 2253 968 2296 multo-

143 2322 239 2351 rum
255 2309 372 2360 tulit,
400 2315 443 2352 et
468 2322 552 2363 pro
570 2310 969 2361 transgressoribus

145 2366 326 2417 rogavit.

198 2424 248 2475 R1.
258 2422 480 2474 Diligebat
489 2423 514 2464 J
517 2435 618 2465 esus
628 2423 653 2464 J
656 2426 852 2474 oannem,
864 2427 968 2476 quo-

145 2479 260 2520 niam
287 2479 490 2532 specialis
520 2482 815 2533 praerogativa
843 2481 968 2522 casti-

145 2534 247 2576 tatis
288 2535 489 2589 ampliori
530 2535 763 2579 dilectione
806 2537 970 2578 fecerat

147 2589 338 2641 dignum:
366 2594 388 2619 *
418 2592 530 2643 Quia
560 2593 684 2644 virgo
717 2593 881 2635 electus
913 2592 968 2635 ab

146 2646 159 2686 i
194 2659 261 2696 so,
302 2649 425 2699 virgo
461 2649 505 2689 in
541 2662 684 2691 aevum
719 2649 968 2702 permansit.

189 2704 262 2744 ‚In
277 2717 404 2747 cruce
420 2704 607 2758 denique
621 2706 857 2748 moriturus
868 2705 969 2747 huic

1019 383 1130 434 Quia
1151 382 1286 434 virgo.

1246 478 1293 516 In
1321 478 1371 516 ΙΙ.
1400 478 1621 516 Nocturno.

1076 547 1173 587 Ant.
1208 541 1373 582 Inimici
1396 540 1482 581 mei
1506 539 1707 582 dixerunt
1731 541 1845 583 mala

1017 597 1136 638 mihi:
1162 596 1346 648 Quando
1372 596 1597 647 morietur,
1622 602 1666 639 et
1684 597 1845 651 peribit

1017 667 1177 696 nomen
1197 652 1309 706 ejus?

1295 723 1490 764 I'salmus
1510 725 1581 763 40.

1053 787 1102 835 :2:35
1121 786 1252 826 eatus
1277 784 1352 836 qui
1374 782 1575 834 intelligit
1598 797 1730 837 super
1749 786 1844 835 ege-

1029 847 1036 877 ἔ
1053 827 1122 905 μ’
1144 854 1264 890 num,
1298 846 1341 882 et
1368 843 1624 893 pauperem:
1652 842 1676 866 *
1703 841 1746 881 in
1775 840 1845 882 die

1022 892 1122 922 -Ψ
1143 897 1257 939 mala
1276 897 1480 939 liberabit
1501 909 1599 938 eum
1619 897 1845 939 Dominus.

1069 954 1283 995 Dominus
1302 956 1533 996 conservet
1552 967 1662 1003 eum,
1682 960 1726 996 et
1740 954 1845 995 vivi-

1018 1010 1119 1052 ficet
1139 1023 1254 1060 eum,
1275 1016 1318 1052 et
1336 1010 1514 1052 beatum
1532 1010 1666 1052 faciat
1685 1023 1784 1052 eum
1802 1011 1846 1051 in

1016 1072 1148 1108 terra:
1167 1068 1190 1094 *
1211 1072 1254 1109 et
1279 1080 1367 1109 non
1391 1066 1537 1109 tradat
1564 1080 1663 1109 eum
1687 1068 1730 1108 in
1759 1068 1844 1109 ani-

1016 1136 1133 1165 mam
1150 1124 1425 1166 inimicorum
1443 1125 1544 1177 eius.

1069 1180 1284 1222 Dominus
1315 1193 1447 1234 opem
1478 1180 1589 1223 ferat
1619 1181 1681 1222 illi
1714 1194 1846 1234 super

1016 1237 1180 1279 lectum
1212 1236 1378 1279 doloris
1411 1239 1517 1290 ejus:
1545 1240 1569 1265 *
1597 1238 1845 1279 universum

1018 1299 1202 1336 stratum
1221 1295 1312 1347 ejus
1329 1294 1515 1337 versasti
1533 1295 1576 1335 in
1595 1295 1845 1336 infirmitate

1018 1352 1130 1403 ejus:

1069 1408 1164 1459 Ego
1185 1407 1288 1450 dixi:
1313 1408 1502 1449 Domine
1521 1408 1728 1450 miserere
1747 1409 1846 1450 mei:

1018 1465 1041 1490 *
1061 1477 1166 1506 sana
1186 1464 1373 1506 animam
1390 1478 1547 1515 meam,
1572 1466 1672 1517 quia
1691 1468 1844 1518 pecca-

1019 1522 1061 1563 vi
1079 1520 1170 1563 tibi.

1070 1578 1240 1620 Inimici
1262 1578 1348 1620 mei
1372 1578 1574 1621 dixerunt
1595 1579 1709 1620 mala
1727 1578 1845 1619 mihi:

1019 1636 1042 1662 *
1063 1634 1247 1685 Quando
1272 1635 1498 1687 morietur,
1525 1641 1568 1678 et
1591 1635 1752 1688 peribit
1770 1648 1844 1677 no-

1019 1704 1119 1733 men
1139 1691 1252 1744 ejus?

1071 1749 1127 1790 Et
1159 1749 1197 1789 si
1228 1747 1555 1799 ingrediebatur
1586 1753 1635 1790 ut
1665 1748 1846 1798 videret,

1023 1817 1130 1846 vana
1161 1804 1436 1857 loquebatur,
1461 1806 1484 1832 *
1512 1817 1589 1846 cor
1623 1806 1714 1858 ejus
1747 1818 1846 1847 con-

1019 1861 1217 1911 gregavit
1234 1861 1507 1913 iniquitatem
1527 1860 1619 1903 sibi.

1073 1916 1393 1968 Egrediebatur
1420 1917 1554 1967 foras⁷
1578 1918 1602 1945 *
1627 1922 1671 1959 et
1697 1917 1845 1969 loque-

1020 1973 1150 2016 batur
1167 1974 1211 2014 in
1232 1972 1434 2026 idipsum.

1071 2029 1321 2072 Adversum
1366 2043 1436 2072 me
1478 2030 1762 2072 susurrabant
1802 2042 1845 2070 o-

1019 2099 1142 2128 mnes
1168 2086 1330 2128 inimici
1357 2087 1457 2128 mei:
1475 2088 1499 2114 *
1518 2085 1750 2128 adversum
1776 2098 1846 2127 me

1021 2142 1274 2193 cogitabant
1291 2142 1407 2184 mala
1424 2142 1540 2184 mihi.

1071 2199 1270 2241 Verbum
1300 2200 1497 2252 iniquum
1526 2199 1846 2241 constituerunt

1021 2254 1255 2297 adversum
1267 2268 1351 2297 me:
1370 2257 1395 2283 *
1412 2254 1637 2307 Numquid
1657 2255 1730 2306 qui
1750 2254 1845 2296 dor-

1019 2311 1099 2353 mit
1117 2324 1205 2354 non
1223 2311 1397 2364 adjiciet
1414 2316 1463 2353 ut
1482 2310 1703 2362 resurgat?

1071 2368 1244 2411 Etenim
1263 2369 1397 2410 homo
1415 2368 1538 2421 pacis
1556 2380 1678 2417 meae,
1696 2367 1741 2408 in
1757 2380 1845 2420 quo

1021 2425 1210 2478 speravi:
1228 2427 1252 2453 *
1273 2425 1346 2478 qui
1371 2424 1529 2466 edebat
1552 2437 1689 2477 panes
1711 2437 1846 2475 meos,

1019 2482 1314 2532 magnificavit
1341 2493 1474 2533 super
1500 2493 1570 2522 me
1595 2480 1844 2534 supplanta-

1019 2538 1193 2580 tionem.

1072 2594 1140 2636 Tu
1159 2599 1304 2636 autem
1318 2593 1506 2635 Domine
1525 2593 1730 2636 miserere
1749 2596 1846 2646 mei,

1021 2656 1065 2693 et
1083 2650 1295 2692 resuscita
1314 2662 1397 2691 me:
1411 2650 1435 2675 *
1453 2655 1496 2692 et
1515 2650 1754 2693 retribuam
1772 2652 1845 2694 eis.

1070 2707 1122 2747 In
1140 2706 1226 2747 hoc
1245 2705 1432 2756 cognovi
1452 2706 1656 2758 quoniam
1669 2707 1846 2750 voluisti
