2028 2892
740 171 839 204 Infra
866 171 1049 205 Octavam
1074 171 1242 205 Paschae.

318 268 504 305 Feria
540 268 784 315 Quarta.

193 326 242 377 V.
261 329 412 371 Gavisi
430 333 531 370 sunt
549 328 761 382 discipuli,
781 329 961 381 alleluja.

143 388 192 439 Ru
208 385 317 428 Viso
336 385 538 436 D6mino,
559 385 739 436 alleluja.

194 452 320 493 Pater
338 455 500 493 noster.

193 517 343 558 Absol.
375 519 408 557 Α
433 516 627 558 vinculis.

194 579 355 620 Bened.
385 577 646 630 Evangelica
663 577 805 619 lectio.

141 663 291 707 Lectio
315 664 454 706 sancti
475 663 701 715 Evangelii
723 663 963 705 secundum

438 720 463 761 J
465 722 662 762 oannem.

244 788 395 829 Lectio
417 789 438 827 i.
684 788 784 839 Cap.
804 788 860 827 21.

137 842 215 949 In
241 846 317 888 illo
345 848 558 899 tempore:
592 845 887 887 Manifestavit
915 858 962 887 se

199 906 357 945 iterum
374 903 397 944 J
401 916 501 945 esus
522 902 748 954 discipulis
769 902 825 943 ad
843 915 962 943 mare

134 959 395 1013 [Tiberiadis.
416 958 711 1000 Manifestavit
726 963 871 1000 autem
886 959 962 1000 sic:

137 1016 273 1058 Erant
292 1016 420 1057 simul
438 1016 586 1057 Simon
602 1016 769 1065 Petrus,
790 1020 832 1057 et
848 1015 962 1056 Tho-

138 1086 247 1124 mas,
277 1073 352 1125 qui
375 1072 534 1114 dicitur
555 1071 782 1124 Didymus.
818 1073 875 1113 Et
899 1073 962 1113 re-

138 1129 268 1182 liqua.

182 1206 372 1249 Homih'a
396 1206 535 1248 sancti
555 1205 758 1257 Gregorii
775 1205 919 1257 Papae.

285 1271 454 1306 Homilia
470 1272 522 1305 24.
543 1272 580 1305 in
598 1271 819 1313 Evangelia.

182 1328 547 1385 2531-11ect1osancti
582 1328 826 1378 Evangelii,
865 1341 963 1380 quae

180 1396 235 1427 e
270 1384 405 1426 modo
438 1385 483 1425 in
514 1384 690 1426 auribus
718 1384 875 1426 vestris
905 1384 963 1426 le-

190 1441 226 1466 ἓν
246 1439 247 1463 ³
272 1445 343 1483 cta
361 1445 442 1491 est,
461 1441 618 1482 fratres
637 1441 739 1490 mei,
761 1441 962 1493 quaestio-

138 1511 193 1540 ne
214 1497 404 1539 Animum
426 1497 589 1550 pulsat,
614 1497 693 1539 sed
715 1497 962 1549 pulsatione

139 1567 219 1596 sua
231 1554 320 1596 vim
335 1554 610 1596 discretionis
625 1553 797 1595 indicat.
817 1554 963 1604 Quaeri

138 1612 298 1653 etenim
315 1615 478 1664 potest,
508 1624 584 1653 cur
602 1611 775 1660 Petrus,
804 1611 878 1663 qui
900 1611 962 1663 pi-

138 1670 284 1710 scetor
301 1672 401 1710 ante
415 1668 746 1710 conversionem
758 1667 848 1717 fuit,
861 1672 964 1719 post

139 1725 470 1766 conversionem
485 1724 541 1766 ad
559 1724 847 1777 piscationem
868 1724 962 1766 red-

138 1781 201 1823 iit:
237 1785 281 1823 et
315 1794 415 1823 cum
438 1781 616 1823 Veritas
649 1781 780 1823 dicat:
819 1780 962 1822 Nemo

137 1837 316 1880 mittens
340 1851 516 1879 manum
541 1850 664 1879 suam
682 1837 739 1879 ad
758 1840 962 1887 aratrum,

139 1898 183 1935 et
201 1894 417 1947 aspiciens
436 1899 571 1944 retro,
595 1899 723 1947 aptus
743 1899 809 1936 est
828 1906 962 1945 regno

139 1950 237 1992 Dei:
266 1964 342 1992 cur
367 1951 542 2004 repetiit
566 1950 686 2003 quod
708 1949 960 2003 dereliquit?

139 2006 227 2048 Sed
253 2007 291 2048 si
315 2008 452 2049 virtus
487 2007 762 2049 discretionis
790 2007 959 2059 inspici-

138 2067 226 2110 tur,
259 2063 384 2105 citius
410 2064 599 2105 videtur:
633 2064 733 2116 quia
759 2063 961 2103 nimirum

139 2120 373 2171 negetium,
389 2120 509 2172 quod
520 2126 620 2162 ante
631 2119 963 2161 conversionem

140 2176 232 2218 sine
266 2179 451 2229 peccato
488 2177 670 2226 exstitit,
711 2176 796 2217 hoc
832 2176 962 2216 etiam

139 2237 242 2285 post
261 2233 592 2275 conversionem
615 2235 814 2286 repetere
834 2231 962 2284 culpa

140 2302 228 2331 non
246 2290 338 2331 fuit.

193 2358 243 2408 Rt·
268 2355 384 2396 Ecce
404 2355 508 2396 vicit
530 2355 601 2396 leo
629 2353 683 2395 de
706 2353 822 2395 tribu
840 2351 962 2400 Juda,

140 2411 267 2453 radix
298 2411 461 2462 David,
502 2413 671 2464 aperire
702 2410 878 2458 librum,
920 2413 963 2449 et

141 2467 311 2510 solvere
343 2474 513 2521 septem
548 2466 770 2518 signacula
802 2466 905 2517 ejus:
939 2465 960 2488 *

140 2523 342 2576 Allelnja‚
376 2524 560 2576 alleluja,
592 2523 772 2574 alleluja.
810 2519 859 2571 V.
887 2520 960 2560 Di-

140 2592 250 2630 gnus
279 2585 346 2622 est
372 2581 542 2631 Agnus,
579 2579 652 2631 qui
680 2580 850 2620 occisus
879 2580 961 2624 est,

141 2638 340 2688 accipere
363 2637 587 2685 virtutem,
614 2639 657 2676 et
680 2634 961 2679 divinitatem,

142 2696 186 2733 et
210 2693 482 2744 sapientiam,
511 2697 555 2734 et
573 2690 888 2738 fortitudinem,
917 2692 960 2729 et

1012 265 1235 315 honorem,
1251 270 1294 307 et
1311 266 1502 316 gloriam,
1518 272 1561 308 et
1576 266 1837 308 benedictio-

1012 335 1122 364 nem.
1150 322 1345 373 Alleluia,
1365 323 1543 374 alleluja,
1562 323 1742 375 alleluja.

1075 380 1230 421 Bened.
1264 378 1461 420 Divinum
1479 379 1696 420 auxilium.

1326 449 1470 489 Lectio
1493 450 1528 488 ii.

1110 526 1180 554 am
1210 513 1474 566 piscatorem
1504 514 1695 564 Petrum,
1727 514 1832 555 Mat-

1117 569 1281 611 thaeum
1306 582 1411 611 vero
1440 570 1726 611 telonearium
1753 570 1831 611 sei-

1014 639 1125 667 mus:
1158 631 1201 667 et
1226 631 1329 679 post
1357 626 1684 667 conversionem
1711 638 1833 666 suam

1015 682 1071 724 ad
1090 682 1378 735 piscationem
1396 683 1548 724 Petrus
1567 681 1708 732 rediit,
1726 682 1832 723 Mat-

1015 739 1157 780 thaeus
1189 751 1293 781 vero
1331 739 1387 780 ad
1422 739 1584 780 telonei
1613 738 1835 789 negotium

1014 809 1103 837 non
1121 795 1298 837 resedit:
1317 795 1417 847 quia
1436 793 1555 836 aliud
1574 800 1655 844 est,
1675 794 1834 835 victum

1014 865 1093 905 per
1132 852 1419 904 piscationem
1461 853 1673 903 quaerere,
1719 849 1835 891 aliud

1015 913 1160 950 autem
1188 908 1349 949 telonei
1375 907 1505 948 lucris
1532 907 1740 960 pecunias
1765 919 1834 947 au-

1014 967 1127 1023 gere.
1159 965 1266 1006 Sunt
1290 964 1404 1006 enim
1422 964 1631 1017 pleraque
1650 963 1833 1013 negotia,

1016 1034 1114 1073 quae
1134 1021 1226 1063 sine
1245 1021 1437 1073 peccetis
1456 1020 1649 1062 exhiberi
1664 1024 1738 1060 aut
1752 1019 1834 1068 vix,

1015 1083 1089 1119 aut
1107 1078 1351 1119 nullatenus
1371 1082 1565 1129 possunt.
1598 1077 1706 1126 Quae
1731 1088 1833 1126 ergo

1015 1134 1071 1176 ad
1104 1137 1336 1187 peccatum
1367 1133 1606 1186 implicant,
1649 1131 1706 1173 ad
1740 1131 1835 1172 haec

1015 1193 1194 1233 necesse
1215 1195 1295 1241 est,
1319 1195 1367 1231 ut
1384 1195 1487 1242 post
1506 1188 1835 1231 conversionem

1015 1248 1183 1289 animus
1203 1260 1289 1289 non
1308 1250 1512 1288 recurrat.

1041 1351 1044 1353 .
1071 1313 1119 1363 Rg.
1152 1312 1247 1363 Ego
1279 1326 1375 1353 sum
1406 1311 1506 1353 vitis
1538 1323 1654 1359 vera,
1687 1314 1729 1351 et
1756 1322 1835 1350 vos

1016 1369 1231 1421 palmites:
1262 1370 1282 1390 *
1310 1369 1393 1419 Qui
1424 1371 1569 1408 manet
1600 1367 1644 1407 in
1674 1379 1758 1415 me,
1790 1370 1833 1406 et

1016 1439 1097 1476 ego
1126 1426 1169 1466 in
1197 1438 1266 1474 eo,
1298 1424 1369 1465 hic
1401 1425 1485 1465 fert
1516 1423 1702 1464 fructum
1730 1421 1833 1462 mul-

1015 1487 1121 1531 tum,
1144 1481 1328 1532 alleluja,
1352 1480 1533 1531 alleluja.
1567 1475 1615 1525 Y.
1636 1478 1754 1519 Sicut
1773 1477 1832 1519 di-

1015 1539 1121 1579 lexit
1145 1551 1215 1579 me
1237 1538 1384 1587 Pater,
1414 1541 1456 1578 et
1482 1548 1562 1586 ego
1589 1534 1719 1576 dilexi
1743 1546 1833 1574 vos.

1017 1595 1111 1645 Qui.
1140 1594 1289 1635 Gloria
1308 1593 1436 1634 Patri.
1464 1593 1557 1642 Qui.

1069 1651 1228 1693 Bened.
1257 1650 1327 1692 Ad
1347 1650 1611 1691 societatem.

1316 1720 1464 1761 Lectio
1485 1719 1538 1758 iii.
1881 1767 1882 1771 Ἰ

1101 1787 1206 1829 uaeri
1226 1787 1355 1828 etiam
1373 1789 1533 1837 potest,
1553 1795 1628 1824 cur
1647 1782 1831 1834 discipu-

1111 1844 1164 1885 lis
1187 1844 1231 1884 in
1255 1843 1364 1883 mari
1387 1839 1701 1888 laborantibus,
1734 1844 1835 1891 post

1015 1900 1379 1943 resurrectionem
1408 1910 1530 1938 suam
1554 1896 1767 1936 Dominus
1790 1895 1832 1934 in

1015 1959 1162 1999 littore
1182 1954 1318 2005 stetit,
1345 1955 1417 2007 qui
1437 1958 1536 1994 ante
1555 1950 1832 1993 resurrectio-

1016 2027 1115 2056 nem
1140 2026 1262 2054 suam
1286 2024 1434 2053 coram
1453 2008 1676 2061 discipulis
1696 2007 1738 2047 in
1758 2007 1832 2046 flu-

1016 2070 1158 2112 ctibus
1180 2069 1312 2110 maris
1336 2065 1584 2108 ambulavit.
1618 2063 1746 2113 Cujus
1771 2061 1832 2102 rei

1016 2127 1128 2168 ratio
1154 2126 1308 2167 festine
1335 2122 1627 2174 cognescitur,
1663 2119 1698 2159 si
1726 2118 1831 2170 ipsa,

1017 2196 1114 2235 quae
1142 2187 1245 2223 tunc
1272 2183 1426 2228 inerat,
1461 2189 1590 2219 causa
1616 2175 1832 2227 pensetur.

1016 2239 1131 2289 Quid
1151 2238 1265 2279 enim
1283 2248 1417 2284 mare,
1444 2233 1525 2274 nisi
1542 2242 1735 2284 praesens
1754 2230 1830 2269 sa'e-

1016 2295 1160 2336 culum
1179 2294 1335 2345 signat,
1362 2289 1480 2343 quod
1503 2300 1549 2329 se
1572 2288 1750 2327 casuum
1768 2289 1831 2325 tu-

1014 2350 1240 2399 multibus,
1274 2352 1316 2389 et
1343 2346 1467 2387 undis
1495 2344 1595 2384 vitae
1622 2342 1831 2393 corrupti-

1015 2407 1115 2448 bilis
1137 2404 1283 2447 illidit?
1320 2401 1434 2452 Quid
1460 2412 1539 2452 per
1568 2396 1831 2439 soliditatem

1015 2463 1184 2511 littoris,
1203 2461 1285 2501 nisi
1303 2459 1375 2500 illa
1388 2454 1657 2509 perpetuitas
1675 2452 1831 2504 quietis

1015 2521 1189 2560 aeternae
1207 2511 1439 2567 figuratur?
1460 2511 1569 2561 Quia
1587 2521 1690 2559 ergo
1707 2507 1831 2550 disci-

1013 2575 1105 2627 puli
1124 2574 1265 2615 adhuc
1289 2568 1490 2611 fluctibus
1513 2565 1708 2607 mortalis
1729 2565 1831 2605 vitae

1003 2621 1197 2679 inerant,
1225 2629 1267 2669 in
1291 2625 1396 2667 mari
1418 2622 1685 2664 laborabant.
1722 2620 1832 2670 Quia

1015 2691 1159 2728 autem
1178 2682 1446 2733 Redemptor
1469 2684 1616 2720 noster
1637 2678 1721 2729 jam
1740 2688 1831 2717 cor-
