2028 2892
188 197 264 233 280

189 308 278 336 non
303 299 370 335 est
393 295 684 345 personarum
708 293 917 344 acceptor
935 291 1019 331 De·

189 364 259 399 us,
292 349 371 391 sed
402 349 447 389 in
483 349 602 390 omni
631 354 763 401 gente
793 347 867 400 qui
894 347 1021 388 timet

190 420 304 455 eum,
337 411 381 447 et
409 407 620 458 operatur
648 405 871 457 justitiam,
899 404 1019 444 acce-

188 467 291 515 ptus
319 467 386 504 est
413 461 487 502 illi.
528 461 727 503 Verbum
753 460 871 501 misit
897 460 1020 500 Deus

188 519 289 560 filiis
309 517 463 568 Israel,
484 518 747 559 annuntians
765 528 922 569 pacem
941 527 1021 567 per

188 576 213 616 J
216 588 339 617 esum
364 574 597 616 Christum:
625 574 711 624 (hic
736 578 803 614 est
827 572 1021 614 omnium

189 632 430 682 Dominus.)
458 630 553 672 Vos
577 630 698 671 scitis
719 628 839 681 quod
857 629 1021 669 factum

191 693 258 730 est
284 687 467 729 verbum
494 699 576 739 per
602 686 853 728 universam
877 683 1020 725 Judae-

190 757 275 795 am:
302 744 516 796 incipiens
537 743 651 785 enim
671 755 696 783 a
716 741 900 783 Galilaea
918 745 1021 793 post

188 801 472 853 baptismum,
506 799 626 852 quod
658 797 919 852 praedicavit
950 797 1020 838 Jo-

190 860 336 907 annes,
360 858 385 898 J
389 870 511 899 esum
530 869 555 898 a
574 855 812 897 Nazareth:
840 856 1020 906 quomo-

190 914 248 956 do
267 914 391 955 unxit
411 926 510 955 eum
528 913 651 954 Deus
670 912 836 964 Spiritu
855 915 1021 960 sanctO,

190 976 234 1012 et
259 971 438 1019 virtute,
468 969 543 1021 qui
566 968 823 1022 pertransiit
846 967 1020 1008 benefa-

189 1025 362 1076 ciendo,
383 1030 427 1067 et
446 1025 643 1067 sanando
666 1037 818 1066 omnes
839 1024 1020 1076 oppres-

189 1097 262 1125 sos
283 1096 308 1124 a
327 1082 523 1132 diabolo,
553 1082 760 1134 quoniam
779 1081 901 1122 Deus
927 1083 1021 1121 erat

189 1153 288 1181 cum
312 1139 400 1180 illo.
439 1138 498 1180 Et
524 1150 607 1179 nos
634 1142 773 1179 testes
801 1149 951 1178 sumus
977 1137 1020 1177 ό-

187 1197 353 1237 mnium
369 1208 467 1247 quae
479 1195 582 1236 fecit
596 1194 641 1235 in
656 1194 835 1245 regione
847 1193 870 1233 J
874 1192 1021 1234 udaeo-

189 1265 303 1302 rum,
332 1256 375 1293 et
401 1250 664 1300 Jerusalem,
694 1263 825 1303 quem
851 1248 1021 1291 occide·

189 1313 290 1350 runt
315 1307 635 1360 suspendentes
660 1307 703 1347 in
723 1307 854 1357 ligno.
891 1306 1023 1346 Hunc

188 1365 310 1406 Deus
330 1363 559 1405 suscitavit
576 1364 706 1404 tertia
724 1362 812 1412 die,
837 1367 880 1404 et
900 1361 1023 1404 dedit

190 1434 290 1463 eum
326 1421 604 1462 manifestum
646 1420 742 1461 fieri
779 1432 867 1460 non
903 1418 1023 1460 omni

189 1477 378 1530 pepulo,
407 1476 487 1518 sed
506 1476 692 1518 testibus
711 1475 1022 1528 praeordinatis
1082 1466 1179 1504 *³132ss

190 1546 216 1574 a
234 1534 349 1575 Deo:
377 1532 522 1582 nobis,
549 1533 625 1584 qui
648 1531 1022 1580 manducavimus,

191 1594 234 1631 et
252 1589 443 1631 bibimus
463 1602 563 1630 cum
582 1589 674 1639 illo,
699 1593 939 1641 postquam
957 1599 1021 1628 re-

191 1646 379 1688 surrexit
399 1658 425 1686 a
442 1645 640 1687 mortuis.

423 1733 502 1774 Ad
520 1733 787 1783 vesperas.

242 1799 329 1834 Ant.
354 1800 532 1843 Allehija.
550 1801 610 1835 Ps.
624 1804 665 1834 ut
679 1800 718 1834 in
731 1799 933 1834 Psalterio.
951 1798 1022 1832 121.

268 1867 529 1920 Capitulum.
678 1870 708 1908 1.
723 1869 836 1909 Petr.
852 1868 888 1908 2.
905 1868 943 1908 d.

191 1930 470 2038 Carissimi:
516 1933 715 1975 Christus
754 1945 912 1985 passus
957 1937 1025 1974 est

288 2003 371 2044 pro
408 1990 554 2039 nobis,
609 1989 735 2030 vobis
773 1989 1024 2041 relinquens

195 2047 460 2100 exemplum,
492 2051 540 2088 ut
568 2045 813 2098 sequamini
841 2045 1025 2095 vestigia

195 2104 296 2155 ejus.
333 2103 418 2154 Qui
440 2104 672 2156 peccatum
691 2114 779 2143 non
798 2101 917 2151 fecit,
943 2114 1024 2142 nec

193 2160 394 2202 inventus
415 2165 481 2202 est
501 2159 630 2202 dolus
649 2159 693 2200 in
713 2171 789 2200 ore
809 2159 910 2210 ejus.

243 2234 455 2286 Hymnus.
488 2232 561 2276 Ad
579 2232 722 2283 regias
741 2231 868 2282 Agni.
886 2231 980 2272 267.

243 2303 294 2355 V.
323 2305 452 2347 Mane
478 2304 709 2347 nobiscum
732 2304 938 2354 Domine,
967 2304 1023 2345 al-

194 2360 416 2469 {ffilgljaljass
444 2362 662 2412 Queniam
681 2360 1024 2412 advesperascit,

248 2491 317 2530 Ad
342 2492 515 2541 Magnis.
555 2492 654 2532 Ant.
697 2491 796 2541 Ego
825 2502 922 2531 sum
949 2503 1021 2543 pa-

196 2551 289 2587 stor
309 2548 470 2589 ovium:
487 2550 510 2574 *
531 2561 612 2600 ego
631 2560 727 2589 sum
746 2548 833 2597 via,
852 2547 1024 2597 veritas,

197 2607 241 2643 et
260 2603 363 2644 vita:
390 2616 471 2654 ego
497 2618 594 2646 sum
618 2609 772 2657 pastor
794 2603 953 2653 bonus,
983 2609 1026 2645 et

197 2661 418 2709 cognosco
435 2673 540 2702 oves
551 2674 683 2710 meas,
699 2666 743 2702 et
755 2661 1026 2710 cognoscunt

197 2727 267 2756 me
285 2728 407 2765 meae,
427 2716 608 2769 alleluja,
628 2717 811 2769 alleluja.

792 197 991 231 llorninica
1016 197 1061 230 ΙΙ.
1087 203 1176 240 post
1201 197 1362 231 Pascha.

1073 347 1256 452 Deus,
1285 349 1359 401 qui
1383 293 1635 389 id)Pffi?ffii
1658 344 1903 387 humilitate

1172 405 1386 456 jacentem
1404 403 1616 445 mundum
1640 401 1833 444 erexisti:
1856 400 1902 441 fi-

1075 460 1246 503 delibus
1283 461 1370 502 tuis
1406 461 1668 514 perpetuam
1709 455 1904 499 concede
1922 473 1932 479 -

1072 517 1286 568 laetitiam3
1315 522 1365 559 ut
1395 529 1507 569 quos
1534 517 1764 568 perpetuae
1790 525 1902 555 mor-

1073 574 1130 615 tis
1150 574 1350 626 eripuisti
1370 573 1557 622 casibuS,
1577 570 1749 622 gaudiis
1768 570 1904 611 facias

1073 630 1239 683 perfrui
1264 629 1554 683 sempiternis.
1590 628 1675 669 Per
1700 625 1904 669 eumdem

1072 686 1312 728 Dominum
1328 691 1539 728 nostrum.

1131 749 1278 783 Deinde
1296 750 1337 784 fit
1354 759 1549 784 commem.
1568 748 1615 782 de
1634 747 1766 783 Cruce.
1784 742 1860 779 275·

1280 813 1698 842 ——ffi—

1306 877 1670 929 DominicaII.

1257 954 1410 1001 post
1455 948 1722 990 Pascha.

1280 1018 1359 1059 Ad.
1375 1015 1697 1059 matutinum.

1100 1076 1255 1122 'Invit.,
1284 1077 1441 1122 Hymn„
1468 1076 1573 1119 Ant,
1604 1075 1666 1109 PS.
1691 1079 1727 1110 et
1754 1070 1838 1116 W.
1863 1079 1904 1110 ut

1075 1126 1111 1159 in
1138 1126 1254 1160 Psalt.
1279 1130 1393 1169 temp.
1418 1124 1555 1159 Pasch.
1577 1121 1608 1156 3.

1311 1190 1360 1228 In
1387 1189 1417 1227 Ι.
1441 1188 1664 1229 Nocturno.

1172 1249 1240 1289 De
1267 1245 1453 1288 Actibus
1479 1243 1812 1297 Apost016rum.

1204 1311 1357 1352 Lectio
1378 1311 1402 1350 i.
1543 1310 1646 1362 Cap.
1662 1311 1720 1350 13.
1735 1308 1775 1350 b.

1082 1380 1267 1428 »s
1286 1380 1311 1408 a
1327 1367 1482 1420 Papho
1501 1366 1784 1416 navigassent
1797 1362 1907 1403 Pau—

1080 1456 1081 1463 ,
1210 1424 1292 1475 lus,
1319 1428 1363 1465 et
1384 1424 1460 1476 qui
1478 1436 1578 1465 eum
1597 1435 1651 1464 eo
1671 1423 1813 1468 erant,
1836 1430 1907 1459 ve-

1208 1483 1366 1522 nerunt
1409 1481 1581 1532 Pergen
1623 1474 1907 1529 Pamphyliae.

1075 1539 1267 1579 Joannes
1300 1541 1448 1578 autem
1480 1534 1711 1578 discedens
1743 1531 1799 1574 ab
1833 1530 1908 1580 eis,

1075 1596 1278 1636 reversus
1298 1598 1366 1635 est
1385 1594 1409 1634 J
1412 1592 1716 1644 erosolymam.
1749 1587 1819 1629 nli
1836 1599 1908 1628 ve-

1076 1663 1125 1691 ro
1161 1652 1524 1703 pertranseuntes
1559 1649 1746 1698 pergen,
1780 1644 1907 1685 vene-

1077 1711 1177 1748 runt
1214 1705 1497 1747 Antiochiam
1532 1704 1726 1746 Pisidiae:
1768 1706 1812 1743 et
1847 1700 1907 1740 in-

1076 1763 1216 1814 gressi
1235 1764 1505 1814 synagogam
1523 1761 1595 1803 die
1610 1759 1907 1806 sabbat6rum‚

1077 1819 1296 1861 sederunt.
1342 1819 1451 1859 Post
1486 1817 1723 1859 lectionem
1762 1818 1909 1855 autem

1077 1875 1187 1926 legis
1227 1879 1271 1916 et
1308 1875 1651 1927 Prophetarum,
1694 1871 1908 1912 miserunt

1077 1931 1300 1984 principes
1321 1933 1558 1983 synagogae
1579 1929 1636 1971 ad
1654 1939 1744 1976 θος,
1763 1926 1907 1968 dicen-

1077 1994 1160 2030 tes:
1188 1988 1285 2029 Viri
1306 1987 1479 2036 fratres,
1508 1987 1545 2028 si
1565 1985 1662 2038 quis
1682 1988 1750 2026 est
1770 1983 1814 2024 in
1833 1994 1907 2024 vo-

1077 2044 1146 2085 bis
1183 2056 1328 2086 sermo
1370 2042 1689 2085 exhortationis
1725 2040 1783 2081 ad
1818 2038 1907 2092 ple-

1077 2100 1195 2150 bem,
1223 2100 1367 2142 dicite.
1407 2100 1599 2150 Surgens
1627 2103 1774 2140 autem
1797 2096 1907 2137 Pau-

1077 2157 1162 2207 lus,
1204 2162 1248 2198 et
1280 2170 1413 2198 manu
1446 2156 1665 2197 silentium
1698 2153 1908 2201 indicens,

1078 2213 1153 2255 ait:
1184 2213 1281 2255 Viri
1309 2213 1536 2262 Israelitae,
1570 2217 1613 2254 et
1642 2211 1717 2263 qui
1744 2209 1908 2251 timetis

1078 2270 1237 2318 Deum,
1265 2269 1428 2311 audite:
1459 2269 1581 2310 Deus
1604 2267 1747 2320 plebis
1769 2264 1909 2307 Israel

1080 2326 1211 2376 elegit
1242 2331 1393 2377 patres
1425 2331 1620 2374 nostrOS,
1656 2328 1700 2365 et
1730 2322 1908 2375 plebem

1079 2378 1306 2427 exaltavit,
1348 2390 1447 2419 cum
1484 2380 1632 2419 essent
1667 2374 1825 2416 incolae
1863 2374 1907 2414 in

1079 2439 1195 2476 terra
1226 2434 1424 2486 AEgypti‚
1462 2438 1506 2475 et
1544 2434 1588 2474 in
1620 2430 1803 2474 brachio
1836 2443 1907 2472 ex-

1081 2490 1199 2532 celso
1219 2489 1371 2531 eduxit
1390 2503 1468 2532 eos
1487 2502 1542 2531 ex
1561 2501 1623 2538 ea,
1643 2492 1687 2530 et
1704 2499 1785 2540 per
1805 2499 1907 2539 qua—

1080 2547 1281 2597 draginta
1313 2549 1526 2588 annorum
1557 2550 1731 2597 tempus
1761 2556 1908 2585 mores

1080 2605 1232 2645 eorum
1251 2603 1454 2644 sustinuit
1476 2603 1520 2643 in
1539 2601 1728 2644 deserto.
1760 2600 1818 2641 Et
1837 2599 1907 2642 de-

1079 2665 1252 2701 struens
1297 2664 1450 2709 gentes
1492 2662 1663 2711 septem
1703 2656 1747 2697 in
1790 2662 1907 2698 terra

1081 2715 1304 2765 Chanaan,
1337 2720 1458 2757 sorte
1486 2713 1710 2756 distribuit
1738 2713 1800 2755 eis
1825 2718 1906 2755 ter-
