2066 2956
592 201 706 234 Aliud
734 201 906 234 Officium
935 202 968 233 S.
993 200 1156 233 dominis
1182 199 1444 243 Ncpomuccni
1472 199 1576 233 Mart.

283 300 331 350 152
375 293 558 337 Candidi
588 294 691 336 faeti
724 299 823 336 sunt
853 294 1053 335 Nazaraei

231 353 336 404 ejus,
361 351 544 402 allelt'ija3
569 350 848 403 splendorem
864 351 960 392 Deo
981 349 1052 392 de-

230 408 401 456 derunt,
447 407 634 459 alleluja:
680 411 702 433 *
730 407 786 449 Et
829 407 941 449 sicut
985 407 1053 449 lac

229 463 445 515 coagulati
482 469 598 513 sunt,
642 463 828 516 alleluja,
872 463 1052 516 alleluja.

232 519 277 569 Χῖ
307 518 592 562 Candidieres
611 520 724 570 nive,
751 519 977 561 nitidiores
994 519 1051 561 la-

229 583 313 626 cte,
341 576 672 619 rubicundi6res
700 576 834 618 ebore
860 579 1051 629 antiquo,

228 634 435 687 sapphiro
462 633 748 687 pulchriores.
790 633 857 674 Et.
898 632 1051 674 Gleria

227 690 356 732 Patri.
383 690 451 732 Et.

527 742 674 782 Lectio
697 743 748 782 ix.

226 797 425 902 Nolite
453 803 606 845 timere
639 815 715 844 eos
744 802 817 854 qui
845 801 1051 843 occidunt

339 873 510 913 corpuS.
552 858 708 900 Nullus
735 859 867 909 igitur
894 860 1049 911 eorpo-

226 929 321 958 rum
345 918 595 958 nostrerum
615 928 742 957 casus
762 919 829 957 est
847 915 1048 968 pertime-

226 972 430 1022 scendus,
458 984 599 1024 neque
618 971 731 1012 ullus
752 970 1048 1013 interimendae

226 1029 366 1071 carnis
427 1028 721 1070 admittendus
782 1033 849 1069 est
907 1027 1049 1069 dolor:

227 1085 402 1138 quando
422 1098 503 1138 pro
522 1088 690 1126 naturae
706 1098 797 1126 suae
814 1089 946 1136 atque
967 1087 1047 1125 ori-

225 1142 335 1193 ginis
363 1141 612 1184 conditiene
642 1141 852 1189 resoluta,
879 1141 923 1181 in
951 1140 1048 1182 sub-

228 1198 431 1240 stantiam
458 1197 694 1250 spiritualis
728 1197 882 1239 animae
910 1197 1047 1238 refun-

227 1254 365 1296 datur.
417 1255 473 1296 Et
510 1254 611 1306 quia
644 1254 854 1296 doctrinis
887 1253 1048 1295 talibus

226 1310 507 1352 confirmatos
536 1312 713 1363 opertet
738 1310 921 1352 liberam
949 1323 1048 1351 con-

225 1366 375 1408 fitendi
416 1367 499 1408 Dei
542 1366 704 1408 habere
747 1367 1047 1417 constantiam,

226 1423 355 1464 etiam
396 1422 709 1474 conditionem,
758 1436 843 1475 qua
883 1425 1047 1464 tenere-

224 1492 336 1528 mur,
374 1479 544 1530 adjecit:
580 1483 838 1530 negaturum
874 1492 921 1521 se
949 1492 1048 1521 eum

224 1535 342 1577 Patri
369 1536 411 1576 in
440 1535 578 1584 coelis,
615 1536 688 1587 qui
721 1549 768 1577 se
800 1535 1047 1577 hominibus

224 1592 267 1632 in
295 1597 410 1633 terra
437 1594 657 1642 negasset:
685 1605 783 1634 eum
810 1605 944 1645 porro
974 1592 1048 1644 qui

225 1647 449 1689 confessus
474 1660 621 1689 coram
643 1647 892 1690 hominibus
915 1660 962 1690 se
987 1648 1046 1689 fu-

225 1705 346 1749 isset,
382 1716 406 1744 a
438 1716 485 1744 se
512 1704 555 1744 in
583 1704 706 1745 coelis
734 1703 1047 1746 confitendum:

228 1759 466 1812 qualesque
496 1772 576 1801 nos
604 1761 788 1801 neminis
818 1761 883 1801 sui
911 1765 1047 1802 testes

224 1814 472 1856 hominibus
509 1816 754 1866 fuissemus,
788 1817 865 1859 tali
896 1829 977 1858 nos
1005 1829 1047 1858 a·

223 1871 314 1924 pud
333 1871 474 1912 Deum
493 1872 668 1913 Patrem
685 1873 936 1915 testimonio
957 1873 1047 1924 ejus

224 1930 391 1969 usuros.
438 1930 500 1969 Te
519 1928 661 1970 Deum
679 1928 917 1971 laudamus.
937 1930 996 1970 15.

458 2021 585 2062 Aliud
607 2022 806 2064 Officium

254 2077 296 2118 S.
316 2077 347 2119 J
349 2077 525 2119 oannis
542 2078 880 2129 Nepomuceni
896 2080 1016 2121 Mart.

483 2138 634 2182 Duplex
653 2141 783 2182 majus.

434 2204 495 2245 In
520 2205 556 2250 1.
585 2205 836 2256 vesperis.

279 2264 362 2298 Ant.
387 2271 422 2298 et
448 2266 538 2309 Cup.
565 2268 610 2301 de
636 2268 753 2303 Laud.
785 2267 891 2311 [377];
919 2271 978 2304 Ps.
1006 2277 1042 2305 ut

227 2311 260 2344 in
288 2312 312 2345 Ι.
340 2312 450 2356 Υυερ.
477 2314 522 2348 dc
549 2317 748 2351 Communi
775 2318 910 2361 Apost.
936 2315 983 2359 [1]

535 2373 742 2423 Hymnus.

327 2426 495 2467 nvietus
514 2426 644 2468 heros
663 2428 874 2479 Numinis,

344 2479 605 2532 Mergendus
624 2484 740 2526 unda
759 2486 957 2536 fluminiS,

327 2534 420 2578 Stat
438 2537 561 2580 fortis
580 2539 623 2580 in
642 2540 823 2591 silentio,

328 2590 443 2632 Dum
461 2593 511 2635 fit
530 2595 657 2645 sigilli
675 2599 850 2639 mentio.

280 2654 390 2696 llinc
409 2669 485 2698 rex
505 2659 692 2701 minatur
710 2662 872 2713 funera,

330 2710 444 2753 Hinc
461 2718 602 2756 tortor
620 2716 747 2759 infert
766 2719 956 2769 munera,

1208 294 1363 338 Manus
1382 296 1573 348 ligantur
1592 297 1778 346 fiinibus,
1807 284 1811 289 ¹

1209 351 1345 394 Artus
1365 355 1612 396 cremantur
1631 353 1815 406 ignibus.

1157 413 1244 456 Sed
1262 414 1358 457 haec
1377 416 1401 457 J
1405 418 1569 458 oannes
1589 416 1785 470 despicit,

1206 470 1301 513 Nec
1320 472 1435 524 regis
1454 472 1563 514 iram
1581 473 1769 526 respicit,

1206 528 1383 571 Secreta
1402 541 1490 571 non
1508 529 1602 571 vult
1620 529 1827 582 pandere,

1206 585 1371 627 Horret
1390 585 1578 637 sigillum
1597 586 1807 637 frangere.

1157 648 1251 689 Stat
1268 653 1414 690 mutus
1434 661 1571 700 agnus
1590 651 1809 699 innocenS,

1207 703 1280 745 Nil
1300 704 1355 746 de
1374 705 1574 762 tegendis
1591 705 1836 759 preferens:

1205 760 1314 811 Stat3
1335 761 1526 814 dumque
1546 775 1623 804 rex
1639 762 1700 803 nil
1719 761 1847 811 elicit,

1205 816 1242 857 E
1261 823 1396 870 ponte
1415 819 1575 871 justum
1594 817 1750 869 dejicit.

1156 879 1358 933 Praeceps
1379 881 1434 923 ab
1454 881 1544 924 alto
1564 881 1781 932 sternitur,

1204 935 1343 979 Undis
1363 938 1594 991 profundis
1612 939 1835 990 mergitur:

1204 993 1399 1036 Mersum
1418 994 1497 1037 sed
1516 994 1883 1048 applaudentibus

1204 1049 1346 1092 Undae
1365 1051 1557 1094 salutant
1575 1052 1758 1103 ignibus.

1154 1114 1302 1156 Stellae
1321 1120 1471 1157 natant
1490 1115 1533 1156 in
1553 1116 1743 1166 flamine,

1203 1170 1271 1211 Illi
1290 1173 1522 1224 parentant
1541 1172 1714 1223 himine,

1206 1227 1437 1280 Docetque
1458 1228 1558 1270 coeli
1578 1229 1754 1271 claritas

1207 1284 1315 1334 Quae
1336 1285 1392 1326 sit
1411 1285 1435 1326 J
1438 1285 1590 1327 oannis
1611 1286 1781 1327 caritas.

1153 1347 1222 1388 Da
1241 1348 1509 1400 sempiterna
1528 1348 1730 1398 Trinitas,

1203 1403 1263 1445 Ut
1280 1404 1325 1444 in
1343 1403 1463 1446 bono
1483 1404 1539 1446 sit
1558 1405 1757 1447 firmitas:

1207 1460 1298 1502 Aut
1316 1460 1592 1502 lacrimarum
1611 1461 1791 1503 flamina

1203 1516 1402 1568 Mergant
1421 1516 1655 1560 cadentum
1674 1518 1864 1560 erimina.

1411 1573 1563 1615 Amen.

1152 1623 1201 1675 3⁷⁷-
1238 1631 1568 1673 Sacramentum
1598 1632 1712 1684 regis
1745 1632 1927 1675 abscen-

1102 1686 1205 1729 dere
1220 1687 1385 1730 bonum
1405 1693 1482 1737 est,
1500 1688 1682 1740 alleluja.
1712 1687 1764 1739 Rz.
1781 1689 1929 1743 Opera

1101 1748 1246 1786 autem
1276 1745 1360 1786 Dei
1399 1744 1595 1787 revelare
1629 1745 1928 1796 honorificum,

1101 1800 1282 1854 alleh'ija.

1152 1856 1221 1898 Ad
1240 1857 1412 1909 Magnif.
1442 1858 1541 1900 Ant.
1568 1859 1702 1902 Dedit
1720 1861 1825 1902 mihi
1838 1861 1926 1904 D6·

1100 1915 1241 1957 minus
1273 1915 1464 1967 linguam
1493 1917 1743 1959 mercedem
1770 1931 1927 1960 meam:

1101 1977 1144 2013 et
1163 1972 1206 2013 in
1226 1971 1323 2025 ipsa
1339 1971 1531 2014 laudabo
1551 1985 1660 2024 eum,
1681 1973 1862 2027 allelaja.

1434 2029 1598 2070 Oratio.

1186 2098 1279 2136 euS,
1306 2086 1380 2138 qui
1404 2085 1462 2128 ob
1486 2087 1695 2129 invictum
1717 2087 1837 2130 beati
1854 2087 1879 2129 J
1881 2084 1925 2130 o‘-

1206 2142 1328 2183 annis
1362 2144 1676 2186 sacramentale
1709 2144 1926 2186 silentium

1099 2210 1213 2239 nova
1233 2198 1477 2240 Ecclesiam
1498 2204 1619 2241 tuam
1642 2201 1837 2254 martyrii
1856 2213 1925 2243 co-

1099 2255 1206 2295 rena
1231 2254 1467 2297 decorasti:
1496 2255 1567 2305 da,
1594 2262 1642 2298 ut
1668 2257 1758 2308 ejus
1783 2259 1924 2299 exem-

1098 2310 1174 2363 plo
1194 2316 1238 2352 et
1257 2311 1579 2361 intercessione,
1600 2313 1666 2354 ori
1685 2317 1838 2355 nostro
1854 2326 1924 2355 cu—

1100 2365 1289 2408 stodiam
1307 2369 1541 2420 ponentes,
1566 2368 1725 2418 beatis,
1755 2369 1830 2422 qui
1846 2369 1923 2410 lin-

1098 2435 1183 2473 gua
1202 2436 1291 2465 non
1309 2429 1410 2466 sunt
1432 2424 1559 2476 lapsi,
1582 2427 1925 2467 annumeremur.

1099 2479 1182 2521 Per
1200 2479 1448 2522 Deminum.

1261 2552 1347 2593 Ad
1375 2552 1761 2595 matutinum.

1152 2609 1270 2649 Invit.
1303 2610 1534 2652 Exsultent
1556 2611 1600 2652 in
1617 2611 1808 2653 Demino
1830 2624 1923 2652 san-

1100 2665 1158 2705 cti
1176 2667 1197 2689 *
1217 2665 1414 2718 Alleh'ija.

1153 2723 1217 2762 l‘s.
1244 2723 1408 2774 Venite,
1427 2724 1705 2766 exsultemus.
1723 2726 1759 2766 2.
