2028 2892
678 183 744 216 lm·
776 184 820 215 ll.
849 180 1006 223 Aprilis.

174 283 355 335 flagellis
375 281 486 324 caedi
505 281 729 335 perferret.
764 281 871 323 Cum
895 281 999 321 invi-

174 346 269 383 ctus
302 339 405 381 fidei
433 338 595 380 vindex
628 340 844 380 assereret
876 350 924 379 se
958 337 1000 377 in

174 398 288 439 votis
326 409 500 450 semper
540 395 746 437 habuisse
782 394 1001 436 cruciatus

172 455 346 507 perpeti
373 458 559 507 propter
586 452 823 494 Deminum
852 451 877 492 J
880 464 1001 492 esum

174 511 412 559 Christum,
441 524 465 552 a
487 522 574 563 quo
594 522 796 561 magnam
815 508 858 549 in
878 507 1002 549 coelis

173 567 422 610 mercedem
456 566 666 619 censequi
701 564 1002 618 exspectabat,

175 637 342 678 praeses
369 625 412 665 in
441 637 540 666 eum
573 622 806 676 capitalem
834 622 1003 663 senten-

174 682 279 723 tiam
304 680 617 734 pronuntiavit.
651 680 807 731 Itaque
831 677 1004 719 mirabi-

174 739 227 779 lis
252 737 543 791 philesophus
568 738 710 778 Deum
736 734 1003 784 collaudans,

176 800 278 848 post
293 794 488 844 verbera,
507 794 604 835 fuso
619 805 701 846 pro
719 792 894 834 Christo
910 794 1004 832 san-

175 852 314 902 guine,
333 852 528 903 glorioso
543 850 752 901 martyrio
768 850 1005 891 coronatus

176 915 253 950 est.
293 907 481 959 Quidam
508 919 614 949 vero
643 906 796 948 fideles
822 906 935 947 clam
959 906 1005 946 il·

175 966 258 1006 lius
277 964 544 1006 sustulerunt
564 976 742 1016 corpus,
772 969 815 1005 et
837 963 880 1003 in
904 962 1004 1004 loco

175 1022 338 1064 idoneo
358 1020 661 1063 condiderunt.
696 1020 788 1062 Leo
809 1020 1005 1062 decimus

176 1079 331 1120 tertius
351 1078 555 1120 Pentifex
574 1078 791 1119 Maximus
811 1077 1005 1129 ejusdem

179 1135 382 1177 Officium
415 1140 459 1177 et
491 1135 671 1175 Missam
709 1134 764 1176 ab
803 1134 1005 1175 universa

177 1192 376 1234 Ecclesia
396 1191 609 1233 celebrari
627 1191 851 1244 praecepit.

235 1252 280 1301 κς.
319 1248 442 1290 Stola
482 1248 774 1299 jucunditatis.
809 1247 898 1300 [30]
938 1248 1003 1288 vel

178 1306 301 1348 Filiae
326 1305 579 1347 Jerusalem.
606 1305 691 1357 [44]

401 1387 447 1424 In
468 1386 537 1424 III.
559 1385 780 1423 Nocturno.

185 1446 334 1487 Lectio
352 1445 500 1487 sancti
519 1444 746 1495 Evangelii
768 1442 1008 1486 secundum

504 1501 680 1543 Lucam.
793 1499 799 1506 '

281 1563 430 1604 Lectio
454 1564 520 1603 vii.
729 1563 830 1614 Cap.
848 1564 901 1602 12.

179 1615 255 1723 In
288 1620 364 1661 illo
397 1621 614 1672 tempore:
646 1619 770 1661 Dixit
794 1619 921 1660 Jesus
949 1618 1008 1660 di-

246 1677 425 1730 scipulis
449 1677 553 1718 suis:
578 1675 699 1717 Nihil
723 1677 924 1729 opertum
943 1680 1010 1717 est

182 1734 302 1787 quod
316 1747 405 1775 non
419 1734 652 1775 reveletur:
669 1745 812 1785 neque
828 1732 1009 1774 abscen-

182 1791 338 1841 ditum,
371 1790 492 1842 quod
519 1803 607 1831 non
636 1790 810 1832 sciatur.
862 1789 920 1831 Et
947 1791 1010 1831 re-

180 1848 310 1900 liqua.

314 1917 503 1959 Ilomilia
532 1917 673 1958 sancti
700 1917 882 1958 Joannis

438 1974 754 2027 Chrysestomi.

182 2041 318 2074 llomil.
347 2041 380 2073 in
406 2050 486 2082 cap.
507 2050 538 2072 x.
566 2039 693 2072 Matth.
718 2050 750 2071 Υ.
767 2041 817 2071 213.
848 2045 882 2071 ct
901 2049 1004 2080 sequ.

428 2103 494 2140 est
530 2099 733 2151 opertum
772 2097 892 2150 quod
923 2110 1011 2139 non

190 2155 289 2210 jesi?
331 2154 612 2205 revelabitur,
664 2167 745 2196 nec
790 2154 1013 2196 occultum

220 2207 256 2234 ’ζ
300 2214 308 2234 ‘³
333 2211 453 2265 quod
476 2225 565 2254 non
588 2212 760 2253 scietur.
789 2211 919 2262 Quod
940 2225 1012 2253 au-

183 2275 272 2311 tem
312 2269 418 2311 dicit
450 2268 699 2321 hujusmodi
732 2274 812 2310 est:
852 2268 1013 2311 sufficit

186 2326 364 2379 quidem
382 2325 509 2368 vobis
534 2325 591 2367 ad
610 2325 957 2367 consolatienem
976 2326 1014 2367 si

186 2396 268 2434 ego
289 2384 497 2434 Magister
522 2388 566 2425 et
589 2382 805 2424 Deminus
829 2395 1013 2424 consors

185 2440 267 2481 sim
300 2440 610 2482 conviciorum.
654 2439 700 2480 Si
730 2451 837 2481 vero
871 2438 1014 2481 adhuc

186 2496 346 2538 doletis
375 2497 471 2538 haec
500 2496 744 2547 audientes,
771 2494 880 2537 illud
909 2508 1013 2548 quo-

187 2565 271 2606 que
292 2553 436 2594 animo
455 2555 674 2606 reputate,
698 2565 779 2594 vos
801 2564 889 2593 non
907 2552 1013 2594 mul-

186 2614 279 2650 tum
307 2611 463 2662 pestea
492 2609 546 2651 ab
580 2609 663 2651 hac
690 2608 940 2661 suspicione
967 2608 1013 2649 li-

186 2664 387 2707 beratum
402 2665 465 2706 iri.
494 2667 581 2708 Cur
601 2666 715 2707 enim
733 2664 779 2707 id
799 2677 916 2715 aegre
934 2664 1014 2706 fer-

186 2720 266 2764 tis?
303 2722 414 2772 Quia
442 2723 788 2775 praestigiatores
816 2726 861 2763 et
889 2721 1014 2763 dece-

1047 182 1080 212 S.
1106 180 1247 212 Justini
1275 179 1379 212 Mart.

1051 281 1202 333 ptores
1231 292 1311 321 vos
1338 277 1522 320 vocant?
1565 278 1626 319 At
1652 277 1877 331 paululum

1052 338 1325 389 exspectate,
1359 341 1403 377 et
1430 337 1677 377 servatores
1704 334 1877 376 benefa-

1052 394 1283 445 ctoresque
1316 392 1436 434 orbis
1463 392 1544 434 vo's
1575 391 1880 444 praedicAbunt

1052 462 1215 491 omnes.
1236 449 1296 490 At
1316 449 1430 491 enim
1444 454 1619 501 tempus
1634 448 1707 489 illa
1723 448 1879 496 emnia,

1054 519 1152 559 quae
1185 505 1460 548 subobscura
1492 510 1625 553 erant,
1656 504 1879 553 revelabit,

1053 569 1097 606 et
1115 563 1289 605 illerum
1309 562 1571 604 calumniam
1590 561 1778 613 deteget,
1797 561 1880 602 vir-

1052 622 1278 672 tutemque
1294 624 1485 661 vestram
1500 621 1782 672 conspicuam
1794 617 1882 660 red-

1055 677 1140 719 det.
1170 678 1279 718 Cum
1299 677 1414 718 enim
1430 688 1484 717 ex
1498 675 1630 717 rebus
1643 675 1751 728 ipsis
1766 687 1880 716 com-

1054 733 1348 788 probabimini
1368 732 1612 774 salvatores
1631 744 1729 773 esse
1749 736 1793 774 et
1809 731 1881 774 be-

1054 791 1199 842 nefici,
1232 795 1276 832 et
1309 790 1428 832 omni
1454 789 1617 831 virtute
1646 789 1883 842 conspicui,

1056 848 1230 890 illorum
1257 847 1386 888 dictis
1410 846 1609 888 hemines
1635 858 1723 887 non
1747 847 1883 887 atten-

1058 905 1177 955 dent,
1211 904 1290 946 sed
1317 904 1381 945 rei
1406 903 1594 945 veritati:
1626 915 1678 944 ac
1704 902 1765 943 illi
1794 902 1883 954 qui-

1057 962 1158 1003 dem
1183 960 1485 1014 sycophantae,
1515 959 1766 1008 mendaces,
1797 971 1885 1000 ma-

1056 1017 1204 1067 ledici,
1227 1030 1308 1058 vos
1328 1029 1435 1058 vero
1459 1017 1557 1069 ipso
1583 1015 1676 1057 sole
1695 1014 1884 1068 splendi-

1058 1075 1202 1117 dieres
1252 1073 1653 1127 deprehendemini:
1701 1072 1885 1114 multum

1059 1132 1223 1185 quippe
1250 1130 1463 1183 temporis
1491 1130 1684 1182 spatium
1707 1141 1788 1171 vos
1811 1141 1886 1170 no—

1058 1194 1128 1230 tos
1165 1187 1335 1237 reddet,
1382 1186 1659 1240 praedicabit,
1702 1191 1746 1228 et
1780 1185 1887 1228 tuba

1059 1245 1287 1287 clariorem
1316 1246 1485 1286 emittet
1511 1256 1682 1293 vocem,
1711 1245 1886 1284 vestrae—

1061 1315 1144 1355 que
1177 1301 1350 1343 virtutis
1381 1305 1519 1342 testes
1551 1300 1780 1341 universos
1811 1298 1887 1340 he-

1059 1359 1198 1400 mines
1235 1356 1468 1399 exhibebit.
1529 1357 1598 1398 Ne
1633 1359 1783 1408 itaque
1820 1368 1888 1406 ea,

1032 1425 1036 1468 ι
1062 1428 1160 1468 quae
1185 1427 1300 1456 nunc
1324 1412 1543 1463 dicuntur,
1570 1425 1652 1454 vos
1676 1411 1890 1464 dejiciant,

1061 1470 1141 1514 sed
1168 1484 1270 1524 spes
1297 1471 1541 1512 futurorum
1565 1469 1784 1512 bonerum
1811 1469 1890 1510 eri-

1061 1534 1147 1580 gat.
1173 1528 1276 1570 Non
1295 1532 1481 1581 possunt
1499 1527 1614 1569 enim
1633 1539 1695 1576 ea,
1715 1538 1814 1578 quae
1833 1525 1890 1567 ad

1062 1598 1142 1627 vos
1163 1589 1375 1637 spectant,
1394 1583 1615 1625 occultari.

1120 1648 1164 1697 lx'f.
1207 1642 1382 1683 Corona
1418 1643 1552 1682 aurea
1589 1652 1722 1692 super
1759 1643 1892 1692 caput

1064 1700 1172 1750 eius,
1194 1704 1213 1725 *
1240 1699 1464 1750 Expressa
1488 1697 1613 1748 signo
1637 1695 1892 1745 sanctitatis,

1063 1755 1202 1807 gleria
1217 1755 1398 1797 honoris
1418 1759 1462 1796 et
1481 1766 1594 1807 opus
1613 1751 1892 1795 fortitudinis.

1065 1811 1111 1861 Y
1135 1812 1352 1862 Quoniam
1370 1810 1623 1864 praevenisti
1642 1822 1742 1852 eum
1760 1809 1804 1850 in
1818 1809 1891 1851 be-

1063 1868 1386 1910 nedictienibus
1414 1866 1675 1917 dulcedinis,
1703 1866 1893 1920 posuisti

1063 1926 1107 1967 in
1135 1925 1282 1978 capite
1309 1925 1400 1977 ejus
1429 1926 1638 1966 corenam
1663 1923 1719 1966 de
1744 1922 1892 1976 lapide

1063 1983 1272 2036 pretioso.
1299 1983 1533 2036 Expressa.

1250 2042 1470 2092 Tempore
1503 2038 1709 2080 l’aschali.

1117 2101 1165 2151 Κ.
1202 2098 1298 2148 Ego
1332 2110 1430 2138 sum
1456 2095 1557 2138 vitis
1586 2107 1706 2145 vera,
1738 2099 1783 2137 et
1813 2106 1893 2140 vos

1064 2155 1282 2209 palmites:
1308 2157 1328 2179 *
1360 2153 1445 2203 Qui
1474 2156 1622 2194 manet
1646 2152 1703 2194 in·
1727 2163 1818 2201 me,
1849 2155 1894 2193 et

1066 2226 1149 2264 ego
1168 2213 1212 2254 in
1227 2224 1291 2261 eo,
1309 2211 1381 2252 hic
1398 2210 1481 2252 fert
1495 2209 1685 2251 fructum
1697 2207 1893 2256 multum,

1066 2269 1251 2320 alleluja,
1284 2266 1466 2318 alleluja.
1504 2261 1554 2313 V.
1589 2265 1710 2307 Sicut
1742 2263 1895 2306 dilexit

1065 2339 1135 2368 me
1152 2326 1295 2374 Pater,
1316 2328 1359 2366 et
1379 2336 1461 2375 ego
1482 2322 1616 2365 dilexi
1633 2333 1727 2364 vos
1756 2321 1851 2371 Qui.

1351 2382 1503 2422 Lectio
1525 2380 1607 2420 viii.

1067 2436 1280 2542 Deinde
1304 2441 1541 2490 postquam
1565 2434 1664 2476 illos
1685 2434 1803 2476 omni
1822 2447 1892 2475 an-

1170 2497 1295 2546 gore,
1334 2493 1493 2535 timere
1525 2496 1570 2534 et
1601 2490 1892 2532 sollicitudine

1065 2550 1283 2600 liberavit,
1323 2554 1367 2591 et
1394 2548 1569 2602 probris
1595 2546 1798 2589 emnibus
1826 2560 1894 2588 su·

1066 2607 1264 2661 perieres
1278 2605 1483 2654 reddidit,
1502 2604 1680 2646 demum
1699 2603 1798 2644 illos
1818 2615 1894 2656 op-

1066 2667 1256 2718 portune
1293 2662 1347 2704 de
1384 2661 1587 2703 libertate
1622 2659 1895 2713 praedicandi

1067 2721 1317 2774 all6quitur3
1348 2732 1448 2761 nam
1481 2717 1599 2761 dicit:
1632 2716 1763 2768 Quod
1794 2716 1893 2759 dico
