2066 2956
214 207 312 252 [206]

732 213 835 247 Ordo
861 213 1217 249 Commendationis
1242 215 1402 249 Animae.

212 303 400 346 mundus
428 304 533 347 dare
561 318 649 347 non
672 309 837 358 potest,
868 317 1039 356 pacem;
1175 301 1441 356 mnipotens'
1473 308 1738 358 sempiterne
1781 305 1918 355 Deus,

213 365 262 402 ut
290 366 335 402 et
362 362 498 404 corda
526 367 678 403 nostra
708 361 926 403 mandatis
953 361 1039 403 tuis

214 415 379 467 dedita,
411 424 455 461 et
480 418 674 460 hestium
699 418 872 461 sublata
896 418 1039 459 formi-

213 472 325 523 dine,
347 477 548 528 tempora
567 475 653 518 sint
669 480 746 518 tua
763 474 1040 527 protectione

213 531 459 583 tranquilla.

215 598 354 705 Ure
385 601 485 652 igne
521 601 659 643 sancti
691 601 877 654 Spiritus
913 613 1039 642 renes

332 662 506 699 nostros
540 662 584 699 et
616 670 693 699 cor
723 661 920 699 nostrum
951 658 1039 699 De-

212 714 343 755 mine:
364 718 414 755 ut
431 714 510 756 tibi
530 718 653 756 casto
673 716 860 767 cerpore
879 715 1039 756 servia-

212 783 321 820 mus,
342 775 386 812 et
404 770 569 813 mundo
589 770 723 813 corde
742 770 1006 823 placeamus.

213 839 490 944 Fidelium,
510 840 647 889 Deus,
671 840 864 882 emnium
882 840 1039 883 Cendi-

315 902 386 939 tor
418 902 462 938 et
491 896 781 949 Redemptor,
813 897 1040 939 animabus

144 1003 147 1008 .
211 954 473 996 famulerum
497 953 844 1007 famularumque
866 956 1040 996 tuarum

212 1011 513 1053 remissienem
524 1012 781 1052 cunctorum
793 1011 937 1053 tribue
948 1024 1039 1065 pec-

212 1070 425 1110 caterum:
461 1071 510 1109 ut
542 1067 876 1119 indulgentiam,
910 1081 1040 1121 quam

213 1137 386 1177 semper
410 1126 688 1177 optaverunt,
714 1124 800 1178 piis
824 1125 1040 1178 supplica-

213 1181 404 1223 tienibus
424 1183 758 1233 consequantur.

213 1245 460 1351 Aztienes
480 1250 665 1296 nostras,
688 1248 939 1298 quaesumus
953 1247 1041 1289 De-

322 1303 455 1352 mine,
489 1302 724 1355 aspirando
751 1304 965 1356 praeveni,
999 1309 1043 1346 et

213 1359 460 1412 adjuvando
487 1361 776 1412 prosequere:
808 1364 857 1402 ut
885 1365 1042 1403 cuncta

212 1421 365 1458 nostra
410 1416 552 1457 oratio
598 1421 641 1458 et
681 1417 884 1470 operatio
928 1430 954 1459 a
997 1423 1042 1460 te

214 1485 388 1525 semper
416 1473 614 1525 incipiat,
647 1477 689 1515 et
716 1486 797 1527 per
822 1478 867 1516 te
895 1479 1042 1528 coepta

215 1530 401 1572 finiatur.
849 1552 852 1556 ·

1203 361 1277 413 qui
1301 360 1501 403 vivorum
1526 360 1765 403 dominaris
1792 361 1919 404 simul

1093 421 1136 458 et
1162 419 1452 467 mortuerum‚
1484 418 1766 470 omniumque
1792 418 1917 461 mise·

1092 474 1201 515 reris
1226 486 1338 526 quos
1361 478 1462 515 tuos
1481 473 1569 516 fide
1589 479 1633 517 et
1652 477 1789 528 epere
1806 475 1919 517 futu·

1092 542 1167 572 ros
1198 542 1295 572 esse
1326 531 1585 584 praenescis:
1604 559 1605 562 =
1621 535 1666 574 te
1697 531 1919 585 supplices

1093 589 1343 638 exoramus3
1387 591 1435 629 ut
1469 600 1552 640 pro
1590 587 1749 641 quibus
1787 588 1920 631 effun-

1093 642 1198 686 dere
1222 656 1378 696 preces
1402 643 1693 695 decrevimus,
1720 658 1920 698 quosque

1092 700 1163 742 vel
1205 713 1402 753 praesens
1447 700 1658 743 saeculum
1697 701 1842 744 adhuc
1875 702 1919 743 in

1093 770 1224 799 carne
1261 758 1439 807 retinet,
1484 758 1555 800 vel
1599 757 1793 800 futurum
1837 759 1921 811 jam

1094 817 1252 856 exutos
1284 816 1470 867 cerpore
1499 815 1709 868 suscepit,
1740 815 1921 857 interce·

1096 869 1300 912 dentibus
1317 870 1520 913 Omnibus
1534 871 1704 913 Sanctis
1718 871 1816 922 tuis,
1833 871 1922 924 pie-

1094 928 1201 970 tatis
1227 932 1315 969 tuae
1345 927 1575 970 clementia
1601 929 1795 970 emnium
1820 927 1922 971 deli-

1096 986 1268 1026 cterum
1282 986 1462 1026 suerum
1475 985 1648 1027 veniam
1661 987 1924 1039 consequan-

1094 1046 1175 1083 tur.
1201 1041 1287 1083 Per
1304 1042 1553 1083 Deminum.

1143 1114 1194 1167 V.
1229 1115 1447 1157 Dominus
1485 1115 1724 1158 vobiscum.
1771 1118 1822 1171 Et·
1867 1115 1924 1158 Et

1094 1184 1194 1213 cum
1219 1172 1378 1224 spiritu
1395 1176 1484 1214 tuo.

1144 1243 1194 1293 V.
1223 1240 1443 1284 Exaudiat
1464 1254 1546 1283 nos
1574 1243 1853 1294 omnipotens
1878 1244 1923 1282 et

1094 1298 1344 1340 misericors
1363 1298 1590 1340 Deminus.

1143 1360 1194 1411 lx‘g.
1225 1355 1379 1397 Amen.

1143 1419 1193 1471 V.
1223 1420 1281 1461 Et
1304 1419 1499 1462 fidelium
1523 1419 1679 1461 animae
1697 1432 1778 1472 per
1795 1419 1922 1462 mise-

1094 1475 1329 1519 ricerdiam
1343 1477 1428 1519 Dei
1444 1477 1724 1530 requiescant
1741 1476 1784 1517 in
1801 1489 1922 1529 pace.

1143 1537 1194 1588 Rv.
1225 1533 1378 1576 Amen.

518 1694 698 1744 ORDO
727 1694 1335 1747 -GOMMENDATIONIS
1367 1698 1620 1749 ANIMAE.

267 1781 434 1815 l'rimum
460 1783 638 1817 dicuntur
662 1782 824 1817 Litaniae
849 1783 987 1819 breves

451 1831 488 1864 in
514 1832 614 1865 hunc
639 1832 805 1866 modum.

226 1909 229 1949 5
277 1891 427 1943 spyrie
447 1891 621 1933 eleison.

219 1948 229 2003 s
351 1947 523 1990 Christe
543 1947 719 1990 eleison.

351 2004 490 2057 Kyrie
509 2004 685 2047 eleison.

212 2059 373 2103 Sancta
390 2061 538 2112 Maria,
558 2074 637 2103 ora
655 2074 738 2114 pro
759 2075 823 2104 eo.

212 2117 377 2160 Omnes
410 2118 550 2160 sancti
580 2118 738 2169 Angeli
769 2124 813 2161 et
845 2118 1038 2161 Archan-

263 2174 360 2226 geli,
379 2177 504 2217 orate
523 2187 606 2228 pro
626 2187 691 2217 eo.

211 2230 370 2273 Sancte
389 2231 513 2282 Abel,
951 2245 1039 2275 ora.

214 2286 366 2329 Omnis
386 2288 547 2330 chorus
566 2288 591 2329 J
592 2290 802 2338 usterum,
951 2301 1039 2331 ora.

212 2343 370 2387 Sancte
389 2345 625 2395 Abraham,
951 2358 1039 2388 ora.

214 2400 372 2443 Sancte
390 2402 415 2443 J
418 2404 582 2444 oannes
602 2403 814 2456 Baptista,
951 2415 1039 2444 ora.

213 2456 370 2499 Sancte
389 2459 414 2499 J
417 2458 568 2511 oseph,
949 2472 1038 2501 ora.

215 2512 378 2555 Omnes
407 2516 548 2557 sancti
571 2515 839 2558 Patriarchae
866 2520 910 2558 et
934 2516 1038 2558 Pro-

265 2569 420 2621 phetae,
905 2575 1038 2614 orate.

213 2625 370 2667 Sancte
390 2627 530 2678 Petre,
951 2642 1039 2671 ora.

213 2681 371 2724 Sancte
387 2683 533 2734 Paule,
952 2698 1039 2727 ora.

213 2738 371 2781 Sancte
390 2739 575 2791 Andrea,
952 2755 1039 2784 ora.

1092 1780 1252 1822 Sancte
1270 1781 1296 1821 J
1297 1782 1473 1831 oannes
1832 1795 1921 1824 ora.

1094 1838 1258 1878 Omnes
1277 1837 1416 1879 sancti
1435 1837 1642 1891 Apostoli
1663 1842 1708 1880 et
1725 1838 1920 1890 Evange-

1144 1894 1269 1944 h'stae,
1785 1897 1920 1937 orate.

1094 1950 1257 1992 Omnes
1276 1951 1415 1993 sancti
1433 1951 1651 2004 Discipuli
1667 1951 1856 2002 Demini,

1786 2011 1921 2051 orate.

1093 2064 1259 2106 Omnes
1278 2063 1418 2105 sancti
1435 2064 1711 2115 Innocentes‚
1785 2067 1919 2108 orate.

1079 2121 1251 2162 ‘Sancte
1269 2119 1501 2173 Stephane,
1831 2134 1920 2164 ora.

1092 2177 1252 2219 Sancte
1271 2177 1489 2226 Laurenti,
1831 2190 1920 2220 ora.

1093 2233 1257 2275 Omnes
1276 2233 1416 2275 sancti
1433 2233 1663 2287 Martyres,
1786 2236 1920 2276 orete.

1092 2290 1251 2332 Sancte
1270 2290 1490 2340 Silvester‚
1831 2303 1920 2333 ora.

1091 2346 1252 2389 Sancte
1272 2346 1470 2398 Gregori,
1831 2360 1920 2389 ora.

1092 2404 1250 2445 Sancte
1268 2404 1526 2454 Augustine,
1830 2416 1918 2445 ora.

1093 2460 1257 2502 Omnes
1277 2460 1416 2501 sancti
1427 2459 1665 2502 Pontifices
1684 2464 1728 2502 et
1744 2460 1919 2502 Confes—

1145 2518 1279 2567 s6res,
1786 2519 1920 2558 orate.

1093 2574 1252 2615 Sancte
1270 2572 1520 2622 Benedicte‚
1832 2586 1919 2615 ora.

1093 2630 1252 2672 Sancte
1270 2630 1514 2679 Francisce‚
1833 2643 1920 2672 ora.

1094 2687 1253 2728 Sancte
1272 2686 1464 2736 Camille,
1831 2699 1919 2728 ora.

1093 2744 1252 2785 Sancte
1271 2743 1295 2784 J
1297 2745 1463 2786 oannes
1483 2742 1538 2785 de
1556 2742 1665 2792 Deo,
1831 2755 1919 2784 ora.
