2066 2956
600 197 777 231 Osiicium
804 196 978 230 votivum
1003 196 1049 230 dc
1077 196 1263 229 l'ussione
1291 195 1332 229 Ι).
1358 195 1403 229 N.
1428 195 1460 228 J.
1487 195 1526 229 C.

209 289 442 332 tradidisse
462 290 665 343 spiritum
680 290 960 341 Evangelista
980 290 1040 332 di-

210 350 346 397 xisse,
384 347 485 399 quia
516 347 561 387 in
597 360 751 388 manus
782 346 866 388 Dei
898 347 1041 388 Patris

211 404 398 445 animam
420 417 544 445 suam
566 402 856 454 comendavit,
879 409 927 446 ut
945 404 1041 456 ipse

211 459 336 502 dixit:
369 459 518 502 Pater!
547 461 591 501 in
618 473 772 502 manus
799 465 897 502 tuas
926 473 1041 501 com-

210 516 370 559 mendo
394 517 597 570 spiritum
620 530 776 559 meum.
814 515 944 567 Quod
967 529 1041 558 no-

210 573 277 615 bis
300 587 472 625 magnae
496 574 591 627 spei
615 574 956 623 fundamentum,
980 578 1040 614 at-

212 644 296 683 que
316 631 529 682 originem
547 631 730 684 praebet.

267 692 328 731 Te
346 688 491 730 Deum
512 688 754 730 laudamus.
775 689 835 730 15.

479 765 559 806 Ad
578 765 775 808 Laudes

430 831 475 860 et
510 836 605 868 per
640 824 824 858 Horas.

266 886 364 924 Ant.
389 885 415 922 1.
442 880 519 921 Fui
539 880 784 931 flagellatus
803 882 827 907 *
846 887 942 925 tota
960 882 1041 934 die,

211 941 254 978 et
275 937 505 987 castigatio
524 949 622 978 mea
642 937 685 978 in
703 939 940 981 matutinis.

265 995 332 1033 Ps.
363 994 574 1035 Dominus
594 995 803 1045 regnavit.
824 997 882 1037 16.

265 1052 300 1091 2.
326 1050 434 1091 Veni
454 1049 510 1092 ad
530 1056 727 1095 montem
746 1052 936 1105 myrrhae
955 1055 979 1080 *
999 1058 1042 1094 et

209 1106 266 1147 ad
291 1106 449 1148 collem
474 1107 628 1158 thuris,
656 1113 881 1160 tamquam
905 1122 1042 1160 agnus

210 1162 266 1204 ad
287 1163 553 1205 occisionem
572 1162 741 1214 duetus,
767 1165 977 1215 obmutui,
1000 1171 1043 1208 et

210 1232 297 1260 non
317 1220 467 1272 aperui
489 1233 539 1261 os
559 1232 715 1261 meum.

265 1278 300 1316 3.
323 1276 542 1318 Foderunt
557 1290 711 1318 manus
725 1290 847 1319 meas
866 1279 889 1303 *
909 1283 953 1321 et
968 1291 1041 1331 pe-

210 1332 288 1374 des
316 1347 456 1375 meos:
486 1333 870 1377 dinumeraverunt
898 1335 1043 1377 emnia

211 1402 312 1432 ossa
330 1404 437 1432 mea.

263 1451 300 1489 4.
322 1448 635 1490 Consolantem
653 1461 724 1490 me
742 1450 766 1475 *
787 1449 981 1500 quaesivi,
1000 1455 1044 1491 et

209 1518 297 1546 non
316 1504 474 1546 inveni:
495 1504 710 1548 dederunt
728 1505 772 1546 in
792 1518 938 1547 escam
955 1519 1042 1548 me·

211 1575 280 1602 am
308 1560 382 1611 fel,
413 1566 456 1603 et
482 1561 526 1602 in
554 1561 624 1603 siti
652 1574 750 1603 mea
776 1565 1044 1615 potaverunt

210 1630 280 1659 me
300 1619 438 1659 aceto.

263 1677 300 1715 5
331 1677 440 1717 Cum
467 1676 713 1727 accepisset
740 1675 868 1716 Jesus
897 1678 920 1702 *
949 1678 1042 1717 ace-

209 1736 318 1781 tum,
347 1730 472 1773 dixit:
502 1732 865 1773 Consummatum
889 1738 972 1783 est3
1001 1738 1044 1774 et

210 1787 417 1830 inclinato
438 1788 594 1842 capite,
615 1788 758 1830 emisit
778 1788 990 1841 spiritum.

292 1848 550 1900 Capitulum.
723 1847 909 1900 Philipp.
930 1848 965 1887 2.

290 1910 442 1947 ratres:
466 1907 565 1947 Hoc
588 1906 702 1948 enim
727 1909 884 1948 sentite
907 1907 951 1947 in
970 1920 1043 1949 vo-

312 1961 398 2013 bis,
427 1961 548 2015 quod
577 1968 620 2004 et
647 1963 690 2003 in
720 1963 894 2005 Christo
924 1964 1044 2005 Jesu:

211 2018 286 2071 qui
315 2032 413 2061 cum
441 2019 485 2060 in
512 2019 654 2061 forma
679 2020 762 2061 Dei
791 2025 925 2071 esset,
956 2034 1043 2062 non

211 2078 409 2128 rapinam
434 2075 671 2118 arbitratus
698 2082 765 2119 est
791 2089 888 2118 esse
914 2090 962 2119 se
988 2091 1042 2119 ae-

212 2132 387 2184 qualem
406 2133 520 2175 Deo:
548 2132 627 2175 sed
649 2136 935 2187 semetipsum
957 2134 1043 2176 exi-

211 2189 385 2240 nanivit,
411 2189 596 2231 formam
616 2190 731 2232 servi
750 2190 981 2243 accipiens,
1001 2191 1044 2232 in

212 2245 540 2288 similitudinem
564 2247 790 2288 hominum
816 2246 972 2297 factus,
1001 2253 1045 2290 et

210 2301 364 2344 habitu
395 2303 596 2346 inventus
624 2309 673 2346 ut
699 2303 846 2345 homo.
896 2305 1044 2345 Humi-

212 2357 335 2401 liavit
354 2363 649 2414 semetipsum,
672 2361 812 2402 factus
833 2359 1044 2403 obediens

214 2427 352 2466 usque
378 2416 433 2458 ad
456 2423 659 2468 mortem,
687 2423 875 2459 mortem
899 2423 1045 2459 autem

214 2483 365 2513 crums'
529 2502 565 2540 H
570 2515 594 2552 y
600 2516 640 2541 m
647 2515 735 2541 nus.

311 2576 407 2605 aevo
429 2564 631 2607 dolorum
650 2566 824 2609 turbine

333 2620 540 2672 Jactatur,
560 2623 665 2665 atris
686 2623 870 2665 obrutus
941 2636 947 2641 ’

291 2677 450 2727 Poenis,
470 2678 628 2722 acerba
648 2680 867 2722 sustinens

294 2732 567 2787 Redemptor
587 2735 742 2778 affixus
763 2737 892 2779 cruci.

1128 289 1265 333 Pedes
1282 294 1527 344 manusque
1545 291 1744 334 horribili

1174 346 1296 390 Clavi
1315 349 1545 390 cruentant
1563 348 1758 392 vulnere:

1174 403 1271 454 Cor,
1291 404 1447 455 vultus,
1467 410 1597 455 artus,
1617 407 1801 459 pectora

1172 461 1307 503 Sacro
1329 460 1576 504 redundant
1595 463 1817 514 sanguine.

1123 527 1231 577 Flet,
1252 532 1359 578 orat,
1380 532 1423 568 et
1443 526 1636 569 clamans
1656 528 1763 571 obit:

1175 584 1262 626 Cor
1281 583 1433 625 Matris
1451 583 1589 625 ictum
1607 585 1814 628 concidit:

1173 641 1273 682 Heu
1292 640 1447 682 Mater!
1471 640 1557 682 heu
1575 641 1672 682 Fili!
1696 641 1824 685 dolor

1173 698 1351 749 Ingrata
1369 698 1541 748 frangat
1559 700 1752 751 pectora.

1125 766 1307 813 Montes,
1327 762 1571 816 sepulchra,
1591 765 1785 816 saxaque

1173 819 1454 862 Scinduntur:
1474 833 1588 871 arva,
1608 820 1796 872 flumina,

1174 878 1338 930 Rupes,
1358 882 1402 919 et
1421 889 1574 929 aequor
1592 879 1879 929 contremunt,

1175 933 1438 987 Templique
1458 934 1604 975 velum
1623 934 1845 978 scinditur.

1126 1000 1209 1050 Sol,
1228 999 1341 1050 luna,
1361 998 1533 1047 coelum,
1553 998 1699 1041 sidera

1173 1056 1402 1107 Plangunt,
1422 1061 1465 1098 et
1485 1055 1606 1098 orbis
1625 1057 1819 1108 ingemit:

1176 1114 1213 1155 O
1234 1126 1315 1155 vos
1334 1113 1425 1163 viri,
1445 1126 1526 1155 vos
1545 1113 1729 1166 parvuli,

1172 1171 1348 1223 Nuptae,
1367 1169 1538 1223 puellae,
1557 1169 1764 1223 plangite.

1127 1238 1278 1278 Astate
1297 1237 1533 1278 moerentes
1553 1235 1682 1286 cruci,

1174 1292 1318 1335 Pedes
1337 1293 1494 1334 beatos
1514 1292 1674 1343 ungite,

1174 1350 1342 1392 Lavate
1362 1350 1479 1399 fletu,
1498 1349 1656 1400 tergite

1176 1407 1335 1456 Comis,
1356 1412 1399 1448 et
1419 1419 1496 1448 ore
1514 1406 1706 1449 lambite.

1127 1474 1193 1514 Tu
1213 1472 1406 1515 caritatis
1426 1473 1614 1524 victima,

1174 1529 1233 1572 Ut
1251 1534 1403 1574 nostra
1421 1528 1552 1571 tollas
1573 1529 1763 1579 crimina,

1175 1586 1317 1629 Nobis
1336 1585 1500 1628 salubri
1519 1585 1695 1639 perficis

1175 1643 1475 1696 Adoptionem
1495 1643 1716 1694 sanguine.

1127 1711 1287 1751 Nostra
1305 1720 1411 1759 ergo
1430 1720 1519 1760 pax
1538 1713 1582 1750 et
1600 1707 1809 1759 gaudium

1175 1766 1243 1808 Sis
1263 1765 1363 1816 vita,
1382 1765 1407 1806 J
1410 1777 1498 1815 esu,
1518 1770 1562 1807 et
1581 1765 1825 1818 praemium3

1175 1823 1242 1865 Sis
1263 1821 1421 1864 ductor
1441 1827 1484 1864 et
1503 1822 1579 1863 lux
1597 1822 1641 1863 in
1659 1822 1741 1871 via,

1173 1880 1355 1930 Merces,
1375 1880 1540 1920 corena
1558 1878 1602 1919 in
1619 1879 1774 1932 patria.

1208 1954 1223 1975 ο
1408 1937 1562 1977 Amen.

1152 1994 1203 2043 V.
1231 1994 1334 2047 Ipse
1366 1992 1619 2035 vulneratus
1649 1997 1716 2034 est
1744 1997 1928 2045 propter

1096 2050 1349 2103 iniquitates
1374 2054 1560 2091 nostras.
1597 2053 1647 2104 131.
1674 2049 1731 2091 Et
1756 2051 1930 2092 attritus

1097 2112 1165 2151 est
1184 2112 1369 2161 propter
1388 2106 1555 2148 scelera
1573 2111 1736 2148 nostra.

1155 2167 1221 2208 Ad
1253 2167 1414 2210 Bened.
1445 2169 1541 2210 Ant.
1583 2167 1652 2210 Ad
1678 2167 1829 2209 Jesum
1858 2180 1929 2208 au-

1097 2231 1186 2268 tem
1213 2226 1237 2253 *
1262 2237 1361 2267 cum
1388 2226 1627 2275 venissent,
1654 2230 1703 2267 ut
1727 2223 1931 2266 viderunt

1098 2295 1198 2324 eum
1222 2283 1306 2334 jam
1330 2283 1568 2331 mortuum,
1596 2294 1684 2323 non
1709 2281 1931 2331 fregerunt

1099 2340 1190 2391 ejus
1218 2351 1360 2388 crura,
1390 2337 1470 2379 sed
1495 2351 1606 2379 unus
1631 2337 1817 2379 militum
1841 2336 1930 2378 lan-

1099 2408 1177 2438 cea
1197 2395 1311 2437 latus
1333 2396 1423 2447 ejus
1447 2394 1630 2448 aperuit,
1654 2399 1698 2436 et
1721 2394 1928 2436 continuo

1099 2453 1235 2495 exivit
1253 2451 1428 2503 sanguis
1448 2456 1492 2493 et
1512 2464 1638 2503 aqua.

1437 2509 1599 2550 Oratio.

1187 2565 1330 2608 emine
1347 2565 1372 2606 J
1374 2577 1452 2606 esu
1470 2563 1652 2614 Christe,
1674 2563 1749 2615 qui
1770 2562 1825 2605 de
1844 2576 1928 2605 coe-

1212 2622 1265 2664 lis
1297 2621 1355 2663 ad
1385 2626 1547 2663 terram
1575 2620 1631 2663 de
1664 2620 1760 2661 sinu
1787 2619 1930 2662 Patris

1100 2678 1386 2728 descendisti,
1431 2683 1475 2719 et
1516 2677 1771 2728 sanguinem
1806 2681 1930 2718 tuum

1099 2736 1343 2790 pretiosum
1373 2735 1417 2776 in
1448 2734 1749 2776 remissionem
1776 2745 1928 2787 pecca-
