2066 2956
480 173 656 207 Officium
682 172 856 206 votivum
883 172 929 205 de
953 173 987 205 ὅ.
1012 171 1158 213 Joscph
1188 172 1340 213 §penso
1371 170 1406 203 Η.
1435 170 1478 203 Μ.
1509 170 1546 202 N'.

154 276 261 321 tam,
294 271 368 324 qui
394 274 561 320 narrat,
590 269 711 322 quod
739 269 794 311 de
823 270 989 322 Spiritu

157 332 311 370 sancto
331 329 608 380 conceperat.

209 395 259 445 Rz.
290 392 448 443 Surge,
478 395 522 433 et
551 390 703 443 accipe
731 393 918 442 puerum
947 394 990 431 et

156 453 342 491 matrem
361 449 463 499 ejus,
486 452 531 489 et
549 447 650 497 fuge
667 446 712 487 in
730 447 990 499 AEgyptum:

158 509 179 532 *
196 506 254 547 Et
268 510 364 547 esto
379 504 451 555 ibi,
467 516 607 556 usque
623 502 728 545 dum
743 503 886 544 dicam
899 502 990 544 tibi.

157 559 207 611 V.
235 562 295 604 Ut
327 560 643 614 adimpleretur
673 559 794 611 quod
825 558 991 600 dictum

159 622 226 660 est
253 631 279 659 a
304 618 497 659 D6mino
525 629 605 669 per
629 615 901 668 Prophetam
930 614 990 656 di-

159 677 346 717 centem:
370 675 438 714 Ex
456 674 655 725 AEngto
675 672 834 714 vocavi
853 671 991 712 filium

158 744 316 773 meum.
343 731 411 771 Et.
439 729 594 772 Gloria
611 729 743 770 Patri.
770 729 838 770 Et.

462 796 613 836 Lectio
634 795 687 834 ix.

161 855 232 962 C
241 868 316 896 um
330 867 436 896 vero
450 866 562 895 unus
571 853 778 904 idemque
790 854 992 894 narrator

250 914 486 963 utrumque
498 909 625 960 dicat,
636 912 874 961 utramque
885 922 994 950 com-

159 967 350 1017 mendet,
371 971 415 1008 et
430 967 571 1008 virum
584 966 737 1007 Mariae
751 966 776 1006 J
779 965 930 1018 oseph,
950 970 994 1007 et

162 1025 326 1067 Christi
343 1023 571 1074 Virginem
590 1022 788 1072 Matrem,
811 1026 855 1064 et
875 1022 993 1063 Chri-

161 1086 278 1124 stum
302 1093 357 1122 ex
382 1079 548 1121 semine
569 1077 730 1128 David,
759 1082 803 1120 et
826 1078 851 1119 J
853 1077 994 1130 oseph

160 1138 205 1179 in
221 1137 333 1179 serie
351 1136 747 1190 progeneraterum
763 1133 925 1176 Christi
940 1147 994 1176 ex

162 1194 322 1236 David:
347 1190 454 1245 quid
472 1195 620 1241 restat,
642 1191 728 1232 nisi
750 1196 793 1233 et
810 1191 995 1232 Mariam

162 1264 251 1292 non
266 1250 402 1291 fuisse
422 1250 676 1290 extraneam
691 1260 717 1288 a
732 1247 994 1298 cognatione

161 1306 327 1356 David,
360 1310 405 1347 et
438 1317 536 1346 eam
566 1303 735 1356 Joseph
765 1304 995 1355 cOnjugem

161 1376 251 1405 non
265 1363 427 1404 frustra
446 1360 715 1414 appellatam
728 1365 913 1413 propter
929 1361 995 1400 ότ-

163 1419 311 1462 dinem
337 1431 468 1460 sexus
493 1421 538 1459 et
563 1416 808 1458 animorum
834 1416 995 1457 confoe-

165 1475 454 1524 deratidnem;
480 1478 525 1516 et
542 1474 568 1514 J
571 1472 711 1525 oseph
728 1473 877 1525 petius
896 1485 996 1525 pro-

163 1537 263 1585 pter
287 1531 548 1582 dignitatem
570 1529 740 1571 virilem
763 1528 818 1570 ab
843 1528 996 1570 &rdine

163 1588 496 1640 generati6num
531 1585 707 1627 illarum
742 1598 831 1626 non
862 1585 997 1626 fuisse

165 1642 472 1699 separandum,
489 1655 544 1684 ne
557 1641 643 1683 hoc
658 1642 758 1694 ipso
774 1640 998 1683 videretur

165 1700 221 1742 ab
244 1699 319 1741 illa
341 1699 503 1741 femina
525 1700 775 1751 separatus,
804 1698 874 1739 cui
898 1710 998 1739 eum

166 1755 458 1809 conjungebat
475 1754 635 1796 mentis
653 1753 860 1795 affectus?

224 1819 284 1859 Te
302 1817 446 1858 Deum
463 1809 705 1856 laudar'nus.
723 1815 783 1855 15.

433 1899 513 1941 Ad
538 1898 736 1940 Laudes

376 1963 427 1989 et
467 1965 564 1998 per
607 1954 799 1987 Horas.

224 2014 321 2056 Ant.
342 2015 374 2054 1.
395 2012 532 2055 Jacob
553 2017 700 2054 autem
717 2011 742 2038 *
761 2010 911 2061 genuit
930 2010 955 2050 J
958 2022 1000 2051 0-

170 2069 280 2123 seph
307 2069 449 2111 virum
475 2069 645 2118 Mariae,
675 2067 730 2109 de
759 2079 846 2119 qua
872 2070 1002 2108 natus

170 2131 238 2168 est
256 2126 395 2175 JeSUS‚
415 2125 491 2178 qui
509 2126 695 2167 vocatur
714 2123 924 2164 Christus.

227 2186 292 2226 Ps.
323 2185 538 2229 Deminus
557 2183 768 2236 regneivit.
787 2184 847 2224 16.

224 2244 260 2282 2.
290 2242 448 2283 Missus
470 2245 538 2282 est
561 2242 584 2267 *
605 2240 801 2291 Angelus
823 2238 1004 2280 Gabriel

171 2312 197 2341 a
224 2300 323 2341 Deo
355 2299 399 2339 in
431 2298 656 2339 civitatem
684 2296 898 2344 Galilaeae,
934 2295 1003 2336 cui

171 2368 332 2397 nomen
349 2353 584 2404 Nazareth,
606 2352 663 2395 ad
682 2352 910 2404 Virginem
932 2350 1003 2392 de-

173 2414 428 2464 sponsetam
458 2410 575 2459 viro,
613 2409 684 2451 cui
718 2421 878 2450 nomen
911 2411 1004 2448 erat

172 2469 196 2510 J
200 2468 351 2521 oseph.

228 2526 264 2564 3.
302 2522 514 2565 Ascendit
545 2527 692 2564 autem
723 2522 747 2548 *
780 2518 948 2571 Joseph
980 2531 1006 2559 a

175 2579 361 2621 Galilaea
392 2579 448 2621 de
480 2578 659 2620 civitate
685 2575 928 2623 Nazareth,
962 2575 1005 2614 in

173 2635 385 2686 Judaeum,
410 2635 454 2676 in
478 2634 703 2676 civitatem
723 2630 880 2680 David,
906 2642 1006 2681 quae

174 2693 358 2733 vocatur
376 2690 646 2733 Bethlehem.

1092 272 1129 310 4.
1156 272 1215 311 Et
1240 269 1455 309 venerunt
1479 265 1753 313 festinantes,
1781 263 1805 288 *
1832 266 1875 303 et

1040 325 1301 366 invenerunt
1328 323 1513 364 Mariam
1541 327 1585 363 et
1613 321 1637 361 J
1640 319 1800 372 oseph,
1831 323 1875 360 et

1040 381 1253 422 infantem
1270 379 1465 432 positum
1482 379 1526 419 in
1544 376 1777 430 praesepio.

1094 456 1130 494 5.
1162 454 1218 493 Et
1237 449 1334 501 ipse
1352 448 1377 489 J
1380 460 1481 489 esus
1503 448 1527 474 *
1549 450 1642 487 erat
1660 444 1875 497 incipiens

1044 506 1169 558 quasi
1202 506 1415 547 annerum
1447 503 1645 555 triginta,
1677 506 1725 542 ut
1753 506 1876 553 puta-

1042 562 1174 604 batur
1192 562 1308 603 filius
1326 561 1351 601 J
1353 559 1503 612 oseph.

1123 635 1381 686 Capitulum.
1543 636 1649 673 (ion.
1671 635 1735 671 42).
1757 632 1795 672 d.

1127 703 1426 746 enedictic'mes
1451 701 1589 754 patris
1616 700 1679 742 tui
1708 700 1877 741 confor-

1147 763 1255 803 tatae
1279 765 1379 801 sunt
1402 756 1783 801 benedietio'nibus
1804 770 1878 808 pa-

1043 823 1160 859 trum
1192 818 1303 869 ejus,
1337 814 1480 857 donec
1511 816 1680 855 veniret
1709 812 1879 854 deside-

1044 874 1157 915 rium
1185 873 1362 915 edilium
1391 873 1674 913 aeterndrum:
1702 869 1808 910 fiant
1835 869 1878 908 in

1046 931 1192 983 capite
1210 930 1234 970 J
1238 928 1394 981 oseph‚
1421 933 1464 969 et
1487 927 1531 967 in
1556 926 1720 968 vertice
1739 925 1878 966 Naza-

1046 987 1121 1028 raei
1141 988 1254 1028 inter
1272 986 1429 1027 fratres
1449 997 1564 1026 suos.

1363 1063 1571 1114 Hymnus.

1149 1128 1318 1170 o'elitum
1350 1125 1519 1178 Joseph
1556 1124 1711 1175 decus,
1748 1130 1880 1176 atque

1358 1187 1524 1224 nostrae

1127 1241 1257 1283 Certa
1293 1253 1396 1293 spes
1431 1239 1553 1288 vitae,
1591 1238 1882 1288 columenque

1359 1294 1520 1345 mundi,

1126 1356 1245 1405 Quas
1278 1352 1358 1395 tibi
1389 1352 1481 1392 laeti
1513 1351 1727 1400 canimus,
1764 1350 1882 1391 beni-

1360 1421 1471 1459 gnus

1257 1466 1441 1518 Suscipe
1460 1464 1625 1506 laudes.

1079 1556 1142 1595 Te
1162 1554 1292 1595 Sator
1311 1565 1456 1593 rerum
1476 1550 1628 1592 statuit
1647 1548 1823 1602 pudicae

1129 1609 1322 1660 Virginis
1372 1620 1607 1672 sponsum,
1657 1605 1883 1656 voluitque

1129 1723 1195 1764 Te
1219 1663 1519 1775 patrenchlilgi,
1549 1717 1671 1760 dedit
1697 1723 1740 1759 et
1765 1717 1884 1758 mini-

1365 1781 1503 1818 strum

1259 1835 1370 1875 Esse
1390 1832 1555 1874 salutis.

1078 1927 1149 1964 Tu
1172 1919 1521 1972 Redemptdrem
1548 1916 1722 1959 stabulo
1749 1917 1886 1968 jacen-

1133 2036 1274 2086 Quem
1293 1981 1634 2102 chdsslg'vatum
1654 2028 1811 2071 cecinit
1826 2028 1887 2069 fu-

1131 2146 1310 2200 Aspicis
1354 2094 1574 2196 ggdldgiiffi
1626 2140 1888 2192 humilisque

1368 2207 1519 2244 natum

1263 2260 1437 2301 Numen
1457 2256 1626 2298 aderas.

1089 2349 1182 2390 Rex
1199 2348 1322 2388 Deus
1345 2356 1512 2408 regum,
1535 2339 1800 2382 Dominator
1824 2351 1890 2380 or-

1137 2461 1268 2512 Cujus
1297 2457 1354 2499 ad
1367 2400 1533 2496 ξιιιῗίωω
1559 2452 1707 2494 tremit
1734 2451 1890 2492 infere-

1136 2571 1307 2619 Turba,
1348 2524 1620 2619 cffissronus
1656 2564 1892 2606 famulatur

1373 2623 1521 2672 aether,

1266 2682 1322 2723 Se
1339 2679 1421 2722 tibi
1439 2677 1598 2720 subdit.
