2066 2956
505 220 575 255 Die
602 222 650 255 lss.
675 221 774 261 Maii.
821 222 856 255 S.
881 221 1044 256 Joannis
1068 220 1329 264 Nepomuccni
1354 222 1459 255 Mart.

145 316 315 364 natura,
344 314 464 366 cujus
489 318 532 355 et
554 327 636 355 nos
659 314 856 357 homines
874 315 962 368 pal-

143 370 272 412 mites
293 382 390 412 esse
407 372 649 423 possemus.

196 433 247 483 Rs.
273 431 362 472 Iste
391 435 458 472 est
487 431 559 483 qui
588 436 688 473 ante
709 432 851 473 Deum
878 446 964 474 ma—

145 500 224 528 nas
256 487 440 528 virtutes
474 489 683 539 operatus
717 493 798 538 est,
834 494 877 530 et
910 488 965 530 de

145 543 263 585 omni
298 542 432 584 corde
468 556 548 585 suo
586 543 780 586 laudavit
818 545 964 586 Demi-

145 612 263 641 num:
291 604 312 627 *
341 600 444 652 Ipse
476 599 718 642 intercedat
747 613 829 653 pro
866 614 963 653 pec-

145 656 253 698 catis
273 657 465 697 omnium
483 657 763 710 populorum,
784 658 964 710 alleluja.

144 710 193 762 V.
220 713 336 754 Ecce
353 712 486 754 homo
507 713 598 755 sine
619 714 812 766 querela,
836 727 964 756 verus

144 769 229 811 Dei
255 768 408 819 cultor,
441 769 663 811 abstinens
691 782 737 811 se
765 770 819 812 ab
849 771 964 811 omni

147 827 282 878 opere
300 825 427 875 malo,
443 830 487 867 et
505 827 764 878 permanens
783 827 826 867 in
845 827 963 868 inno-

146 882 287 924 centia
308 894 397 922 sua.
437 882 550 934 Ipse.

425 952 575 993 Lectio
597 953 680 993 viii.

230 1015 305 1058 uid
324 1028 428 1068 ergo
449 1022 526 1066 est,
545 1017 639 1067 Ego
661 1029 756 1058 sum
775 1018 875 1058 vitis
894 1031 963 1059 ve·

247 1071 318 1113 ra?
337 1071 562 1124 Numquid
580 1076 628 1113 ut
644 1071 836 1123 adderet,
851 1086 964 1122 vera⁷

143 1127 229 1169 hoc
244 1127 300 1169 ad
316 1140 412 1169 eam
426 1127 559 1169 vitem
573 1128 732 1177 retulit,
751 1129 867 1171 unde
881 1130 965 1171 ista

143 1183 381 1226 similitudo
404 1184 614 1226 translata
637 1183 727 1226 est?
756 1185 827 1226 Sic
851 1186 965 1227 enim

144 1240 300 1282 dicitur
315 1241 415 1282 vitis
428 1253 508 1293 per
523 1240 858 1291 similitudinem,
877 1254 964 1282 non

143 1309 223 1349 per
240 1297 571 1349 proprietatem:
596 1296 965 1349 quemadmodum

145 1352 301 1394 dicitur
329 1354 432 1403 ovis,
461 1365 608 1404 agnus,
636 1353 717 1403 leo,
743 1358 880 1406 petra,
907 1354 964 1395 13-

143 1409 212 1462 pis
231 1409 462 1460 angularis,
481 1414 526 1451 et
545 1411 690 1451 cetera
707 1409 964 1462 hujusmodi,

145 1478 243 1518 quae
261 1466 399 1517 magis
418 1467 515 1519 ipsa
534 1470 635 1507 sunt
653 1479 772 1516 vera,
800 1479 854 1508 ex
874 1467 964 1519 qui-

142 1521 228 1564 bus
267 1521 484 1564 ducuntur
516 1522 614 1564 istae
648 1522 965 1573 similitudines⁷

143 1591 230 1619 non
257 1578 562 1632 proprietates».
609 1578 696 1620 Sed
724 1591 823 1620 cum
851 1578 965 1629 dicit,

142 1635 236 1685 Ego
261 1647 358 1676 sum
376 1635 476 1676 vitis
495 1647 613 1676 vera:
641 1635 696 1676 ab
719 1634 792 1676 illa
816 1648 863 1676 se
886 1636 964 1677 uti-

145 1703 229 1744 que
249 1690 469 1741 discernit,
493 1691 561 1732 cui
580 1690 750 1733 dicitur:
775 1692 964 1742 Quomo-

144 1747 201 1790 do
236 1749 447 1790 conversa
481 1760 527 1789 es
559 1748 603 1789 in
635 1747 965 1790 amaritudinem

143 1804 244 1846 vitis
271 1802 432 1846 aliena?
469 1804 583 1846 Nam
616 1817 702 1857 quo
735 1809 867 1856 pacto
900 1810 966 1846 est

142 1861 242 1902 vitis
269 1873 386 1910 vera,
415 1873 513 1913 quae
541 1863 796 1913 exspectata
824 1865 891 1902 est
918 1866 966 1902 ut

143 1917 307 1959 faceret
329 1929 475 1967 uvam,
502 1916 605 1959 fecit
627 1921 770 1958 autem
795 1916 964 1969 spinas?

194 1980 244 2030 R.
276 1977 370 2019 Sint
400 1977 537 2019 lumbi
565 1973 698 2019 vestri
727 1978 964 2030 praecincti,

143 2039 188 2076 et
222 2034 412 2076 lucernae
449 2033 652 2075 ardentes
687 2034 732 2074 in
766 2033 964 2075 manibus

143 2090 314 2133 vestris:
328 2094 349 2116 *
365 2090 421 2132 Et
439 2103 519 2132 vos
538 2089 701 2131 similes
719 2089 964 2131 hominibus

144 2146 498 2200 exspectantibus
555 2145 779 2187 dominum
826 2158 964 2195 suum,

144 2202 319 2256 quando
343 2205 587 2245 revertatur
613 2215 638 2243 a
661 2202 840 2254 nuptiiS,
866 2201 964 2243 3110-

142 2259 239 2311 luja.
263 2252 312 2304 V.
329 2259 521 2310 Vigilate
537 2271 652 2310 ergo,
669 2259 769 2310 quia
788 2257 963 2299 nescitis

145 2328 230 2368 qua
243 2315 352 2357 hora
365 2315 579 2356 Dominus
596 2319 740 2356 vester
755 2317 963 2356 venturus
1085 2319 1097 2343 -’
1119 2327 1120 2330 “

144 2373 211 2413 511.
247 2372 313 2414 Ε1.
343 2371 495 2413 Gloria
513 2371 643 2413 Patri.
671 2371 735 2411 Et.

442 2445 593 2486 Lectio
613 2446 666 2485 ix.

225 2522 283 2560 go
313 2523 425 2559 sum,
456 2509 612 2562 inquit,
643 2509 742 2550 vitis
773 2520 890 2550 vera:
922 2512 965 2548 et

242 2566 373 2607 Pater
386 2579 509 2607 meus
524 2565 716 2617 agricola
731 2569 807 2606 est.
831 2563 962 2604 Num-

147 2621 251 2673 quid
278 2635 411 2663 unum
438 2627 537 2663 sunt
564 2620 754 2671 agricola
779 2624 823 2661 et
841 2618 963 2660 vitis?

146 2677 392 2719 Secundum
409 2678 494 2719 hoc
516 2690 619 2729 ergo
638 2677 736 2718 vitis
757 2675 964 2724 Christus,

146 2733 385 2775 secundum
413 2733 533 2786 quod
561 2733 635 2775 ait:
672 2733 801 2774 Pater
828 2732 964 2783 major

1017 328 1086 357 me
1107 320 1184 357 est.
1212 314 1461 357 Secundum
1480 321 1624 358 autem
1643 316 1699 365 id,
1719 315 1838 368 quod

1017 372 1091 413 ait:
1132 372 1242 422 Ego,
1277 377 1320 414 et
1351 372 1481 414 Pater
1514 386 1646 414 unum
1675 385 1837 421 sumus3

1018 428 1174 480 etipse
1193 427 1383 479 agricola
1402 433 1480 470 est:
1504 441 1584 470 nec
1602 428 1715 479 talis,
1736 440 1836 480 qua-

1016 483 1080 525 les
1099 489 1212 533 sunt,
1233 484 1307 535 qui
1325 486 1593 526 extrinsecus
1613 484 1836 537 operando

1017 539 1222 582 exhibent
1241 540 1538 591 ministerium3
1563 541 1641 582 sed
1656 540 1771 590 talis,
1790 546 1836 582 ut

1018 596 1092 638 det
1134 597 1265 638 etiam
1306 596 1563 638 intrinsecus
1603 598 1836 638 incremen-

1017 658 1120 694 tum.
1166 653 1279 694 Nam
1306 665 1446 704 neque
1475 653 1549 705 qui
1574 653 1742 706 plantat
1771 658 1836 695 est

1018 708 1197 761 aliquid,
1225 721 1366 761 neque
1394 709 1467 760 qui
1486 709 1612 759 rigat:
1638 709 1734 758 sed,
1763 710 1837 760 qui

1016 765 1330 807 incrementum
1358 765 1449 814 dat,
1476 766 1606 807 Deus
1643 765 1730 807 Sed
1756 766 1835 807 uti-

1019 834 1102 874 que
1121 822 1241 863 Deus
1265 827 1332 863 est
1353 821 1564 871 Christus,
1593 822 1693 874 quia
1715 822 1835 862 Deus

1017 882 1110 919 erat
1129 877 1340 919 Verbum:
1368 878 1483 920 unde
1507 878 1616 930 ipse,
1644 883 1687 919 et
1705 878 1835 918 Pater

1016 947 1148 975 unum
1167 939 1279 975 sunt:
1304 939 1363 984 et,
1386 934 1422 975 si
1440 934 1636 976 Verbum
1655 946 1756 975 caro
1777 933 1833 974 fa-

1017 994 1134 1031 ctum
1161 995 1244 1040 est,
1282 991 1401 1042 quod
1432 1004 1517 1032 non
1545 995 1655 1040 erat,
1690 995 1835 1031 manet

1018 1045 1137 1098 quod
1156 1052 1258 1088 erat.

1068 1104 1130 1143 Te
1149 1103 1291 1144 Deum
1310 1103 1547 1144 laudamus.
1567 1103 1624 1142 15.

1281 1201 1363 1242 Die
1383 1202 1441 1242 16.
1461 1202 1571 1254 Maji.

1043 1274 1085 1315 S.
1105 1274 1135 1315 J
1137 1273 1312 1315 oannis
1329 1274 1665 1324 Nepomuceni
1685 1272 1807 1312 Mart.

1346 1336 1507 1379 Duplex.

1069 1389 1204 1423 Omnia
1225 1389 1271 1423 de
1288 1389 1430 1423 Comm.
1447 1389 1559 1423 unius
1578 1389 1683 1423 Mart.
1702 1389 1831 1432 Temp.

1017 1439 1150 1473 Paseh.
1178 1438 1250 1482 [38]
1272 1442 1411 1481 praeter
1435 1448 1537 1480 sequ.

1343 1506 1503 1545 Oratio.
1541 1523 1549 1532 ·

1102 1572 1195 1610 0115,
1223 1560 1295 1612 qui
1319 1559 1376 1601 ob
1399 1560 1605 1601 invictum
1629 1559 1746 1602 beati
1763 1560 1832 1601 Jo-

1111 1616 1232 1657 annis
1269 1616 1579 1657 sacramentale
1608 1616 1832 1665 silentium,

1016 1685 1131 1714 nova
1149 1672 1390 1714 Ecclesiam
1414 1677 1534 1713 tuam
1551 1673 1743 1724 martyrii
1764 1685 1832 1713 co-

1017 1731 1124 1770 10113
1151 1729 1383 1771 decorasti:
1420 1729 1477 1770 da
1504 1729 1630 1770 nobis
1658 1730 1747 1781 ejus
1774 1729 1832 1769 in-

1016 1786 1280 1827 101005510110
1314 1789 1357 1827 01
1388 1785 1606 1837 exemplo,
1645 1785 1834 1836 linguam

1018 1847 1143 1883 caute
1171 1841 1404 1891 custodire3
1439 1854 1490 1882 ac
1518 1842 1662 1882 emnia
1688 1841 1833 1894 potius

1017 1898 1147 1948 mala,
1180 1911 1310 1950 quam
1338 1898 1491 1939 animae
1519 1897 1833 1946 detrimentum,

1016 1955 1059 1995 in
1077 1954 1162 1996 hoc
1185 1954 1346 1996 saeculo
1370 1954 1568 1996 tolerare.
1606 1955 1689 1995 Per
1707 1955 1832 1994 Dfim.

1068 2027 1110 2060 In
1142 2026 1165 2059 Ι.
1196 2025 1392 2058 Nocturno
1422 2023 1622 2056 Lectiones
1658 2023 1704 2056 de
1734 2023 1829 2055 Scri-

1016 2079 1127 2118 ptura
1151 2077 1381 2108 occurrente.

1246 2148 1294 2188 In
1312 2148 1362 2187 ΙΙ.
1381 2146 1600 2185 Νο01111110.

1312 2215 1461 2256 Lectio
1480 2215 1533 2254 iv.

1022 2292 1058 2315 ²5⁵
1085 2284 1291 2326 (03111105
1326 2280 1571 2333 Nepomuci
1609 2274 1832 2321 Bohemiae

1020 2385 1045 2394 Η
1090 2359 1107 2388 ς.
1144 2336 1327 2390 oppido,
1378 2335 1491 2378 unde
1534 2336 1833 2388 Nepomuceni

1078 2390 1116 2411 ²*
1144 2395 1386 2444 cognemen
1418 2391 1558 2442 duxit,
1589 2405 1614 2433 a
1645 2392 1832 2444 parenti-

1014 2451 1097 2493 bus
1123 2452 1252 2491 aetate
1277 2448 1513 2501 provectis,
1541 2460 1629 2495 non
1655 2447 1746 2489 sine
1770 2447 1843 2488 fu->

1014 2511 1125 2550 turae
1145 2505 1387 2547 sanctitatis
1401 2504 1629 2557 praesagio,
1647 2504 1831 2544 flammis

1016 2576 1148 2616 supra
1179 2561 1395 2603 nascentis
1422 2559 1601 2602 domum
1630 2560 1830 2602 mirabili-

1014 2625 1081 2662 ter
1106 2617 1433 2667 collucentibus,
1462 2621 1583 2658 ortus
1608 2621 1685 2658 est.
1726 2616 1832 2657 Cum

1014 2675 1154 2716 infans
1176 2674 1220 2714 in
1243 2685 1419 2724 gravem
1442 2672 1644 2715 morbum
1662 2671 1832 2714 incidis-

1015 2735 1093 2780 set,
1110 2730 1254 2774 beatae
1273 2729 1463 2780 Virginis
1483 2741 1579 2781 ope,
1598 2729 1667 2771 cui
1683 2732 1831 2770 natum
