2066 2956
582 234 654 267 Die
681 233 732 267 18.
757 233 895 267 Martii.
942 234 977 266 S.
1002 232 1196 266 Gabriclis
1223 231 1414 271 Archang.
1765 229 1857 273 [337]

451 328 603 369 Lectio
623 341 661 368 v.
1029 326 1198 376 gotium
1216 325 1465 377 injungitur,
1490 330 1609 367 recte
1628 325 1705 367 tali
1723 325 1858 367 nemi-

242 397 294 427 ec
321 382 546 426 discordat
573 395 733 424 nomen
758 395 784 423 a
808 382 976 424 nuntio:
1029 394 1083 423 ne
1104 380 1367 432 designatur.

250 441 335 482 Dei
349 439 514 492 quippe
528 439 734 480 virtutem
746 438 977 488 Christum,
1086 443 1134 493 Rg.
1167 437 1263 487 Ego
1298 450 1394 478 sum
1427 437 1622 487 Gabriel,
1656 437 1731 489 qui
1763 441 1860 478 asto

148 509 280 549 quem
323 495 480 537 melius
529 494 730 536 nuntiare
777 494 977 543 decebat,
1031 498 1132 535 ante
1159 493 1319 534 Deum:
1352 498 1396 535 et
1427 494 1585 535 missus
1614 507 1711 534 sum
1738 493 1862 545 loqui

149 565 281 605 quam
310 552 441 602 hunc,
483 564 615 603 quem
647 551 786 592 simile
818 563 978 591 nomen
1032 549 1089 591 ad
1107 554 1168 599 te,
1192 554 1235 590 et
1254 549 1351 590 haec
1371 549 1682 600 evangelizare.
1704 554 1722 572 *
1745 549 1862 591 Ecce

147 607 358 650 honerat?
386 606 613 659 Numquid
635 613 702 649 est
722 606 841 648 aliud
860 606 978 648 forti·
1032 606 1116 647 eris
1148 610 1315 655 tacens,
1348 611 1391 647 et
1421 618 1509 647 non
1540 606 1708 658 poteris
1740 605 1863 657 loqui

147 663 269 715 tudo,
290 677 421 717 quam
439 663 598 706 virtus?
620 663 720 704 Non
741 667 886 704 autem
907 662 978 704 de·
1032 662 1226 714 usquein
1237 660 1353 702 diem
1365 674 1452 713 quo
1464 661 1560 703 haec
1571 661 1688 716 fiant.
1710 660 1742 707 V
1751 695 1756 700 .
1775 662 1862 703 Pro

149 720 310 763 decens
343 726 417 762 aut
450 721 738 770 incengruum
766 719 979 768 videatur,
1033 731 1086 759 eo
1104 717 1225 770 quod
1239 731 1327 759 non
1343 717 1568 759 credidisti
1585 716 1730 759 verbis
1744 718 1864 766 meis,

149 777 387 818 Dominum
407 781 450 818 et
468 776 668 818 nuntium
687 775 863 818 cofin'mi
883 788 978 816 cen·
1035 787 1133 826 quae
1177 774 1476 827 implebuntur
1526 775 1727 826 tempore
1772 786 1864 815 suo.

149 833 236 875 seri
254 833 492 875 vocabulo:
517 846 616 874 cum
635 832 787 874 similis
806 831 850 872 in
864 833 979 873 utro·
1032 831 1159 872 Ecce.
1189 830 1341 872 Gloria
1357 831 1487 872 Patri.
1515 831 1642 871 Ecce.

150 902 236 943 que
269 889 594 942 appellatic'mis,
628 901 717 930 non
750 888 806 929 sit
833 893 982 929 tamen
1259 913 1307 950 In
1326 912 1386 950 HI
1416 912 1638 950 Nocturno.

148 946 378 998 utriusque
429 945 581 987 similis
631 957 774 986 causa.
841 944 982 985 Aliter

152 1003 316 1055 quippe
341 1002 540 1044 Christus
564 1000 778 1043 fortitudo
803 1000 876 1042 vel
899 1001 980 1042 vir·
1088 976 1185 1015 Ant·
1207 973 1367 1041 Missus,
1387 978 1454 1037 θῗῒ
1473 972 1653 1015 Gabriel
1668 971 1865 1039 Angelus

149 1063 222 1100 tus
237 1059 321 1100 Dei
337 1057 505 1108 dicitur,
526 1058 652 1100 aliter
666 1057 874 1108 Angelus.
893 1057 980 1097 An·
1035 1029 1092 1071 ad
1110 1029 1294 1070 Manam
1308 1030 1534 1080 Vlrgmem
1553 1028 1867 1081 desponsatam

150 1114 274 1165 gelus
311 1114 426 1156 enim
464 1119 635 1156 tantum
670 1115 982 1165 nuncupative,
1034 1085 1212 1138 'Ioseph'
1242 1145 1250 1157 ,
1345 1141 1354 1149 .
1735 1141 1744 1151 ,
1839 1139 1847 1147 .

152 1171 351 1213 Christus
375 1175 521 1212 autem
545 1170 676 1212 etiam
699 1169 982 1211 substantive.
1090 1146 1186 1185 Am·
1219 1140 1400 1183 (Jabnel
1418 1140 1614 1191 Angelus
1633 1140 1784 1181 Manae
1806 1138 1866 1181 ‘1¹’

203 1234 254 1283 Re.
293 1230 535 1273 Descendit
572 1230 754 1272 Gabriel
787 1229 983 1280 Angelus
1035 1198 1112 1262 ῗόῒῖ
1130 1198 1247 1239 Ecce
1265 1196 1494 1265 Elisabeth
1513 1198 1701 1260 cognata
1718 1199 1868 1264 maKet

152 1287 209 1329 ad
223 1287 493 1337 Zachariam,
513 1287 710 1329 dimum*
729 1286 798 1328 Ne
817 1288 983 1334 timeas,
1036 1267 1133 1307 1psa
1165 1255 1369 1306 concep1t
1401 1253 1539 1294 filium
1571 1266 1615 1292 m
1643 1256 1868 1293 senectute
1913 1281 1916 1287 ,

154 1344 363 1396 queniam
390 1343 597 1386 exaudita
630 1347 698 1384 est
726 1341 983 1394 deprecatio
1037 1323 1126 1351 sua‘

152 1405 171 1442 t
647 1402 657 1412 ,
886 1400 895 1409 ,
928 1397 936 1405 .
1090 1370 1188 1407 Ant⁴
1214 1366 1397 1418 Suscipe
1417 1364 1600 1406 verbum
1618 1364 1757 1414 Virgo
1779 1363 1868 1404 Ma-

172 1413 244 1465 ua,
277 1405 320 1468 §²³1⁶
347 1412 459 1442 uxor
485 1404 562 1441 tua
587 1398 815 1464 Ehflabeth
842 1402 985 1462 parffet
1037 1423 1112 1471 ria,
1133 1421 1254 1472 quod
1272 1421 1352 1463 tibi
1372 1434 1398 1462 a
1415 1421 1608 1462 Domino
1627 1432 1707 1472 per
1727 1420 1868 1470 Ange-

152 1457 233 1499 t1b1
255 1456 411 1506 fillum,
440 1461 484 1498 et
503 1455 685 1497 vocabis
708 1467 869 1497 nomen
893 1466 985 1505 eJus

153 1513 178 1554 J
181 1516 379 1555 oannem.
418 1507 467 1550 V.
496 1512 554 1554 Et
577 1512 814 1553 Zacharias
838 1509 984 1551 turba·
1037 1477 1127 1546 hm?
1148 1477 1399 1545 Gabrifflenff
1417 1478 1720 1519 transmissum
1739 1481 1817 1517 est·

154 1574 225 1611 tus
242 1574 310 1611 est
323 1546 489 1618 videnS,
509 1573 553 1610 et
567 1568 700 1610 timor
714 1567 838 1608 irruit
853 1577 985 1618 super
1088 1536 1138 1582 V·
1157 1534 1209 1574 In
1224 1538 1465 1586 conspeetu
1476 1532 1747 1584 Angelorum
1761 1531 1868 1584 psal‘

155 1638 269 1667 eum·
298 1625 359 1667 ait
384 1630 531 1666 autem
555 1623 613 1666 ad
635 1624 757 1665 inum
779 1622 975 1673 Angelus
1038 1589 1126 1630 lam
1152 1589 1232 1631 tibi
1255 1589 1377 1630 Deus
1405 1601 1539 1630 meus.
1578 1590 1624 1639 R„
1655 1587 1868 1629 Adorabo

154 1681 223 1723 Ne
241 1657 407 1724 timeas·
978 1652 985 1661 ·
1039 1645 1096 1686 ad
1111 1645 1324 1698 templum
1338 1649 1538 1686 sanctum
1551 1648 1685 1693 tuum,
1705 1648 1748 1685 et
1767 1656 1866 1685 con-

457 1731 608 1773 Leefio
629 1731 681 1770 vi·
1039 1701 1200 1743 fitebor
1218 1701 1381 1742 nomini
1399 1706 1488 1743 tuo.

233 1789 398 1831 hristus
417 1789 501 1830 Dei
519 1789 658 1831 virtus
682 1793 726 1830 et
745 1787 919 1837 dicitur,
944 1792 987 1829 et
1044 1776 1199 1819 Lectio
1225 1775 1364 1817 sancti
1386 1774 1612 1825 Evangelii
1631 1773 1869 1815 secundum

248 1851 331 1888 est:
351 1846 426 1897 qui
443 1846 548 1888 forti
566 1847 748 1895 armato,
769 1844 843 1896 qui
862 1857 988 1884 suum
1255 1891 1263 1897 ,
1347 1831 1537 1896 „Lucam-
1578 1885 1591 1898 Ἰ

156 1903 315 1944 atrium
341 1902 386 1942 in
411 1915 523 1955 pace
551 1900 776 1943 custodire
804 1899 987 1948 solebat,
1137 1892 1295 1954 ‚1100130
1315 1903 1383 1929 Vll·
1513 1942 1522 1950 ·
1559 1885 1711 1934 bap-1·
1732 1895 1765 1922 C-

157 1959 312 2000 fortior
348 1957 679 2011 superveniens,
725 1957 871 2009 ipsum
907 1968 987 1997 suo
1087 1957 1117 1984 n
1135 1943 1211 1984 1110
1230 1947 1445 2010 ’ίξῧῐΠΡΟΓθῑ
1464 1942 1624 2006 M1ssus
1644 1941 1870 2009 θὲῒᾉξὶἓθ·

157 2014 339 2056 brachio
369 2013 620 2055 debellavit:
653 2018 697 2054 et
725 2012 787 2053 sic
816 2012 855 2052 ei
883 2024 989 2052 vasa
1105 1998 1375 2066 lFSfiabl‘lssl
1402 2011 1428 2039 a
1450 1998 1548 2040 ΠΕΟ
1576 2011 1620 2065 11}
1649 2002 1870 2039 Clvltatem

159 2069 428 2123 captivitatis
459 2070 665 2122 potenter
692 2067 862 2120 eripuit.
901 2068 987 2107 An·
1042 2055 1254 2119 Gahlaeae,
1281 2067 1351 2095 CUI
1373 2066 1534 2095 nomen
1552 2052 1789 2116 Nazareth,
1815 2051 1872 2116 ad·

159 2126 282 2177 gelus
307 2137 414 2167 vero
439 2124 655 2167 fortitudo
681 2124 765 2165 Dei
797 2122 988 2175 appella·
1041 2111 1269 2162 Virglnssm
1306 2110 1619 2162 desponsatam
1651 2121 1763 2158 V11‘0‚
1803 2120 1873 2149 cul

158 2188 230 2224 tus
249 2186 329 2231 est,
353 2181 424 2222 vel
445 2179 566 2233 quod
583 2178 884 2232 huiuscemodi
902 2191 988 2220 me·
1041 2179 1201 2231 nomen
1225 2170 1319 2208 erat
1336 2166 1361 2206 J
1364 2165 1529 2232 oseph,
1546 2164 1601 2228 <ie
1627 2163 1760 2231 domp
1785 2163 1870 2204 Da-

160 2238 296 2280 rfierit
331 2239 672 2290 praerogativam
706 2235 854 2285 officii,
901 2247 988 2287 quo
1041 2222 1130 2290 vid:
1157 2226 1202 2263 et
1226 2234 1385 2263 nomen
1409 2222 1600 2271 Virginis
1626 2219 1774 2260 Mana.
1815 2219 1873 2261 Et

161 2293 357 2346 ejusdem
390 2293 609 2334 nuntiaret
641 2291 877 2333 adventum
907 2291 988 2332 vir·
1042 2278 1220 2330 rehqua·

161 2351 282 2401 tutis3
328 2349 399 2390 vel
436 2349 537 2401 quia
573 2348 800 2399 Virginem
835 2350 991 2388 natura
1109 2346 1299 2388 Homilia
1321 2345 1459 2386 sancti
1477 2343 1635 2384 Juliani
1654 2342 1807 2385 Archi-

161 2406 384 2459 pavidam,
409 2404 666 2457 simplicem,
685 2401 990 2452 verecundam,
1241 2400 1440 2454 episcopi
1461 2399 1674 2441 Toletani.

161 2475 216 2504 ne
234 2460 432 2503 miraculi
451 2460 646 2502 novitate
666 2461 991 2512 expavesceret,
1073 2466 1158 2500 Lib.
1183 2466 1212 2499 2.
1241 2467 1373 2498 eontra
1397 2460 1569 2513 Jufizeos,
1594 2458 1725 2492 statim
1749 2461 1837 2499 post

163 2518 412 2560 confortare
438 2516 633 2558 deberet:
664 2515 785 2567 quod
810 2520 854 2556 et
878 2514 991 2563 fecit,
1336 2508 1576 2551 prineipmm.

162 2574 231 2615 Ne
248 2576 415 2622 timeas,
432 2573 642 2625 inquiens,
661 2572 813 2620 Maria3
831 2571 991 2611 inveni-

164 2630 220 2671 sti
241 2630 355 2671 enim
372 2629 557 2680 gretiam
575 2627 694 2680 apud
708 2628 860 2668 Deum.
881 2626 991 2667 Con-

164 2686 387 2727 venienter
423 2687 571 2736 itaque
604 2682 783 2724 Gabriel
820 2681 876 2723 ad
907 2681 994 2722 hoc

166 2754 278 2794 opus
297 2740 485 2791 eligitur:
507 2741 596 2781 imo
618 2739 718 2791 quia
736 2738 823 2780 tale
841 2737 903 2778 illi
922 2749 992 2778 ne-

1050 2570 1442 2613 *acramentum
1464 2567 1572 2609 illud
1596 2570 1874 2620 septuaginta

1050 2620 1142 2679 [ᾗ]
1164 2622 1541 2666 hebdomadarum
1557 2622 1612 2664 de
1627 2623 1788 2664 Christi
1801 2636 1873 2664 na-

1076 2687 1086 2691 ’“
1114 2679 1132 2707 s*
1163 2681 1335 2722 tivitate
1363 2678 1520 2720 Daniel
1550 2691 1630 2731 per
1655 2678 1874 2730 Angelum

1046 2737 1214 2779 didicit:
1242 2735 1438 2777 similiter
1456 2739 1500 2776 et
1520 2734 1773 2783 Zacharias,
1799 2746 1872 2785 ap-

320 2882 384 2907 Pars
399 2882 492 2907 Vama.
1622 2864 1667 2897 W
