2028 2892
740 205 846 239 Fcria
874 203 981 237 tertia
1009 200 1055 235 ad
1082 198 1317 233 Matutinum.

193 308 423 352 ricordiam
450 318 586 347 suam:
611 304 633 329 *
654 308 697 344 61
723 305 852 343 110616
879 298 1009 340 canti-

194 380 291 409 cum
319 365 416 416 ejus.

245 420 375 474 Apud
394 432 463 461 me
489 416 628 460 oratio
648 415 744 456 Deo
769 413 870 455 vitae
889 423 1009 459 meae,

194 480 216 506 *
245 478 385 520 dicam
411 476 523 516 Deo:
550 473 784 524 Susceptor
806 480 928 510 meus
953 479 1009 508 65.

245 535 387 585 Quare
407 531 566 574 oblitus
585 542 631 571 es
649 525 756 569 mei?
774 527 797 551 *
815 531 858 567 et
878 536 1010 577 quare

195 590 473 633 contristatus
485 585 650 635 incedo,
666 584 768 626 dum
778 581 929 632 affligit
941 592 1010 621 me

194 644 411 688 inimicus?

246 703 360 744 Dum
388 700 712 750 confringuntur
741 707 841 738 ossa
866 693 1010 742 mea‚*

196 758 568 812 exprobraverunt
586 754 690 797 mihi
711 752 783 805 qui
805 750 1011 793 tribulant

195 829 265 857 me
293 814 451 856 inimici
476 813 572 854 mei.

247 872 363 913 Dum
397 870 544 912 dicunt
579 868 681 909 mihi
715 878 793 919 per
821 862 1012 914 singulos

198 928 305 970 dies:
332 926 418 969 Ubi
445 931 511 968 est
537 925 655 967 Deus
683 919 804 965 tuus?
826 921 849 946 *
879 931 1012 972 quare

197 985 331 1027 tristis
353 996 399 1025 es
419 983 559 1024 anima
575 993 681 1030 mea,
702 984 744 1021 et
761 989 892 1031 quare
913 988 1010 1017 con-

197 1040 347 1083 tarbas
373 1038 466 1081 me?

248 1098 386 1150 Spera
416 1097 459 1137 in
492 1095 604 1144 Deo,
639 1092 841 1145 quoniam
873 1088 1014 1131 adhuc

198 1152 440 1195 confitebor
479 1151 553 1192 illi:
589 1151 611 1175 *
647 1149 834 1191 salutare
870 1145 1013 1187 vultus

199 1210 294 1258 mei,
323 1214 366 1251 et
392 1209 510 1250 Deus
538 1219 669 1248 meus.

248 1268 280 1306 A
288 1270 343 1307 nt.
354 1267 382 1306 S
390 1277 471 1306 ana
480 1263 664 1305 Domine
673 1261 857 1303 animam
863 1270 1014 1307 meam,

201 1322 300 1375 quia
328 1321 507 1373 peccavi
532 1319 622 1362 tibi.

248 1380 342 1419 Ant.
367 1376 609 1419 Eructavit.

461 1432 650 1472 psalmus
679 1432 741 1470 453.

193 1486 276 1592 D
292 1504 367 1533 eus
386 1490 560 1532 atiribus
580 1488 739 1530 nostris
760 1485 1016 1527 audivimus:

311 1549 335 1574 *
349 1553 495 1601 patres
510 1544 648 1588 nostri
660 1542 1017 1585 annuntiaverunt

201 1605 337 1647 nobis.

254 1661 387 1714 Opus,
415 1658 533 1712 quod.
560 1659 765 1711 operatus
795 1669 840 1698 es
867 1655 911 1696 in
932 1654 1017 1696 die-

202 1716 283 1759 bus
303 1719 462 1765 eorum,
481 1716 504 1741 *
524 1718 566 1756 61
586 1715 629 1755 111
651 1712 802 1755 diebus
820 1710 1017 1764 antiquis.

254 1773 406 1814 Manus
420 1778 494 1814 tua
510 1770 673 1812 Gentes
692 1767 958 1821 disperdidit,
976 1772 1018 1809 et

204 1828 408 1882 plantasti
436 1840 527 1869 eos:
555 1827 577 1851 *
605 1825 795 1867 afflixisti
821 1823 1018 1877 populos

205 1891 248 1928 et
276 1884 477 1937 expulisti
505 1895 591 1925 605.

254 1941 347 1982 Nec
375 1940 488 1982 enim
521 1939 563 1980 in
591 1937 736 1989 gladio
765 1950 844 1979 suo
872 1949 1019 1989 posse-

206 1996 361 2039 derunt
370 1995 571 2044 terram‚*
579 2000 622 2036 et
634 1993 858 2035 brachium
872 1994 1021 2035 eorum

205 2066 292 2095 non
319 2052 501 2094 salvavit
529 2063 619 2093 eos:

256 2108 343 2151 Sed
379 2108 558 2150 dextera
594 2112 683 2157 tua,
721 2111 764 2147 et
797 2104 1023 2147 brachium

205 2170 342 2214 tuum,
375 2170 418 2206 et
445 2163 698 2205 illuminatio
726 2161 868 2203 vultus
895 2162 973 2203 tui:
999 2162 1022 2187 *

209 2221 409 2274 quoniam
438 2218 737 2272 complacuisti
762 2218 805 2258 in
834 2217 906 2259 615.

257 2277 326 2319 Tu
353 2290 399 2319 65
431 2277 524 2329 ipse
552 2276 649 2316 Rex
674 2287 796 2316 meus
830 2279 872 2315 et
905 2273 1023 2315 Deus

208 2346 343 2375 meus:
361 2334 384 2359 *
405 2333 477 2385 qui
496 2330 675 2373 mandas
695 2330 856 2372 salutes
876 2329 1023 2371 Jacob.

259 2390 309 2430 In
342 2394 386 2431 te
418 2389 613 2429 inimicos
641 2392 816 2429 nostros
848 2386 1023 2427 ventila-

209 2444 348 2487 bimus
376 2458 524 2493 cornu‚
557 2444 580 2470 *
610 2447 653 2485 et
680 2444 722 2484 in
749 2442 921 2483 nomine
949 2447 1023 2483 tuo

209 2502 460 2554 spernemus
487 2501 756 2551 insurgentes
784 2499 827 2539 in
853 2498 989 2539 nobis.

261 2558 359 2598 Non
382 2557 494 2598 enim
513 2557 554 2597 in
579 2569 680 2598 arcu
704 2568 802 2597 meo
823 2554 1025 2607 sperabo:

210 2614 234 2639 *
254 2619 296 2655 et
312 2613 479 2664 gladius
498 2626 617 2654 meus
637 2625 721 2654 non
744 2610 929 2652 salvabit
946 2624 1026 2651 me.

261 2669 443 2711 Salvasti
455 2669 567 2710 enim
577 2682 656 2710 nos
669 2668 724 2710 de
738 2666 1026 2718 affligentibus

211 2727 398 2768 nos:*et
426 2724 620 2766 odientes
647 2737 727 2766 nos
754 2722 996 2765 confudisti.

1112 295 1163 335 In
1191 294 1288 335 Deo
1322 291 1596 333 laudabimur
1627 290 1723 328 tota
1750 283 1836 326 die:
1863 283 1886 309 *

1063 357 1106 394 et
1131 351 1175 392 in
1202 349 1376 391 nomine
1403 352 1479 389 tuo
1511 341 1816 386 confitebimur
1842 340 1887 382 in

1062 406 1279 449 saeculum.

1112 464 1240 505 Nunc
1267 467 1412 504 autem
1439 456 1637 511 repulisti
1669 459 1713 497 et
1740 453 1886 496 confu-

1063 521 1165 563 disti
1183 532 1280 561 nos:
1298 519 1321 544 *
1342 523 1385 559 61
1404 528 1492 557 11011
1511 511 1748 565 egredieris
1765 510 1887 552 Deus

1062 578 1105 619 in
1132 575 1364 619 virtutibus
1389 571 1560 614 nostris

1115 632 1326 675 Avertisti
1339 642 1420 671 nos
1437 629 1679 670 retrorsum
1691 628 1796 677 post
1811 623 1887 665 ini-

1062 693 1199 732 micos
1233 693 1424 730 nostros:
1457 686 1482 711 *
1516 688 1560 726 et
1585 682 1668 735 -qui
1701 680 1890 723 oderunt

1063 760 1153 797 nos,
1183 744 1444 798 diripiebant
1471 740 1564 783 sibi.

1114 803 1286 845 Dedisti
1306 814 1387 842 nos
1401 805 1624 851 tamquam
1645 808 1752 838 oves
1771 796 1888 836 esca-

1064 861 1202 903 rumz*
1210 864 1253 901 et
1267 859 1310 899 in
1317 855 1530 899 Gentibus
1542 852 1787 907 dispersisti
1797 864 1889 893 nos.

1115 915 1364 959 Vendidisti
1396 912 1609 967 populum
1641 915 1765 952 tuum
1796 908 1890 950 sine

1066 974 1224 1027 pretio:
1247 973 1271 999 *
1293 977 1336 1014 et
1363 983 1450 1012 non
1478 968 1558 1010 fuit
1583 964 1819 1009 multitudo
1845 965 1891 1007 in

1066 1027 1476 1073 commutationibus
1505 1027 1668 1067 eorum.

1115 1086 1304 1129 Posuisti
1323 1097 1404 1126 nos
1430 1081 1719 1136 opprobrium
1738 1078 1892 1122 vicinis

1065 1144 1236 1193 nostris,
1255 1143 1278 1168 *
1299 1139 1684 1183 subsannationem
1708 1142 1752 1179 et
1782 1135 1892 1178 deri-

1066 1214 1161 1243 sum
1176 1200 1253 1249 his,
1271 1198 1343 1251 qui
1358 1202 1458 1239 sunt
1472 1197 1516 1238 in
1531 1194 1714 1237 circuitu
1727 1198 1892 1241 nostro.

1117 1256 1306 1298 Posuisti
1352 1267 1432 1296 nos
1477 1253 1521 1294 in
1565 1250 1893 1293 similitudinem

1068 1313 1295 1355 Gentibus:
1320 1312 1344 1338 *
1370 1309 1710 1353 commotionem
1735 1306 1892 1360 eapitis

1066 1371 1109 1411 in
1128 1369 1312 1423 populis.

1119 1426 1234 1468 Tota
1267 1424 1337 1467 die
1369 1421 1635 1465 vereci'india
1666 1433 1766 1463 mea
1792 1432 1891 1462 con-

1067 1488 1135 1525 tra
1148 1496 1218 1524 me
1234 1486 1310 1532 est,
1325 1482 1349 1507 *
1367 1485 1411 1523 et
1426 1478 1625 1522 confasio
1641 1477 1768 1520 faciei
1781 1489 1893 1519 meae

1069 1539 1296 1592 cooperuit
1323 1550 1404 1579 me.

1119 1597 1161 1637 A
1191 1608 1301 1638 voce
1334 1592 1656 1647 exprobrantiS‚
1692 1595 1737 1633 et
1772 1588 1893 1632 oblo-

1071 1653 1255 1705 quentis:
1273 1652 1296 1678 *
1315 1664 1340 1693 a
1361 1651 1471 1693 facie
1495 1649 1658 1691 inimici
1681 1652 1725 1690 et
1747 1658 1893 1700 perse-

1072 1709 1252 1762 quentis.

1122 1766 1231 1807 Haec
1256 1765 1399 1806 omnia
1417 1766 1630 1807 venerunt
1647 1773 1780 1814 super
1801 1771 1894 1809 nos,

1070 1835 1150 1863 nec
1187 1822 1310 1864 obliti
1345 1834 1493 1863 sumus
1528 1825 1588 1863 te:
1615 1819 1639 1845 *
1673 1823 1717 1861 et
1747 1817 1896 1869 inique

1070 1891 1157 1920 non
1185 1878 1349 1929 egimus
1376 1878 1420 1919 in
1446 1878 1710 1920 testamento
1737 1879 1826 1917 tuo.

1123 1936 1178 1977 Et
1213 1948 1300 1977 non
1336 1934 1517 1977 recessit
1552 1938 1672 1975 retro
1711 1943 1788 1973 cor
1819 1942 1895 1971 no-

1072 1997 1224 2034 strum:
1242 1992 1265 2017 *
1291 1996 1334 2033 61
1362 1990 1590 2033 declinasti
1617 1988 1794 2031 semitas
1820 1999 1896 2028 no-

1073 2053 1184 2090 stras
1211 2061 1237 2089 a
1264 2048 1333 2089 via
1358 2053 1447 2090 tua:

1125 2104 1338 2155 Quoniam
1365 2103 1601 2146 humiliasti
1619 2115 1701 2145 nos
1728 2102 1773 2143 in
1796 2100 1896 2143 loco

1074 2161 1329 2211 afflictionis,
1343 2162 1367 2187 *
1385 2166 1428 2203 et
1447 2160 1676 2213 cooperuit
1698 2171 1780 2201 nos
1806 2169 1896 2199 um-

1074 2217 1153 2259 bra
1179 2218 1343 2259 mortis.

1125 2274 1169 2315 Si
1197 2273 1320 2315 obliti
1347 2286 1494 2315 sumus
1526 2285 1686 2315 nomen
1713 2271 1798 2313 Dei
1823 2282 1897 2311 no-

1075 2330 1163 2379 stri,
1178 2331 1202 2357 *
1222 2334 1265 2371 et
1285 2330 1321 2370 si
1346 2330 1633 2382 expandimus
1651 2341 1805 2370 manus
1823 2339 1898 2368 no-

1075 2391 1187 2428 stras
1215 2386 1271 2427 ad
1300 2386 1429 2427 deum
1458 2386 1659 2428 alienum:

1125 2442 1282 2484 Nonne
1297 2442 1417 2484 Deus
1432 2445 1624 2495 requiret
1639 2440 1746 2485 ista?
1766 2440 1899 2493 *ipse

1078 2499 1191 2540 enim
1217 2499 1339 2540 novit
1366 2498 1623 2541 abscondita
1651 2497 1809 2541 cordis.

1129 2555 1342 2605 Quoniam
1375 2560 1557 2607 propter
1589 2561 1633 2597 te
1667 2554 1899 2597 mortifica-

1077 2624 1172 2675 mur
1211 2616 1306 2653 tota
1339 2610 1425 2652 die:
1459 2612 1482 2637 *
1517 2612 1719 2654 aestimati
1751 2622 1900 2653 sumus

1078 2672 1188 2709 s1cut
1216 2680 1322 2709 oves
1353 2667 1592 2708 occisionis.

1130 2724 1347 2774 Exsurge,
1385 2736 1519 2776 quare
1553 2723 1778 2765 obdormis
1813 2723 1901 2764 Do—
