2066 2956
627 231 683 265 Ss.
710 231 870 265 Lancea:
897 236 932 265 et
957 231 1162 265 Clavorum
1188 231 1230 264 D.
1256 231 1299 265 N.
1325 232 1357 265 ,1.
1384 232 1422 266 C.

177 328 301 379 quasi
315 341 446 381 super
459 328 738 379 unigenitum.
759 330 824 371 Et.
844 330 999 372 Gloria

175 384 304 426 Patri.
332 385 399 426 Et.

228 448 359 483 Lectio
384 449 433 482 ix.
459 447 505 482 de
528 447 697 481 Homilia
722 447 854 481 Feriae.

227 499 291 539 Te
310 497 453 539 Deum
470 497 710 540 laudamus.
729 498 787 538 15.

439 570 517 611 Ad
542 571 739 612 Laudes

380 640 399 664 e
416 634 430 664 t
467 640 492 673 p
510 640 529 664 e
547 640 565 663 r
598 629 634 663 H
652 639 674 663 o
691 639 710 662 r
726 639 746 662 a
764 638 792 662 5.

227 681 325 722 Ant.
352 683 380 721 1.
422 682 547 723 Unus
578 680 762 722 militum
794 682 817 708 *
849 682 999 724 lancea

177 735 290 777 latus
311 737 400 788 ejus
419 737 605 789 aperuit,
632 742 676 779 et
699 741 904 780 continuo
930 753 999 781 ex-

177 792 256 833 ivit
275 793 450 843 sanguis
469 798 513 835 et
532 806 655 846 aqua.

225 853 293 893 Ps.
321 850 535 893 Dominus
555 852 761 903 regnavit.
786 853 845 893 16.

224 910 260 949 2.
306 905 527 948 Foderunt
558 907 581 932 *
612 921 764 950 manus
800 922 919 950 meas
956 914 999 950 et

177 961 315 1026 pedes
357 975 495 1013 meos3
540 962 919 1007 dinumeraverunt
956 968 998 1007 0-

177 1031 292 1059 1111113
312 1031 412 1060 0553
431 1033 539 1062 11103.

227 1078 262 1117 3.
298 1076 409 1117 Tres
435 1081 535 1118 sunt
559 1077 582 1102 *
607 1078 680 1129 qui
704 1079 1001 1120 testimonium

179 1129 283 1172 dant
296 1131 340 1171 in
354 1136 481 1183 terra,
501 1134 690 1186 spiritus,
709 1147 833 1186 aqua,
849 1141 892 1177 et
907 1149 1000 1176 san-

177 1187 287 1237 guis:
307 1193 350 1230 et
367 1187 411 1229 hi
429 1193 519 1231 tres
538 1203 671 1231 unum
690 1196 799 1232 sunt.

225 1246 263 1285 4.
298 1244 416 1295 Quid
440 1246 603 1288 turbati
630 1248 751 1297 estis,
771 1249 795 1274 *
819 1253 862 1289 et
886 1248 999 1299 cogi-

176 1300 363 1342 tationes
378 1302 618 1344 ascendunt
631 1303 674 1344 in
689 1303 823 1345 corda
833 1302 1000 1346 vestra?

176 1356 338 1420 Videte
353 1371 507 1422 manus
522 1372 641 1400 meas
658 1364 701 1401 et
716 1360 853 1412 pedes
868 1373 1000 1410 meOS,

179 1424 279 1463 quia
299 1425 380 1464 ego
399 1427 496 1467 1pse
516 1428 622 1456 sum.

227 1471 265 1511 5.
292 1469 412 1511 Infer
438 1470 620 1522 digitum
639 1471 663 1497 *
681 1476 803 1513 tuum
825 1472 926 1522 huc,
958 1478 1001 1515 et

178 1524 279 1566 vide
297 1538 450 1567 manus
470 1540 606 1578 meas,
633 1532 677 1569 et
701 1528 807 1570 affer
825 1541 1001 1570 manum

177 1586 308 1631 tuam,
327 1587 371 1624 et
389 1584 511 1625 mitte
531 1583 575 1625 in
593 1584 706 1626 latus
725 1597 880 1626 meum.

226 1643 484 1697 Capitulum.
672 1643 701 1682 1.
717 1642 740 1682 J
744 1646 837 1683 oan.
853 1642 890 1681 5.
905 1641 944 1681 b.

252 1700 451 1742 arissimi:
496 1701 602 1752 Quis
647 1706 713 1743 est
755 1702 830 1754 qui
868 1702 1001 1744 vincit

268 1756 491 1808 mundum,
523 1758 605 1799 nisi
634 1758 707 1810 qui
732 1758 872 1800 credit
896 1761 1000 1811 quo-

178 1811 294 1852 niam
312 1813 337 1853 J
339 1826 439 1855 esus
458 1818 525 1856 est
542 1814 677 1856 Filius
695 1813 800 1856 Dei?
829 1815 914 1856 Hic
935 1820 1002 1857 est

179 1868 253 1920 qui
267 1870 384 1911 venit
402 1884 481 1923 per
500 1884 658 1924 aquam
677 1877 720 1913 et
737 1872 999 1923 sanguinem,

176 1924 200 1965 J
203 1937 303 1966 esus
318 1925 527 1978 Christus,
545 1941 633 1970 non
652 1929 696 1969 111
715 1941 829 1981 aqua
847 1928 999 1978 solum,

178 1980 319 2022 sedin
338 1994 451 2034 aqua
471 1989 515 2025 et
533 1985 755 2036 sanguine.

478 2049 688 2101 Hymnus.

281 2108 443 2150 inctam
462 2122 567 2161 ergo
588 2110 747 2152 Christi
767 2110 974 2161 sanguine

300 2165 550 2207 Convertite
568 2166 611 2207 in
630 2179 700 2207 me
719 2166 958 2219 cuspidem,

256 2221 401 2263 Ferite
420 2235 506 2272 cor,
527 2222 675 2275 pedes,
693 2236 856 2272 manus,

257 2278 437 2319 Poenam
456 2292 481 2320 a
499 2281 685 2320 nocente
704 2280 871 2321 sumite.

206 2347 273 2390 At,
295 2355 457 2394 quaeso,
481 2344 620 2397 culpis
641 2343 821 2393 debitas,

257 2399 375 2448 Quas
394 2400 485 2451 jure
503 2400 654 2452 plagas
673 2400 815 2451 figitis,

258 2455 423 2497 Cruore
443 2455 589 2498 divino
609 2456 729 2498 illitae

258 2511 385 2553 Fiant
403 2512 573 2554 medela
593 2513 779 2565 spiritus.

205 2575 270 2617 Sit
288 2589 463 2627 gressus
483 2576 539 2618 ad
557 2576 716 2617 malum
736 2578 965 2628 impotens,

258 2631 412 2674 Manus
430 2634 589 2674 nocere
608 2631 818 2681 desinant,

260 2688 497 2741 Omnisque
517 2688 650 2730 corde
669 2701 693 2729 e
711 2688 860 2729 5311010

257 2744 471 2786 Profanus
491 2744 620 2786 ardor
640 2746 775 2786 exeat.

334 2886 398 2911 Pars
414 2886 506 2911 Venia.

1072 329 1223 371 Clavis
1243 329 1385 371 forato
1407 334 1450 371 et
1468 329 1631 379 lancea,

1126 387 1150 427 J
1152 399 1239 435 esu,
1258 386 1337 428 tibi
1356 387 1411 428 sit
1429 386 1578 437 gloria,

1129 443 1238 484 Cum
1254 443 1395 493 Patre,
1416 447 1459 484 et
1478 442 1592 484 almo
1611 441 1786 494 Spiritu,

1126 499 1264 549 Nune,
1285 504 1327 541 et
1346 512 1425 552 per
1445 512 1573 541 omne
1593 497 1810 539 saeculum.

1360 556 1512 597 Amen.

1102 614 1152 665 V.
1179 616 1404 658 Foderunt
1427 629 1580 658 manus
1599 628 1719 656 meas
1739 619 1782 655 et
1800 626 1872 666 pe-

1054 674 1131 715 des
1157 686 1291 715 meos.
1328 676 1379 727 R.
1407 674 1802 714 Dinumeraverunt
1830 672 1872 711 ό-

1052 730 1167 772 1111113
1187 742 1288 771 0553
1306 743 1413 772 11103.

1104 794 1172 835 Ad
1202 795 1362 836 Bened.
1403 797 1501 836 Ant.
1543 792 1760 844 Inglerius
1793 791 1875 833 erit

1053 853 1163 894 inter
1182 853 1300 894 viros
1321 853 1524 904 aspectus
1545 851 1653 902 ejus,
1674 854 1716 890 et
1735 849 1875 890 forma

1055 910 1144 960 ejus
1185 909 1297 951 inter
1339 908 1453 949 filios
1489 906 1722 948 hominum.
1785 905 1874 946 Iste

1054 967 1257 1018 asperget
1275 970 1426 1016 gentes
1448 963 1617 1005 multas

1385 1033 1547 1073 Oratio.

1139 1109 1226 1145 0115,
1248 1095 1322 1147 qui
1339 1095 1382 1135 in
1401 1097 1640 1146 assumptae
1661 1093 1800 1134 carnis
1815 1092 1875 1132 in-

1153 1152 1356 1193 firmitate
1389 1151 1522 1192 clavis
1552 1149 1685 1200 affigi,
1718 1154 1761 1190 et
1787 1149 1874 1189 lan-

1053 1221 1130 1250 cea
1146 1208 1364 1250 vulnerari
1382 1219 1464 1260 pro
1482 1206 1632 1247 mundi
1647 1206 1785 1247 salute
1801 1217 1874 1246 vo-

1053 1265 1184 1307 luisti:
1223 1263 1416 1306 concede
1449 1263 1683 1316 propitius3
1720 1266 1768 1303 ut
1802 1261 1875 1314 qui

1054 1321 1308 1363 eorumdem
1328 1321 1549 1362 clavorum
1570 1324 1614 1360 et
1628 1318 1793 1360 lanceae
1809 1331 1875 1359 so-

1052 1378 1210 1419 lemnia
1224 1380 1481 1419 veneramur
1500 1378 1543 1417 in
1557 1375 1696 1425 101115,
1717 1375 1771 1416 de
1786 1374 1875 1425 glo-

1052 1434 1170 1474 11050
1196 1434 1391 1475 victoriae
1415 1438 1502 1475 tuae
1535 1430 1756 1484 triumpho
1781 1443 1874 1481 gra-

1052 1490 1238 1532 tulemur
1256 1490 1300 1530 in
1319 1489 1454 1530 coelis:
1474 1488 1557 1538 Qui
1576 1488 1696 1529 vivis.

1105 1550 1152 1584 Et
1174 1550 1222 1584 fit’
1238 1560 1432 1584 commem.
1456 1549 1589 1584 Feriae.

1319 1619 1387 1656 Ad
1409 1619 1610 1655 Primam.

1109 1676 1157 1715 In
1182 1676 1232 1728 R.
1259 1675 1318 1716 br.
1344 1670 1393 1722 V.
1438 1676 1521 1726 Qui
1548 1675 1799 1717 vulneratus
1828 1687 1874 1716 05

1053 1748 1135 1788 pro
1155 1734 1293 1776 nobis.

1323 1811 1390 1847 Ad
1413 1810 1613 1847 Tertiam.

1103 1869 1202 1909 Ant.
1236 1866 1466 1909 Foderunt.

1105 1929 1362 1981 Capitulum.
1396 1926 1633 1970 Carissimi:
1667 1926 1772 1976 Quis
1799 1929 1874 1966 est.

1052 1991 1099 2026 ut
1120 1999 1262 2037 supra.

1104 2043 1154 2094 Rz.
1174 2042 1235 2083 br.
1271 2041 1496 2083 Foderunt
1523 2052 1675 2081 manus
1705 2050 1825 2079 meas
1850 2043 1872 2067 *

1053 2099 1110 2141 Et
1133 2099 1270 2152 pedes
1293 2111 1427 2140 meos.
1462 2096 1695 2139 Foderunt.
1729 2091 1872 2143 147.Βί-

1053 2157 1389 2197 numeraverunt
1408 2153 1551 2195 omnia
1566 2164 1666 2193 ossa
1680 2163 1787 2192 mea.
1807 2150 1874 2191 Et.

1058 2211 1204 2254 Gloria
1223 2211 1352 2253 Patri.
1379 2209 1613 2252 Foderunt.

1106 2262 1157 2316 V.
1192 2269 1330 2318 Quem
1357 2272 1405 2309 tu
1431 2263 1702 2319 percussisti,
1729 2274 1873 2315 perse-

1053 2324 1142 2366 cuti
1174 2328 1283 2365 sunt.
1344 2323 1394 2375 R.
1427 2322 1483 2362 Et
1514 2333 1645 2373 super
1677 2318 1874 2360 dolerem

1053 2380 1280 2422 vulnerum
1297 2380 1493 2420 meerum
1512 2375 1784 2418 addiderunt.

1326 2457 1392 2493 Ad
1417 2455 1602 2492 Sextam.

1107 2512 1205 2552 Ant.
1233 2511 1341 2551 Tres
1361 2513 1469 2549 sunt.

1107 2571 1364 2623 Capitulum.
1615 2569 1643 2608 1.
1658 2568 1770 2609 Petr.
1785 2569 1821 2608 2.

1053 2625 1283 2732 Fratres:
1310 2628 1506 2669 Christus
1529 2640 1685 2680 passus
1707 2632 1773 2669 est
1790 2640 1872 2680 pro

1148 2686 1288 2734 nobis,
1312 2684 1438 2726 vobis
1462 2684 1710 2736 relinquens
1733 2685 1872 2725 exem-

1053 2742 1193 2794 plum,
1220 2746 1268 2782 ut
1295 2739 1534 2792 sequamini
1562 2739 1745 2790 vestigia
1772 2739 1872 2790 ejus.
