2066 2904
707 158 916 194 Commune
941 159 1284 201 Evangelistarum.
1355 201 1364 209 ι

149 255 283 296 facies
306 254 397 305 uni,
430 258 475 296 et
499 255 686 306 quatuor
709 265 866 306 pennae
890 252 973 294 uni.

150 310 265 362 Quid
291 324 370 364 per
397 309 571 360 faciem,
607 309 690 351 nisi
715 309 889 360 notitia3
930 314 975 351 et

150 367 255 420 quid
277 380 359 420 per
383 379 565 420 pennas,
599 366 682 408 nisi
704 366 879 408 volatus
903 379 973 408 ex-

149 422 372 477 primitur?
398 423 483 466 Per
498 423 654 465 faciem
669 423 831 476 quippe
845 436 972 464 unus-

151 483 334 534 quisque
362 480 660 531 cognoscitur:
699 492 779 532 per
807 492 973 532 pennas

149 550 254 579 vero
277 537 322 578 in
345 537 481 579 altum
505 537 650 578 avium
669 539 857 589 cerpora
875 536 972 578 sub-

148 594 359 636 levantur.
400 594 554 636 Facies
581 595 729 646 itaque
757 592 814 634 ad
840 592 973 635 fidem

147 651 353 703 pertinet,
389 663 533 703 penna
561 649 617 692 ad
645 649 972 702 contemplatio-

147 720 259 749 nem.
293 707 378 749 Per
401 707 535 749 fidem
557 719 744 759 namque
765 706 820 748 ab
841 706 973 748 omni-

148 764 319 816 potenti
355 764 453 806 Deo
491 763 816 815 cognoscimur,
862 763 974 805 sicut

148 821 244 873 ipse
263 820 318 863 de
338 821 428 862 suis
449 820 604 862 ovibus
623 819 742 862 dicit:
762 820 857 871 Ego
877 833 974 861 sum

148 881 301 929 pastor
330 876 493 928 bonuS,
538 881 582 919 et
613 878 834 928 cognesco
867 889 973 918 oves

148 945 279 983 111838,
300 938 344 975 81
363 935 634 985 cognoscunt
651 946 722 975 me
740 946 862 975 meae.
890 933 975 984 Qui

148 1002 299 1031 rursus
317 990 392 1032 ait:
409 990 505 1041 Ego
523 990 615 1032 scio
633 1003 744 1043 quos
759 989 973 1041 elegerim.

148 1047 233 1088 Per
269 1046 685 1100 contemplatic'mem
721 1059 846 1097 vero,
889 1059 974 1099 qua

150 1116 282 1156 super
302 1106 596 1157 nosmetipsos
615 1103 824 1154 tollimur,
851 1104 974 1156 quasi

149 1159 193 1201 in
213 1161 314 1201 aera
333 1160 539 1202 levamur.

202 1243 254 1296 R.
268 1238 374 1280 Vidi
394 1238 648 1290 conjunctos
667 1237 796 1287 viros,
815 1236 973 1278 haben-

149 1299 216 1336 tes
241 1294 493 1348 splendidas
517 1299 678 1344 vestes,
711 1298 754 1336 et
778 1293 974 1345 Angelus

149 1351 327 1393 Demini
345 1351 519 1393 locutus
539 1355 606 1392 est
625 1350 682 1392 ad
699 1363 785 1400 me,
810 1350 975 1392 dicens:

151 1414 174 1438 *
201 1408 280 1449 Isti
314 1412 415 1449 sunt
440 1408 522 1449 viri
549 1407 688 1448 sancti
718 1407 821 1449 facti
848 1407 975 1448 amici

150 1464 244 1506 Dei.
276 1466 327 1517 V.
344 1463 449 1506 Vidi
467 1463 684 1515 Angelum
702 1464 786 1505 Dei
805 1463 974 1514 fortem,

150 1521 372 1563 volantem
386 1533 466 1574 per
479 1520 672 1562 medium
684 1520 855 1570 coelum,
866 1533 974 1562 voce

150 1590 307 1629 magna
350 1577 611 1620 clamantem
656 1582 700 1619 et
746 1577 974 1619 dicentem.

149 1634 228 1676 Isti
255 1638 365 1676 sunt.

459 1715 611 1757 Lectio
631 1729 668 1755 v.

155 1766 392 1892 Quatuor
403 1795 508 1834 ergo
518 1782 652 1825 facies
662 1783 737 1824 uni
747 1787 861 1825 sunt:
874 1783 975 1836 quia

256 1839 293 1880 si
315 1841 512 1892 requiras
534 1839 640 1892 quid
657 1839 892 1881 Matthaeus
919 1839 974 1882 de

149 1895 448 1938 incarnatiene
474 1896 653 1938 Demini
680 1896 853 1938 sentiat:
888 1896 974 1938 hoc

150 1952 352 1994 nimirum
371 1952 513 2003 sentit,
542 1952 662 2006 quod
680 1952 864 2004 Marcus,
892 1953 974 1994 Lu-

152 2020 242 2058 cas,
275 2012 320 2050 et
345 2008 548 2051 Joannes.
596 2008 641 2050 Si
669 2021 841 2061 quaeras
871 2009 975 2062 quid

94 2071 99 2074 “
151 2065 176 2106 J
178 2066 342 2106 oannes
361 2065 532 2117 sentiat3
550 2065 636 2107 hoc
654 2065 810 2118 procul
829 2065 975 2116 dubio,

153 2120 272 2173 quod
290 2121 444 2172 Lucas,
461 2121 647 2172 MarcuS,
669 2125 713 2164 et
729 2121 975 2164 Matthaeus.

151 2178 196 2219 Si
216 2191 387 2230 quaeras
408 2177 512 2231 quid
529 2178 719 2229 Marcus3
751 2178 836 2220 hoc
857 2179 976 2231 quod

151 2234 400 2285 Matthaeus,
432 2235 639 2285 Joannes,
671 2239 716 2277 et
737 2235 891 2277 Lucas
932 2235 977 2277 Si

154 2303 325 2343 quaeras
346 2291 451 2344 quid
467 2291 626 2343 Lucas;
656 2291 742 2334 hoc
767 2292 886 2345 quod
905 2293 930 2333 J
933 2305 976 2334 0-

154 2349 298 2398 annes,
315 2348 562 2399 Matthaeus
582 2353 626 2390 et
643 2348 816 2391 Marcus
835 2349 977 2391 sentit.

153 2405 348 2454 Quatuor
368 2417 473 2456 ergo
492 2405 625 2447 facies
642 2405 717 2447 uni
735 2410 850 2447 sunt:
875 2406 977 2458 quia

153 2461 307 2502 notitia
332 2460 450 2511 fidei,
488 2475 574 2514 qua
602 2464 924 2514 cognoscuntur
952 2476 977 2504 a

153 2516 266 2567 Deo,
296 2517 392 2570 ipsa
417 2523 483 2559 est
506 2518 551 2559 in
574 2531 676 2569 uno,
710 2532 809 2571 quae
834 2523 901 2560 est
925 2519 976 2560 si-

153 2573 244 2613 mul
261 2573 305 2613 in
324 2576 523 2625 quatuor.
559 2575 782 2628 Quidquid
801 2575 914 2617 enim
933 2575 976 2616 in

155 2641 241 2670 uno
263 2629 494 2681 inveneris,
522 2630 607 2673 hoc
630 2631 674 2672 in
698 2631 900 2675 amnibus
924 2632 975 2673 si-

154 2685 243 2726 mul
264 2688 450 2738 quatuor
469 2689 722 2739 cognesces.

1077 256 1128 309 R.
1157 252 1284 294 Beati
1302 252 1407 294 estis
1426 264 1526 293 cum
1550 250 1854 292 maledixerint

1025 308 1151 351 vobis
1186 308 1405 359 homines,
1450 312 1494 349 et
1525 307 1745 360 persecuti
1772 320 1852 348 vos

1026 366 1199 415 fuerint,
1236 369 1279 407 et
1310 364 1499 407 dixerint
1531 377 1660 406 omne
1690 364 1853 405 malum

1026 422 1259 464 adversum
1273 434 1364 471 vos,
1383 421 1655 471 mentientes,
1669 426 1853 473 propter

1026 492 1110 520 me:
1135 483 1157 507 *
1182 478 1383 521 Gaudete
1411 482 1456 520 81
1483 477 1714 528 exsultate,
1749 479 1853 530 quo-

1026 535 1143 577 niam
1165 548 1333 577 merces
1352 538 1499 576 vestra
1518 534 1701 586 copiesa
1720 539 1787 576 est
1810 534 1854 575 in

1027 592 1161 634 coelis.
1196 592 1245 642 V.
1282 592 1391 633 Cum
1416 603 1496 632 vos
1521 590 1695 632 ederint
1718 590 1853 632 hemi-

1026 662 1120 699 nes,
1156 653 1199 690 et
1224 661 1323 690 cum
1351 647 1652 701 separaverint
1677 660 1773 697 vos,
1811 652 1854 689 et

1027 705 1407 758 exprobraverint,
1449 709 1493 746 et
1536 704 1739 756 ejecerint
1779 717 1853 745 no-

1026 775 1126 803 men
1170 766 1365 804 vestrum
1408 766 1633 814 tamquam
1682 761 1855 811 malum,

1026 824 1210 872 propter
1234 818 1393 860 Filium
1419 818 1618 860 heminis.
1653 817 1854 860 Gaudete

1027 881 1071 918 et
1099 875 1326 918 exsultate.

1328 969 1480 1010 Lectio
1501 969 1552 1009 vi.

1111 1045 1130 1082 t
1149 1042 1337 1093 quatuor
1355 1053 1513 1093 pennae
1533 1040 1623 1081 uni:
1653 1041 1753 1093 quia
1771 1041 1856 1083 Dei

1130 1097 1441 1149 omnipotentis
1450 1096 1609 1138 Filium
1618 1097 1856 1139 Dominum

1026 1158 1225 1196 nostrum
1243 1154 1270 1194 J
1271 1166 1394 1195 esum
1414 1153 1638 1195 Christum
1661 1154 1789 1195 simul
1812 1167 1855 1196 o-

1026 1224 1149 1253 1111188
1165 1210 1444 1252 concorditer
1462 1210 1721 1263 praedicant:
1740 1216 1783 1253 et
1800 1212 1856 1253 ad

1028 1267 1299 1310 divinitatem
1322 1268 1412 1319 ejus
1435 1267 1594 1309 mentis
1619 1268 1772 1309 0811108
1797 1268 1854 1310 18-

1027 1327 1191 1374 vantes,
1218 1337 1363 1376 penna
1381 1324 1763 1376 contemplatic'mis
1782 1338 1854 1367 vo-

1027 1381 1127 1422 lant.
1171 1380 1551 1431 Evangelistarum
1584 1394 1690 1432 ergo
1722 1382 1856 1424 facies

1027 1437 1085 1479 ad
1107 1437 1425 1479 humanitatem
1449 1438 1628 1478 Demini
1655 1439 1856 1491 pertinet,

1026 1507 1170 1548 penna
1189 1493 1247 1536 ad
1262 1493 1548 1536 divinitatem:
1570 1495 1671 1547 quia
1684 1495 1729 1536 in
1745 1508 1855 1546 eum,

1029 1564 1159 1604 quem
1182 1552 1444 1603 corporeum
1469 1552 1701 1604 aspiciunt,
1732 1553 1854 1604 quasi

1027 1608 1160 1650 facies
1195 1607 1446 1649 intendunt:
1486 1607 1565 1650 sed
1603 1608 1708 1650 dum
1740 1609 1855 1651 hunc

1027 1677 1124 1707 esse
1163 1665 1588 1718 incircumscriptum
1625 1670 1758 1718 atque
1795 1666 1855 1707 in-

1027 1723 1291 1775 corpereum
1331 1734 1385 1763 ex
1426 1721 1650 1764 divinitate
1694 1726 1855 1765 annun-

1025 1779 1145 1828 tiant,
1167 1791 1248 1831 per
1266 1778 1648 1831 contemplatienis
1666 1792 1855 1832 pennam

1028 1835 1153 1888 quasi
1170 1835 1214 1876 in
1230 1837 1333 1876 aera
1350 1835 1560 1877 levantur.
1580 1836 1692 1886 Quia
1706 1838 1854 1889 itaque

1026 1905 1113 1933 una
1136 1896 1203 1934 est
1225 1891 1337 1934 fides
1360 1892 1670 1934 incarnatic'mis
1697 1894 1788 1946 ejus
1810 1894 1854 1934 in

1027 1948 1240 1999 amnibus,
1262 1954 1307 1990 et
1323 1961 1404 2002 par
1420 1949 1732 2002 contemplatio
1749 1950 1854 1992 divi-

1027 2005 1175 2047 nitatis
1196 2006 1286 2058 ejus
1309 2006 1353 2046 in
1373 2005 1568 2058 singulis,
1596 2011 1715 2048 recte
1739 2020 1854 2048 nunc

1028 2061 1199 2104 dicitur:
1227 2062 1426 2113 Quatuor
1440 2062 1573 2104 facies
1589 2063 1672 2113 uni,
1693 2068 1736 2105 et
1752 2065 1853 2116 qua-

1026 2123 1128 2160 tuor
1144 2131 1302 2172 pennae
1325 2119 1409 2160 uni.

1084 2213 1134 2265 R.
1155 2209 1235 2251 Isti
1259 2215 1359 2252 sunt
1380 2210 1722 2264 triumphateres
1746 2214 1790 2252 et
1812 2223 1853 2252 3-

1027 2266 1130 2308 mici
1156 2267 1250 2317 Dei,
1276 2268 1350 2320 qui
1377 2269 1708 2309 contemnentes
1736 2268 1855 2319 jussa

1027 2324 1284 2377 principum,
1311 2325 1563 2366 meruerunt
1589 2324 1771 2376 praemia
1799 2337 1853 2366 ae-

1028 2381 1167 2422 terna:
1194 2380 1363 2425 *Modo
1383 2383 1660 2430 coronantur,
1673 2385 1724 2432 et
1743 2383 1854 2423 acci-

1027 2437 1153 2488 piunt
1171 2437 1373 2490 palmam.
1408 2431 1457 2483 V.
1473 2437 1554 2478 Isti
1572 2442 1674 2479 sunt
1689 2437 1764 2489 qui
1783 2451 1853 2480 ve-

1027 2495 1186 2535 nerunt
1216 2507 1270 2536 ex
1295 2506 1453 2545 magna
1479 2493 1780 2544 tribulatiene,
1810 2500 1853 2537 et

1027 2549 1228 2592 laverunt
1262 2550 1399 2591 stolas
1435 2562 1537 2591 suas
1570 2550 1613 2590 in
1643 2551 1853 2602 sanguine

1027 2606 1154 2658 Agni.
1201 2606 1338 2648 Modo
1378 2608 1655 2648 coronantur.
1701 2607 1853 2649 Gloria

1027 2663 1158 2705 Patri.
1202 2663 1339 2704 Modo
1359 2665 1636 2705 coronantur.
