<?xml version="1.0" encoding="UTF-8"?>
<!DOCTYPE html PUBLIC "-//W3C//DTD XHTML 1.0 Transitional//EN"
    "http://www.w3.org/TR/xhtml1/DTD/xhtml1-transitional.dtd">
<html xmlns="http://www.w3.org/1999/xhtml" xml:lang="en" lang="en">
 <head>
  <title>
</title>
<meta http-equiv="Content-Type" content="text/html;charset=utf-8" />
  <meta name='ocr-system' content='tesseract 3.04.00' />
  <meta name='ocr-capabilities' content='ocr_page ocr_carea ocr_par ocr_line ocrx_word'/>
</head>
<body>
  <div class='ocr_page' id='page_1' title='image "./p2breviariumroma00cathuoft_0560.png"; bbox 0 0 2066 2904; ppageno 0'>
   <div class='ocr_carea' id='block_1_1' title="bbox 591 184 1504 228">
    <p class='ocr_par' dir='ltr' id='par_1_1' title="bbox 591 184 1504 228">
     <span class='ocr_line' id='line_1_1' title="bbox 591 184 1504 228; baseline 0.002 -11"><span class='ocrx_word' id='word_1_1' title='bbox 591 184 660 218; x_wconf 77' lang='lat' dir='ltr'>l)ic</span> <span class='ocrx_word' id='word_1_2' title='bbox 685 185 714 217; x_wconf 69' lang='grc' dir='ltr'>Γ).</span> <span class='ocrx_word' id='word_1_3' title='bbox 740 184 856 217; x_wconf 78' lang='lat' dir='ltr'>Junii.</span> <span class='ocrx_word' id='word_1_4' title='bbox 905 186 938 218; x_wconf 73' lang='lat' dir='ltr'>S,</span> <span class='ocrx_word' id='word_1_5' title='bbox 968 185 1157 219; x_wconf 67' lang='lat' dir='ltr'>Bonifaeii</span> <span class='ocrx_word' id='word_1_6' title='bbox 1184 186 1309 228; x_wconf 76' lang='lat' dir='ltr'>Epise.</span> <span class='ocrx_word' id='word_1_7' title='bbox 1336 193 1371 220; x_wconf 78' lang='lat' dir='ltr'>ct</span> <span class='ocrx_word' id='word_1_8' title='bbox 1398 186 1504 219; x_wconf 77' lang='lat' dir='ltr'>Mart.</span> 
     </span>
    </p>
   </div>
   <div class='ocr_carea' id='block_1_2' title="bbox 182 278 1019 1564">
    <p class='ocr_par' dir='ltr' id='par_1_2' title="bbox 492 278 717 318">
     <span class='ocr_line' id='line_1_2' title="bbox 492 278 717 318; baseline -0.004 -1"><span class='ocrx_word' id='word_1_9' title='bbox 492 278 643 318; x_wconf 78' lang='lat' dir='ltr'>Lectio</span> <span class='ocrx_word' id='word_1_10' title='bbox 667 278 717 317; x_wconf 85' lang='lat' dir='ltr'>vi.</span> 
     </span>
    </p>

    <p class='ocr_par' dir='ltr' id='par_1_3' title="bbox 191 330 1018 434">
     <span class='ocr_line' id='line_1_3' title="bbox 191 330 1018 434; baseline 0.001 -60"><span class='ocrx_word' id='word_1_11' title='bbox 191 330 281 434; x_wconf 86' lang='lat' dir='ltr'><strong>A</strong></span> <span class='ocrx_word' id='word_1_12' title='bbox 295 339 447 376; x_wconf 90' lang='lat' dir='ltr'>sancto</span> <span class='ocrx_word' id='word_1_13' title='bbox 465 334 755 375; x_wconf 88' lang='lat' dir='ltr'>Willibrordo</span> <span class='ocrx_word' id='word_1_14' title='bbox 775 334 833 376; x_wconf 92' lang='lat' dir='ltr'>ad</span> <span class='ocrx_word' id='word_1_15' title='bbox 852 334 1018 387; x_wconf 91' lang='lat' dir='ltr'>episco-</span> 
     </span>
    </p>

    <p class='ocr_par' dir='ltr' id='par_1_4' title="bbox 182 389 1019 1564">
     <span class='ocr_line' id='line_1_4' title="bbox 307 389 1019 442; baseline 0 -12"><span class='ocrx_word' id='word_1_16' title='bbox 307 390 406 441; x_wconf 91' lang='lat' dir='ltr'>pale</span> <span class='ocrx_word' id='word_1_17' title='bbox 441 403 599 431; x_wconf 91' lang='lat' dir='ltr'>munus</span> <span class='ocrx_word' id='word_1_18' title='bbox 637 393 875 442; x_wconf 82' lang='lat' dir='ltr'>expetitus,</span> <span class='ocrx_word' id='word_1_19' title='bbox 912 389 1019 431; x_wconf 90' lang='lat' dir='ltr'>illud</span> 
     </span>
     <span class='ocr_line' id='line_1_5' title="bbox 191 445 1017 499; baseline 0 -13"><span class='ocrx_word' id='word_1_20' title='bbox 191 445 455 488; x_wconf 87' lang='lat' dir='ltr'>detrectavit</span> <span class='ocrx_word' id='word_1_21' title='bbox 495 452 542 488; x_wconf 92' lang='lat' dir='ltr'>ut</span> <span class='ocrx_word' id='word_1_22' title='bbox 584 446 832 499; x_wconf 91' lang='lat' dir='ltr'>promptius</span> <span class='ocrx_word' id='word_1_23' title='bbox 868 446 1017 487; x_wconf 90' lang='lat' dir='ltr'>infide-</span> 
     </span>
     <span class='ocr_line' id='line_1_6' title="bbox 189 500 1017 544; baseline 0.002 -3"><span class='ocrx_word' id='word_1_24' title='bbox 189 500 294 542; x_wconf 91' lang='lat' dir='ltr'>lium</span> <span class='ocrx_word' id='word_1_25' title='bbox 331 502 462 543; x_wconf 85' lang='lat' dir='ltr'>saluti</span> <span class='ocrx_word' id='word_1_26' title='bbox 497 503 689 544; x_wconf 87' lang='lat' dir='ltr'>instaret.</span> <span class='ocrx_word' id='word_1_27' title='bbox 749 504 800 543; x_wconf 94' lang='lat' dir='ltr'>In</span> <span class='ocrx_word' id='word_1_28' title='bbox 838 503 1017 544; x_wconf 90' lang='lat' dir='ltr'>Germa-</span> 
     </span>
     <span class='ocr_line' id='line_1_7' title="bbox 189 557 1018 611; baseline 0.002 -14"><span class='ocrx_word' id='word_1_29' title='bbox 189 557 304 598; x_wconf 83' lang='lat' dir='ltr'><strong>niam</strong></span> <span class='ocrx_word' id='word_1_30' title='bbox 337 558 580 610; x_wconf 89' lang='lat' dir='ltr'>profectus,</span> <span class='ocrx_word' id='word_1_31' title='bbox 614 558 741 611; x_wconf 89' lang='lat' dir='ltr'>plura</span> <span class='ocrx_word' id='word_1_32' title='bbox 772 559 1018 599; x_wconf 90' lang='lat' dir='ltr'>Hassorum</span> 
     </span>
     <span class='ocr_line' id='line_1_8' title="bbox 188 613 1016 667; baseline 0.001 -13"><span class='ocrx_word' id='word_1_33' title='bbox 188 613 321 654; x_wconf 90' lang='lat' dir='ltr'>millia</span> <span class='ocrx_word' id='word_1_34' title='bbox 370 627 395 655; x_wconf 88' lang='lat' dir='ltr'>a</span> <span class='ocrx_word' id='word_1_35' title='bbox 443 614 658 655; x_wconf 77' lang='lat' dir='ltr'>daemonis</span> <span class='ocrx_word' id='word_1_36' title='bbox 707 614 1016 667; x_wconf 66' lang='lat' dir='ltr'>superstitione</span> 
     </span>
     <span class='ocr_line' id='line_1_9' title="bbox 189 670 1015 722; baseline 0.002 -13"><span class='ocrx_word' id='word_1_37' title='bbox 189 670 402 710; x_wconf 87' lang='lat' dir='ltr'>avocavit.</span> <span class='ocrx_word' id='word_1_38' title='bbox 467 671 507 710; x_wconf 93' lang='lat' dir='ltr'><strong>A</strong></span> <span class='ocrx_word' id='word_1_39' title='bbox 544 671 760 722; x_wconf 89' lang='lat' dir='ltr'>Gregorio</span> <span class='ocrx_word' id='word_1_40' title='bbox 801 670 1015 711; x_wconf 90' lang='lat' dir='ltr'>Pontifice</span> 
     </span>
     <span class='ocr_line' id='line_1_10' title="bbox 190 725 1016 779; baseline 0.004 -14"><span class='ocrx_word' id='word_1_41' title='bbox 190 725 378 766; x_wconf 85' lang='lat' dir='ltr'>Romam</span> <span class='ocrx_word' id='word_1_42' title='bbox 411 729 632 775; x_wconf 88' lang='lat' dir='ltr'>evocatus,</span> <span class='ocrx_word' id='word_1_43' title='bbox 669 731 771 779; x_wconf 92' lang='lat' dir='ltr'>post</span> <span class='ocrx_word' id='word_1_44' title='bbox 802 726 1016 777; x_wconf 81' lang='lat' dir='ltr'>insignem</span> 
     </span>
     <span class='ocr_line' id='line_1_11' title="bbox 189 780 1014 835; baseline 0.005 -15"><span class='ocrx_word' id='word_1_45' title='bbox 189 780 291 822; x_wconf 91' lang='lat' dir='ltr'>fidei</span> <span class='ocrx_word' id='word_1_46' title='bbox 316 782 637 834; x_wconf 89' lang='lat' dir='ltr'>professionem</span> <span class='ocrx_word' id='word_1_47' title='bbox 662 785 897 835; x_wconf 91' lang='lat' dir='ltr'>episcopus</span> <span class='ocrx_word' id='word_1_48' title='bbox 915 795 1014 824; x_wconf 92' lang='lat' dir='ltr'>con-</span> 
     </span>
     <span class='ocr_line' id='line_1_12' title="bbox 188 838 1014 880; baseline 0.002 -2"><span class='ocrx_word' id='word_1_49' title='bbox 188 839 395 879; x_wconf 89' lang='lat' dir='ltr'>secratur.</span> <span class='ocrx_word' id='word_1_50' title='bbox 423 838 592 880; x_wconf 82' lang='lat' dir='ltr'>Exinde</span> <span class='ocrx_word' id='word_1_51' title='bbox 613 839 669 880; x_wconf 91' lang='lat' dir='ltr'>ad</span> <span class='ocrx_word' id='word_1_52' title='bbox 686 839 931 880; x_wconf 87' lang='lat' dir='ltr'>Germanos</span> <span class='ocrx_word' id='word_1_53' title='bbox 951 852 1014 880; x_wconf 89' lang='lat' dir='ltr'>re-</span> 
     </span>
     <span class='ocr_line' id='line_1_13' title="bbox 188 892 1014 946; baseline 0.004 -13"><span class='ocrx_word' id='word_1_54' title='bbox 188 892 292 943; x_wconf 81' lang='lat' dir='ltr'>dux,</span> <span class='ocrx_word' id='word_1_55' title='bbox 325 894 544 943; x_wconf 86' lang='lat' dir='ltr'>Hassiam,</span> <span class='ocrx_word' id='word_1_56' title='bbox 581 900 623 936; x_wconf 91' lang='lat' dir='ltr'>et</span> <span class='ocrx_word' id='word_1_57' title='bbox 649 895 934 946; x_wconf 86' lang='lat' dir='ltr'>Thuringiam</span> <span class='ocrx_word' id='word_1_58' title='bbox 959 895 1014 936; x_wconf 89' lang='lat' dir='ltr'>ab</span> 
     </span>
     <span class='ocr_line' id='line_1_14' title="bbox 186 948 1017 1004; baseline 0.005 -15"><span class='ocrx_word' id='word_1_59' title='bbox 186 948 447 991; x_wconf 85' lang='lat' dir='ltr'>idololatriae</span> <span class='ocrx_word' id='word_1_60' title='bbox 467 950 662 1003; x_wconf 91' lang='lat' dir='ltr'>reliquiis</span> <span class='ocrx_word' id='word_1_61' title='bbox 677 952 852 1004; x_wconf 88' lang='lat' dir='ltr'>penitus</span> <span class='ocrx_word' id='word_1_62' title='bbox 868 964 1017 1004; x_wconf 90' lang='lat' dir='ltr'>expur-</span> 
     </span>
     <span class='ocr_line' id='line_1_15' title="bbox 185 1006 1011 1060; baseline 0.005 -15"><span class='ocrx_word' id='word_1_63' title='bbox 185 1006 316 1055; x_wconf 90' lang='lat' dir='ltr'>gavit.</span> <span class='ocrx_word' id='word_1_64' title='bbox 348 1007 491 1048; x_wconf 91' lang='lat' dir='ltr'>Tanta</span> <span class='ocrx_word' id='word_1_65' title='bbox 509 1014 693 1060; x_wconf 90' lang='lat' dir='ltr'>propter</span> <span class='ocrx_word' id='word_1_66' title='bbox 713 1008 866 1049; x_wconf 90' lang='lat' dir='ltr'>merita</span> <span class='ocrx_word' id='word_1_67' title='bbox 887 1008 1011 1049; x_wconf 92' lang='lat' dir='ltr'>Boni-</span> 
     </span>
     <span class='ocr_line' id='line_1_16' title="bbox 186 1061 1013 1115; baseline 0.005 -14"><span class='ocrx_word' id='word_1_68' title='bbox 186 1061 322 1102; x_wconf 91' lang='lat' dir='ltr'>facius</span> <span class='ocrx_word' id='word_1_69' title='bbox 348 1076 372 1103; x_wconf 90' lang='lat' dir='ltr'>a</span> <span class='ocrx_word' id='word_1_70' title='bbox 397 1063 613 1114; x_wconf 90' lang='lat' dir='ltr'>Gregorio</span> <span class='ocrx_word' id='word_1_71' title='bbox 639 1064 770 1105; x_wconf 90' lang='lat' dir='ltr'>tertio</span> <span class='ocrx_word' id='word_1_72' title='bbox 798 1064 854 1105; x_wconf 90' lang='lat' dir='ltr'>ad</span> <span class='ocrx_word' id='word_1_73' title='bbox 879 1064 1013 1115; x_wconf 90' lang='lat' dir='ltr'>digni-</span> 
     </span>
     <span class='ocr_line' id='line_1_17' title="bbox 186 1119 1013 1172; baseline 0.005 -15"><span class='ocrx_word' id='word_1_74' title='bbox 186 1119 322 1158; x_wconf 83' lang='lat' dir='ltr'>tatem</span> <span class='ocrx_word' id='word_1_75' title='bbox 355 1119 776 1172; x_wconf 65' lang='lat' dir='ltr'>archiepiscopalem</span> <span class='ocrx_word' id='word_1_76' title='bbox 806 1120 1013 1172; x_wconf 86' lang='lat' dir='ltr'>evehitur,</span> 
     </span>
     <span class='ocr_line' id='line_1_18' title="bbox 185 1174 1014 1228; baseline 0.006 -15"><span class='ocrx_word' id='word_1_77' title='bbox 185 1178 228 1214; x_wconf 90' lang='lat' dir='ltr'>et</span> <span class='ocrx_word' id='word_1_78' title='bbox 247 1174 377 1215; x_wconf 86' lang='lat' dir='ltr'>tertio</span> <span class='ocrx_word' id='word_1_79' title='bbox 397 1175 585 1216; x_wconf 83' lang='lat' dir='ltr'>Romam</span> <span class='ocrx_word' id='word_1_80' title='bbox 604 1176 829 1228; x_wconf 89' lang='lat' dir='ltr'>profectus</span> <span class='ocrx_word' id='word_1_81' title='bbox 849 1190 874 1217; x_wconf 94' lang='lat' dir='ltr'>a</span> <span class='ocrx_word' id='word_1_82' title='bbox 893 1177 1014 1218; x_wconf 93' lang='lat' dir='ltr'>Sum-</span> 
     </span>
     <span class='ocr_line' id='line_1_19' title="bbox 183 1230 1012 1284; baseline 0.006 -15"><span class='ocrx_word' id='word_1_83' title='bbox 183 1242 255 1270; x_wconf 90' lang='lat' dir='ltr'>mo</span> <span class='ocrx_word' id='word_1_84' title='bbox 282 1230 495 1273; x_wconf 91' lang='lat' dir='ltr'>Pontifice</span> <span class='ocrx_word' id='word_1_85' title='bbox 520 1232 646 1273; x_wconf 92' lang='lat' dir='ltr'>Sedis</span> <span class='ocrx_word' id='word_1_86' title='bbox 671 1232 929 1284; x_wconf 90' lang='lat' dir='ltr'>apostolicae</span> <span class='ocrx_word' id='word_1_87' title='bbox 955 1233 1012 1274; x_wconf 89' lang='lat' dir='ltr'>le-</span> 
     </span>
     <span class='ocr_line' id='line_1_20' title="bbox 182 1287 1012 1340; baseline 0.005 -14"><span class='ocrx_word' id='word_1_88' title='bbox 182 1287 309 1335; x_wconf 89' lang='lat' dir='ltr'>gatus</span> <span class='ocrx_word' id='word_1_89' title='bbox 338 1288 634 1337; x_wconf 77' lang='lat' dir='ltr'>constittiitur,</span> <span class='ocrx_word' id='word_1_90' title='bbox 668 1301 754 1340; x_wconf 93' lang='lat' dir='ltr'>qua</span> <span class='ocrx_word' id='word_1_91' title='bbox 780 1289 1012 1339; x_wconf 90' lang='lat' dir='ltr'>insignitus</span> 
     </span>
     <span class='ocr_line' id='line_1_21' title="bbox 185 1343 1011 1397; baseline 0.006 -16"><span class='ocrx_word' id='word_1_92' title='bbox 185 1343 447 1384; x_wconf 87' lang='lat' dir='ltr'>auctoritate</span> <span class='ocrx_word' id='word_1_93' title='bbox 494 1347 684 1395; x_wconf 90' lang='lat' dir='ltr'>quatuor</span> <span class='ocrx_word' id='word_1_94' title='bbox 730 1345 1011 1397; x_wconf 88' lang='lat' dir='ltr'>episcopatus</span> 
     </span>
     <span class='ocr_line' id='line_1_22' title="bbox 182 1397 1013 1453; baseline 0.007 -16"><span class='ocrx_word' id='word_1_95' title='bbox 182 1397 377 1447; x_wconf 84' lang='lat' dir='ltr'>instituit,</span> <span class='ocrx_word' id='word_1_96' title='bbox 398 1404 441 1440; x_wconf 92' lang='lat' dir='ltr'>et</span> <span class='ocrx_word' id='word_1_97' title='bbox 456 1401 598 1441; x_wconf 88' lang='lat' dir='ltr'>varias</span> <span class='ocrx_word' id='word_1_98' title='bbox 615 1400 811 1453; x_wconf 75' lang='lat' dir='ltr'>sy&#39;nodos</span> <span class='ocrx_word' id='word_1_99' title='bbox 828 1401 1013 1443; x_wconf 90' lang='lat' dir='ltr'>celebra-</span> 
     </span>
     <span class='ocr_line' id='line_1_23' title="bbox 182 1453 1010 1509; baseline 0.006 -16"><span class='ocrx_word' id='word_1_100' title='bbox 182 1453 253 1502; x_wconf 93' lang='lat' dir='ltr'>vit,</span> <span class='ocrx_word' id='word_1_101' title='bbox 273 1454 385 1496; x_wconf 90' lang='lat' dir='ltr'>inter</span> <span class='ocrx_word' id='word_1_102' title='bbox 405 1468 513 1507; x_wconf 91' lang='lat' dir='ltr'>quas</span> <span class='ocrx_word' id='word_1_103' title='bbox 529 1457 763 1497; x_wconf 92' lang='lat' dir='ltr'>concilium</span> <span class='ocrx_word' id='word_1_104' title='bbox 777 1457 1010 1509; x_wconf 91' lang='lat' dir='ltr'>Leptinen-</span> 
     </span>
     <span class='ocr_line' id='line_1_24' title="bbox 183 1511 1011 1564; baseline 0.006 -15"><span class='ocrx_word' id='word_1_105' title='bbox 183 1522 230 1549; x_wconf 91' lang='lat' dir='ltr'>se</span> <span class='ocrx_word' id='word_1_106' title='bbox 252 1511 537 1553; x_wconf 87' lang='lat' dir='ltr'>memorabile</span> <span class='ocrx_word' id='word_1_107' title='bbox 563 1518 629 1553; x_wconf 92' lang='lat' dir='ltr'>est</span> <span class='ocrx_word' id='word_1_108' title='bbox 649 1513 767 1564; x_wconf 91' lang='lat' dir='ltr'>apud</span> <span class='ocrx_word' id='word_1_109' title='bbox 787 1513 948 1563; x_wconf 84' lang='lat' dir='ltr'>Belgas</span> <span class='ocrx_word' id='word_1_110' title='bbox 967 1514 1011 1554; x_wconf 94' lang='lat' dir='ltr'>in</span> 
     </span>
    </p>
   </div>
   <div class='ocr_carea' id='block_1_3' title="bbox 182 1561 1163 1620">
    <p class='ocr_par' dir='ltr' id='par_1_5' title="bbox 182 1561 1163 1620">
     <span class='ocr_line' id='line_1_25' title="bbox 182 1561 1163 1620; baseline -0.002 -14"><span class='ocrx_word' id='word_1_111' title='bbox 182 1565 484 1608; x_wconf 91' lang='lat' dir='ltr'>Cameracensi</span> <span class='ocrx_word' id='word_1_112' title='bbox 517 1567 698 1609; x_wconf 87' lang='lat' dir='ltr'>dioecesi</span> <span class='ocrx_word' id='word_1_113' title='bbox 731 1569 1010 1620; x_wconf 88' lang='lat' dir='ltr'>celebratum,</span> <span class='ocrx_word' id='word_1_114' title='bbox 1068 1563 1084 1577; x_wconf 77' lang='grc'>’</span> <span class='ocrx_word' id='word_1_115' title='bbox 1105 1561 1163 1589; x_wconf 53' lang='lat'>⁹³4</span> 
     </span>
    </p>
   </div>
   <div class='ocr_carea' id='block_1_4' title="bbox 180 1622 1011 2576">
    <p class='ocr_par' dir='ltr' id='par_1_6' title="bbox 180 1622 1011 2576">
     <span class='ocr_line' id='line_1_26' title="bbox 182 1622 1011 1677; baseline 0.006 -15"><span class='ocrx_word' id='word_1_116' title='bbox 182 1634 270 1672; x_wconf 91' lang='lat' dir='ltr'>quo</span> <span class='ocrx_word' id='word_1_117' title='bbox 297 1622 475 1674; x_wconf 92' lang='lat' dir='ltr'>quidem</span> <span class='ocrx_word' id='word_1_118' title='bbox 500 1626 701 1677; x_wconf 91' lang='lat' dir='ltr'>tempore</span> <span class='ocrx_word' id='word_1_119' title='bbox 727 1624 785 1666; x_wconf 92' lang='lat' dir='ltr'>ad</span> <span class='ocrx_word' id='word_1_120' title='bbox 810 1624 944 1666; x_wconf 92' lang='lat' dir='ltr'>fidem</span> <span class='ocrx_word' id='word_1_121' title='bbox 966 1626 1011 1667; x_wconf 92' lang='lat' dir='ltr'>in</span> 
     </span>
     <span class='ocr_line' id='line_1_27' title="bbox 182 1677 1010 1732; baseline 0.008 -16"><span class='ocrx_word' id='word_1_122' title='bbox 182 1677 335 1728; x_wconf 90' lang='lat' dir='ltr'>Belgio</span> <span class='ocrx_word' id='word_1_123' title='bbox 368 1678 671 1730; x_wconf 82' lang='lat' dir='ltr'>adaugendam</span> <span class='ocrx_word' id='word_1_124' title='bbox 703 1681 877 1732; x_wconf 79' lang='lat' dir='ltr'>egregie</span> <span class='ocrx_word' id='word_1_125' title='bbox 910 1684 1010 1723; x_wconf 91' lang='lat' dir='ltr'>con-</span> 
     </span>
     <span class='ocr_line' id='line_1_28' title="bbox 181 1732 1011 1789; baseline 0.007 -16"><span class='ocrx_word' id='word_1_126' title='bbox 181 1732 289 1774; x_wconf 92' lang='lat' dir='ltr'>tulit.</span> <span class='ocrx_word' id='word_1_127' title='bbox 348 1735 390 1775; x_wconf 91' lang='lat' dir='ltr'>A</span> <span class='ocrx_word' id='word_1_128' title='bbox 427 1735 639 1777; x_wconf 84' lang='lat' dir='ltr'>Zacharia</span> <span class='ocrx_word' id='word_1_129' title='bbox 676 1737 798 1789; x_wconf 91' lang='lat' dir='ltr'>Papa</span> <span class='ocrx_word' id='word_1_130' title='bbox 837 1740 1011 1779; x_wconf 89' lang='lat' dir='ltr'>creatus</span> 
     </span>
     <span class='ocr_line' id='line_1_29' title="bbox 182 1788 1009 1847; baseline 0.008 -19"><span class='ocrx_word' id='word_1_131' title='bbox 182 1788 462 1839; x_wconf 91' lang='lat' dir='ltr'>Moguntinus</span> <span class='ocrx_word' id='word_1_132' title='bbox 496 1791 872 1846; x_wconf 86' lang='lat' dir='ltr'>archiepiscopus,</span> <span class='ocrx_word' id='word_1_133' title='bbox 910 1794 1009 1847; x_wconf 93' lang='lat' dir='ltr'>ipso</span> 
     </span>
     <span class='ocr_line' id='line_1_30' title="bbox 182 1845 1010 1902; baseline 0.008 -18"><span class='ocrx_word' id='word_1_134' title='bbox 182 1845 394 1888; x_wconf 91' lang='lat' dir='ltr'>Pontifice</span> <span class='ocrx_word' id='word_1_135' title='bbox 425 1847 600 1899; x_wconf 92' lang='lat' dir='ltr'>jubente</span> <span class='ocrx_word' id='word_1_136' title='bbox 631 1850 835 1902; x_wconf 93' lang='lat' dir='ltr'>Pipinum</span> <span class='ocrx_word' id='word_1_137' title='bbox 866 1850 910 1890; x_wconf 91' lang='lat' dir='ltr'>in</span> <span class='ocrx_word' id='word_1_138' title='bbox 946 1863 1010 1892; x_wconf 91' lang='lat' dir='ltr'>re-</span> 
     </span>
     <span class='ocr_line' id='line_1_31' title="bbox 180 1902 1010 1951; baseline 0.008 -10"><span class='ocrx_word' id='word_1_139' title='bbox 180 1913 281 1951; x_wconf 89' lang='lat' dir='ltr'>gem</span> <span class='ocrx_word' id='word_1_140' title='bbox 305 1902 572 1946; x_wconf 88' lang='lat' dir='ltr'>Francorum</span> <span class='ocrx_word' id='word_1_141' title='bbox 595 1907 730 1947; x_wconf 85' lang='lat' dir='ltr'>unxit.</span> <span class='ocrx_word' id='word_1_142' title='bbox 766 1906 875 1948; x_wconf 87' lang='lat' dir='ltr'>Post</span> <span class='ocrx_word' id='word_1_143' title='bbox 897 1919 1010 1948; x_wconf 92' lang='lat' dir='ltr'>mor-</span> 
     </span>
     <span class='ocr_line' id='line_1_32' title="bbox 182 1960 1011 2015; baseline 0.007 -17"><span class='ocrx_word' id='word_1_144' title='bbox 182 1963 271 1998; x_wconf 90' lang='lat' dir='ltr'>tem</span> <span class='ocrx_word' id='word_1_145' title='bbox 291 1960 429 2000; x_wconf 91' lang='lat' dir='ltr'>sancti</span> <span class='ocrx_word' id='word_1_146' title='bbox 446 1960 720 2003; x_wconf 91' lang='lat' dir='ltr'>Willibrordi</span> <span class='ocrx_word' id='word_1_147' title='bbox 735 1962 1011 2015; x_wconf 90' lang='lat' dir='ltr'>Ultrajecten·</span> 
     </span>
     <span class='ocr_line' id='line_1_33' title="bbox 182 2015 1009 2067; baseline 0.008 -14"><span class='ocrx_word' id='word_1_148' title='bbox 182 2026 275 2054; x_wconf 90' lang='lat' dir='ltr'>sem</span> <span class='ocrx_word' id='word_1_149' title='bbox 302 2015 532 2057; x_wconf 90' lang='lat' dir='ltr'>ecclesiam</span> <span class='ocrx_word' id='word_1_150' title='bbox 560 2017 889 2067; x_wconf 77' lang='lat' dir='ltr'>gubernandam</span> <span class='ocrx_word' id='word_1_151' title='bbox 919 2032 1009 2060; x_wconf 91' lang='lat' dir='ltr'>sus-</span> 
     </span>
     <span class='ocr_line' id='line_1_34' title="bbox 182 2071 1008 2126; baseline 0.006 -15"><span class='ocrx_word' id='word_1_152' title='bbox 182 2071 309 2122; x_wconf 90' lang='lat' dir='ltr'>cepit,</span> <span class='ocrx_word' id='word_1_153' title='bbox 327 2072 470 2124; x_wconf 92' lang='lat' dir='ltr'>primo</span> <span class='ocrx_word' id='word_1_154' title='bbox 490 2086 570 2126; x_wconf 93' lang='lat' dir='ltr'>per</span> <span class='ocrx_word' id='word_1_155' title='bbox 589 2074 829 2125; x_wconf 91' lang='lat' dir='ltr'>Eobanum,</span> <span class='ocrx_word' id='word_1_156' title='bbox 850 2074 1008 2117; x_wconf 90' lang='lat' dir='ltr'>deinde</span> 
     </span>
     <span class='ocr_line' id='line_1_35' title="bbox 182 2129 1009 2180; baseline 0.007 -14"><span class='ocrx_word' id='word_1_157' title='bbox 182 2138 259 2177; x_wconf 90' lang='lat' dir='ltr'>per</span> <span class='ocrx_word' id='word_1_158' title='bbox 278 2130 482 2180; x_wconf 89' lang='lat' dir='ltr'>seipsum,</span> <span class='ocrx_word' id='word_1_159' title='bbox 502 2129 606 2171; x_wconf 89' lang='lat' dir='ltr'>dum</span> <span class='ocrx_word' id='word_1_160' title='bbox 625 2130 679 2171; x_wconf 92' lang='lat' dir='ltr'>ab</span> <span class='ocrx_word' id='word_1_161' title='bbox 699 2131 899 2172; x_wconf 82' lang='lat' dir='ltr'>Ecclesia</span> <span class='ocrx_word' id='word_1_162' title='bbox 917 2132 1009 2172; x_wconf 94' lang='lat' dir='ltr'>Mo-</span> 
     </span>
     <span class='ocr_line' id='line_1_36' title="bbox 181 2184 1009 2239; baseline 0.007 -17"><span class='ocrx_word' id='word_1_163' title='bbox 181 2185 359 2230; x_wconf 88' lang='lat' dir='ltr'>guntina</span> <span class='ocrx_word' id='word_1_164' title='bbox 391 2184 619 2227; x_wconf 82' lang='lat' dir='ltr'>absolutus</span> <span class='ocrx_word' id='word_1_165' title='bbox 645 2186 871 2239; x_wconf 89' lang='lat' dir='ltr'>Ultrajecti</span> <span class='ocrx_word' id='word_1_166' title='bbox 895 2190 1009 2228; x_wconf 89' lang='lat' dir='ltr'>rese-</span> 
     </span>
     <span class='ocr_line' id='line_1_37' title="bbox 182 2236 1008 2285; baseline 0.008 -7"><span class='ocrx_word' id='word_1_167' title='bbox 182 2236 256 2279; x_wconf 90' lang='lat' dir='ltr'>dit.</span> <span class='ocrx_word' id='word_1_168' title='bbox 283 2239 536 2283; x_wconf 90' lang='lat' dir='ltr'>Frisonibus</span> <span class='ocrx_word' id='word_1_169' title='bbox 557 2242 614 2283; x_wconf 90' lang='lat' dir='ltr'>ad</span> <span class='ocrx_word' id='word_1_170' title='bbox 632 2242 927 2284; x_wconf 86' lang='lat' dir='ltr'>idololatriam</span> <span class='ocrx_word' id='word_1_171' title='bbox 944 2256 1008 2285; x_wconf 91' lang='lat' dir='ltr'>re-</span> 
     </span>
     <span class='ocr_line' id='line_1_38' title="bbox 182 2292 1008 2350; baseline 0.01 -18"><span class='ocrx_word' id='word_1_172' title='bbox 182 2292 332 2345; x_wconf 79' lang='lat' dir='ltr'>lapsis,</span> <span class='ocrx_word' id='word_1_173' title='bbox 351 2296 637 2348; x_wconf 87' lang='lat' dir='ltr'>Evangelium</span> <span class='ocrx_word' id='word_1_174' title='bbox 656 2297 901 2350; x_wconf 88' lang='lat' dir='ltr'>praedicare</span> <span class='ocrx_word' id='word_1_175' title='bbox 920 2313 1008 2340; x_wconf 90' lang='lat' dir='ltr'>rur-</span> 
     </span>
     <span class='ocr_line' id='line_1_39' title="bbox 183 2352 1008 2408; baseline 0.01 -20"><span class='ocrx_word' id='word_1_176' title='bbox 183 2361 255 2389; x_wconf 90' lang='lat' dir='ltr'>sus</span> <span class='ocrx_word' id='word_1_177' title='bbox 275 2352 542 2402; x_wconf 85' lang='lat' dir='ltr'>aggreditur,</span> <span class='ocrx_word' id='word_1_178' title='bbox 561 2367 748 2406; x_wconf 89' lang='lat' dir='ltr'>cumque</span> <span class='ocrx_word' id='word_1_179' title='bbox 769 2355 914 2396; x_wconf 89' lang='lat' dir='ltr'>officio</span> <span class='ocrx_word' id='word_1_180' title='bbox 935 2369 1008 2408; x_wconf 92' lang='lat' dir='ltr'>pa-</span> 
     </span>
     <span class='ocr_line' id='line_1_40' title="bbox 183 2406 1011 2461; baseline 0.01 -17"><span class='ocrx_word' id='word_1_181' title='bbox 183 2406 333 2446; x_wconf 87' lang='lat' dir='ltr'>storali</span> <span class='ocrx_word' id='word_1_182' title='bbox 360 2411 665 2461; x_wconf 89' lang='lat' dir='ltr'>occuparetur,</span> <span class='ocrx_word' id='word_1_183' title='bbox 694 2423 719 2450; x_wconf 92' lang='lat' dir='ltr'>a</span> <span class='ocrx_word' id='word_1_184' title='bbox 742 2410 942 2451; x_wconf 88' lang='lat' dir='ltr'>barbaris</span> <span class='ocrx_word' id='word_1_185' title='bbox 967 2417 1011 2453; x_wconf 88' lang='lat' dir='ltr'>et</span> 
     </span>
     <span class='ocr_line' id='line_1_41' title="bbox 183 2461 1009 2517; baseline 0.012 -19"><span class='ocrx_word' id='word_1_186' title='bbox 183 2461 325 2512; x_wconf 91' lang='lat' dir='ltr'>impiis</span> <span class='ocrx_word' id='word_1_187' title='bbox 370 2463 620 2506; x_wconf 89' lang='lat' dir='ltr'>hominibus</span> <span class='ocrx_word' id='word_1_188' title='bbox 660 2467 778 2517; x_wconf 86' lang='lat' dir='ltr'>juxta</span> <span class='ocrx_word' id='word_1_189' title='bbox 814 2467 1009 2508; x_wconf 88' lang='lat' dir='ltr'>Bornam</span> 
     </span>
     <span class='ocr_line' id='line_1_42' title="bbox 184 2515 1008 2576; baseline 0.011 -21"><span class='ocrx_word' id='word_1_190' title='bbox 184 2515 363 2557; x_wconf 79' lang='lat' dir='ltr'>fluvium</span> <span class='ocrx_word' id='word_1_191' title='bbox 390 2531 488 2560; x_wconf 88' lang='lat' dir='ltr'>cum</span> <span class='ocrx_word' id='word_1_192' title='bbox 515 2521 699 2562; x_wconf 89' lang='lat' dir='ltr'>Eobano</span> <span class='ocrx_word' id='word_1_193' title='bbox 730 2525 1008 2576; x_wconf 79' lang='lat' dir='ltr'>coepiscopo,</span> 
     </span>
    </p>
   </div>
   <div class='ocr_carea' id='block_1_5' title="bbox 182 2571 1008 2684">
    <p class='ocr_par' dir='ltr' id='par_1_7' title="bbox 182 2571 1008 2684">
     <span class='ocr_line' id='line_1_43' title="bbox 182 2571 1007 2631; baseline 0.011 -20"><span class='ocrx_word' id='word_1_194' title='bbox 182 2571 417 2624; x_wconf 86' lang='lat' dir='ltr'>multisque</span> <span class='ocrx_word' id='word_1_195' title='bbox 442 2575 536 2616; x_wconf 91' lang='lat' dir='ltr'>aliis</span> <span class='ocrx_word' id='word_1_196' title='bbox 562 2579 741 2619; x_wconf 87' lang='lat' dir='ltr'>cruenta</span> <span class='ocrx_word' id='word_1_197' title='bbox 766 2578 889 2619; x_wconf 88' lang='lat' dir='ltr'>caede</span> <span class='ocrx_word' id='word_1_198' title='bbox 912 2592 1007 2631; x_wconf 89' lang='lat' dir='ltr'>per-</span> 
     </span>
     <span class='ocr_line' id='line_1_44' title="bbox 182 2628 1008 2684; baseline 0.011 -17"><span class='ocrx_word' id='word_1_199' title='bbox 182 2628 354 2679; x_wconf 90' lang='lat' dir='ltr'>emptus</span> <span class='ocrx_word' id='word_1_200' title='bbox 374 2632 565 2682; x_wconf 68' lang='lat' dir='ltr'>martyrii</span> <span class='ocrx_word' id='word_1_201' title='bbox 583 2633 729 2684; x_wconf 91' lang='lat' dir='ltr'>palma</span> <span class='ocrx_word' id='word_1_202' title='bbox 744 2634 1008 2676; x_wconf 86' lang='lat' dir='ltr'>condecora-</span> 
     </span>
    </p>
   </div>
   <div class='ocr_carea' id='block_1_6' title="bbox 181 2683 1006 2739">
    <p class='ocr_par' dir='ltr' id='par_1_8' title="bbox 181 2683 1006 2739">
     <span class='ocr_line' id='line_1_45' title="bbox 181 2683 1006 2739; baseline 0.012 -17"><span class='ocrx_word' id='word_1_203' title='bbox 181 2687 261 2723; x_wconf 87' lang='lat' dir='ltr'>tur.</span> <span class='ocrx_word' id='word_1_204' title='bbox 300 2683 471 2736; x_wconf 92' lang='lat' dir='ltr'>Corpus</span> <span class='ocrx_word' id='word_1_205' title='bbox 496 2689 633 2729; x_wconf 90' lang='lat' dir='ltr'>sancti</span> <span class='ocrx_word' id='word_1_206' title='bbox 659 2689 890 2739; x_wconf 88' lang='lat' dir='ltr'>Bonifacii,</span> <span class='ocrx_word' id='word_1_207' title='bbox 915 2691 1006 2732; x_wconf 94' lang='lat' dir='ltr'>Mo-</span> 
     </span>
    </p>
   </div>
   <div class='ocr_carea' id='block_1_7' title="bbox 1070 278 1902 726">
    <p class='ocr_par' dir='ltr' id='par_1_9' title="bbox 1070 278 1902 726">
     <span class='ocr_line' id='line_1_46' title="bbox 1072 278 1902 334; baseline 0.006 -16"><span class='ocrx_word' id='word_1_208' title='bbox 1072 278 1267 328; x_wconf 82' lang='lat' dir='ltr'>guntiam</span> <span class='ocrx_word' id='word_1_209' title='bbox 1286 280 1561 330; x_wconf 89' lang='lat' dir='ltr'>translatum,</span> <span class='ocrx_word' id='word_1_210' title='bbox 1584 285 1642 330; x_wconf 89' lang='lat' dir='ltr'>et,</span> <span class='ocrx_word' id='word_1_211' title='bbox 1661 285 1710 322; x_wconf 92' lang='lat' dir='ltr'>ut</span> <span class='ocrx_word' id='word_1_212' title='bbox 1728 281 1824 334; x_wconf 89' lang='lat' dir='ltr'>ipse</span> <span class='ocrx_word' id='word_1_213' title='bbox 1842 282 1902 323; x_wconf 89' lang='lat' dir='ltr'>vi-</span> 
     </span>
     <span class='ocr_line' id='line_1_47' title="bbox 1071 336 1901 388; baseline 0.007 -15"><span class='ocrx_word' id='word_1_214' title='bbox 1071 345 1178 375; x_wconf 87' lang='lat' dir='ltr'>vens</span> <span class='ocrx_word' id='word_1_215' title='bbox 1205 338 1410 388; x_wconf 89' lang='lat' dir='ltr'>petierat,</span> <span class='ocrx_word' id='word_1_216' title='bbox 1445 337 1488 377; x_wconf 91' lang='lat' dir='ltr'>in</span> <span class='ocrx_word' id='word_1_217' title='bbox 1516 336 1725 378; x_wconf 89' lang='lat' dir='ltr'>Fuldensi</span> <span class='ocrx_word' id='word_1_218' title='bbox 1751 350 1901 380; x_wconf 90' lang='lat' dir='ltr'>mona-</span> 
     </span>
     <span class='ocr_line' id='line_1_48' title="bbox 1071 390 1902 443; baseline 0.007 -14"><span class='ocrx_word' id='word_1_219' title='bbox 1071 390 1223 441; x_wconf 90' lang='lat' dir='ltr'>sterio,</span> <span class='ocrx_word' id='word_1_220' title='bbox 1244 391 1364 443; x_wconf 94' lang='lat' dir='ltr'>quod</span> <span class='ocrx_word' id='word_1_221' title='bbox 1384 395 1677 442; x_wconf 76' lang='lat' dir='ltr'>exstruxerat,</span> <span class='ocrx_word' id='word_1_222' title='bbox 1704 393 1902 436; x_wconf 88' lang='lat' dir='ltr'>recondi-</span> 
     </span>
     <span class='ocr_line' id='line_1_49' title="bbox 1071 447 1902 497; baseline 0.006 -11"><span class='ocrx_word' id='word_1_223' title='bbox 1071 450 1165 487; x_wconf 89' lang='lat' dir='ltr'>tum</span> <span class='ocrx_word' id='word_1_224' title='bbox 1190 447 1285 497; x_wconf 91' lang='lat' dir='ltr'>fuit,</span> <span class='ocrx_word' id='word_1_225' title='bbox 1313 447 1388 489; x_wconf 93' lang='lat' dir='ltr'>ubi</span> <span class='ocrx_word' id='word_1_226' title='bbox 1414 449 1564 490; x_wconf 90' lang='lat' dir='ltr'>multis</span> <span class='ocrx_word' id='word_1_227' title='bbox 1590 450 1814 491; x_wconf 80' lang='lat' dir='ltr'>miraculis</span> <span class='ocrx_word' id='word_1_228' title='bbox 1841 450 1902 491; x_wconf 93' lang='lat' dir='ltr'>in-</span> 
     </span>
     <span class='ocr_line' id='line_1_50' title="bbox 1071 500 1902 548; baseline 0.006 -6"><span class='ocrx_word' id='word_1_229' title='bbox 1071 500 1237 544; x_wconf 88' lang='lat' dir='ltr'>claruit.</span> <span class='ocrx_word' id='word_1_230' title='bbox 1264 504 1368 545; x_wconf 91' lang='lat' dir='ltr'>Pius</span> <span class='ocrx_word' id='word_1_231' title='bbox 1383 509 1530 546; x_wconf 91' lang='lat' dir='ltr'>autem</span> <span class='ocrx_word' id='word_1_232' title='bbox 1544 518 1686 547; x_wconf 90' lang='lat' dir='ltr'>nonus</span> <span class='ocrx_word' id='word_1_233' title='bbox 1697 506 1902 548; x_wconf 83' lang='lat' dir='ltr'>Pontifex</span> 
     </span>
     <span class='ocr_line' id='line_1_51' title="bbox 1070 559 1902 611; baseline 0.005 -11"><span class='ocrx_word' id='word_1_234' title='bbox 1070 559 1302 610; x_wconf 69' lang='lat' dir='ltr'>Maximus,</span> <span class='ocrx_word' id='word_1_235' title='bbox 1322 561 1413 611; x_wconf 90' lang='lat' dir='ltr'>ejus</span> <span class='ocrx_word' id='word_1_236' title='bbox 1433 560 1638 604; x_wconf 88' lang='lat' dir='ltr'>Officium</span> <span class='ocrx_word' id='word_1_237' title='bbox 1658 566 1703 603; x_wconf 88' lang='lat' dir='ltr'>et</span> <span class='ocrx_word' id='word_1_238' title='bbox 1721 562 1902 604; x_wconf 88' lang='lat' dir='ltr'>Missam</span> 
     </span>
     <span class='ocr_line' id='line_1_52' title="bbox 1071 614 1902 661; baseline 0.005 -5"><span class='ocrx_word' id='word_1_239' title='bbox 1071 614 1129 657; x_wconf 92' lang='lat' dir='ltr'>ad</span> <span class='ocrx_word' id='word_1_240' title='bbox 1154 616 1403 657; x_wconf 89' lang='lat' dir='ltr'>universam</span> <span class='ocrx_word' id='word_1_241' title='bbox 1421 617 1668 660; x_wconf 87' lang='lat' dir='ltr'>Ecclesiam</span> <span class='ocrx_word' id='word_1_242' title='bbox 1695 618 1902 661; x_wconf 83' lang='lat' dir='ltr'>extendit.</span> 
     </span>
     <span class='ocr_line' id='line_1_53' title="bbox 1123 671 1702 726; baseline 0.007 -15"><span class='ocrx_word' id='word_1_243' title='bbox 1123 673 1174 725; x_wconf 68' lang='lat' dir='ltr'>R.</span> <span class='ocrx_word' id='word_1_244' title='bbox 1199 671 1321 713; x_wconf 84' lang='lat' dir='ltr'>Filiae</span> <span class='ocrx_word' id='word_1_245' title='bbox 1340 673 1596 715; x_wconf 80' lang='lat' dir='ltr'>Jerusalem.</span> <span class='ocrx_word' id='word_1_246' title='bbox 1617 673 1702 726; x_wconf 88' lang='lat'>[44]</span> 
     </span>
    </p>
   </div>
   <div class='ocr_carea' id='block_1_8' title="bbox 1291 750 1675 789">
    <p class='ocr_par' dir='ltr' id='par_1_10' title="bbox 1291 750 1675 789">
     <span class='ocr_line' id='line_1_54' title="bbox 1291 750 1675 789; baseline -0.003 0"><span class='ocrx_word' id='word_1_247' title='bbox 1291 751 1340 789; x_wconf 90' lang='lat' dir='ltr'>In</span> <span class='ocrx_word' id='word_1_248' title='bbox 1358 750 1430 789; x_wconf 91' lang='grc' dir='ltr'>ΙΙΙ.</span> <span class='ocrx_word' id='word_1_249' title='bbox 1451 750 1675 788; x_wconf 86' lang='lat' dir='ltr'>Nocturno.</span> 
     </span>
    </p>
   </div>
   <div class='ocr_carea' id='block_1_9' title="bbox 1066 810 1902 1204">
    <p class='ocr_par' dir='ltr' id='par_1_11' title="bbox 1066 810 1902 1204">
     <span class='ocr_line' id='line_1_55' title="bbox 1078 810 1902 863; baseline 0.005 -12"><span class='ocrx_word' id='word_1_250' title='bbox 1078 810 1234 851; x_wconf 85' lang='lat' dir='ltr'>Lectio</span> <span class='ocrx_word' id='word_1_251' title='bbox 1250 811 1391 852; x_wconf 90' lang='lat' dir='ltr'>sancti</span> <span class='ocrx_word' id='word_1_252' title='bbox 1409 811 1638 863; x_wconf 88' lang='lat' dir='ltr'>Evangelii</span> <span class='ocrx_word' id='word_1_253' title='bbox 1657 812 1902 855; x_wconf 79' lang='lat' dir='ltr'>secundum</span> 
     </span>
     <span class='ocr_line' id='line_1_56' title="bbox 1351 867 1624 910; baseline 0.004 -2"><span class='ocrx_word' id='word_1_254' title='bbox 1351 867 1624 910; x_wconf 81' lang='lat' dir='ltr'>Matthaeum.</span> 
     </span>
     <span class='ocr_line' id='line_1_57' title="bbox 1172 926 1797 980; baseline 0.002 -13"><span class='ocrx_word' id='word_1_255' title='bbox 1172 927 1326 968; x_wconf 89' lang='lat' dir='ltr'>Lectio</span> <span class='ocrx_word' id='word_1_256' title='bbox 1347 926 1415 967; x_wconf 83' lang='lat' dir='ltr'>vii.</span> <span class='ocrx_word' id='word_1_257' title='bbox 1641 927 1744 980; x_wconf 88' lang='lat' dir='ltr'>Cap.</span> <span class='ocrx_word' id='word_1_258' title='bbox 1759 928 1797 968; x_wconf 90' lang='lat'>5.</span> 
     </span>
     <span class='ocr_line' id='line_1_58' title="bbox 1114 982 1899 1036; baseline 0.009 -14"><span class='ocrx_word' id='word_1_259' title='bbox 1114 996 1143 1022; x_wconf 94' lang='lat' dir='ltr'>n</span> <span class='ocrx_word' id='word_1_260' title='bbox 1157 982 1233 1024; x_wconf 94' lang='lat' dir='ltr'>illo</span> <span class='ocrx_word' id='word_1_261' title='bbox 1248 985 1464 1036; x_wconf 90' lang='lat' dir='ltr'>tempore:</span> <span class='ocrx_word' id='word_1_262' title='bbox 1483 983 1652 1026; x_wconf 90' lang='lat' dir='ltr'>Videns</span> <span class='ocrx_word' id='word_1_263' title='bbox 1666 984 1692 1026; x_wconf 87' lang='lat' dir='ltr'><strong>J</strong></span> <span class='ocrx_word' id='word_1_264' title='bbox 1693 997 1794 1026; x_wconf 93' lang='lat' dir='ltr'>esus</span> <span class='ocrx_word' id='word_1_265' title='bbox 1811 991 1899 1029; x_wconf 90' lang='lat' dir='ltr'>tur-</span> 
     </span>
     <span class='ocr_line' id='line_1_59' title="bbox 1132 1038 1899 1088; baseline 0.005 -9"><span class='ocrx_word' id='word_1_266' title='bbox 1132 1038 1223 1088; x_wconf 88' lang='lat' dir='ltr'>bas,</span> <span class='ocrx_word' id='word_1_267' title='bbox 1243 1039 1442 1082; x_wconf 91' lang='lat' dir='ltr'>ascendit</span> <span class='ocrx_word' id='word_1_268' title='bbox 1460 1041 1503 1081; x_wconf 93' lang='lat' dir='ltr'>in</span> <span class='ocrx_word' id='word_1_269' title='bbox 1524 1045 1720 1082; x_wconf 92' lang='lat' dir='ltr'>montem</span> <span class='ocrx_word' id='word_1_270' title='bbox 1739 1045 1899 1083; x_wconf 89' lang='lat' dir='ltr'>etcum</span> 
     </span>
     <span class='ocr_line' id='line_1_60' title="bbox 1067 1094 1899 1145; baseline 0.007 -11"><span class='ocrx_word' id='word_1_271' title='bbox 1067 1094 1265 1145; x_wconf 87' lang='lat' dir='ltr'>sedisset,</span> <span class='ocrx_word' id='word_1_272' title='bbox 1286 1098 1567 1139; x_wconf 89' lang='lat' dir='ltr'>accesserunt</span> <span class='ocrx_word' id='word_1_273' title='bbox 1585 1097 1643 1139; x_wconf 88' lang='lat' dir='ltr'>ad</span> <span class='ocrx_word' id='word_1_274' title='bbox 1658 1110 1758 1139; x_wconf 86' lang='lat' dir='ltr'>eum</span> <span class='ocrx_word' id='word_1_275' title='bbox 1772 1097 1899 1140; x_wconf 89' lang='lat' dir='ltr'>disci-</span> 
     </span>
     <span class='ocr_line' id='line_1_61' title="bbox 1066 1150 1561 1204; baseline 0.006 -14"><span class='ocrx_word' id='word_1_276' title='bbox 1066 1150 1159 1202; x_wconf 91' lang='lat' dir='ltr'>puli</span> <span class='ocrx_word' id='word_1_277' title='bbox 1179 1152 1280 1203; x_wconf 90' lang='lat' dir='ltr'>ejus.</span> <span class='ocrx_word' id='word_1_278' title='bbox 1307 1152 1364 1193; x_wconf 90' lang='lat' dir='ltr'>Et</span> <span class='ocrx_word' id='word_1_279' title='bbox 1383 1152 1561 1204; x_wconf 89' lang='lat' dir='ltr'>reliqua.</span> 
     </span>
    </p>
   </div>
   <div class='ocr_carea' id='block_1_10' title="bbox 1061 1225 1900 2743">
    <p class='ocr_par' dir='ltr' id='par_1_12' title="bbox 1066 1225 1898 1438">
     <span class='ocr_line' id='line_1_62' title="bbox 1173 1225 1799 1279; baseline 0.005 -13"><span class='ocrx_word' id='word_1_280' title='bbox 1173 1225 1366 1266; x_wconf 89' lang='lat' dir='ltr'>Homilia</span> <span class='ocrx_word' id='word_1_281' title='bbox 1397 1227 1536 1268; x_wconf 89' lang='lat' dir='ltr'>sancti</span> <span class='ocrx_word' id='word_1_282' title='bbox 1563 1227 1799 1279; x_wconf 82' lang='lat' dir='ltr'>Augustini</span> 
     </span>
     <span class='ocr_line' id='line_1_63' title="bbox 1375 1283 1598 1336; baseline 0.004 -12"><span class='ocrx_word' id='word_1_283' title='bbox 1375 1283 1598 1336; x_wconf 87' lang='lat' dir='ltr'>Episcopi.</span> 
     </span>
     <span class='ocr_line' id='line_1_64' title="bbox 1066 1346 1898 1381; baseline 0 -1"><span class='ocrx_word' id='word_1_284' title='bbox 1066 1347 1147 1381; x_wconf 90' lang='lat' dir='ltr'>Lib.</span> <span class='ocrx_word' id='word_1_285' title='bbox 1175 1348 1202 1381; x_wconf 90' lang='lat'>1.</span> <span class='ocrx_word' id='word_1_286' title='bbox 1232 1347 1279 1381; x_wconf 86' lang='lat' dir='ltr'>de</span> <span class='ocrx_word' id='word_1_287' title='bbox 1310 1357 1487 1381; x_wconf 81' lang='lat' dir='ltr'>sermone</span> <span class='ocrx_word' id='word_1_288' title='bbox 1511 1346 1671 1381; x_wconf 90' lang='lat' dir='ltr'>Domini</span> <span class='ocrx_word' id='word_1_289' title='bbox 1701 1346 1741 1380; x_wconf 91' lang='lat' dir='ltr'>in</span> <span class='ocrx_word' id='word_1_290' title='bbox 1768 1350 1898 1381; x_wconf 92' lang='lat' dir='ltr'>monte</span> 
     </span>
     <span class='ocr_line' id='line_1_65' title="bbox 1355 1395 1610 1438; baseline -0.008 -8"><span class='ocrx_word' id='word_1_291' title='bbox 1355 1405 1438 1438; x_wconf 89' lang='lat' dir='ltr'>cap.</span> <span class='ocrx_word' id='word_1_292' title='bbox 1461 1395 1493 1429; x_wconf 85' lang='lat'>2.</span> <span class='ocrx_word' id='word_1_293' title='bbox 1518 1399 1555 1429; x_wconf 87' lang='lat' dir='ltr'>et</span> <span class='ocrx_word' id='word_1_294' title='bbox 1579 1396 1610 1428; x_wconf 86' lang='lat'>3.</span> 
     </span>
    </p>

    <p class='ocr_par' dir='ltr' id='par_1_13' title="bbox 1061 1451 1900 2505">
     <span class='ocr_line' id='line_1_66' title="bbox 1068 1451 1900 1504; baseline 0.002 -12"><span class='ocrx_word' id='word_1_295' title='bbox 1068 1451 1262 1502; x_wconf 26' lang='grc' dir='ltr'>ἡἐεέιῒί</span> <span class='ocrx_word' id='word_1_296' title='bbox 1299 1451 1465 1493; x_wconf 91' lang='lat' dir='ltr'>mundo</span> <span class='ocrx_word' id='word_1_297' title='bbox 1503 1451 1655 1494; x_wconf 89' lang='lat' dir='ltr'>corde:</span> <span class='ocrx_word' id='word_1_298' title='bbox 1692 1452 1900 1504; x_wconf 88' lang='lat' dir='ltr'>quoniam</span> 
     </span>
     <span class='ocr_line' id='line_1_67' title="bbox 1068 1501 1900 1564; baseline 0.004 -16"><span class='ocrx_word' id='word_1_299' title='bbox 1068 1501 1172 1564; x_wconf 38' lang='lat' dir='ltr'><em>J</em></span> <span class='ocrx_word' id='word_1_300' title='bbox 1191 1508 1278 1560; x_wconf 91' lang='lat' dir='ltr'>ipsi</span> <span class='ocrx_word' id='word_1_301' title='bbox 1309 1508 1455 1549; x_wconf 91' lang='lat' dir='ltr'>Deum</span> <span class='ocrx_word' id='word_1_302' title='bbox 1487 1507 1710 1551; x_wconf 84' lang='lat' dir='ltr'>videbunt.</span> <span class='ocrx_word' id='word_1_303' title='bbox 1758 1510 1900 1560; x_wconf 89' lang='lat' dir='ltr'>Quam</span> 
     </span>
     <span class='ocr_line' id='line_1_68' title="bbox 1193 1564 1900 1617; baseline 0.001 -12"><span class='ocrx_word' id='word_1_304' title='bbox 1193 1577 1299 1616; x_wconf 90' lang='lat' dir='ltr'>ergo</span> <span class='ocrx_word' id='word_1_305' title='bbox 1332 1564 1455 1606; x_wconf 92' lang='lat' dir='ltr'>stulti</span> <span class='ocrx_word' id='word_1_306' title='bbox 1488 1570 1606 1615; x_wconf 91' lang='lat' dir='ltr'>sunt,</span> <span class='ocrx_word' id='word_1_307' title='bbox 1645 1565 1722 1617; x_wconf 92' lang='lat' dir='ltr'>qui</span> <span class='ocrx_word' id='word_1_308' title='bbox 1754 1565 1900 1607; x_wconf 92' lang='lat' dir='ltr'>Deum</span> 
     </span>
     <span class='ocr_line' id='line_1_69' title="bbox 1064 1620 1898 1673; baseline 0.002 -12"><span class='ocrx_word' id='word_1_309' title='bbox 1064 1620 1160 1661; x_wconf 91' lang='lat' dir='ltr'>istis</span> <span class='ocrx_word' id='word_1_310' title='bbox 1192 1620 1484 1662; x_wconf 89' lang='lat' dir='ltr'>exterioribus</span> <span class='ocrx_word' id='word_1_311' title='bbox 1516 1620 1655 1662; x_wconf 88' lang='lat' dir='ltr'>oculis</span> <span class='ocrx_word' id='word_1_312' title='bbox 1684 1627 1898 1673; x_wconf 85' lang='lat' dir='ltr'>quaerunt,</span> 
     </span>
     <span class='ocr_line' id='line_1_70' title="bbox 1065 1676 1899 1726; baseline 0 -8"><span class='ocrx_word' id='word_1_313' title='bbox 1065 1690 1164 1718; x_wconf 92' lang='lat' dir='ltr'>cum</span> <span class='ocrx_word' id='word_1_314' title='bbox 1200 1676 1335 1718; x_wconf 91' lang='lat' dir='ltr'>corde</span> <span class='ocrx_word' id='word_1_315' title='bbox 1371 1676 1592 1726; x_wconf 88' lang='lat' dir='ltr'>videatur,</span> <span class='ocrx_word' id='word_1_316' title='bbox 1645 1677 1758 1719; x_wconf 92' lang='lat' dir='ltr'>sicut</span> <span class='ocrx_word' id='word_1_317' title='bbox 1795 1677 1899 1720; x_wconf 88' lang='lat' dir='ltr'>alibi</span> 
     </span>
     <span class='ocr_line' id='line_1_71' title="bbox 1064 1733 1897 1786; baseline 0.002 -12"><span class='ocrx_word' id='word_1_318' title='bbox 1064 1733 1278 1786; x_wconf 89' lang='lat' dir='ltr'>scriptum</span> <span class='ocrx_word' id='word_1_319' title='bbox 1315 1738 1396 1775; x_wconf 91' lang='lat' dir='ltr'>est:</span> <span class='ocrx_word' id='word_1_320' title='bbox 1441 1733 1498 1774; x_wconf 92' lang='lat' dir='ltr'>Et</span> <span class='ocrx_word' id='word_1_321' title='bbox 1533 1733 1577 1774; x_wconf 93' lang='lat' dir='ltr'>in</span> <span class='ocrx_word' id='word_1_322' title='bbox 1615 1733 1897 1786; x_wconf 87' lang='lat' dir='ltr'>simplicitate</span> 
     </span>
     <span class='ocr_line' id='line_1_72' title="bbox 1066 1788 1899 1842; baseline 0.002 -12"><span class='ocrx_word' id='word_1_323' title='bbox 1066 1788 1214 1830; x_wconf 92' lang='lat' dir='ltr'>cordis</span> <span class='ocrx_word' id='word_1_324' title='bbox 1261 1789 1444 1842; x_wconf 83' lang='lat' dir='ltr'>quaerite</span> <span class='ocrx_word' id='word_1_325' title='bbox 1484 1788 1617 1830; x_wconf 88' lang='lat' dir='ltr'>illum.</span> <span class='ocrx_word' id='word_1_326' title='bbox 1678 1790 1780 1832; x_wconf 90' lang='lat' dir='ltr'>Hoc</span> <span class='ocrx_word' id='word_1_327' title='bbox 1831 1795 1899 1832; x_wconf 85' lang='lat' dir='ltr'>est</span> 
     </span>
     <span class='ocr_line' id='line_1_73' title="bbox 1066 1845 1896 1898; baseline 0.002 -12"><span class='ocrx_word' id='word_1_328' title='bbox 1066 1846 1182 1887; x_wconf 92' lang='lat' dir='ltr'>enim</span> <span class='ocrx_word' id='word_1_329' title='bbox 1208 1845 1422 1887; x_wconf 90' lang='lat' dir='ltr'>mundum</span> <span class='ocrx_word' id='word_1_330' title='bbox 1449 1858 1540 1896; x_wconf 92' lang='lat' dir='ltr'>cor,</span> <span class='ocrx_word' id='word_1_331' title='bbox 1568 1845 1691 1898; x_wconf 91' lang='lat' dir='ltr'>quod</span> <span class='ocrx_word' id='word_1_332' title='bbox 1711 1851 1780 1888; x_wconf 91' lang='lat' dir='ltr'>est</span> <span class='ocrx_word' id='word_1_333' title='bbox 1797 1846 1896 1888; x_wconf 92' lang='lat' dir='ltr'>sim-</span> 
     </span>
     <span class='ocr_line' id='line_1_74' title="bbox 1063 1901 1897 1954; baseline 0.002 -12"><span class='ocrx_word' id='word_1_334' title='bbox 1063 1902 1168 1954; x_wconf 88' lang='lat' dir='ltr'>plex</span> <span class='ocrx_word' id='word_1_335' title='bbox 1200 1915 1289 1943; x_wconf 90' lang='lat' dir='ltr'>cor.</span> <span class='ocrx_word' id='word_1_336' title='bbox 1340 1902 1398 1943; x_wconf 93' lang='lat' dir='ltr'>Et</span> <span class='ocrx_word' id='word_1_337' title='bbox 1432 1901 1805 1954; x_wconf 89' lang='lat' dir='ltr'>quemadmodum</span> <span class='ocrx_word' id='word_1_338' title='bbox 1835 1902 1897 1944; x_wconf 92' lang='lat' dir='ltr'>lu-</span> 
     </span>
     <span class='ocr_line' id='line_1_75' title="bbox 1064 1957 1898 2011; baseline 0.001 -12"><span class='ocrx_word' id='word_1_339' title='bbox 1064 1970 1166 1999; x_wconf 90' lang='lat' dir='ltr'>men</span> <span class='ocrx_word' id='word_1_340' title='bbox 1199 1958 1285 2000; x_wconf 91' lang='lat' dir='ltr'>hoc</span> <span class='ocrx_word' id='word_1_341' title='bbox 1319 1957 1460 2000; x_wconf 90' lang='lat' dir='ltr'>videri</span> <span class='ocrx_word' id='word_1_342' title='bbox 1490 1971 1580 2000; x_wconf 93' lang='lat' dir='ltr'>non</span> <span class='ocrx_word' id='word_1_343' title='bbox 1610 1963 1777 2011; x_wconf 88' lang='lat' dir='ltr'>potest,</span> <span class='ocrx_word' id='word_1_344' title='bbox 1814 1959 1898 2000; x_wconf 91' lang='lat' dir='ltr'>nisi</span> 
     </span>
     <span class='ocr_line' id='line_1_76' title="bbox 1065 2014 1895 2056; baseline 0.001 -1"><span class='ocrx_word' id='word_1_345' title='bbox 1065 2014 1203 2056; x_wconf 92' lang='lat' dir='ltr'>oculis</span> <span class='ocrx_word' id='word_1_346' title='bbox 1228 2014 1418 2056; x_wconf 86' lang='lat' dir='ltr'>mundis:</span> <span class='ocrx_word' id='word_1_347' title='bbox 1444 2014 1508 2056; x_wconf 89' lang='lat' dir='ltr'>ita</span> <span class='ocrx_word' id='word_1_348' title='bbox 1530 2027 1612 2056; x_wconf 91' lang='lat' dir='ltr'>nec</span> <span class='ocrx_word' id='word_1_349' title='bbox 1631 2015 1754 2056; x_wconf 93' lang='lat' dir='ltr'>Deus</span> <span class='ocrx_word' id='word_1_350' title='bbox 1777 2014 1895 2056; x_wconf 88' lang='lat' dir='ltr'>vide-</span> 
     </span>
     <span class='ocr_line' id='line_1_77' title="bbox 1064 2069 1896 2123; baseline 0.001 -12"><span class='ocrx_word' id='word_1_351' title='bbox 1064 2076 1150 2120; x_wconf 92' lang='lat' dir='ltr'>tur,</span> <span class='ocrx_word' id='word_1_352' title='bbox 1168 2070 1251 2111; x_wconf 93' lang='lat' dir='ltr'>nisi</span> <span class='ocrx_word' id='word_1_353' title='bbox 1270 2069 1482 2112; x_wconf 91' lang='lat' dir='ltr'>mundum</span> <span class='ocrx_word' id='word_1_354' title='bbox 1501 2070 1557 2112; x_wconf 92' lang='lat' dir='ltr'>sit</span> <span class='ocrx_word' id='word_1_355' title='bbox 1576 2070 1700 2120; x_wconf 91' lang='lat' dir='ltr'>illud,</span> <span class='ocrx_word' id='word_1_356' title='bbox 1728 2083 1816 2123; x_wconf 91' lang='lat' dir='ltr'>quo</span> <span class='ocrx_word' id='word_1_357' title='bbox 1836 2071 1896 2112; x_wconf 89' lang='lat' dir='ltr'>vi-</span> 
     </span>
     <span class='ocr_line' id='line_1_78' title="bbox 1064 2126 1897 2180; baseline 0.001 -12"><span class='ocrx_word' id='word_1_358' title='bbox 1064 2126 1159 2168; x_wconf 88' lang='lat' dir='ltr'>deri</span> <span class='ocrx_word' id='word_1_359' title='bbox 1192 2131 1354 2180; x_wconf 89' lang='lat' dir='ltr'>potest.</span> <span class='ocrx_word' id='word_1_360' title='bbox 1404 2127 1533 2168; x_wconf 89' lang='lat' dir='ltr'>Beati</span> <span class='ocrx_word' id='word_1_361' title='bbox 1565 2126 1754 2179; x_wconf 87' lang='lat' dir='ltr'>pacifici:</span> <span class='ocrx_word' id='word_1_362' title='bbox 1791 2129 1897 2179; x_wconf 88' lang='lat' dir='ltr'>quo-</span> 
     </span>
     <span class='ocr_line' id='line_1_79' title="bbox 1062 2182 1897 2236; baseline 0 -12"><span class='ocrx_word' id='word_1_363' title='bbox 1062 2183 1180 2224; x_wconf 88' lang='lat' dir='ltr'>niam</span> <span class='ocrx_word' id='word_1_364' title='bbox 1204 2184 1290 2236; x_wconf 92' lang='lat' dir='ltr'>ipsi</span> <span class='ocrx_word' id='word_1_365' title='bbox 1314 2183 1392 2224; x_wconf 88' lang='lat' dir='ltr'>filii</span> <span class='ocrx_word' id='word_1_366' title='bbox 1416 2183 1500 2224; x_wconf 89' lang='lat' dir='ltr'>Dei</span> <span class='ocrx_word' id='word_1_367' title='bbox 1522 2182 1810 2225; x_wconf 79' lang='lat' dir='ltr'>vocabuntur.</span> <span class='ocrx_word' id='word_1_368' title='bbox 1846 2183 1897 2224; x_wconf 91' lang='lat' dir='ltr'>In</span> 
     </span>
     <span class='ocr_line' id='line_1_80' title="bbox 1062 2238 1895 2292; baseline 0 -12"><span class='ocrx_word' id='word_1_369' title='bbox 1062 2252 1173 2292; x_wconf 86' lang='lat' dir='ltr'>pace</span> <span class='ocrx_word' id='word_1_370' title='bbox 1191 2239 1406 2292; x_wconf 87' lang='lat' dir='ltr'>perfectio</span> <span class='ocrx_word' id='word_1_371' title='bbox 1431 2244 1516 2289; x_wconf 91' lang='lat' dir='ltr'>est,</span> <span class='ocrx_word' id='word_1_372' title='bbox 1541 2239 1617 2281; x_wconf 92' lang='lat' dir='ltr'>ubi</span> <span class='ocrx_word' id='word_1_373' title='bbox 1639 2238 1746 2280; x_wconf 90' lang='lat' dir='ltr'>nihil</span> <span class='ocrx_word' id='word_1_374' title='bbox 1768 2242 1895 2292; x_wconf 78' lang='lat' dir='ltr'>repu-</span> 
     </span>
     <span class='ocr_line' id='line_1_81' title="bbox 1062 2294 1895 2348; baseline 0.001 -12"><span class='ocrx_word' id='word_1_375' title='bbox 1062 2300 1177 2346; x_wconf 88' lang='lat' dir='ltr'>gnat,</span> <span class='ocrx_word' id='word_1_376' title='bbox 1197 2301 1241 2336; x_wconf 89' lang='lat' dir='ltr'>et</span> <span class='ocrx_word' id='word_1_377' title='bbox 1260 2294 1361 2337; x_wconf 87' lang='lat' dir='ltr'>ideo</span> <span class='ocrx_word' id='word_1_378' title='bbox 1380 2295 1458 2337; x_wconf 86' lang='lat' dir='ltr'>filii</span> <span class='ocrx_word' id='word_1_379' title='bbox 1476 2296 1561 2337; x_wconf 91' lang='lat' dir='ltr'>Dei</span> <span class='ocrx_word' id='word_1_380' title='bbox 1580 2295 1769 2348; x_wconf 92' lang='lat' dir='ltr'>pacifici,</span> <span class='ocrx_word' id='word_1_381' title='bbox 1789 2297 1895 2347; x_wconf 88' lang='lat' dir='ltr'>quo-</span> 
     </span>
     <span class='ocr_line' id='line_1_82' title="bbox 1062 2351 1896 2400; baseline 0 -8"><span class='ocrx_word' id='word_1_382' title='bbox 1062 2352 1179 2393; x_wconf 84' lang='lat' dir='ltr'>niam</span> <span class='ocrx_word' id='word_1_383' title='bbox 1206 2351 1312 2392; x_wconf 92' lang='lat' dir='ltr'>nihil</span> <span class='ocrx_word' id='word_1_384' title='bbox 1339 2351 1383 2392; x_wconf 92' lang='lat' dir='ltr'>in</span> <span class='ocrx_word' id='word_1_385' title='bbox 1409 2351 1478 2393; x_wconf 87' lang='lat' dir='ltr'>his</span> <span class='ocrx_word' id='word_1_386' title='bbox 1506 2352 1671 2393; x_wconf 86' lang='lat' dir='ltr'>resistit</span> <span class='ocrx_word' id='word_1_387' title='bbox 1697 2351 1813 2400; x_wconf 91' lang='lat' dir='ltr'>Deo,</span> <span class='ocrx_word' id='word_1_388' title='bbox 1852 2356 1896 2393; x_wconf 90' lang='lat' dir='ltr'>et</span> 
     </span>
     <span class='ocr_line' id='line_1_83' title="bbox 1063 2406 1895 2460; baseline 0 -12"><span class='ocrx_word' id='word_1_389' title='bbox 1063 2407 1215 2460; x_wconf 83' lang='lat' dir='ltr'>utique</span> <span class='ocrx_word' id='word_1_390' title='bbox 1232 2407 1311 2448; x_wconf 90' lang='lat' dir='ltr'>filii</span> <span class='ocrx_word' id='word_1_391' title='bbox 1325 2407 1655 2449; x_wconf 83' lang='lat' dir='ltr'>similitudinem</span> <span class='ocrx_word' id='word_1_392' title='bbox 1669 2407 1807 2459; x_wconf 87' lang='lat' dir='ltr'>patris</span> <span class='ocrx_word' id='word_1_393' title='bbox 1822 2406 1895 2448; x_wconf 93' lang='lat' dir='ltr'>ha-</span> 
     </span>
     <span class='ocr_line' id='line_1_84' title="bbox 1061 2462 1360 2505; baseline -0.003 0"><span class='ocrx_word' id='word_1_394' title='bbox 1061 2463 1166 2505; x_wconf 88' lang='lat' dir='ltr'>bere</span> <span class='ocrx_word' id='word_1_395' title='bbox 1186 2462 1360 2505; x_wconf 89' lang='lat' dir='ltr'>debent.</span> 
     </span>
    </p>

    <p class='ocr_par' dir='ltr' id='par_1_14' title="bbox 1061 2523 1894 2743">
     <span class='ocr_line' id='line_1_85' title="bbox 1114 2523 1894 2576; baseline 0.001 -13"><span class='ocrx_word' id='word_1_396' title='bbox 1114 2524 1165 2576; x_wconf 71' lang='lat' dir='ltr'>R.</span> <span class='ocrx_word' id='word_1_397' title='bbox 1198 2523 1294 2574; x_wconf 88' lang='lat' dir='ltr'>Ego</span> <span class='ocrx_word' id='word_1_398' title='bbox 1324 2536 1421 2564; x_wconf 92' lang='lat' dir='ltr'>sum</span> <span class='ocrx_word' id='word_1_399' title='bbox 1449 2523 1550 2564; x_wconf 92' lang='lat' dir='ltr'>vitis</span> <span class='ocrx_word' id='word_1_400' title='bbox 1578 2535 1700 2572; x_wconf 87' lang='lat' dir='ltr'>vera,</span> <span class='ocrx_word' id='word_1_401' title='bbox 1742 2526 1786 2564; x_wconf 89' lang='lat' dir='ltr'>et</span> <span class='ocrx_word' id='word_1_402' title='bbox 1813 2535 1894 2564; x_wconf 88' lang='lat' dir='ltr'>vos</span> 
     </span>
     <span class='ocr_line' id='line_1_86' title="bbox 1062 2578 1894 2631; baseline -0.001 -10"><span class='ocrx_word' id='word_1_403' title='bbox 1062 2579 1280 2631; x_wconf 88' lang='lat' dir='ltr'>palmites:</span> <span class='ocrx_word' id='word_1_404' title='bbox 1319 2581 1342 2605; x_wconf 85' lang='lat'>*</span> <span class='ocrx_word' id='word_1_405' title='bbox 1364 2579 1447 2629; x_wconf 94' lang='lat' dir='ltr'>Qui</span> <span class='ocrx_word' id='word_1_406' title='bbox 1478 2583 1627 2620; x_wconf 91' lang='lat' dir='ltr'>manet</span> <span class='ocrx_word' id='word_1_407' title='bbox 1658 2578 1702 2619; x_wconf 92' lang='lat' dir='ltr'>in</span> <span class='ocrx_word' id='word_1_408' title='bbox 1734 2591 1815 2627; x_wconf 90' lang='lat' dir='ltr'>me,</span> <span class='ocrx_word' id='word_1_409' title='bbox 1850 2584 1894 2620; x_wconf 91' lang='lat' dir='ltr'>et</span> 
     </span>
     <span class='ocr_line' id='line_1_87' title="bbox 1062 2634 1892 2686; baseline -0.002 -9"><span class='ocrx_word' id='word_1_410' title='bbox 1062 2649 1144 2686; x_wconf 90' lang='lat' dir='ltr'>ego</span> <span class='ocrx_word' id='word_1_411' title='bbox 1170 2636 1215 2677; x_wconf 91' lang='lat' dir='ltr'>in</span> <span class='ocrx_word' id='word_1_412' title='bbox 1241 2648 1312 2685; x_wconf 92' lang='lat' dir='ltr'>eo,</span> <span class='ocrx_word' id='word_1_413' title='bbox 1344 2635 1415 2676; x_wconf 89' lang='lat' dir='ltr'>hic</span> <span class='ocrx_word' id='word_1_414' title='bbox 1448 2635 1532 2677; x_wconf 88' lang='lat' dir='ltr'>fert</span> <span class='ocrx_word' id='word_1_415' title='bbox 1564 2634 1754 2676; x_wconf 87' lang='lat' dir='ltr'>fructum</span> <span class='ocrx_word' id='word_1_416' title='bbox 1785 2634 1892 2676; x_wconf 90' lang='lat' dir='ltr'>mul-</span> 
     </span>
     <span class='ocr_line' id='line_1_88' title="bbox 1061 2685 1894 2743; baseline 0 -10"><span class='ocrx_word' id='word_1_417' title='bbox 1061 2697 1168 2742; x_wconf 90' lang='lat' dir='ltr'>tum,</span> <span class='ocrx_word' id='word_1_418' title='bbox 1193 2691 1380 2743; x_wconf 81' lang='lat' dir='ltr'>alleluja,</span> <span class='ocrx_word' id='word_1_419' title='bbox 1406 2690 1589 2742; x_wconf 73' lang='lat' dir='ltr'>alleluja.</span> <span class='ocrx_word' id='word_1_420' title='bbox 1620 2685 1672 2738; x_wconf 67' lang='lat' dir='ltr'>V.</span> <span class='ocrx_word' id='word_1_421' title='bbox 1688 2691 1810 2732; x_wconf 91' lang='lat' dir='ltr'>Sicut</span> <span class='ocrx_word' id='word_1_422' title='bbox 1832 2690 1894 2733; x_wconf 87' lang='lat' dir='ltr'>di-</span> 
     </span>
    </p>
   </div>
   <div class='ocr_carea' id='block_1_11' title="bbox 125 121 2066 2809">
    <p class='ocr_par' dir='ltr' id='par_1_15' title="bbox 125 121 2066 2809">
     <span class='ocr_line' id='line_1_89' title="bbox 125 121 2066 2809; baseline 0 0"><span class='ocrx_word' id='word_1_423' title='bbox 125 121 2066 2809; x_wconf 95' lang='lat' dir='ltr'> </span> 
     </span>
    </p>
   </div>
  </div>
 </body>
</html>
