2066 2956
649 214 753 248 Infra
778 214 963 248 Octavam
989 213 1257 248 Dedicationis
1282 212 1479 247 Ecclesiae.

194 309 355 351 ficante
385 308 527 359 gratia
558 307 658 356 Dei,
698 306 952 359 perficiatur
984 306 1027 346 in

197 364 459 418 corporibus
481 363 651 405 vestris.

250 423 300 474 R.
327 420 566 462 Orantibus
585 420 630 460 in
648 419 760 462 loco.
788 418 893 471 [136]

505 491 657 532 Lectio
678 505 715 531 v.

1121 307 1187 348 De
1214 305 1407 347 Homilia
1434 302 1712 346 Venerabilis
1739 302 1877 345 Bedae

1364 359 1629 412 Presbyteri.

1202 427 1285 462 Lib.
1309 427 1340 461 5.
1365 425 1463 483 Gap:
1481 425 1534 459 77.
1560 425 1599 459 in
1624 425 1713 458 Luc.
1740 424 1791 459 19.

1089 488 1097 553 ῑ
1114 487 1155 539 Γ
1155 470 1916 583 ἓὲἒὲῗὲέξέἑὲἰξῒνῗᾱῖὲῗιῖζῗῗέἑ

282 548 553 601 rincipaliter
592 559 697 597 ergo
733 547 898 598 gratias
931 548 1028 598 aga·
1088 564 1097 582 -ι

291 618 389 646 mus
426 604 619 645 Domino
657 603 755 644 Deo
792 607 962 652 nostro,
1004 616 1030 643 a

198 673 285 713 quo
307 666 374 702 est
394 673 524 702 omne
549 660 700 701 datum
725 659 957 711 optimum,
987 663 1031 700 et

199 729 329 758 omne
364 716 530 758 donum
562 715 821 768 perfectum3
864 719 908 756 et
939 715 1029 766 ejus

197 773 442 814 bonitatem
482 777 578 814 tota
619 770 766 812 cordis
803 770 1031 812 alacritate

197 829 445 878 laudemus,
476 827 681 880 quoniam
701 826 758 868 ad
778 828 1031 868 construen-

200 884 302 926 dam
321 885 453 926 istam
475 884 655 926 domum
675 883 901 933 orationis,
926 882 1031 924 fide-

198 940 303 982 lium
323 942 505 981 suorum
523 940 719 980 visitavit
738 939 941 988 animum,
961 951 1031 980 ex-

200 997 352 1038 citavit
380 996 602 1045 affectum,
636 995 886 1045 surrogavit
914 997 1031 1036 auxi-

198 1053 315 1102 lium,
332 1052 563 1105 inspiravit
578 1051 767 1093 necdum
782 1051 1032 1092 volentibus

199 1114 247 1150 ut
266 1109 440 1158 vellent,
460 1107 625 1159 adjavit
645 1107 774 1149 bonae
793 1107 1032 1149 voluntatis

201 1167 386 1206 conatus
419 1169 466 1206 ut
498 1164 708 1205 facerent:
746 1176 799 1204 ac
836 1176 916 1216 per
949 1163 1034 1204 hoc

200 1222 337 1270 Deus,
362 1221 436 1272 qui
457 1222 665 1272 operatur
685 1220 729 1260 in
749 1219 838 1260 suis
859 1224 902 1260 et
921 1219 1034 1260 velle

203 1282 247 1318 et
276 1276 491 1329 perficere
527 1288 609 1328 pro
646 1275 765 1317 bona
796 1275 1034 1325 voluntate,

202 1333 299 1374 haec
328 1332 474 1373 omnia
500 1332 597 1384 ipse
626 1332 778 1384 coepit,
815 1331 911 1384 ipse
938 1345 1034 1384 per-

202 1389 316 1430 fecit.

251 1446 301 1497 R.
315 1444 352 1486 Ο
375 1457 506 1496 quam
524 1443 799 1486 metuendus.
819 1444 924 1496 [136]

501 1511 654 1551 Lectio
677 1512 729 1551 vi.

288 1580 307 1617 t
319 1575 421 1627 quia
440 1576 577 1627 opera
594 1574 713 1616 bona
731 1574 776 1614 in
792 1575 1036 1626 conspectu

303 1644 383 1672 suo
417 1643 657 1682 numquam
688 1642 787 1671 esse
819 1631 1038 1683 permittit

203 1688 364 1736 inania,
391 1686 595 1728 fidelibus
619 1686 725 1736 suis,
755 1686 914 1738 quibus
934 1699 1036 1739 ope-

204 1743 402 1784 rantibus
429 1742 621 1795 praebuit
648 1742 824 1784 virtutis
858 1755 949 1783 suae
978 1742 1036 1783 fa-

204 1801 377 1848 vorem,
430 1798 595 1840 tribuet
645 1798 908 1850 condignam
953 1811 1036 1851 pro

203 1860 326 1896 tanta
357 1855 615 1908 operatione
644 1855 906 1896 mercedem.
948 1854 1036 1896 Ad-

203 1910 290 1952 huc
322 1911 510 1963 amplius
543 1910 726 1962 agendae
754 1915 855 1952 sunt
882 1911 1036 1961 gratiae

204 1967 302 2009 Deo
321 1971 486 2008 nostro.
514 1967 641 2008 Hanc
661 1966 778 2008 enim
796 1967 1036 2016 ecclesiam,

205 2036 337 2075 quam
373 2022 477 2065 fecit
512 2022 678 2063 nomini
716 2035 797 2063 suo
829 2024 1036 2072 construi,

204 2079 307 2121 fecit
342 2079 474 2120 etiam
507 2079 760 2119 sanctorum
793 2078 1036 2130 Martyrum

204 2135 401 2188 reliquiis
421 2134 609 2187 amplius
628 2133 848 2175 honorari.

259 2193 306 2243 lx’g.
335 2191 465 2233 Mane
483 2203 677 2242 surgens.
705 2190 811 2242 [136]

427 2270 476 2308 In
497 2269 567 2307 III.
588 2269 622 2307 N
626 2270 812 2309 octurno.

207 2329 360 2371 Lectio
385 2329 525 2371 sancti
544 2327 771 2379 Evangelii
795 2328 1036 2370 secundum

533 2385 711 2426 Lucam.

308 2433 460 2473 Lectio
484 2434 551 2474 vii.
750 2433 852 2485 Cap.
873 2435 929 2473 19.

204 2491 280 2596 In
307 2497 382 2538 illo
410 2499 626 2550 tempore:
654 2497 884 2548 Ingressus
907 2496 931 2536 J
935 2509 1035 2538 esus

271 2553 607 2604 perambulabat
629 2553 654 2594 J
658 2552 816 2594 ericho.
850 2552 906 2593 Et
932 2565 1035 2594 ecce

206 2607 272 2647 vir
295 2610 470 2651 nomine
490 2609 719 2651 Zachaeus:
752 2613 796 2650 et
822 2607 895 2649 hic
921 2609 1035 2660 prin-

206 2675 310 2715 ceps
343 2670 436 2706 erat
466 2665 818 2717 publicanorum,
864 2670 908 2705 et
938 2665 1036 2716 ipse

207 2718 341 2760 dives.
380 2720 437 2762 Et
455 2721 633 2773 reliqua.

1083 587 1097 600 ⁴⁴
1120 586 1166 609 '²
1212 585 1442 627 ambulans
1479 583 1654 625 Jericho
1694 582 1914 632 Salvator,

1082 643 1202 684 venit
1236 642 1294 683 ad
1325 642 1490 690 locum,
1529 639 1606 681 ubi
1635 642 1915 692 praecarrens

1083 698 1299 740 Zachaeus
1336 699 1617 749 sycomorum
1649 693 1915 737 conscende-

1083 759 1166 796 rat:
1200 754 1302 806 quia
1328 753 1475 794 missis
1501 764 1583 804 per
1608 750 1822 793 mundum
1849 750 1917 792 sui

1083 811 1207 853 verbi
1233 809 1532 863 praeconibus,
1565 808 1610 849 in
1634 807 1794 859 quibus
1820 806 1917 859 ipse

1083 868 1288 908 nimirum
1307 870 1351 908 et
1369 864 1635 917 loquebatur
1654 868 1698 905 et
1715 863 1823 913 ibat,
1846 875 1917 905 ve-

1083 924 1148 965 nit
1167 923 1224 964 ad
1241 922 1456 975 populum
1474 920 1710 970 nationum,
1731 920 1806 972 qui
1820 932 1918 972 pas-

1085 980 1222 1021 sionis
1249 980 1340 1030 ejus
1365 977 1454 1019 fide
1478 978 1563 1029 jam
1587 975 1785 1018 sublimis
1808 977 1918 1017 exsi-

1086 1041 1223 1086 stens,
1254 1036 1385 1076 etiam
1414 1034 1653 1076 divm1tat1s
1679 1033 1771 1084 ejus
1797 1030 1918 1073 arde-

1084 1092 1163 1133 bat
1187 1091 1334 1143 agnita
1358 1091 1468 1132 facie
1492 1089 1626 1131 beari.
1666 1088 1918 1141 Suspiciens

1086 1147 1196 1189 vidit
1213 1147 1351 1197 illum,
1381 1147 1482 1199 quia
1505 1158 1586 1198 per
1609 1145 1797 1196 gratiam
1814 1143 1920 1185 fidei

1087 1217 1112 1245 a
1133 1204 1320 1245 terrenis
1347 1201 1663 1255 cupiditatibus
1687 1201 1919 1249 elevatum,

1086 1260 1315 1312 turbisque
1351 1258 1602 1300 infidelibus
1635 1256 1921 1310 praeeminen-

1086 1322 1177 1358 tem
1202 1316 1344 1367 elegit.
1384 1314 1551 1357 Videre
1575 1314 1691 1355 enim
1713 1313 1815 1362 Dei,
1848 1312 1921 1354 eli-

1087 1385 1190 1424 gere
1208 1372 1279 1414 vel
1299 1374 1446 1413 amare
1467 1375 1544 1412 est.
1571 1369 1699 1413 Unde
1715 1373 1783 1411 est
1797 1368 1921 1410 illud:

1089 1429 1218 1471 Oculi
1243 1428 1423 1470 Domini
1450 1440 1584 1480 super
1612 1427 1762 1478 justos.
1806 1425 1922 1467 Nam

1089 1490 1133 1527 et
1164 1498 1247 1527 nos
1283 1497 1382 1537 quae
1415 1485 1632 1533 amamus,
1663 1481 1830 1532 videre3
1865 1480 1920 1523 ab

1088 1541 1172 1591 his,
1197 1554 1296 1594 quae
1317 1542 1612 1589 exsecramur,
1636 1538 1843 1580 intt'iitum
1862 1537 1922 1579 fe-

1089 1599 1303 1640 stinamus
1322 1599 1532 1639 avertere.

1138 1657 1189 1707 R.
1219 1655 1390 1695 Domus
1409 1665 1518 1694 mea.
1547 1651 1652 1705 [138]

1378 1710 1531 1752 Lectio
1553 1710 1635 1751 viii.

1087 1763 1263 1869 Vidit
1299 1778 1404 1816 ergo
1437 1765 1565 1806 Jesus
1601 1763 1824 1805 videntem
1857 1774 1921 1812 se,

1196 1822 1299 1874 quia
1335 1821 1466 1873 elegit
1502 1820 1736 1872 eligentem
1772 1832 1837 1870 se,
1877 1824 1922 1861 et

1089 1879 1252 1920 amavit
1270 1880 1503 1920 amantem.
1531 1877 1663 1918 Hunc
1682 1888 1787 1918 sane
1806 1875 1921 1917 ordi·

1088 1948 1190 1977 nem
1204 1933 1477 1988 proficiendi,
1495 1933 1582 1975 hoc
1597 1937 1674 1983 est,
1692 1945 1773 1986 per
1787 1931 1922 1974 fidem

1089 1991 1322 2034 dominicae
1346 1989 1667 2032 Incarnationis
1692 1988 1750 2030 ad
1776 1988 1920 2040 cogni-

1089 2048 1255 2090 tionem
1266 2046 1504 2089 divinitatis
1515 2044 1811 2098 perveniendi,
1827 2057 1923 2098 qua-

1088 2105 1126 2145 si
1143 2116 1224 2156 per
1238 2105 1521 2156 sycomorum
1535 2102 1559 2142 J
1562 2114 1640 2143 esu
1654 2101 1811 2143 faciem
1826 2113 1922 2153 spe-

1088 2159 1265 2202 culandi
1290 2160 1461 2201 Doctor
1489 2158 1690 2208 egregius
1718 2156 1921 2207 ostendit,

1088 2229 1189 2258 cum
1213 2217 1289 2257 ait:
1316 2215 1419 2257 Non
1448 2214 1564 2256 enim
1591 2213 1780 2266 judicavi
1808 2213 1921 2254 scire

1087 2285 1158 2314 me
1177 2271 1345 2324 aliquid
1361 2271 1474 2312 inter
1489 2283 1581 2321 vos,
1600 2270 1685 2311 nisi
1699 2269 1921 2311 Christum

1087 2329 1111 2369 J
1115 2342 1255 2378 esum,
1279 2332 1323 2369 et
1345 2327 1462 2368 hunc
1486 2326 1754 2368 crucifixum.
1792 2326 1921 2367 Item-

1090 2397 1175 2437 que
1203 2383 1298 2425 aliis
1327 2382 1617 2436 exprobrans:
1648 2382 1773 2423 Facti
1805 2381 1920 2431 estis,

1087 2440 1244 2493 inquit,
1274 2439 1433 2492 quibus
1457 2439 1572 2480 lacte
1596 2450 1710 2490 opus
1734 2437 1805 2487 sit,
1832 2450 1921 2479 non

1088 2496 1232 2538 solido
1253 2495 1364 2537 cibo.
1398 2495 1490 2535 Lac
1508 2494 1681 2535 infirma
1699 2496 1919 2545 tempora-

1088 2553 1165 2594 riae
1185 2550 1540 2604 dispensationiS,
1565 2549 1756 2590 solidum
1775 2549 1921 2591 cibum

1088 2609 1226 2650 ardua
1249 2609 1478 2660 perpetuae
1507 2606 1747 2657 majestatis
1771 2605 1919 2658 appel-

1087 2665 1193 2772 lari?
1218 2718 1410 2772 Lapides
1435 2717 1629 2770 pretiosi.
1658 2717 1763 2769 [139]
