2066 2956
221 214 314 260 [192]

274 311 576 354 Exaltationes
601 312 685 354 Dei
711 313 755 353 in
778 316 954 365 gutture
978 315 1047 355 εό-

222 381 333 409 rum:
351 369 375 393 *
395 373 439 410 et
464 367 598 420 gladii
622 369 836 422 ancipites
854 370 898 410 in
916 369 1048 411 mani-

221 424 303 466 bus
323 426 488 465 eorum:

273 480 347 522 Ad
373 481 619 523 faciendam
643 481 882 524 vindictam
907 483 951 524 in
976 495 1047 523 na-

220 537 429 579 tionibus:
465 538 489 563 *
524 538 847 591 increpationes
887 540 931 580 in
971 541 1048 592 po-

173 613 174 616 *
220 594 346 646 pulis.

272 650 345 692 Ad
376 649 622 702 alligandos
658 664 784 703 reges
822 654 974 694 eorum
1005 652 1048 693 in

222 706 523 760 compedibus:
537 707 561 732 *
581 712 625 749 et
642 708 812 750 nobiles
832 711 987 750 eorum
1005 709 1049 750 in

221 764 403 805 manicis
422 764 585 805 ferreis.

274 821 333 863 Ut
359 821 520 862 faciant
547 821 590 861 in
625 821 686 862 eis
714 820 920 873 judicium
948 835 1048 864 eon-

221 879 450 930 seriptum:
477 878 500 903 *
528 877 667 928 gloria
694 877 790 919 haec
818 883 885 920 est
915 879 1049 920 omni-

174 980 175 986 1
221 933 303 975 bus
322 934 483 975 sanctis
504 935 605 986 ejus.
867 986 870 993 Ι

276 990 357 1029 Hic
380 1004 462 1029 non
487 989 644 1029 dieitur
661 990 889 1043 Re'quiem.

485 1046 678 1085 I‘salmus
701 1046 790 1084 150.

224 1098 460 1202 Laudate
506 1105 744 1147 Dominum
793 1105 837 1146 in
886 1106 1048 1148 sanctis

327 1162 432 1212 ejus:
455 1162 478 1188 *
502 1161 679 1203 laudate
709 1175 807 1203 eum
835 1162 879 1203 in
906 1162 1047 1204 firma-

220 1219 368 1259 mento
388 1217 561 1258 virtutis
581 1219 682 1270 ejus.

273 1273 471 1315 LaudAte
496 1287 595 1315 eum
618 1274 662 1315 in
686 1274 920 1316 virtutibus
945 1275 1049 1327 ejus:

221 1331 244 1357 *
269 1330 446 1372 laudate
471 1343 570 1372 eum
595 1330 837 1373 seeundum
859 1332 1049 1373 multitu-

222 1387 368 1429 dinem
385 1387 696 1439 magnitudinis
716 1388 816 1440 ejus.

272 1443 472 1485 Laudate
504 1457 603 1485 eum
638 1444 682 1485 in
720 1457 830 1486 sono
862 1444 996 1486 tubae:
1025 1447 1049 1472 *

221 1500 397 1542 laudate
414 1513 513 1542 eum
530 1501 573 1541 in
587 1500 797 1553 psalterio
814 1506 858 1543 et
874 1501 1050 1543 eithara.

274 1556 472 1598 Laudate
514 1570 615 1599 eum
654 1558 699 1598 in
739 1559 966 1611 tympano,
1007 1563 1051 1600 et

223 1614 375 1655 choro:
398 1615 422 1641 *
445 1613 622 1656 laudate
657 1627 757 1656 eum
786 1615 831 1655 in
863 1614 1050 1666 chordis

224 1675 268 1712 et
287 1673 464 1722 organo.

274 1726 475 1769 Laudate
500 1740 600 1769 eum
622 1727 667 1768 in
691 1727 902 1780 cymbalis
921 1728 1050 1770 bene-

225 1783 498 1825 sonantibus:
533 1783 711 1826 laudate
739 1797 839 1826 eum
866 1785 909 1825 in
937 1787 1051 1837 cym-

223 1840 335 1882 balis
359 1840 637 1892 jubilationis:
659 1841 683 1867 *
707 1842 848 1883 omnis
873 1842 1051 1894 spiritus

224 1896 373 1939 laudet
391 1897 640 1938 Dominum.

276 1953 491 2006 Requiem
510 1956 728 1996 aeternam.

279 2013 378 2052 Ant.
408 2010 561 2052 Omnis
589 2012 768 2064 spiritus
791 2010 941 2053 laudet
964 2011 1051 2052 Do-

223 2067 398 2109 minum.

278 2117 326 2168 Y.
346 2122 508 2165 Audivi
528 2136 684 2166 vocem
703 2123 758 2166 de
776 2124 890 2166 eoelo
906 2124 1050 2167 dicen·

223 2185 313 2221 tem
337 2179 455 2221 mihi.
491 2180 541 2231 R.
569 2180 696 2222 Beati
719 2181 883 2223 mortui
909 2182 982 2234 qui
1006 2182 1050 2223 in

224 2236 414 2278 D6mino
433 2237 688 2278 moriuntur.

277 2291 348 2332 Ad
369 2292 530 2333 Bened.
565 2293 665 2333 Ant.
694 2292 791 2345 Ego
817 2307 913 2335 sum
938 2295 962 2321 *
988 2307 1052 2336 re—

226 2349 439 2390 surrectio
460 2354 504 2391 et
522 2348 625 2391 vita:
650 2350 724 2402 qui
747 2349 886 2391 credit
908 2350 951 2391 in
969 2363 1051 2401 me,

227 2404 358 2446 etiam
386 2406 423 2446 si
451 2407 650 2447 m6rtuus
677 2406 821 2456 fuerit,
849 2407 981 2448 vivet:
1009 2412 1053 2449 et

228 2462 366 2502 omnis
400 2463 474 2513 qui
505 2462 612 2504 vivit
643 2468 687 2504 et
719 2462 858 2505 credit
888 2463 932 2504 in
963 2477 1052 2513 me,

227 2529 314 2557 non
333 2519 541 2560 morietur
561 2519 605 2560 in
624 2521 846 2561 aetemum.

284 2576 428 2611 Deinde
455 2579 631 2612 dicuntur
656 2579 766 2612 flexis
792 2578 952 2618 genibus

284 2627 408 2686 Pater
427 2637 588 2673 noster.
609 2636 789 2670 secreto.

831 219 1004 252 Officium
1031 218 1315 252 Dct'unetorum.

1365 313 1558 353 I'salmus
1582 313 1666 351 129.
1724 315 1727 318 ⁴

1190 384 1213 413 e
1237 372 1467 425 profundis
1491 374 1674 417 clamavi
1698 375 1754 418 ad
1775 380 1820 418 te
1838 376 1926 418 Do-

1196 429 1325 471 mine:
1343 431 1368 458 *
1385 430 1575 473 Demine
1594 431 1754 474 exaudi
1772 445 1927 475 vocem

1102 497 1258 526 meam.

1153 541 1280 583 Fiant
1312 555 1441 585 aures
1472 547 1561 586 tuae
1587 545 1880 596 intendentes,
1904 545 1928 572 *

1102 597 1144 638 in
1164 610 1318 640 vocem
1338 599 1660 653 deprecatiOnis
1679 615 1800 644 meae.

1153 654 1198 696 Si
1225 655 1477 708 iniquitates
1509 657 1813 700 observaveris
1839 659 1927 700 Do-

1101 711 1231 754 mine:
1250 714 1273 739 *
1292 712 1481 755 Domine
1502 714 1598 766 quis
1618 713 1868 758 sustinebit?

1155 768 1266 818 Quia
1294 769 1413 822 apud
1439 775 1483 812 te
1511 771 1766 824 propitiatio
1794 776 1877 814 est:
1904 773 1929 800 '⁸¹

1102 829 1146 866 et
1168 831 1351 878 propter
1373 826 1517 878 legem
1538 833 1659 870 tuam
1682 828 1866 870 sustinui
1883 833 1928 871 te

1101 881 1301 924 D6mine.

1152 938 1365 997 Sustinuit
1401 940 1547 982 anima
1581 954 1679 983 mea
1714 941 1758 983 in
1789 941 1927 984 verbo

1102 996 1208 1047 ejus:
1224 997 1248 1022 *
1263 998 1459 1050 speravit
1478 998 1621 1039 anima
1638 1011 1737 1040 mea
1754 999 1799 1040 in
1817 999 1929 1041 Dfio.

1153 1053 1194 1093 A
1227 1054 1428 1096 custodia
1458 1057 1671 1097 matutina
1700 1067 1841 1108 usque
1872 1054 1929 1097 ad

1101 1114 1291 1150 noctem:
1305 1111 1329 1138 *
1344 1115 1493 1163 speret
1511 1111 1649 1152 Israel
1667 1112 1712 1153 in
1726 1112 1928 1153 Domino.

1158 1165 1269 1215 Quia
1293 1166 1413 1219 apud
1430 1167 1667 1209 Dominum
1685 1168 1929 1210 misericor-

1102 1220 1189 1263 dia:
1213 1224 1236 1249 *
1261 1228 1305 1264 et
1336 1223 1520 1277 copiosa
1551 1223 1670 1277 apud
1701 1237 1801 1266 eum
1834 1222 1929 1266 red-

1103 1278 1279 1331 emptio.

1153 1335 1209 1377 Et
1239 1336 1335 1388 ipse
1366 1336 1552 1379 redimet
1575 1337 1728 1388 Israel,
1750 1338 1775 1364 *
1798 1350 1853 1380 ex
1885 1339 1929 1379 ό-

1101 1391 1275 1433 mnibus
1293 1393 1596 1445 iniquitatibus
1616 1394 1718 1446 ejus.

1156 1449 1373 1502 Requiem
1392 1452 1612 1492 aeternam.

1156 1516 1325 1557 Deinde
1336 1512 1386 1563 Y.
1400 1515 1441 1557 A
1450 1521 1580 1570 porta
1593 1515 1730 1558 inferi.
1752 1516 1801 1568 R.
1813 1516 1929 1558 Erue

1102 1572 1290 1614 Domine
1312 1572 1477 1614 animas
1497 1575 1658 1615 eorum.
1774 1603 1788 1610 -

1158 1625 1207 1677 V.
1218 1629 1515 1682 Requiescant
1525 1630 1569 1671 in
1578 1642 1699 1683 pace.
1716 1629 1765 1681 R.
1777 1629 1930 1671 Amen.

1156 1681 1206 1732 Y.
1249 1686 1437 1727 Domine
1483 1686 1643 1728 exaudi
1687 1685 1929 1728 oratiouem

1102 1754 1256 1784 meam.
1303 1744 1353 1794 R.
1384 1742 1442 1784 Et
1466 1742 1632 1784 clamor
1657 1755 1781 1784 meus
1806 1741 1863 1784 ad
1885 1746 1929 1784 te

1103 1799 1260 1842 veniat.

1155 1853 1205 1904 Y.
1240 1855 1457 1897 D6minus
1492 1855 1730 1898 vobiscum.
1782 1854 1833 1904 Ru
1872 1854 1930 1896 Et

1104 1924 1203 1953 cum
1226 1913 1383 1965 spiritu
1404 1917 1492 1954 tuo.

1294 1968 1310 1974 ’
1437 1977 1600 2018 Oratio,

1105 2040 1286 2146 Deus,
1323 2043 1398 2097 qui
1426 2043 1539 2086 inter
1565 2043 1837 2096 apostoHcos
1865 2055 1930 2084 sa·

1215 2100 1433 2151 cerd6tes,
1452 2099 1637 2142 famulos
1660 2104 1762 2142 tuos
1787 2098 1929 2153 ponti-

1103 2157 1219 2199 ficali
1245 2170 1323 2199 seu
1341 2157 1604 2199 sacerdotali
1631 2156 1771 2199 fecssti
1795 2155 1929 2208 digni·

1106 2216 1197 2256 tate
1215 2214 1376 2265 vigere:
1400 2219 1578 2267 praesta,
1598 2215 1864 2267 quaesumus3
1882 2216 1931 2254 ut

1106 2273 1258 2312 eorum
1277 2283 1453 2323 quoque
1467 2272 1682 2324 perpetuo
1696 2269 1929 2322 aggregen-

1103 2331 1175 2369 tur
1195 2327 1430 2369 consortio.

1105 2401 1287 2508 Deus,
1306 2405 1445 2446 veniae
1464 2405 1645 2456 largitor
1665 2409 1709 2447 et
1726 2403 1929 2446 humanae

1206 2461 1357 2504 salutis
1372 2463 1558 2503 amator:
1579 2463 1828 2514 quaesumus
1847 2460 1929 2503 cle-

1104 2519 1311 2560 mentiam
1336 2522 1470 2569 tuam3
1496 2522 1544 2559 ut
1567 2523 1732 2559 nostrae
1752 2530 1929 2569 congre-

1104 2575 1292 2627 gatiOnis
1310 2574 1482 2625 fratres,
1500 2577 1776 2627 propinquos
1796 2579 1839 2616 et
1857 2574 1928 2616 be-

1104 2632 1359 2680 nefactores,
1376 2631 1449 2683 qui
1463 2643 1518 2672 ex
1531 2630 1616 2672 hoc
1627 2630 1789 2672 saeculo
1801 2635 1932 2672 trans-

285 2683 331 2727 δ’.
361 2686 417 2727 Et
444 2700 497 2729 ne
525 2701 606 2729 nos
634 2688 817 2731 inducas
844 2689 887 2729 in
915 2693 1051 2730 tenta—
1104 2689 1255 2739 ierunt,
1270 2688 1400 2730 beata
1411 2687 1549 2728 Maria
1565 2687 1930 2740 semperVirgine

227 2740 401 2782 tionem.
439 2742 486 2790 R„
510 2743 598 2786 Sed
621 2744 759 2787 libera
780 2758 861 2787 nos
885 2758 910 2786 a
927 2744 1053 2786 malo.
1104 2744 1402 2787 intercedente
1421 2757 1520 2786 cum
1541 2743 1742 2786 omnibus
1760 2743 1929 2785 Sanctis

178 2798 463 2843 l-—ss
