2066 2956
366 231 437 264 Die
458 231 509 264 24.
533 231 632 273 Maii.
667 230 707 264 B.
730 210 836 265 {XLIV
863 232 933 266 sub
956 232 1066 266 titulo
1091 233 1288 267 Auxilium
1312 234 1627 268 Christianorum.

141 330 399 372 exaudietur
427 333 470 371 et
496 329 593 382 ipsa
616 342 698 382 pro
724 332 967 374 reverentia

142 401 231 428 sua.
269 385 486 428 Exaudiet
514 385 665 436 utique
692 386 877 428 Matrem
900 388 966 429 Fi-

141 444 235 494 lius,
256 448 299 485 et
318 441 523 484 exaudiet
542 441 700 482 Filium
718 442 858 484 Pater.

197 513 248 565 Ri.
269 512 453 553 Beatam
472 524 542 553 me
562 511 708 553 dicent
727 525 878 554 omnes
897 526 967 564 ge-

142 568 404 611 nerationes:
434 567 457 591 *
484 568 594 618 Quia
625 568 728 610 fecit
751 569 855 609 mihi
879 570 966 611 Do-

141 625 282 667 minus
314 637 471 675 magna
505 625 579 676 qui
612 630 770 677 potens
804 630 887 675 est,
925 631 968 668 et

141 686 339 723 sanctum
354 693 514 722 nomen
530 682 631 732 ejus,
647 681 827 732 alleluja.
847 675 898 727 V.
912 682 968 723 Et

140 737 441 780 misericordia
482 739 572 789 ejus
614 750 638 778 a
680 738 888 790 progenie
926 739 967 778 in

141 795 373 848 progenies
402 794 655 836 timentibus
685 807 793 835 eum.
848 795 968 845 Quia.

149 850 296 893 Gloria
316 852 444 893 Patri.
473 852 594 902 Quia.

440 922 591 962 Lectio
614 922 666 962 ix.

223 991 232 1000 ’
257 991 344 1040 ’01ἰ,
382 990 479 1032 haec
514 994 798 1043 peccatorum
836 990 968 1041 scala,

232 1047 328 1090 haec
355 1060 453 1088 mea
480 1047 669 1088 maxima
697 1046 858 1089 fiducia
886 1053 968 1098 est,

141 1105 238 1147 haec
272 1110 367 1147 tota
404 1104 516 1145 ratio
555 1104 649 1156 spei
680 1117 802 1145 meae.
856 1104 969 1154 Quid

144 1160 279 1204 enim?
315 1162 525 1203 Potestne
558 1160 693 1202 Filius
726 1166 800 1202 aut
832 1161 969 1213 repel-

142 1218 243 1267 lere,
265 1223 340 1260 aut
359 1218 574 1259 sustinere
594 1216 840 1270 repulsam?
870 1218 971 1258 Non

143 1274 311 1324 audire,
337 1280 411 1317 aut
436 1287 524 1316 non
548 1273 689 1316 audiri
714 1274 849 1315 Filius
876 1279 970 1326 pot-

144 1332 231 1374 est?
259 1332 475 1374 Neutrum
494 1331 634 1383 plane.
666 1331 891 1380 Invenisti,
913 1332 972 1372 ait

142 1389 356 1440 Angelus,
381 1389 566 1441 gratiam
590 1386 708 1441 apud
732 1389 888 1428 Deum:
914 1387 971 1429 fe-

143 1446 294 1488 liciter.
330 1446 513 1498 Semper
540 1445 636 1486 haec
661 1444 851 1486 inveniet
877 1446 970 1495 gra-

142 1503 259 1552 tiam,
276 1508 319 1545 et
336 1502 429 1544 sola
444 1507 511 1544 est
524 1502 664 1553 gratia
681 1514 765 1553 qua
781 1502 971 1552 egemus:

143 1560 344 1600 nimirum
364 1559 458 1600 sola
478 1564 544 1600 est
564 1558 704 1609 gratia
730 1571 815 1610 qua
835 1557 971 1598 salva-

142 1629 250 1658 mur.
279 1615 394 1667 Quid
412 1628 494 1657 nos
510 1615 594 1656 alia
609 1615 972 1667 concupiscimus,

143 1672 320 1715 fratres?
341 1674 600 1723 Quaeramus
619 1671 816 1722 gratiam,
837 1676 879 1712 et
895 1683 973 1722 per

143 1730 326 1771 Mariam
340 1732 598 1782 quaeramus,
615 1728 715 1781 quia
732 1727 851 1780 quod
865 1739 973 1779 quae-

144 1786 200 1828 rit
216 1787 398 1836 invenit,
425 1792 468 1828 et
487 1785 687 1827 frustrari
706 1797 793 1826 non
813 1789 972 1837 potest.

146 1844 403 1894 Quaeramus
435 1843 635 1894 gratiam,
678 1841 757 1883 sed
789 1840 974 1891 gratiam

145 1900 263 1953 apud
295 1901 452 1942 Deum:
490 1913 590 1941 nam
622 1897 740 1952 apud
774 1897 972 1938 homines

120 1957 285 2008 ,gratia
315 1956 464 2005 fallax.
504 1957 712 2007 Quaerant
745 1954 817 1996 alii
848 1954 972 1994 meri-

147 2018 254 2064 tum;
278 2026 360 2055 nos
384 2014 578 2055 invenire
597 2014 781 2064 gratiam
801 2008 972 2051 studea-

145 2083 253 2111 mus.
290 2069 405 2120 Quid
431 2069 565 2112 enim?
601 2070 702 2111 Non
725 2068 880 2119 gratiae
907 2071 973 2107 est

147 2126 267 2178 quod
299 2126 370 2167 hic
404 2125 575 2167 sumus?
615 2126 820 2171 Profecto
848 2122 972 2163 mise-

146 2183 348 2225 ricordiae
382 2183 560 2225 Domini
598 2187 681 2232 est,
728 2178 848 2234 quod
885 2191 973 2219 non

146 2252 294 2281 sumus
315 2240 563 2293 consumpti
579 2253 672 2281 nos.

150 2363 153 2365 Β
200 2304 260 2347 Te
279 2306 422 2347 Deum
440 2305 679 2347 laudamus.
699 2305 757 2345 15.

403 2394 482 2435 Ad
508 2394 716 2435 Laudes.

454 2463 664 2514 Hymnus.

145 2528 249 2634 Te
273 2534 584 2600 Redemptoris
608 2534 872 2585 Dominique
898 2546 970 2575 no-

197 2649 392 2691 Dicimus
403 2597 599 2696 Mggem
611 2647 811 2700 speciosa
821 2645 971 2695 Virgo,

200 2706 544 2747 Christianorum
559 2704 704 2751 decus,
720 2707 762 2743 et
773 2702 971 2743 levamen

301 2761 452 2803 Rebus
471 2762 514 2801 in
533 2760 675 2801 arctis.

1749 235 1842 280 [387]

1023 332 1210 375 Saeviant
1228 338 1370 387 portae
1389 332 1491 374 licet
1506 333 1752 383 inferorum,

1071 390 1225 431 Hostis
1245 392 1447 440 antiquus
1465 389 1630 439 fremat,
1650 395 1693 431 et
1712 391 1842 432 mina-

1071 503 1130 544 Ut
1161 503 1257 543 Deo
1295 457 1466 542 sefeisum
1503 501 1738 554 populetur
1775 515 1844 553 ag-

1329 570 1438 606 men,

1176 614 1365 656 Siiscitet
1384 613 1481 653 iras.

1027 680 1094 720 Nil
1112 685 1258 721 truces
1278 683 1463 732 possunt
1483 677 1606 719 furiae
1626 680 1784 719 nocere

1073 735 1291 777 Mentibus
1318 735 1464 783 castis,
1491 747 1621 787 prece
1646 748 1753 786 quas
1772 748 1843 776 vo-

1333 793 1430 832 cata

1041 864 1044 866 ·
1074 848 1282 889 Annuens
1297 848 1435 898 Virgo
1452 847 1581 895 fovet,
1598 852 1640 888 et
1656 850 1844 899 superno

1177 904 1358 946 Robore
1378 904 1532 945 firmat.

1025 970 1161 1010 Tanta
1181 969 1216 1010 si
1238 969 1364 1010 nobis
1384 969 1528 1011 faveat
1547 970 1747 1016 Patrona,

1073 1026 1227 1067 Bellici
1246 1031 1388 1067 cessat
1408 1026 1583 1067 sceleris
1603 1026 1823 1076 tumultus,

1074 1082 1193 1123 Mille
1217 1086 1483 1132 sternuntur,
1513 1082 1734 1133 fugiuntve
1759 1088 1845 1123 tur-

1179 1194 1297 1235 Mille
1318 1151 1533 1235 clolffortes.

1027 1259 1156 1301 Tollit
1175 1265 1223 1300 ut
1243 1264 1393 1300 sancta
1412 1263 1543 1310 caput
1561 1259 1604 1299 in
1624 1258 1752 1300 Sione

1076 1316 1239 1364 Turris,
1258 1329 1334 1356 arx
1349 1315 1474 1355 firmo
1493 1314 1701 1356 fabricata
1712 1328 1847 1365 muro,

1076 1373 1238 1413 Civitas
1258 1371 1412 1418 David,
1433 1371 1597 1422 clypeis
1618 1378 1661 1412 et
1681 1372 1770 1412 acri

1178 1428 1314 1468 Milite
1333 1433 1436 1468 tuta.

1025 1491 1161 1545 Virgo
1183 1493 1245 1534 sic
1266 1493 1389 1534 fortis
1411 1492 1584 1533 Domini
1603 1493 1771 1545 potenti

1077 1550 1279 1597 Dextera,
1299 1548 1398 1590 coeli
1418 1549 1634 1590 cumulata
1655 1548 1792 1598 donis,

1077 1607 1117 1646 A
1136 1607 1218 1658 piis
1238 1607 1366 1655 longe
1386 1605 1556 1645 famulis
1576 1605 1747 1657 repellit

1179 1662 1403 1703 Daemonis
1424 1663 1545 1702 ictus.

1027 1729 1090 1770 Te
1113 1741 1191 1780 per
1215 1729 1403 1769 aeternos
1422 1728 1677 1768 veneremur
1701 1739 1848 1776 annOS,

1077 1785 1283 1835 Trinitas,
1304 1789 1428 1825 sumo
1450 1783 1711 1824 celebranda
1730 1783 1848 1836 plau—

1334 1853 1399 1881 su:

1077 1898 1142 1939 Te
1175 1898 1262 1939 fide
1294 1902 1463 1938 mentes
1496 1898 1742 1948 resonoque
1774 1896 1848 1936 lin-

1333 1967 1430 2005 guae

1181 2011 1380 2053 Carmine
1399 2009 1587 2051 laudent.
1615 2009 1766 2050 Arnen.

1075 2070 1126 2119 ΥΤ.
1167 2072 1337 2113 Diffusa
1373 2076 1439 2112 est
1474 2070 1611 2121 gratia
1645 2070 1686 2109 in
1723 2069 1848 2110 labiis

1025 2130 1128 2179 tuis,
1154 2129 1334 2180 alleluja.
1375 2129 1425 2179 R.
1453 2127 1694 2178 Propterea
1718 2125 1845 2166 bene-

1026 2187 1135 2228 dixit
1154 2191 1199 2227 te
1215 2186 1337 2226 Deus
1356 2185 1398 2224 in
1419 2184 1642 2227 aeternum,
1667 2180 1847 2233 alleluja.

1078 2247 1149 2288 Ad
1168 2246 1329 2288 Bened.
1358 2247 1457 2287 Ant.
1488 2246 1555 2288 Ad
1574 2253 1629 2296 te,
1650 2259 1676 2287 o
1696 2251 1845 2287 sancta

1025 2307 1108 2348 Dei
1132 2306 1346 2354 GenitriX,
1375 2302 1672 2351 clamavimus,
1701 2308 1744 2343 et
1768 2314 1847 2354 per

1024 2369 1068 2405 te
1082 2365 1200 2406 venit
1215 2361 1390 2403 Domini
1409 2359 1614 2401 auxilium
1633 2358 1770 2407 nobis,
1790 2358 1846 2399 al-

1023 2420 1162 2473 leluja.
1471 2463 1479 2471 ,

1360 2463 1520 2504 Oratio.

1106 2533 1354 2583 mnipotens
1379 2534 1422 2570 et
1445 2527 1690 2568 misericors
1714 2527 1845 2576 Deus,

1129 2589 1201 2639 qui
1250 2585 1307 2627 ad
1352 2583 1648 2627 defensionem
1692 2583 1845 2635 populi

1025 2642 1249 2685 christiani
1288 2642 1331 2682 in
1374 2640 1623 2682 beatissima
1665 2640 1844 2689 Virgine

1024 2700 1161 2740 Maria
1194 2699 1453 2751 perpetuum
1485 2695 1690 2737 auxilium
1721 2695 1844 2735 mira-

1023 2756 1168 2798 biliter
1188 2754 1461 2796 constituisti:
1486 2752 1680 2794 concede
1698 2752 1842 2804 propi-
