2066 2956
641 211 742 245 Infra
768 211 952 245 Octavam
978 212 1246 246 Dedicationis
1270 212 1466 246 Ecclesia:

195 306 281 346 ima
300 304 450 353 tendit,
471 305 571 356 quia
586 305 630 345 in
646 305 735 346 imo
749 305 945 357 positum
960 309 1027 346 est

195 361 536 402 fundamentum.
555 361 600 401 Si
615 366 761 402 autem
772 361 1026 402 fundamen-

195 422 287 458 tum
313 422 512 458 nostrum
538 417 582 457 in
607 417 721 458 coelo
746 422 829 467 est,
858 417 914 458 ad
940 430 1024 458 coe-

195 473 284 514 lum
304 473 584 515 aedificemur.
618 473 818 526 Corpora
838 473 1026 514 aedifica—

194 531 350 571 verunt
368 530 497 571 istam
515 533 795 579 structuram,
817 542 948 582 quam
968 530 1026 570 vi-

195 585 307 627 detis
328 586 519 639 amplam
544 589 789 628 surrexisse
809 585 935 637 hujus
954 585 1026 627 ba-

195 642 344 683 silicae:
371 648 415 684 et
440 643 543 695 quia
569 645 759 695 corpora
784 641 1027 683 aedificave-

195 704 311 748 runt,
342 698 674 744 fundamentum
704 699 747 739 in
779 699 867 739 imo
896 710 1026 750 posu-

195 756 331 796 erunt.
365 755 476 804 Quia
494 768 600 796 vero
621 754 874 807 spiritaliter
894 754 1028 796 aedifi-

195 813 365 861 camur,
398 811 731 853 fundamentum
758 815 958 852 nostrum
983 811 1027 851 in

196 879 366 908 summo
404 868 598 919 positum
637 872 714 910 est.
772 866 883 908 Illuc
921 879 1026 918 ergo

195 925 438 973 curramus,
461 923 521 965 ibi
540 923 825 973 aedificemur,
850 923 952 975 quia
972 923 1027 965 de

194 979 291 1031 ipsa
304 979 548 1021 Jerusalem
568 979 735 1021 dictum
752 984 832 1021 est:
851 979 1027 1021 Stantes

196 1040 319 1076 erant
338 1035 475 1088 pedes
493 1036 634 1077 nostri
650 1036 695 1076 in
715 1035 836 1077 atriis
855 1036 941 1077 tuis
960 1036 985 1076 J
987 1048 1027 1077 e-

195 1091 395 1133 rusalem.

249 1155 298 1194 R.
324 1148 453 1190 Mane
482 1161 677 1199 surgens.
705 1148 810 1200 [136]

413 1227 462 1265 In
489 1226 560 1264 111.
588 1225 812 1265 Nocturno.

196 1290 349 1332 Lectio
376 1291 515 1332 sancti
533 1290 760 1342 Evangelii
785 1290 1027 1332 secundum

519 1347 696 1388 Lucam.

301 1410 452 1450 Lectio
473 1409 543 1449 vii.
747 1408 849 1459 Cap.
865 1408 923 1447 19.

193 1457 270 1563 In
296 1462 371 1503 illo
398 1464 613 1515 tempore:
644 1464 875 1514 Ingressus
899 1465 1026 1506 Jesus

259 1518 596 1570 perambulabat
619 1520 643 1560 J
647 1520 806 1561 ericho.
841 1521 899 1562 Et
923 1534 1027 1563 ecce

194 1575 260 1614 vir
285 1575 460 1617 nomine
486 1576 716 1617 Zachaeus:
749 1581 793 1618 et
818 1576 889 1618 hic
911 1577 1028 1629 prin-

195 1643 301 1683 ceps
332 1636 427 1673 erat
456 1632 811 1684 publicanorum,
854 1638 897 1674 et
931 1634 1027 1686 ipse

195 1686 331 1728 dives.
372 1688 429 1729 Et
452 1688 632 1741 reliqua.

256 1764 322 1803 De
354 1761 547 1802 Homilia
576 1763 716 1804 sancti
743 1762 967 1804 Ambrosii

502 1818 726 1871 Episcopi.

345 1880 403 1913 Ex
420 1879 501 1913 Lib.
519 1880 551 1913 8.
571 1879 609 1912 in
627 1879 727 1922 Luc.‚
746 1879 785 1913 in
802 1879 886 1914 fine.

183 1952 186 1955 -
212 1935 334 1992 42⁷7st
359 1929 604 1979 confestim,
636 1931 796 1982 inquit,
827 1930 952 1982 vidit,
985 1937 1030 1974 et

212 2000 215 2039 ς
239 1987 261 2038 {²2
274 1988 305 2045 ξ
335 1985 604 2038 sequebatur
649 1986 790 2037 illum,
835 1988 1028 2038 magnifi-

213 2050 215 2053 ’
236 2045 292 2067 44
334 2054 440 2083 cans
457 2042 707 2083 Dominum.
747 2043 889 2084 Aliter
914 2045 1029 2085 enim

197 2110 285 2139 non
308 2097 494 2148 videret,
522 2098 607 2139 nisi
633 2101 891 2151 sequeretur
910 2099 1028 2141 Chri-

197 2158 329 2204 stum,
364 2154 448 2195 nisi
479 2154 718 2195 Dominum
754 2155 1029 2208 praedicaret,

197 2210 279 2250 nisi
303 2210 514 2252 saeculum
538 2212 795 2263 praeteriret.
834 2212 943 2253 Cum
967 2212 1028 2254 di-

198 2266 360 2308 vitibus
380 2279 557 2319 quoque
576 2267 620 2307 in
637 2268 823 2318 gratiam
838 2271 1027 2310 reverta-

197 2334 303 2363 mur.
339 2322 557 2364 Nolumus
581 2323 696 2365 enim
721 2323 944 2366 offendere
969 2325 1028 2366 di-

199 2378 328 2428 vites,
358 2379 432 2431 qui
451 2379 671 2429 volumus,
697 2380 733 2420 si
757 2380 852 2421 fieri
870 2386 1029 2432 potest,

200 2436 355 2476 sanare
383 2448 550 2477 omnes:
577 2448 632 2477 ne
660 2436 703 2476 in
732 2436 885 2477 cameli
915 2450 1029 2478 com-

200 2491 427 2540 paratione
446 2492 692 2544 praestricti,
713 2497 756 2534 et
775 2493 818 2533 in
838 2493 1029 2535 Zachaeo

201 2546 327 2586 citius
349 2560 479 2599 quam
499 2549 711 2600 oportuit,
731 2548 946 2598 derelicti,
972 2550 1029 2601 ju-

201 2605 281 2641 stae
322 2602 511 2645 habeant
552 2605 860 2646 commotionis
897 2605 1029 2647 offen-

201 2669 304 2697 sam.

253 2714 302 2764 R.
327 2714 496 2756 Domus
515 2729 623 2758 mea.
643 2717 747 2769 [138]

1368 307 1520 348 Lectio
1543 308 1626 347 viii.

1171 360 1312 402 iscant
1336 360 1494 403 divites
1519 374 1607 402 non
1631 361 1674 402 in
1700 361 1912 403 facultati-

1182 415 1267 458 bus
1290 417 1454 458 crimen
1476 417 1662 467 haerere,
1688 416 1768 459 sed
1786 417 1830 458 in
1848 417 1911 467 iis,

1080 473 1155 524 qui
1172 473 1237 514 uti
1255 473 1454 514 nesciant
1473 473 1766 515 facultatibus.
1797 473 1912 515 Nam

1080 529 1246 570 divitiae
1270 534 1319 571 ut
1347 529 1662 582 impedimenta
1686 529 1912 583 improbis,

1079 585 1140 626 ita
1165 585 1295 627 bonis
1322 589 1425 626 sunt
1451 585 1701 637 adjumenta
1726 586 1914 628 virtutis.

1079 641 1215 683 Dives
1235 646 1354 683 certe
1374 641 1607 692 Zachaeus,
1633 646 1678 684 et
1702 642 1868 684 electus
1887 654 1913 684 a

1080 697 1270 739 Christo:
1312 697 1391 739 sed
1429 697 1658 740 dimidium
1694 698 1914 741 bonorum

1079 756 1260 795 suorum
1275 753 1544 806 pauperibus
1559 754 1798 806 largiendo,
1817 754 1914 796 red-

1080 809 1227 851 dendo
1252 810 1385 852 etiam
1407 810 1452 850 in
1473 810 1784 863 quadruplum,
1814 823 1914 863 quae

1079 866 1234 908 fraude
1270 866 1523 916 sustulerat,
1560 866 1762 917 (alterum
1798 867 1915 909 enim

1080 935 1169 964 non
1194 927 1262 964 sat
1287 928 1370 971 est,
1398 935 1481 964 nec
1504 922 1638 965 habet
1663 923 1850 974 gratiam
1867 923 1914 964 li-

1078 978 1299 1029 beralitas,
1319 979 1357 1020 si
1367 979 1523 1031 injuria
1532 981 1799 1032 perseverat,
1815 980 1916 1032 quia

1080 1048 1169 1076 non
1195 1035 1354 1088 spolia,
1388 1035 1467 1078 sed
1496 1035 1614 1077 dona
1644 1037 1916 1088 quaeruntur)

1080 1091 1330 1134 uberiorem
1349 1091 1600 1134 mercedem
1621 1105 1753 1144 quam
1771 1092 1915 1134 confe-

1079 1148 1216 1198 rebat,
1237 1148 1419 1201 accepit.

1136 1211 1186 1262 R.
1209 1204 1403 1258 Lapides
1422 1204 1618 1257 pretiosi.
1645 1205 1751 1258 [139]

1381 1274 1535 1315 Lectio
1564 1274 1618 1314 ix.

1166 1334 1184 1371 t
1203 1329 1315 1371 bene
1334 1331 1542 1383 princeps
1564 1329 1787 1372 inducitur
1805 1330 1914 1384 pub-

1173 1385 1429 1427 licanorum.
1462 1387 1570 1437 Quis
1593 1387 1678 1439 jam
1699 1386 1754 1429 de
1773 1399 1822 1429 se
1841 1387 1913 1429 de-

1079 1443 1243 1495 speret,
1274 1442 1451 1495 quando
1472 1447 1516 1484 et
1538 1443 1638 1493 iste,
1666 1443 1737 1484 cui
1756 1455 1915 1486 census

1080 1511 1135 1540 ex
1166 1498 1338 1549 fraude,
1379 1498 1436 1540 ad
1469 1499 1658 1541 salutem
1689 1498 1914 1552 pervenit?

1079 1555 1136 1596 Et
1154 1555 1261 1607 ipse,
1279 1555 1431 1607 inquit,
1451 1554 1587 1597 dives
1615 1555 1676 1598 Ut
1694 1556 1809 1597 scias
1825 1568 1915 1598 non

1080 1623 1234 1653 omnes
1264 1611 1438 1661 divites,
1471 1611 1642 1654 avaros.
1686 1612 1798 1662 Quia
1829 1616 1914 1654 sta-

1079 1670 1179 1708 tura
1203 1667 1389 1723 pusillus
1414 1671 1518 1709 erat.
1559 1667 1676 1718 Quid
1700 1667 1786 1709 sibi
1810 1667 1915 1719 vult,

1082 1723 1202 1775 quod
1215 1723 1376 1764 nullius
1391 1723 1569 1765 alterius
1580 1727 1795 1765 staturam
1804 1724 1914 1766 Scri-

1079 1782 1227 1832 ptura,
1258 1780 1342 1821 nisi
1367 1779 1493 1831 hujus
1522 1779 1762 1832 expressit?
1797 1780 1915 1823 Vide

1079 1848 1134 1876 ne
1155 1836 1269 1878 forte
1284 1835 1451 1877 malitia
1463 1835 1660 1888 pusillus,
1680 1841 1755 1878 aut
1771 1836 1915 1879 adhuc

1080 1892 1266 1944 pusillus
1293 1892 1393 1934 fide.
1433 1891 1643 1934 Nondum
1675 1893 1792 1934 enim
1819 1892 1915 1935 red·

1081 1947 1186 1990 dere
1213 1949 1494 2000 promiserat:
1521 1947 1719 1990 nondum
1743 1949 1916 1991 viderat

1083 2005 1320 2047 Christum:
1351 2005 1509 2046 merito
1542 2004 1687 2046 adhuc
1718 2005 1915 2057 pusillus.

1080 2061 1272 2103 Joannes
1305 2066 1453 2103 autem
1484 2073 1686 2112 magnus,
1728 2061 1830 2113 quia
1871 2067 1916 2103 et

1081 2117 1303 2159 Christum
1331 2117 1459 2167 vidit,
1493 2122 1536 2159 et
1562 2117 1775 2170 Spiritum
1803 2117 1916 2159 sicut

1082 2174 1332 2215 columbam
1351 2187 1484 2226 super
1499 2174 1721 2215 Christum
1739 2175 1915 2215 manen-

1080 2235 1188 2280 tem,
1217 2231 1331 2271 sicut
1356 2230 1452 2282 ipse
1477 2230 1551 2271 ait:
1580 2229 1687 2272 Vidi
1705 2229 1914 2282 Spiritum

1082 2285 1423 2328 descendentem
1443 2286 1558 2328 sicut
1577 2285 1842 2336 columbam,
1870 2292 1915 2329 et

1081 2344 1331 2384 manentem
1349 2355 1482 2394 super
1501 2355 1612 2384 eum.

1132 2402 1196 2441 Te
1214 2399 1359 2440 Deum
1379 2397 1620 2440 laudamus
1648 2399 1708 2440 15.

1342 2474 1653 2503 ,ψῌ,

1280 2548 1538 2590 Tertia
1582 2547 1709 2588 Die

1320 2607 1431 2647 infra
1451 2606 1675 2647 Octavam.

1134 2681 1177 2714 In
1208 2680 1235 2714 Ι.
1268 2680 1468 2714 Nocturno
1499 2678 1703 2714 Lectiones
1735 2680 1782 2715 dc
1814 2680 1912 2715 Scri-

1083 2734 1195 2771 ptura
1221 2732 1453 2762 occurrente.
