2066 2956
801 202 856 234 Ss.
882 198 1064 234 Sindonis

214 296 284 332 tus
304 295 370 332 est
389 293 572 342 propter
597 287 762 329 scelera
781 293 949 330 nostra:
975 288 1035 331 di-

215 346 395 399 sciplina
423 345 543 397 pacis
574 349 736 385 nostrae
768 358 899 397 super
928 359 1035 394 eum,

216 409 258 444 et
276 403 411 444 livere
432 403 521 453 ejus
542 401 680 442 sanati
699 414 858 443 sumus.

268 472 316 523 Re,
335 467 449 507 Ecce
464 465 650 507 vidimus
666 478 764 507 eum
778 479 865 507 non
879 465 1036 507 haben-

215 530 303 566 tem
313 523 514 575 speciem,
529 535 670 574 neque
682 522 899 564 decerem:
914 524 1035 575 aspe-

216 585 311 621 ctus
337 580 426 631 ejus
450 579 492 619 in
518 591 570 620 eo
595 591 681 619 non
706 583 783 620 est.
826 579 910 620 Hic
936 591 1035 631 pec-

217 639 313 678 cata
332 640 480 677 nostra
499 635 708 688 portavit,
737 639 780 676 et
804 648 885 688 pro
909 635 1037 677 nobis

217 692 349 742 dolet;
384 692 479 745 ipse
512 697 656 733 autem
684 692 934 733 vulneratus
970 698 1037 734 est

216 754 398 802 propter
424 748 673 801 iniquitates
696 753 885 789 nostras:
908 751 929 774 *
957 749 1036 790 Cu-

216 807 280 858 jus
308 805 445 846 livere
472 805 610 846 sanati
638 818 797 845 sumus.
838 802 887 853 Y.
919 805 1036 846 Vere

216 863 446 912 languores
487 866 662 902 nostros
701 861 796 913 ipse
835 861 952 911 tulit,
994 867 1037 903 et

218 918 392 959 doleres
450 924 622 959 nostros
684 918 778 969 ipse
834 918 1037 970 portavit.

220 975 359 1026 Cujus.

522 1043 672 1084 Lectio
693 1043 731 1082 ii.

297 1117 418 1145 mnes
436 1116 515 1145 nos
533 1104 655 1155 quasi
671 1117 775 1146 oves
789 1106 1038 1156 erravimus,

312 1163 608 1213 unusquisque
627 1161 669 1201 in
689 1161 803 1202 viam
823 1175 946 1204 suam
967 1162 1038 1204 de-

219 1217 406 1259 clinavit:
435 1222 477 1258 et
502 1217 649 1269 pesuit
675 1217 888 1259 Deminus
913 1219 956 1260 in
984 1232 1037 1261 eo

218 1274 485 1325 iniquitatem
507 1273 696 1314 emnium
716 1280 924 1316 nostrum.
953 1275 1038 1317 Ob-

218 1330 331 1371 latus
358 1336 424 1371 est
452 1331 552 1382 quia
577 1330 670 1383 ipse
698 1331 851 1381 veluit,
880 1337 924 1373 et
950 1345 1038 1374 non

219 1387 387 1440 aperuit
407 1399 456 1428 os
476 1400 614 1428 suum:
639 1387 750 1429 sicut
773 1388 867 1428 ovis
892 1388 948 1430 ad
968 1402 1038 1430 oc-

220 1443 425 1485 cisionem
454 1442 648 1493 ducetur,
678 1448 721 1485 et
750 1444 874 1496 quasi
902 1458 1038 1496 agnus

219 1513 366 1541 coram
383 1499 590 1541 tondente
610 1512 656 1541 se
677 1499 965 1551 obmutescet,
995 1506 1039 1543 et

219 1570 303 1598 non
324 1557 488 1609 aperiet
512 1569 561 1597 os
581 1570 716 1598 suum.
748 1558 814 1599 De
840 1559 1038 1608 angustia

220 1618 263 1655 et
286 1613 340 1654 de
363 1612 520 1665 judicio
546 1612 742 1655 sublatus
762 1620 840 1656 est:
864 1627 1038 1666 genera-

219 1670 380 1711 tienem
413 1670 503 1722 ejus
535 1670 630 1722 quis
660 1671 900 1713 enarrabit?
937 1673 1039 1724 quia

220 1726 438 1768 abscissus
466 1731 533 1767 est
561 1725 616 1767 de
643 1731 760 1768 terra
786 1728 1038 1770 viventium:

219 1788 399 1835 propter
419 1782 560 1824 scelus
576 1783 728 1835 pepuli
742 1785 827 1825 mei
842 1786 1039 1837 percussi

221 1851 329 1880 eum.
369 1839 425 1880 Et
453 1838 573 1880 dabit
600 1840 759 1891 impios
786 1853 868 1893 pro
897 1842 1038 1895 sepul-

219 1898 332 1944 tura,
352 1900 395 1936 et
415 1894 592 1937 divitem
611 1909 691 1948 pro
710 1902 851 1939 morte
870 1910 961 1939 sua:
985 1911 1038 1940 eo

222 1951 341 2003 quod
364 1951 637 2004 iniquitatem
661 1965 749 1993 non
772 1953 939 2004 fecerit,
968 1968 1037 1996 ne-

221 2021 304 2060 que
325 2007 451 2050 dolus
470 2007 598 2049 fuerit
617 2008 659 2048 in
678 2021 753 2050 ore
774 2010 874 2061 ejus.

271 2078 319 2128 Ra
349 2072 463 2123 Quid
486 2078 587 2114 sunt
610 2073 751 2125 plagae
774 2074 871 2116 istae
890 2074 933 2115 in
952 2078 1038 2117 me-

221 2130 293 2171 dio
322 2132 528 2171 manuum
554 2128 747 2171 tuarum?
771 2135 791 2157 *
825 2131 881 2172 Et
909 2131 1039 2174 dicet:

222 2186 301 2226 His
326 2186 526 2239 plagatus
550 2199 646 2227 sum
669 2186 712 2227 in
736 2186 868 2228 domo
889 2190 1038 2229 eurum

222 2243 294 2294 qui
314 2242 550 2294 diligebant
568 2256 649 2285 me.
676 2239 723 2290 Y.
747 2243 929 2285 Framea
950 2258 1038 2286 sus-

223 2298 354 2340 citare
386 2312 517 2352 super
547 2301 769 2352 pasterem
800 2313 961 2351 meum,
997 2307 1041 2343 et

223 2367 352 2407 super
367 2355 506 2396 virum
525 2355 819 2397 cohaerentem
833 2356 948 2397 mihi.
975 2358 1040 2399 Et.

522 2422 670 2462 Lectio
691 2422 742 2461 iii.

329 2488 538 2531 Deminus
553 2491 689 2533 veluit
703 2493 928 2532 conterere
943 2504 1040 2533 eum

316 2545 358 2585 in
386 2546 648 2589 infirmitate:
673 2548 708 2588 si
735 2548 934 2600 posuerit
959 2561 1040 2600 pro

225 2603 407 2654 peccato
426 2603 611 2644 animam
631 2616 768 2653 suam,
794 2603 958 2645 videbit
978 2617 1040 2645 se-

223 2670 323 2698 men
354 2657 612 2709 longaevum,
646 2665 690 2702 et
721 2660 922 2701 voluntas
955 2661 1041 2701 De·

224 2714 325 2754 mini
353 2714 395 2754 in
422 2727 550 2756 manu
579 2717 668 2767 ejus
696 2716 913 2767 dirigetur.
954 2717 1040 2758 Pro

1090 302 1142 330 eo
1171 289 1290 342 quod
1314 288 1529 330 laboravit
1555 286 1697 327 anima
1717 287 1823 338 ejus,
1851 286 1910 328 vi-

1090 345 1227 395 debit,
1265 350 1309 387 et
1340 343 1620 386 saturabitur:
1656 342 1699 383 in
1733 342 1912 384 scientia

1090 415 1167 443 sua
1193 401 1448 454 justificabit
1474 400 1569 453 ipse
1596 400 1733 452 justus
1760 411 1911 441 servus

1088 471 1211 500 meus
1230 458 1407 507 multos,
1427 461 1471 499 et
1489 456 1741 508 iniquitates
1762 457 1913 496 eurum

1089 516 1183 568 ipse
1210 515 1415 568 portabit.
1458 512 1566 554 Ideo
1593 511 1848 565 dispertiam
1874 512 1914 553 ei

1088 572 1315 624 plurimos:
1344 576 1388 613 et
1416 569 1592 612 fertium
1619 567 1786 610 dividet
1814 570 1912 621 spe-

1088 628 1161 678 lia,
1188 641 1270 681 pro
1300 640 1352 669 eo
1382 625 1502 679 quod
1528 624 1710 667 tradidit
1732 626 1775 666 in
1800 637 1913 666 mor-

1089 690 1177 727 tem
1202 685 1391 726 animam
1416 696 1556 731 suam,
1585 680 1629 724 et
1654 694 1755 723 cum
1781 681 1912 723 scele-

1089 742 1194 783 ratis
1209 743 1437 794 reputatus
1454 744 1534 781 est:
1555 744 1598 780 et
1616 738 1712 790 ipse
1730 740 1914 791 peccata

1089 798 1326 839 multurum
1350 796 1464 846 tulit,
1499 801 1543 837 et
1568 807 1650 848 pro
1675 799 1913 845 transgres-

1090 854 1262 896 soribus
1282 853 1466 904 rogavit.

1143 923 1193 974 R.
1225 919 1365 960 Tuam
1397 917 1625 959 sindonem
1656 918 1915 958 veneramur

1090 976 1292 1027 D6mine3
1333 981 1454 1017 tuam
1490 974 1728 1026 gloriosam
1763 972 1914 1014 reculi-

1090 1046 1186 1075 mus
1212 1033 1479 1086 passienem:
1498 1037 1521 1061 *
1540 1031 1750 1072 Miserere
1778 1028 1915 1079 nobis,

1093 1090 1166 1143 qui
1189 1103 1344 1143 passus
1370 1102 1416 1130 es
1441 1102 1523 1142 pro
1547 1087 1685 1129 nobis.
1718 1085 1769 1137 V.
1787 1085 1917 1127 Salva

1091 1149 1355 1200 praesentem
1375 1148 1595 1188 catervam
1613 1144 1657 1185 in
1679 1143 1765 1184 tuis
1784 1141 1915 1184 hedie

1091 1203 1293 1245 laudibus
1327 1204 1650 1254 congregatam.
1696 1199 1915 1241 Miserere.

1094 1260 1243 1302 Gloria
1261 1260 1390 1302 Patri.
1419 1259 1638 1301 Miserere.

1321 1340 1370 1378 In
1388 1339 1438 1379 11.
1458 1340 1682 1380 Nocturno.

1142 1412 1240 1451 Ant.
1287 1408 1422 1460 Quasi
1454 1405 1738 1450 absconditus
1770 1405 1916 1447 vultus

1092 1466 1199 1518 ejus,
1221 1471 1263 1507 et
1283 1464 1533 1517 despectus,
1557 1463 1673 1505 unde
1692 1475 1773 1504 nec
1792 1475 1916 1515 repu—

1090 1522 1278 1567 tavimus
1298 1534 1408 1563 eum.

1142 1586 1209 1626 Ps.
1231 1586 1294 1625 23.
1324 1583 1501 1625 Domini
1520 1587 1586 1624 est
1603 1587 1732 1623 terra.
1749 1581 1842 1622 247.

1144 1647 1243 1686 Ant.
1267 1645 1429 1686 Omnes
1448 1643 1649 1686 videntes
1667 1655 1738 1683 me
1757 1639 1916 1683 derise-

1091 1707 1191 1744 runt
1209 1715 1296 1751 me,
1321 1701 1457 1743 locuti
1476 1705 1576 1742 sunt
1594 1699 1739 1749 labiis,
1765 1703 1808 1740 et
1825 1711 1915 1739 mo-

1091 1761 1246 1801 verunt
1265 1763 1408 1811 caput.

1144 1820 1209 1859 Ps.
1225 1820 1290 1860 26.
1312 1819 1526 1861 Deminus
1539 1816 1808 1859 illuminatio.
1821 1815 1916 1856 248.

1147 1882 1245 1921 Ant.
1290 1879 1493 1922 Tradidit
1527 1880 1570 1920 in
1606 1882 1794 1920 mortem
1829 1876 1915 1918 ani-

1091 1951 1206 1979 mam
1225 1950 1362 1988 suam,
1382 1942 1426 1979 et
1443 1937 1540 1990 ipse
1558 1937 1743 1989 peccata
1761 1933 1916 1975 multo-

1092 2008 1187 2035 rum
1204 1994 1315 2036 tulit.

1145 2055 1210 2095 Ps.
1230 2056 1294 2094 29.
1324 2054 1541 2096 Exaltabo
1560 2059 1616 2096 te.
1634 2053 1730 2094 249.

1145 2110 1193 2162 V.
1220 2115 1470 2158 Adoramus
1493 2120 1536 2158 te
1562 2114 1751 2164 Christe,
1777 2118 1822 2155 et
1845 2113 1916 2155 be—

1092 2172 1333 2215 nedicimus
1360 2172 1449 2214 tibi.
1497 2176 1547 2227 R.
1580 2171 1691 2222 Quia
1716 2183 1796 2224 per
1824 2182 1915 2212 cru-

1093 2242 1186 2271 cem
1205 2235 1324 2271 tuam
1343 2229 1566 2271 redemisti
1585 2227 1805 2270 mundum.

1109 2307 1258 2348 Sermo
1278 2307 1415 2348 sancti
1435 2306 1658 2348 Ambresii
1677 2305 1898 2358 Episcopi.

1337 2372 1378 2405 In
1403 2372 1490 2406 Luc.
1516 2382 1598 2415 cap.
1621 2372 1673 2405 23.

1393 2428 1543 2469 Lectio
1563 2429 1615 2468 iv.

1248 2492 1293 2533 id
1319 2491 1402 2533 sibi
1425 2491 1518 2533 vult
1546 2491 1667 2544 quod
1689 2505 1777 2534 non
1798 2493 1915 2544 Ape-

1094 2494 1353 2643 ffitoli,
1377 2547 1455 2589 sed
1474 2548 1497 2587 J
1502 2548 1641 2600 oseph
1666 2554 1710 2590 et
1728 2547 1914 2590 Nicode-

1234 2617 1347 2654 mus,
1372 2610 1420 2646 ut
1437 2605 1461 2645 J
1465 2607 1628 2645 oannes
1647 2605 1769 2655 dicit,
1792 2604 1915 2646 Chri-

1095 2667 1208 2703 stum
1245 2659 1482 2714 sepeliunt?
1536 2660 1658 2702 Unus
1699 2663 1836 2714 justus
1873 2666 1916 2703 et

1095 2723 1317 2767 constans,
1349 2717 1458 2759 alter
1486 2717 1560 2768 qui
1588 2723 1682 2758 erat
1709 2720 1916 2768 magister
