2060 2886
224 233 401 267 Notandum,
416 232 494 267 quod
506 231 618 266 Duplex
631 230 836 265 quodcumque,
851 230 935 258 etiam
949 231 998 258 Pa-

173 274 249 302 troni
270 275 298 301 et
316 272 406 299 Tituli
424 270 569 304 Ecclesiae,
593 270 638 297 vel
657 269 848 297 Dedicationis
870 269 1002 304 eiusdem,

173 319 324 341 oecurrens
346 311 375 338 in
392 310 495 345 Vigilia
513 309 672 337 Nativitatis
690 309 803 336 Domini
826 313 852 336 et
870 309 1002 336 Penteco-

175 356 242 385 stes‚
259 351 288 378 in
303 350 348 377 die
361 349 592 379 Circumcisionis,
610 349 639 375 in
654 348 698 375 die
713 347 819 375 Octava
832 347 1003 382 Epiphaniae,

174 393 204 419 in
222 390 304 418 Feria
321 391 423 424 quarta
441 388 584 422 Cinerum,
603 395 636 414 ac
653 387 682 414 in
700 389 759 414 tota
777 387 875 420 maiori
893 387 1005 414 Hebdo-

176 431 273 464 mada,
295 431 323 455 et
341 427 415 455 infra
434 427 568 455 Octavam
587 426 703 454 Paschae
722 429 750 453 et
769 426 959 460 Pentecostes,
977 426 1006 452 in

175 468 349 499 Ascensione
371 466 499 500 Domini,
525 466 554 493 in
577 466 660 493 Festo
683 465 816 500 Corporis
837 464 954 498 Christi,
977 465 1006 491 in

177 510 260 538 Festo
279 506 488 541 Assumptionis
507 509 535 532 et
552 505 742 532 Immaculatse
759 504 955 538 conceptionis
973 504 1005 530 B.

176 547 310 583 Virginis,
326 546 356 573 in
373 546 456 573 Festo
474 545 501 573 S.
517 545 632 579 Joseph,
651 543 693 572 Ss.
708 543 911 578 Apostolorum
929 543 1006 570 Petri

177 591 205 616 et
217 586 306 620 Pauli,
320 589 348 613 et
360 585 491 612 Omnium
503 584 677 618 Sanctorum,
691 583 867 616 transfertur,
881 583 904 609 si
916 586 1004 609 trans-

178 626 246 655 ferri
263 625 363 658 valeat,
382 624 464 651 aliter
481 623 516 650 de
534 631 568 650 eo
586 623 618 650 fit
633 622 866 650 Commemoratio
884 622 945 656 ipso
961 621 1006 648 die

178 673 235 700 quo
253 665 340 699 cadit,
360 663 405 691 vel
423 663 533 698 penitus
551 662 699 700 omittitur,
719 664 750 688 ut
767 661 880 695 ponitur
896 661 925 687 in
942 667 1005 694 pro-

178 705 249 740 priis
266 703 407 732 Rubricis.

234 745 312 773 Infra
326 743 460 771 Octavam
475 741 640 776 Epiphaniae
655 740 687 767 fit
703 742 812 766 tantum
827 739 862 766 de
875 739 1006 770 Patrono,

180 786 226 814 vel
243 783 362 812 Titulari
381 782 526 815 Eeclesiae,
545 784 573 808 et
591 780 715 814 ejusdem
731 779 925 811 Dedicatione,
944 786 1007 804 cum

181 821 452 853 Commemoratione
470 820 598 847 Octavae:
623 819 678 846 alia
696 819 779 846 Festa
800 818 1008 845 transferuntur

181 867 246 900 post
261 863 404 895 Octavam,
422 864 470 888 aut
486 860 520 887 de
536 860 575 887 eis
590 859 621 886 fit
636 857 851 891 Coffiemoratio‚
869 860 900 884 ut
915 864 1008 891 supra.

235 902 314 930 Infra
333 901 468 929 Octavam
486 899 619 934 Corporis
638 897 752 931 Christi,
777 897 811 924 de
830 895 1010 930 Semiduplici
1029 889 1033 922 Ι

182 945 346 972 oecurrente
364 940 395 967 fit
418 943 527 966 tantum
546 937 792 970 commemoratio,
816 944 906 970 neque
925 935 956 962 fit
975 935 1010 961 de

183 982 288 1017 duplici
306 980 449 1013 translato,
467 979 519 1005 nisi
535 978 570 1005 sit
586 977 683 1012 primae
698 976 743 1003 vel
761 975 890 1002 secundae
906 974 1010 1007 classis,

182 1025 211 1049 et
228 1021 264 1048 de
286 1028 330 1054 ea,
352 1026 530 1054 quocumque
553 1016 717 1044 adveniente
740 1014 857 1049 duplici,
880 1014 911 1040 fit
929 1013 1009 1040 Com-

180 1060 353 1089 memoratio.

234 1100 314 1128 Infra
330 1099 393 1126 illas
407 1098 536 1130 octavas,
553 1096 581 1123 in
596 1095 699 1130 quibus
715 1094 745 1121 fit
761 1094 795 1120 de
809 1092 898 1119 Festis
916 1098 1009 1118 oecur-

178 1141 315 1172 rentibus,
333 1139 368 1165 de
382 1136 569 1170 Semiduplici,
587 1135 672 1162 etiam
690 1136 853 1161 occurrente
870 1132 899 1158 in
913 1130 1007 1158 Domi-

179 1183 250 1215 niea,
269 1180 301 1206 fit
319 1175 563 1210 Commemoratio,
581 1174 622 1201 uti
640 1174 708 1200 alias
727 1173 804 1207 juxta
822 1170 967 1198 Rubrieas.

231 1220 276 1247 De
288 1218 395 1245 Octava
407 1214 568 1244 Nativitatis
580 1212 702 1246 Domini,
716 1210 888 1246 Epiphaniae,
902 1213 929 1236 et
942 1209 1007 1236 Cor·
1048 1237 1055 1238 ἶ

179 1259 256 1296 poris
269 1256 380 1290 Christi,
398 1262 509 1289 semper
523 1253 556 1280 fit
569 1250 814 1283 CommemoratiO,
831 1256 1008 1283 quocumque

179 1299 265 1327 Festo
282 1297 312 1324 in
329 1295 385 1323 illis
402 1296 573 1322 occurrente.

231 1337 276 1365 De
297 1335 359 1363 aliis
378 1333 503 1367 Octavia-x,
526 1339 591 1367 quse
614 1338 671 1358 non
692 1332 759 1356 sunt
781 1329 810 1355 in
828 1327 1008 1360 Kalendario,

178 1377 249 1404 nihil
266 1376 299 1403 fit
316 1383 334 1402 a
350 1374 433 1402 Feria
451 1376 553 1407 quarta
570 1371 702 1398 Cinerum
721 1376 811 1403 usque
830 1367 867 1394 ad
884 1365 1008 1394 Domini-

179 1424 241 1444 cam
268 1415 298 1442 in
320 1414 415 1447 Albis,
443 1415 471 1439 et
497 1419 514 1438 a
535 1410 635 1444 vigilia
658 1409 837 1436 Pentecostes
860 1413 950 1440 usque
972 1405 1008 1431 ad

179 1456 294 1483 Festum
311 1453 354 1482 Ss.
369 1451 514 1479 Trinitatis
531 1449 674 1482 inclusive,
691 1450 719 1475 et
738 1454 755 1474 a
772 1446 818 1473 die
836 1446 877 1473 17.
893 1445 1007 1471 Decem-

178 1494 240 1521 bris
257 1500 346 1528 usque
363 1491 400 1519 ad
417 1489 610 1525 Epiphaniam.

232 1533 301 1560 Dies
318 1532 432 1559 Octavae
454 1535 609 1563 numquam
628 1526 808 1554 transfertur:
831 1524 894 1551 ideo
913 1531 1008 1558 quam-

179 1580 266 1609 quam
279 1571 417 1600 Nativitas
432 1568 460 1597 S.
474 1568 492 1596 J
494 1566 592 1595 oannis
605 1565 740 1601 Baptistae
755 1571 904 1591 occurrens
922 1563 951 1589 in
964 1562 1009 1588 die

179 1611 314 1647 Corporis
333 1608 450 1643 Christi,
477 1606 664 1635 transferatur
684 1605 714 1631 in
737 1603 811 1630 diem
832 1605 1007 1637 sequentem3

179 1659 237 1679 non
254 1654 348 1678 eumen
365 1647 535 1676 transfertur
549 1646 664 1678 Octava,
682 1644 732 1671 sed
747 1643 783 1670 de
800 1650 834 1670 ea
850 1642 882 1669 fit
899 1644 1008 1668 tantum

181 1688 416 1719 commemoratio
430 1687 459 1714 in
472 1686 573 1714 Officio
586 1685 621 1712 de
634 1684 740 1711 Octava
752 1681 884 1717 Corporis
897 1680 1007 1708 Christi.

233 1729 264 1758 Si
286 1731 429 1761 occurrat,
454 1731 487 1753 ut
504 1725 659 1757 Patronus,
685 1722 730 1750 vel
749 1721 859 1749 Titulus
877 1719 1008 1747 Ecclesiae

182 1768 338 1803 descriptus
361 1767 398 1794 sit
420 1765 519 1793 eodem
543 1763 588 1791 die
612 1763 641 1790 in
663 1761 834 1789 Kalendario
858 1767 922 1787 eum
946 1758 1008 1785 aliis

181 1807 304 1842 Sanctis,
325 1807 355 1834 in
373 1813 407 1833 ea
425 1804 549 1832 Ecclesia
567 1803 599 1830 fit
620 1805 728 1830 tantum
751 1801 786 1828 de
805 1801 941 1833 Patrono,
964 1799 1009 1825 vel

182 1846 310 1876 Titulari.
345 1845 402 1873 Alii
423 1845 447 1872 si
466 1844 496 1871 in
514 1843 589 1870 dicto
608 1841 779 1869 Kalendario
803 1839 935 1874 descripti
954 1838 1009 1865 sint

181 1887 236 1914 sub
254 1885 348 1914 officio
367 1883 481 1919 Duplici
500 1882 613 1916 minori,
636 1889 693 1908 non
711 1883 805 1907 tamen
827 1878 941 1912 alicujus
959 1877 1008 1904 Ec-

181 1925 274 1954 elesiae
288 1923 429 1957 Doctoris,
447 1922 492 1950 vel
509 1921 698 1956 Semiduplici,
717 1920 752 1947 de
769 1919 810 1946 eis
827 1917 895 1945 nihil
913 1917 952 1944 fit.
979 1916 1009 1943 Si

182 1968 276 1992 autem
290 1964 346 1991 sint
360 1963 395 1990 de
408 1962 561 1997 Maioribus
575 1960 665 1988 Festis
679 1963 727 1987 aut
740 1959 903 1989 Doctorum,
921 1959 1009 1982 trans-

183 2004 319 2037 feruntur,
336 2003 376 2029 ita
393 2005 425 2029 ut
440 2002 475 2028 de
493 2000 628 2028 translmo
647 1999 696 2027 fiat
710 1997 841 2026 Officium
859 2003 891 2022 ac
909 1995 932 2022 si
946 2002 1009 2029 pro-

181 2043 244 2078 prio
260 2042 305 2069 die
322 2041 518 2069 celebraretur.
548 2039 578 2067 Si
595 2046 664 2066 vero
681 2038 711 2065 in
725 2035 897 2064 Kalendario
913 2041 1010 2061 omnes

182 2082 238 2109 sint
250 2085 394 2116 tamquam
406 2081 519 2108 Festum
532 2078 664 2113 Simplex,
678 2077 760 2104 etiam
773 2076 808 2103 de
821 2075 877 2102 illis
889 2073 957 2101 nihil
970 2072 1008 2099 fit.

234 2126 279 2153 De
291 2125 380 2152 Feriis
393 2124 542 2152 Adventus
555 2126 582 2150 et
596 2120 830 2156 Quadragesimae,
846 2117 960 2152 quando
974 2115 1009 2142 de

183 2166 223 2194 eis
242 2173 298 2193 non
317 2165 349 2192 fit
367 2164 510 2197 Officium,
533 2162 565 2190 fit
582 2158 816 2190 Commemoratio
835 2158 865 2185 in
884 2156 1009 2190 utrisque

183 2205 327 2240 Vesperis,
349 2207 377 2231 et
394 2202 541 2231 Laudibus
558 2201 756 2236 cujuscumque
774 2197 861 2225 Festi:
884 2196 919 2223 de
937 2196 1009 2230 Qua-

183 2248 248 2272 tuor
266 2243 462 2278 Temporibus,
480 2245 508 2269 et
522 2241 604 2269 Feria
622 2239 745 2267 secunda
763 2237 958 2272 Rogationum,
977 2242 1009 2261 ae

183 2283 298 2318 Vigiliis,
315 2283 345 2309 in
359 2282 504 2310 Laudibus
523 2283 637 2307 tantum.
670 2278 698 2306 Si
716 2285 783 2305 vero
802 2277 895 2310 aliqua
910 2274 1008 2309 Vigilia

184 2326 311 2350 occurrat
323 2323 352 2350 in
361 2321 503 2355 Adventu,
516 2318 742 2354 Quadragesima,
756 2321 783 2344 et
793 2317 919 2350 Quatuor
929 2315 1009 2341 Tem-

183 2362 313 2396 poribus,
337 2361 382 2388 vel
400 2360 428 2387 in
452 2359 550 2386 diebus
567 2359 714 2386 Festorum
732 2356 892 2390 Duplieium
911 2354 1008 2389 primae

183 2400 289 2434 classis,
307 2401 366 2427 sive
380 2399 503 2433 Patroni,
522 2399 568 2426 vel
580 2397 675 2431 Tituli,
693 2400 741 2424 aut
755 2393 945 2423 Dedicationis
958 2394 1008 2421 Ec-

184 2440 285 2474 elesius,
303 2440 339 2467 de
355 2447 390 2467 ea
406 2439 475 2467 nihil
493 2439 532 2473 fit,
550 2445 601 2465 nec
618 2437 701 2464 etiam
718 2436 748 2463 in
765 2433 918 2462 Laudibus.

658 159 705 183 ex.
728 149 906 183 Rubrieis
931 149 1185 183 Generalibus
1211 154 1411 193 excerptae.

1264 231 1424 266 QUANDO
1443 233 1672 262 CONCURRIT.

1053 280 1344 325 Domin.i.etu.ciss{
1357 280 1381 288 ί
1448 291 1450 296 ’
1469 287 1487 289 ’“
1635 281 1638 283 ’
1658 281 1668 283 μ
1693 282 1699 284 ’

1054 347 1189 372 Dominica
1198 355 1245 378 per
1257 354 1357 378 annum,

1461 299 1477 323 0

1503 300 1519 323 ,5-

1544 300 1559 323 ω

1057 395 1160 426 Duplex
1170 394 1186 419 i.
1198 394 1295 425 elassis,

1058 441 1161 473 Duplex
1171 442 1197 466 ii.
1210 442 1307 472 classis,

1057 489 1192 520 Patronus,
1201 496 1245 513 seu
1251 489 1301 514 Tit.
1309 489 1439 520 Ecclesiae,
1452 509 1453 513 ,

1058 536 1162 568 Duplex
1173 544 1218 568 per
1229 544 1322 561 annum
1335 537 1423 568 majus,

1059 583 1163 615 Duplex
1172 591 1218 615 per
1229 591 1322 608 annum
1333 585 1424 614 minus,

1452 539 1482 753 ogas—mos—
1450 395 1479 514 m-‹e—‘w
1462 347 1478 370 ο

1062 624 1232 662 Semidupsex‚

1062 679 1125 704 Dies
1136 672 1246 710 ‘O'cffiae

1655 300 1683 757 cemus‘otasc—ae—oc—wo»

1694 282 1735 757 wammam'‘kizss0=o{,

1739 282 1764 755 v-v—v-fflv-oosen-m*

1776 301 1804 758 mee-(ozosae—es'anvss-oss

1818 289 1846 758 -=›-·*-··-›-00=0=·-=›2⁴

1506 731 1524 772 ,Φ
1506 682 1522 706 ›s—
1506 635 1521 658 vv
1505 586 1521 609 uc—
1505 537 1521 561 ιει
1505 489 1520 512 re
1504 442 1520 465 ιβ
1504 395 1519 418 w
1503 346 1519 370 a*

1864 993 1887 1157 *anbumounb
1870 782 1894 981 uerutmossume
1871 734 1887 757 ea·
1870 686 1886 709 a»
1870 638 1885 660 o·
1870 589 1886 612 ιιι
1870 541 1886 564 az
1870 493 1886 516 az
1871 444 1886 467 s—
1872 398 1887 421 ,ε-
1871 350 1886 373 0
1870 303 1886 326 0

1532 685 1562 802 &Zae-
1534 349 1562 659 aeas->hem

1062 727 1125 751 Dies
1136 727 1201 751 infra
1212 727 1341 758 Octavam,

1063 776 1083 800 1.
1094 775 1185 799 Totum
1197 776 1228 799 de
1239 769 1366 812 sequenti,
1374 770 1442 800 nihil
1453 754 1471 806 3:

1091 806 1122 830 de
1133 806 1292 837 praecedenu.
1453 819 1455 836 1
1500 792 1512 808 ξ
1541 795 1552 810 ³
1662 797 1674 811 ξ
1702 797 1714 811 ³
1744 794 1754 808 ἶ
1778 796 1795 827 ¹⁸
1824 794 1835 809 ξ

1060 837 1081 860 2.
1093 836 1184 872 'ljotum
1194 837 1225 860 de
1234 837 1393 872 praecedenti,
1404 838 1441 861 ni·
1465 834 1489 867 ,φ
1507 836 1570 869 :3¹5
1669 837 1691 862 0
1709 838 1732 862 0
1749 836 1813 870 *010
1830 837 1853 861 Ο

1090 867 1167 891 hilde
1179 872 1300 898 sequentt.
1465 869 1481 901 ξ
1506 862 1522 886 ’ὅ
1535 862 1570 886 ‘⁵5'
1661 864 1684 897 vg
1701 864 1724 898 -g
1749 859 1805 898 314}
1823 863 1846 896 ’ἕ

1059 898 1081 922 3.
1091 897 1183 921 'Potum
1195 898 1226 921 de
1237 898 1358 929 sequenti,
1375 906 1440 922 com·
1465 902 1484 926 Ξῖ
1506 897 1570 927 Ε’μΦ
1669 900 1691 917 :²
1709 900 1731 918 Ξ
1749 899 1765 931 g
1778 890 1812 919 ¹1³²
1831 899 1853 916 Ξ

1090 928 1236 952 memoratio
1248 928 1279 952 de
1290 929 1397 959 praeeed.
1466 938 1489 965 Ξ
1506 926 1530 948 Q
1546 922 1565 960 ἓ
1668 920 1691 941 9¹
1709 920 1731 942 Ξ·
1745 934 1765 955 9
1789 920 1812 943 9⁰
1830 918 1852 941 ’ρ’

1058 958 1183 982 &Totum
1195 959 1225 994 de
1240 959 1354 990 praeced„
1374 967 1441 983 com·
1466 967 1482 981 n>
1506 949 1530 997 ἓ
1546 962 1562 979 <
1646 953 1684 984 ‚R
1702 954 1724 984 Ἡ
1750 963 1765 989 ξ
1789 954 1812 979 :⁵³
1830 952 1852 992 ζ

1090 994 1238 1013 memoratio
1250 989 1280 1013 de
1292 990 1412 1020 sequenti.
1466 982 1488 1019 E·
1506 1000 1522 1013 ο
1546 980 1563 1008 -ffi
1646 996 1650 1001 '
1669 986 1684 999 '¹
1709 986 1724 999 '¹
1750 992 1765 1006 Ε
1789 991 1812 1013 ΕΞ-
1830 995 1853 1017 Ξῖ

1059 1020 1081 1043 5.
1094 1020 1237 1055 Capitulum
1247 1020 1277 1043 de
1289 1027 1365 1051 sequ„
1378 1027 1442 1044 eom-
1466 1031 1488 1039 -·.
1506 1014 1525 1039 ’ἐξ
1668 1009 1685 1041 ἕ
1709 1008 1725 1040 ἓ
1750 1013 1779 1044 ᾖ,
1790 1015 1805 1043 ἓ
1830 1020 1846 1045 «Ὤ

1091 1054 1238 1074 memoratio
1249 1050 1279 1074 de
1291 1051 1397 1081 praeced.
1465 1041 1488 1086 ἃ
1506 1041 1522 1072 ἕ
1669 1043 1684 1075 ἓ
1709 1042 1724 1075 Ξ
1750 1045 1812 1079 ΕΞ·
1830 1047 1853 1077 εἶ’

1060 1081 1082 1105 6.
1093 1080 1185 1104 Totum
1197 1081 1227 1104 de
1239 1081 1358 1110 digniori,
1374 1088 1441 1105 com·
1466 1088 1482 1102 n
1506 1073 1522 1106 ,Ξ
1669 1079 1685 1102 Ε
1709 1077 1725 1102 Β
1750 1073 1772 1098 3
1789 1082 1795 1088 '

1081 1118 1193 1147 ‘memon
1205 1111 1235 1135 de
1247 1111 1330 1135 minus
1341 1112 1425 1141 digno.
1466 1104 1489 1137 g:
1669 1114 1685 1138 Ε
1709 1114 1725 1137 Ξ
1750 1105 1772 1141 Ξ]

1061 1142 1187 1172 Simplex,
1218 1146 1242 1165 et
1264 1142 1289 1166 S.
1310 1142 1391 1166 Maria
1415 1142 1440 1165 in
1465 1140 1484 1164 Ξ
1657 1140 1692 1166 15·
1703 1139 1731 1161 Ξ-
1749 1143 1772 1165 Ω-

1090 1172 1208 1202 sabbato,
1224 1172 1299 1196 Feria
1311 1173 1441 1202 etVigilia
1465 1166 1481 1189 ·0
1669 1169 1685 1197 Ξ
1709 1165 1725 1207 ξ
1749 1168 1779 1203 Ξ]

1089 1210 1140 1226 non
1151 1207 1311 1237 evoncujrrjujtt.
1656 1220 1658 1230 ι
1669 1198 1685 1219 ‘⁰
1696 1225 1698 1233 s
1709 1208 1715 1214 ⁶
1750 1205 1766 1234 {¹3
1778 1224 1779 1230 1

726 2516 1362 2685 amem

1113 1253 1288 1290 Notandum,
1306 1256 1383 1290 quod
1400 1257 1427 1283 in
1445 1256 1541 1291 primis
1555 1257 1685 1290 vesperis
1702 1256 1755 1283 diei
1770 1257 1882 1284 Octavae

1062 1296 1241 1324 Ascensionis
1262 1299 1290 1322 et
1307 1295 1440 1330 Corporis
1458 1295 1573 1329 Christi,
1596 1299 1684 1322 totum
1704 1296 1832 1323 Officium
1852 1296 1882 1322 fit

1062 1336 1097 1363 de
1115 1336 1229 1369 Octava,
1246 1343 1309 1362 cum
1328 1335 1597 1362 Commemoratione
1613 1335 1793 1368 praecedentis
1809 1335 1881 1361 Festi

1063 1375 1198 1410 Duplicis,
1217 1375 1269 1401 nisi
1288 1374 1372 1402 fuerit
1389 1374 1502 1401 Festum
1521 1373 1642 1400 solemne
1659 1374 1818 1407 principale,
1838 1374 1882 1400 vel

1062 1415 1159 1449 primae
1174 1414 1219 1441 vel
1234 1414 1362 1440 secundae
1376 1413 1485 1446 classis3
1501 1413 1566 1446 quia
1581 1416 1647 1439 tunc
1661 1413 1695 1439 de
1709 1413 1790 1439 Festo
1805 1413 1881 1439 fieret

1063 1453 1206 1488 Officium,
1225 1456 1251 1480 et
1270 1452 1502 1480 commemoratio
1521 1451 1555 1478 de
1574 1451 1686 1478 Octava.

1114 1493 1146 1519 In
1163 1492 1292 1519 secundis
1306 1491 1436 1526 Vesper-is
1450 1491 1503 1517 diei
1517 1491 1628 1518 Oetavae
1642 1490 1811 1524 Epiphaniae,
1830 1490 1881 1516 Pa-

1063 1533 1149 1566 schae,
1167 1531 1358 1564 Ascensionis,
1377 1534 1404 1557 et
1422 1529 1554 1564 Corporis
1572 1530 1685 1563 Christi,
1704 1529 1739 1555 de
1756 1529 1881 1563 sequenti

1064 1571 1176 1606 Duplici
1194 1570 1226 1597 fit
1247 1573 1355 1597 tantum
1373 1569 1618 1602 commemoratio,
1640 1568 1693 1594 nisi
1711 1568 1779 1595 illud
1799 1568 1881 1594 fuerit

1062 1611 1160 1646 primae
1178 1609 1222 1636 vel
1240 1609 1369 1636 secundae
1386 1608 1491 1642 classis,
1511 1616 1560 1635 seu
1578 1608 1724 1641 Patronus,
1744 1607 1786 1633 vel
1805 1607 1880 1633 Titu-

1062 1650 1115 1683 lus,
1128 1652 1176 1676 aut
1189 1648 1334 1677 Dedicatio
1347 1648 1489 1675 Ecclesiae:
1504 1648 1569 1681 quia
1582 1650 1648 1674 tune
1661 1646 1696 1673 de
1708 1647 1789 1673 Festo
1804 1646 1881 1672 fieret

1062 1689 1202 1722 Officium,
1219 1691 1247 1714 et
1265 1687 1300 1714 de
1313 1687 1418 1715 Octava
1433 1686 1673 1714 Commemoratio.
1704 1686 1740 1712 Et
1758 1685 1881 1711 similiter

1061 1728 1106 1755 die
1130 1728 1235 1755 Octava
1259 1726 1391 1762 Corporis
1415 1725 1517 1753 Chn‘sti
1543 1726 1572 1752 in
1598 1725 1726 1752 secundis
1750 1724 1880 1759 Vesperis

1060 1770 1242 1795 concurrente
1267 1773 1331 1793 cum
1357 1765 1402 1792 die
1426 1765 1531 1792 Octava
1555 1764 1581 1792 S.
1601 1763 1718 1792 ,Ioannis
1740 1763 1879 1798 Baptistae,

1061 1807 1192 1841 Vesperae
1219 1809 1300 1834 erunt
1325 1805 1362 1832 de
1387 1804 1493 1832 Octava
1518 1803 1650 1838 Corporis
1674 1803 1788 1836 Christi,
1817 1810 1879 1829 cum

1061 1845 1329 1874 Commemoratione
1347 1844 1460 1871 Octavae
1478 1843 1504 1871 S.
1523 1843 1648 1870 Joannis.

1112 1886 1145 1912 In
1167 1885 1296 1912 secundis
1314 1883 1445 1918 Vesperis
1463 1882 1589 1917 Duplicis
1612 1882 1709 1916 primae
1731 1880 1826 1908 classis
1849 1879 1879 1906 fit

1060 1923 1286 1952 commemoratio
1305 1923 1339 1950 de
1357 1923 1446 1950 Festis
1464 1921 1629 1956 Duplicibus
1647 1923 1674 1947 et
1692 1918 1880 1953 Semiduplici-

1060 1965 1113 1991 bus
1134 1963 1256 1990 reductis
1279 1962 1315 1990 ad
1337 1962 1451 1989 modum
1470 1960 1606 1995 Simplicis
1629 1958 1831 1988 tantummodo.
1855 1957 1879 1983 si

1060 2002 1218 2037 hujusmodi
1235 2000 1468 2029 Commemoratio
1486 1998 1613 2026 facienda
1630 1998 1666 2024 sit
1684 1997 1728 2024 die
1745 1996 1878 2030 sequenti.

1061 2043 1094 2069 In
1108 2041 1274 2076 Duplicibus
1290 2044 1382 2068 tamen
1399 2039 1527 2067 secundae
1541 2037 1636 2065 classis
1649 2037 1683 2063 de
1697 2036 1777 2063 dictis
1790 2034 1879 2062 Pestis

1061 2081 1092 2108 fit
1118 2080 1345 2107 commemoratio
1371 2079 1401 2106 in
1426 2078 1552 2112 utrisque
1574 2075 1703 2110 Vesperis
1729 2075 1765 2101 ad
1792 2074 1879 2100 instar

1061 2121 1175 2148 Octavae
1196 2122 1225 2146 et
1242 2118 1409 2146 Dominicae:
1434 2125 1491 2144 non
1509 2116 1541 2143 fit
1562 2122 1628 2142 vero
1647 2112 1878 2142 commemoratio

1060 2160 1095 2187 de
1109 2159 1154 2186 die
1171 2158 1246 2186 infra
1259 2158 1401 2191 Octavam,
1418 2157 1472 2184 nisi
1485 2155 1597 2190 quando
1611 2154 1646 2180 de
1659 2161 1692 2180 ea
1706 2152 1766 2180 fieri
1780 2152 1879 2179 debeat

1061 2199 1192 2227 Officium
1210 2198 1255 2225 die
1273 2196 1407 2231 sequenti.

1113 2237 1184 2265 Cum
1197 2236 1291 2271 plures
1305 2236 1375 2262 fiunt
1388 2232 1678 2265 Commemorationes,
1695 2234 1822 2258 servetur
1834 2230 1879 2257 hie

1061 2276 1144 2304 ordo:
1169 2276 1212 2303 De
1231 2274 1358 2309 Duplici,
1381 2273 1445 2301 licet
1467 2276 1564 2307 agatur
1586 2274 1727 2305 tamquam
1747 2269 1878 2303 Simplex,

1061 2316 1096 2343 de
1114 2314 1268 2348 Dominica‚
1286 2314 1321 2341 de
1339 2312 1526 2346 Semidupliei‚
1543 2310 1627 2337 etiam
1644 2309 1756 2344 quando
1774 2308 1878 2335 reduci-

1061 2358 1107 2381 tur
1125 2354 1162 2380 ad
1178 2353 1292 2380 modum
1310 2352 1456 2386 Simplicis,
1475 2351 1510 2377 de
1529 2349 1574 2376 die
1591 2348 1664 2376 infra
1683 2348 1824 2380 Octavam,
1843 2346 1878 2373 de

1060 2393 1142 2421 Feria
1159 2392 1269 2426 majori,
1293 2399 1342 2419 seu
1359 2390 1472 2425 Vigilia,
1494 2389 1529 2415 de
1546 2391 1642 2415 sancta
1659 2387 1747 2414 Maria
1765 2386 1794 2412 in
1811 2385 1877 2413 Sab-

1060 2433 1135 2466 bato,
1153 2432 1188 2459 de
1204 2430 1335 2466 Simplici.
