2066 2956
842 226 956 260 Festa
982 226 1118 260 Martii.
1144 228 1199 265 (6,)
1827 226 1872 262 7*

165 323 338 375 giminis
347 323 488 365 forma
498 323 756 376 potirentur,
767 322 823 364 ab
836 322 995 364 eodem

165 379 395 430 Pontifice,
424 378 666 421 obsistente
691 379 794 421 licet
817 378 994 420 humani

166 436 339 488 generis
361 435 500 487 hoste,
523 436 765 489 provinciae
787 435 993 488 Neapoli-

166 495 300 542 tanae,
335 493 476 534 sancti
510 491 630 534 Petri
667 492 722 534 de
759 492 994 534 Alcantara

167 550 442 602 nuncupatae,
471 549 737 591 erectionem
765 548 963 591 obtinuit.

220 623 271 674 R.
297 619 476 661 Amavit
496 632 607 661 eum.

470 705 623 746 Lectio
644 705 698 745 vi.

171 770 386 877 Primus
404 787 532 824 novae
551 773 803 817 istiusmodi
820 778 995 828 provin-

287 831 368 873 ciae
393 831 593 873 Minister
620 832 906 882 renuntiatus,
934 834 997 874 re-

170 889 333 940 gimen,
370 887 491 940 quod
526 887 823 939 abdicaverat,
860 901 998 931 sacrae

172 944 534 996 Congregationis
579 944 905 997 Episcoporum
954 950 999 987 et

171 1000 455 1053 Regularium
495 1001 615 1051 jussu
659 1004 883 1043 assumere
928 1015 997 1044 co-

172 1060 307 1107 actus,
327 1056 504 1099 difficile
519 1057 661 1098 relatu
675 1062 753 1107 est,
775 1063 882 1110 quot
898 1071 999 1110 qua-

170 1115 323 1167 lesque
355 1114 593 1156 calumnias
620 1114 705 1156 Dei
736 1114 899 1157 famulo
928 1115 998 1157 de-

171 1172 329 1214 vorare
375 1183 488 1224 opus
525 1170 674 1221 fuerit,
718 1175 767 1212 ut
802 1171 1000 1213 Italicam

171 1227 538 1270 Excalceatorum
562 1226 766 1269 Fratrum
794 1228 1001 1269 familiam

173 1283 485 1327 constabiliret.
539 1283 690 1326 Rebus
731 1284 1000 1337 compositis,

173 1353 227 1383 eo
247 1353 345 1383 sese
363 1345 506 1383 totum
525 1341 752 1392 convertit,
771 1347 818 1383 ut
838 1341 1001 1394 duplex

173 1397 244 1440 ille
262 1398 383 1439 Petri
405 1396 461 1439 de
479 1397 717 1440 Alcantara
736 1399 1000 1452 contempla-

171 1454 304 1497 tionis
328 1459 373 1496 et
394 1454 668 1508 poenitentiae
692 1455 871 1508 spiritus
891 1454 1001 1497 altas

172 1512 285 1554 inter
329 1523 434 1553 suos
469 1511 640 1554 radices
676 1514 845 1563 ageret,
891 1525 1002 1564 quos

173 1568 521 1622 praeclarissimis
547 1568 758 1611 virtutum
790 1568 1002 1622 exemplis

175 1625 385 1667 anteibat:
409 1625 653 1667 humilitate
671 1625 716 1666 in
735 1625 887 1678 primis
905 1625 1002 1676 rigi-

176 1681 321 1734 daque
361 1681 610 1724 claustralis
652 1681 896 1735 disciplinae
933 1694 1002 1723 cu-

175 1737 331 1781 stodia.
370 1739 637 1791 Paupertate
669 1743 713 1780 et
740 1738 1004 1780 abstinentia

176 1795 331 1838 enituit
349 1795 606 1838 admirabili.
640 1795 826 1838 Unicum
851 1795 907 1837 ad
930 1809 1003 1836 nu-

177 1851 278 1894 dam
297 1865 474 1895 carnem
489 1855 716 1904 sexaginta
731 1854 919 1904 quatuor
933 1865 1004 1893 an-

176 1910 244 1951 nis
272 1909 470 1952 habitum
503 1909 718 1959 adhibuit;
749 1921 916 1962 perque
944 1908 1003 1950 vi-

178 1967 286 2018 ginti
323 1968 512 2018 quatuor
557 1979 715 2016 annos,
760 1965 1005 2018 priscorum

178 2023 525 2065 Eremicolarum
552 2023 659 2073 ritu,
691 2034 805 2075 pane
837 2026 1006 2063 tantum

179 2093 232 2122 ac
249 2079 465 2122 fructibus
483 2079 710 2129 victitavit,
733 2077 854 2131 quod
874 2077 1007 2119 edalii

178 2149 316 2188 genus
339 2149 394 2178 ex
413 2135 664 2179 obedientia
682 2136 725 2176 in
743 2136 1007 2177 nauseosum

180 2193 466 2236 commutavit
518 2193 740 2236 ferculum.
802 2190 1007 2242 Flagellis

181 2251 444 2305 asperrimis,
468 2251 619 2293 ciliciis
643 2254 686 2292 et
709 2261 837 2291 cruce
856 2248 1007 2297 ferrea,

181 2309 321 2351 acutis
344 2309 557 2351 instructa
582 2305 820 2355 claviculis,
846 2317 1007 2357 corpus

181 2378 309 2407 suum
329 2364 567 2407 dilaniavit.
594 2361 711 2404 Illud
730 2362 860 2404 etiam
879 2359 935 2402 de
954 2372 1007 2402 eo

182 2422 329 2472 fertur,
341 2420 462 2474 quod
472 2420 758 2464 creberrimas
767 2419 880 2460 inter
892 2419 1009 2458 oran-

183 2479 286 2520 dum
311 2480 485 2520 extases
509 2489 666 2530 passus
691 2481 772 2525 est,
802 2473 1008 2527 quodque

182 2535 392 2588 raptibus,
414 2534 660 2588 prophetia,
680 2531 910 2580 miraculis,
935 2529 1007 2571 ali·
1110 2521 1159 2585 {j}

182 2593 307 2643 isque
331 2589 582 2644 hujusmodi
606 2585 1008 2641 supernaturalibus

184 2647 312 2689 d'onis
347 2647 499 2690 vivens
540 2645 757 2688 claruerit.
809 2643 1008 2694 Denique

183 2704 280 2746 zelo
308 2704 549 2745 animarum
581 2702 855 2753 absumptus,
888 2704 1006 2741 octo-

183 2761 403 2812 genarius,
431 2759 708 2813 apoplectico
735 2755 891 2799 morbo
915 2767 1008 2797 cor·

1046 325 1208 375 reptus,
1227 323 1357 364 tertio
1376 322 1526 364 Nonas
1541 323 1723 365 Martias
1741 323 1786 364 in
1806 325 1871 365 os-

1047 379 1146 421 culo
1165 379 1343 420 Domini
1367 378 1635 421 obdormivit
1658 380 1701 420 in
1729 382 1872 421 coeno-

1046 435 1120 477 bio
1166 440 1329 477 sanctae
1363 435 1512 477 Luciae
1549 436 1710 478 Montis
1754 435 1874 477 urbis

1046 491 1259 545 Neapolis
1274 504 1386 533 anno
1402 492 1787 544 septingentesimo
1802 493 1873 533 tri—

1047 548 1214 599 gesimo
1243 553 1399 600 quarto
1429 562 1562 600 supra
1587 548 1874 590 millesimum.

1047 604 1264 646 Eumdem
1279 605 1405 646 novis
1419 605 1639 646 miraculis
1653 607 1875 646 coruscan-

1048 667 1152 711 tem,
1181 674 1295 703 anno
1325 661 1379 703 ab
1403 661 1518 702 illius
1543 661 1729 703 decessu
1755 661 1873 713 quin-

1051 718 1305 769 quagesimo
1325 722 1463 767 sexto,
1482 717 1586 758 Pius
1601 722 1750 759 sextus
1763 718 1874 759 Pon-

1048 774 1155 816 tifex
1179 774 1396 815 Maximus
1420 773 1659 815 Beatorum
1685 773 1785 815 albo
1811 786 1873 815 re·
1895 792 1898 796 ⁴

1050 830 1233 880 censuit,
1266 835 1310 872 et
1344 830 1582 880 Gregorius
1610 830 1732 882 Papa
1763 829 1875 871 deci-

1050 900 1146 928 mus
1166 892 1316 928 sextus
1337 886 1522 928 solemni
1542 886 1627 928 ritu
1646 887 1876 928 Dominica

1051 944 1345 986 Sanctissimae
1365 943 1591 985 Trinitatis
1611 956 1723 984 anno
1743 943 1875 984 mille-

1052 1001 1162 1042 simo
1182 1000 1542 1052 octingentesimo
1561 999 1785 1050 trigesimo
1801 1012 1875 1041 no-

1051 1071 1108 1100 no
1128 1059 1388 1100 Sanctorum
1407 1057 1529 1098 fastis
1549 1055 1791 1108 adscripsit.

1105 1120 1154 1160 R·.
1181 1120 1271 1161 Iste
1290 1118 1434 1160 homo.

1104 1194 1151 1228 In*
1170 1194 1234 1227 ΠΙ.
1260 1194 1457 1227 Nocturno
1485 1191 1652 1225 Homilia
1676 1192 1713 1225 in
1732 1192 1875 1234 Evang.

1054 1242 1180 1276 Nolite
1204 1241 1347 1277 timere.
1373 1241 1419 1274 de
1445 1240 1647 1274 Communi
1671 1240 1700 1274 2.
1726 1241 1822 1274 loco.

1307 1337 1389 1378 Die
1410 1338 1447 1377 6.
1469 1335 1623 1377 Martii.

1149 1406 1190 1447 S.
1215 1405 1459 1447 Fridolini
1490 1402 1774 1444 Confessoris.

1384 1474 1546 1516 Duplex.

1107 1535 1243 1570 Omnia
1274 1535 1320 1569 de
1351 1535 1494 1569 Comm.
1524 1534 1632 1568 Conf.
1664 1544 1740 1568 non
1768 1534 1877 1567 Pont.

1054 1589 1194 1628 praeter
1218 1583 1428 1627 sequentia.

1386 1643 1550 1683 Oratio.

1125 1703 1252 1746 desto
1271 1701 1460 1743 Domine
1485 1697 1878 1752 supplicationibus

1167 1758 1347 1807 nostris,
1376 1769 1484 1809 quas
1512 1757 1556 1796 in
1584 1754 1701 1797 beati
1728 1754 1878 1795 Frido-

1054 1817 1131 1858 lini
1146 1814 1419 1858 Confessoris
1434 1813 1498 1855 tui
1511 1811 1787 1854 solemnitate
1807 1809 1877 1851 de-

1055 1874 1248 1915 ferimus:
1272 1876 1335 1922 ut,
1361 1870 1434 1922 qui
1456 1875 1620 1910 nostrae
1639 1867 1813 1919 iustitiae
1831 1866 1876 1906 fi-

1057 1930 1231 1973 duciam
1244 1941 1331 1970 non
1344 1926 1572 1975 habemus3
1593 1925 1694 1976 ejus,
1713 1923 1785 1975 qui
1799 1922 1879 1964 tibi

1057 1986 1233 2040 placuit,
1258 1983 1462 2038 precibus
1489 1981 1753 2033 adjuvemur.
1796 1979 1880 2020 Per

1056 2043 1293 2085 Dominum
1310 2045 1519 2082 nostrum.

1110 2114 1153 2148 In
1184 2113 1210 2147 I.
1240 2112 1439 2146 Nocturno
1475 2109 1677 2143 Lectiones
1708 2108 1754 2142 dc
1783 2106 1880 2142 Scri-

1059 2167 1171 2206 ptura
1196 2164 1427 2195 occurrente.

1112 2223 1156 2256 In
1173 2221 1364 2263 Quadrag.
1381 2228 1484 2260 vero,
1506 2216 1723 2251 Lectiones:
1746 2215 1878 2252 Justus

1060 2275 1094 2309 si
1117 2279 1249 2309 morte,
1271 2268 1317 2302 de
1343 2266 1478 2301 eodem
1503 2265 1646 2299 Comm.
1673 2264 1699 2297 1.
1721 2263 1817 2297 loco.

1292 2342 1340 2380 In
1359 2340 1408 2379 II.
1428 2339 1648 2377 Nocturno.

1358 2403 1510 2444 Lectio
1530 2403 1581 2443 iv.

1069 2497 1071 2500 ν
1103 2508 1109 2514 ,
1136 2469 1404 2519 ridolinus‚
1440 2466 1561 2517 regio
1598 2465 1642 2506 in
1672 2462 1882 2504 Hibernia

1097 2516 1103 2530 ’
1194 2525 1401 2577 sanguine
1423 2523 1692 2576 procreatus,
1715 2519 1880 2561 ferven-

1072 2589 1074 2596 ’
1192 2582 1361 2624 tissimo
1382 2579 1542 2622 Christi
1563 2576 1881 2630 proximorum-

1062 2653 1145 2694 que
1169 2641 1317 2681 amore
1345 2637 1533 2687 flagrans
1559 2632 1795 2675 multorum
1820 2630 1881 2671 lo-

1061 2699 1211 2739 corum
1234 2699 1365 2746 atque
1383 2691 1557 2733 urbium
1574 2686 1881 2742 peregrinatio-

1059 2766 1159 2795 nem
1177 2749 1380 2802 suscepit.
1412 2746 1578 2798 Quibus
1595 2746 1639 2787 in
1657 2742 1881 2787 itineribus
