2066 2904
505 148 577 182 Die
600 147 660 181 30.
684 146 844 189 Aprilis,
891 146 926 179 S.
952 143 1173 179 Catharinae
1197 142 1380 176 Senensis
1404 141 1509 182 Virg.

153 245 293 295 rabat,
317 248 360 286 et
379 243 602 286 daemones
622 240 810 292 cogebat
830 240 885 282 ab
906 239 981 282 ob-

153 302 286 344 sessis
306 300 426 343 abire
445 297 717 352 corporibus.

206 366 257 418 R
294 362 483 414 Propter
513 360 757 408 veritatem,
790 363 833 400 et
863 371 980 399 man-

154 418 445 467 suetudinem,
473 421 517 459 et
543 415 766 469 justitiam,
788 419 812 442 *
827 414 884 456 Et
909 413 980 455 de-

154 477 287 520 ducet
320 479 364 517 te
395 473 652 516 mirabiliter
683 471 864 514 dextera
894 476 980 521 tua,

153 533 336 585 alleluja.
366 529 416 582 V.
438 530 594 583 Specie
613 534 704 579 tua,
730 533 774 570 et
791 527 981 581 pulchri-

152 589 304 632 tudine
326 594 402 631 tua
423 586 615 636 intende,
643 588 857 639 prospere
881 597 980 637 pro-

154 645 277 697 cede,
297 650 341 688 et
357 657 502 696 regna.
530 644 588 685 Et
607 642 808 686 deducet.

464 722 618 763 Lectio
638 735 675 762 v.

258 799 302 827 m
324 785 437 826 Pisis
464 784 772 826 immoraretur
798 780 869 823 die
892 781 981 823 Do-

245 842 417 894 minico,
432 841 596 883 refecta
616 840 715 882 cibo
736 838 917 889 coelesti,
939 843 983 880 et

154 900 198 941 in
223 899 410 941 extasim
435 902 580 951 rapta,
612 896 723 938 vidit
745 895 982 937 Dominum

156 956 412 998 crucifixum
430 967 589 1006 magno
610 967 709 995 cum
727 953 891 994 himine
909 951 982 994 ad-

154 1013 412 1062 venientem,
433 1016 477 1054 et
497 1024 551 1053 ex
570 1012 662 1063 ejus
677 1010 905 1051 vulnerum
926 1009 982 1050 ci-

155 1069 391 1111 catricibus
412 1069 603 1121 quinque
622 1066 770 1109 radios
790 1065 846 1108 ad
862 1066 982 1118 quin-

157 1139 241 1179 que
264 1126 364 1168 loca
388 1125 455 1167 sui
485 1124 687 1178 corporis
716 1123 982 1165 descend-en

154 1188 237 1234 tes;
254 1182 446 1235 ideoque
464 1181 721 1234 mysterium
737 1179 982 1229 advertens,

154 1240 391 1281 Dominum
426 1241 623 1291 precata,
665 1250 720 1279 ne
755 1237 982 1278 cicatrices

155 1297 433 1350 apparerent3
471 1297 679 1337 continuo
718 1293 829 1334 radii
866 1292 982 1334 colo-

155 1366 249 1395 rem
294 1354 579 1402 sanguineum
617 1353 896 1393 mutaverunt
939 1350 984 1390 in

157 1408 454 1462 splendidum,
491 1413 535 1450 et
565 1408 610 1449 in
642 1407 827 1449 formam
858 1419 982 1459 purae

156 1466 267 1507 lucis
293 1466 590 1518 pervenerunt
624 1463 681 1506 ad
708 1477 878 1512 manus,
910 1476 983 1516 pe-

158 1521 254 1573 des,
275 1527 319 1564 et
338 1534 414 1564 cor
433 1522 538 1574 ejus:
558 1533 609 1562 ac
628 1525 776 1563 tantus
795 1525 889 1562 erat
909 1519 984 1562 do-

156 1578 242 1629 lor,
271 1590 403 1630 quem
430 1577 695 1619 sensibiliter
721 1577 984 1630 patiebatur,

156 1640 205 1678 ut
237 1635 320 1676 nisi
350 1634 472 1676 Deus
502 1634 748 1684 minuisset,
780 1634 905 1676 brevi
937 1646 984 1675 se

157 1691 357 1734 crederet
380 1691 648 1732 moritiiram.
684 1691 811 1732 Hanc
835 1692 984 1743 itaque

156 1748 341 1800 gratiam
352 1747 672 1789 amantissimus
683 1747 898 1789 Dominus
910 1759 984 1788 110-

156 1817 211 1847 va
226 1804 367 1856 gratia
383 1803 631 1855 cumulavit,
649 1809 698 1846 ut
713 1806 894 1846 sentiret
909 1803 983 1846 do-

156 1861 296 1903 lorem
314 1860 472 1914 illapsa
489 1860 534 1902 vi
551 1860 797 1910 vulnerum,
822 1865 866 1902 et
892 1873 984 1902 cru-

158 1919 258 1959 enta
280 1917 404 1969 signa
426 1930 516 1959 non
540 1918 814 1970 apparerent.
852 1916 983 1967 Quod

158 1973 218 2014 ita
237 1973 472 2025 contigisse
493 1987 591 2015 cum
606 1974 690 2015 Dei
709 1973 869 2015 famula
885 1987 983 2015 con-

158 2030 340 2072 fessario
367 2043 446 2072 suo
465 2029 729 2083 Raymtindo
754 2030 986 2081 retulisset,

157 2092 206 2129 ut
242 2086 380 2128 oculis
417 2087 550 2129 etiam
572 2089 986 2140 'repraesentaretur,

157 2142 306 2185 radios
326 2143 369 2184 in
387 2142 648 2195 imaginibus
666 2142 811 2185 beatae
831 2143 985 2185 Catha-

158 2202 265 2241 rinae
284 2199 341 2242 ad
361 2199 479 2242 dicta
498 2200 690 2253 quinque
709 2200 807 2242 loca
825 2201 986 2253 pertin-

158 2258 322 2308 genteS,
340 2256 413 2309 pia
431 2256 626 2298 fidelium
645 2269 748 2299 cura
766 2257 897 2309 pictis
917 2270 986 2299 co-

157 2312 324 2355 loribus
344 2313 573 2366 expressit.

215 2374 265 2414 R.
292 2374 497 2416 Dilexisti
524 2374 749 2426 justitiam,
783 2379 827 2416 et
854 2374 986 2416 odisti

158 2429 459 2482 iniquitatemz·
479 2433 500 2454 *
523 2431 765 2484 Propterea
792 2431 917 2473 unxit
943 2437 987 2473 te

158 2485 299 2536 Deus,
342 2487 464 2529 Deus
513 2492 614 2529 tuus
665 2488 763 2529 oleo
808 2487 988 2538 laetitiae,

1034 238 1217 291 alleluja.
1256 232 1307 285 V.
1336 238 1526 291 Propter
1544 238 1791 287 veritatem,
1820 242 1864 279 et

1033 295 1429 346 mansuetudinem,
1450 300 1494 337 et
1512 295 1731 347 justitiam.
1757 295 1862 336 Pro-

1033 354 1197 407 pterea.

1338 412 1490 453 Lectio
1509 411 1562 451 vi.

1035 472 1290 579 Doctrina
1316 475 1406 527 ejus
1426 474 1583 524 infasa,
1611 486 1699 514 non
1719 473 1864 524 acqui-

1130 535 1215 574 sita
1243 532 1337 583 fuit;
1370 534 1593 573 sacrarum
1620 531 1865 572 litterarum

1034 589 1360 643 professoribus
1387 587 1665 630 difficillimas
1685 587 1740 629 de
1760 586 1864 628 divi-

1034 649 1173 689 nitate
1210 646 1477 699 quaestiones
1514 643 1865 698 proponentibus

1036 703 1275 757 respondit.
1305 703 1449 745 Nemo
1475 702 1531 743 ad
1552 714 1649 743 eam
1668 700 1865 750 accessit,

1037 761 1112 814 qui
1134 773 1223 802 non
1246 759 1401 801 melior
1427 758 1596 801 abierit:
1631 757 1769 799 multa
1795 770 1865 798 ex-

1037 817 1187 859 stinxit
1221 816 1340 866 odia,
1374 821 1417 858 et
1448 815 1660 857 mortales
1695 814 1867 856 sedavit

1036 874 1294 915 inimicitias.
1334 874 1422 915 Pro
1455 885 1566 926 pace
1593 871 1865 914 Florentino-

1037 945 1151 981 rum,
1199 931 1274 984 qui
1313 943 1411 972 cum
1447 930 1647 971 Ecclesia
1684 928 1866 970 disside-

1035 988 1157 1038 bant,
1203 993 1247 1030 et
1288 987 1522 1029 interdicto
1565 986 1865 1028 ecclesiastico

1037 1045 1257 1098 suppositi
1303 1049 1442 1093 erant,
1490 1043 1765 1085 Avenionem
1811 1042 1866 1083 ad

1037 1102 1301 1152 Gregorium
1314 1100 1593 1142 undecimum
1606 1099 1867 1140 Pontificem

1036 1158 1276 1199 Maximum
1304 1158 1504 1211 profecta
1532 1162 1613 1207 est;
1644 1156 1713 1198 cui
1737 1156 1867 1197 etiam

1037 1220 1189 1257 votum
1214 1216 1305 1267 eius
1329 1214 1384 1256 de
1409 1213 1600 1267 petenda
1618 1213 1756 1262 Urbe,
1785 1212 1867 1253 soli

1037 1272 1135 1313 Deo
1153 1277 1323 1321 notum,
1352 1284 1449 1313 sese
1476 1270 1684 1312 divinitus
1708 1282 1866 1320 cogno-

1038 1331 1154 1370 visse
1193 1328 1472 1370 monstravit:
1518 1326 1867 1378 deliberavitque

1037 1386 1258 1435 Pontifex,
1300 1398 1351 1427 ea
1384 1385 1515 1427 etiam
1548 1383 1775 1433 suadente,
1812 1383 1868 1424 ad

1038 1442 1189 1484 sedem
1213 1455 1336 1483 suam
1356 1442 1604 1483 Romanam
1628 1439 1868 1493 personali-

1036 1504 1104 1541 ter
1123 1498 1350 1540 accedere:
1370 1497 1491 1550 quod
1510 1503 1552 1539 et
1572 1497 1684 1539 fecit.
1712 1495 1869 1538 Eidem

1039 1556 1255 1607 Gregorio
1299 1560 1343 1597 et
1378 1555 1559 1597 Urbano
1604 1559 1730 1595 sexto
1777 1554 1868 1606 ejus

1038 1614 1283 1655 successori
1304 1612 1610 1665 acceptissima
1630 1611 1726 1660 fuit,
1754 1609 1867 1652 adeo

1037 1675 1086 1711 ut
1110 1669 1401 1721 legationibus
1427 1671 1580 1711 eorum
1605 1668 1867 1718 fungeretur.

1037 1727 1238 1779 Denique
1266 1732 1370 1779 post
1402 1726 1628 1767 innumera
1656 1725 1868 1766 virtatum

1037 1783 1232 1835 insignia,
1254 1783 1369 1825 dono
1389 1782 1650 1836 prophetiae,
1674 1786 1718 1823 et
1736 1781 1867 1834 phiri-

1037 1840 1120 1883 bus
1153 1840 1269 1882 clara
1301 1839 1539 1889 miraculis,
1576 1852 1690 1880 anno
1724 1838 1867 1879 aetatis

1039 1910 1130 1939 suae
1166 1897 1298 1939 tertio
1337 1897 1508 1938 circiter
1551 1901 1595 1938 et
1630 1895 1867 1946 trigesimo,

1037 1954 1241 2006 migravit
1267 1953 1323 1995 ad
1347 1966 1569 2007 sponsum.
1605 1954 1746 2003 Quam
1764 1952 1867 1992 Pius

1039 2010 1258 2052 secundus
1290 2010 1496 2052 Pontifex
1523 2010 1740 2050 Maximus
1773 2021 1866 2048 san-

1039 2070 1208 2109 ctarum
1236 2067 1467 2119 Virginum
1490 2070 1673 2108 numero
1707 2065 1867 2106 adscri-

1038 2124 1138 2177 psit.

1095 2183 1144 2234 R
1168 2181 1418 2223 Afferentur
1438 2181 1559 2232 Regi.
1579 2178 1688 2233 [108]

1094 2251 1137 2284 In
1161 2250 1226 2284 ΙΙΙ.
1244 2250 1443 2284 Nocturno
1469 2248 1638 2283 Homili1
1665 2247 1702 2280 in
1725 2246 1869 2289 Evang.

1043 2299 1171 2335 Simile
1202 2299 1274 2346 erit
1303 2309 1465 2343 regnum
1496 2298 1691 2333 coelorum.
1728 2295 1775 2328 de
1809 2304 1870 2328 eo-

1043 2349 1130 2383 dem
1154 2348 1367 2383 Communi.
1390 2347 1488 2391 [110]

1094 2400 1280 2444 Vesperae
1306 2401 1354 2434 de
1379 2401 1435 2434 Ss
1463 2400 1598 2441 Apost.
1622 2395 1808 2439 Philippo
1834 2399 1870 2428 et

1042 2449 1211 2491 Iacobo,
1243 2453 1283 2483 ut
1314 2449 1421 2482 infra.
1445 2448 1520 2483 476.
1558 2455 1644 2479 cum
1674 2454 1869 2478 commem

1043 2498 1207 2540 praeeed.
