2066 2956
662 237 717 271 Ss.
745 237 920 281 Quinque
947 238 1154 272 Vulncrum
1180 238 1221 272 I).
1248 239 1290 272 N.
1312 239 1344 273 J.
1368 241 1406 273 (ἶ.

239 328 503 371 Benedictus
516 329 648 378 Deus,
663 329 686 354 *
703 329 777 381 qui
790 342 879 370 non
894 331 1009 370 amo-

188 386 251 428 vit
271 386 512 428 orationem
529 398 687 434 meam,
707 390 750 427 et
768 385 1009 427 misericor-

189 441 306 484 diam
324 455 447 484 suam
466 455 490 483 a
509 455 590 483 me.

237 512 335 552 Ant.
372 510 411 550 A
446 506 595 559 planta
626 505 752 558 pedis
786 519 925 559 usque
953 506 1010 549 ad

187 564 393 606 verticem
411 576 499 604 non
520 563 648 605 estin
667 575 720 604 eo
740 563 914 604 sanitas.

236 632 335 673 Ant.
374 632 556 682 Vulnus,
586 637 629 674 et
655 632 781 683 livor,
810 637 853 674 et
880 633 1009 685 plaga

186 693 357 730 tumens
382 702 469 730 non
495 693 561 730 est
585 689 896 740 circumligata,
929 703 1010 732 nec

187 747 337 787 curata
346 744 645 795 medicamine,
652 758 793 797 neque
801 745 890 787 fota
899 746 1009 788 eleo.

451 821 648 862 Psalmus
677 823 741 863 75.

281 889 380 926 otus
395 885 440 925 in
454 885 478 925 J
481 884 607 926 udaea
621 885 757 926 Deus:
775 886 798 911 *
815 887 858 926 jn
874 887 1010 928 Israffl
1069 879 1092 893 «ὲ
1104 891 1136 894 Ἢ

296 954 500 992 magnum
519 954 678 983 nomen
698 943 799 994 ejus.

236 998 294 1040 Et
317 998 456 1039 factus
479 1003 546 1039 est
568 998 611 1038 in
630 1011 738 1050 pace
761 999 884 1040 locus
905 1000 1009 1051 ejus:

185 1055 210 1080 *
230 1059 273 1096 et
290 1054 503 1096 habitatio
525 1055 614 1106 ejus
632 1055 676 1095 in
695 1055 808 1096 Sion.

236 1110 303 1152 Ibi
332 1111 543 1162 confregit
569 1112 790 1163 potentias
819 1114 1008 1163 arcuum,

185 1169 209 1194 *
227 1172 409 1217 scutum,
429 1167 631 1218 gladium,
651 1172 695 1209 et
712 1167 885 1209 bellum.

234 1223 488 1265 Illuminans
506 1229 554 1265 tu
571 1223 826 1266 mirabiliter
845 1238 869 1266 a
887 1228 1007 1266 mon-

182 1280 301 1322 tibus
317 1280 504 1322 aeternis:
523 1280 547 1306 *
562 1279 725 1322 turbati
741 1286 842 1323 sunt
856 1294 1006 1324 omnes

182 1337 438 1390 insipientes
459 1336 603 1378 corde.

234 1393 517 1435 Dormierunt
537 1405 737 1434 somnum
757 1407 897 1435 suum:
921 1397 945 1423 *
964 1401 1007 1437 et

182 1449 287 1490 nihil
303 1449 560 1491 invenerunt
575 1462 726 1491 omnes
741 1450 822 1491 viri
838 1449 1005 1493 divitia-

182 1519 278 1547 rum
296 1506 340 1546 in
358 1504 556 1547 manibus
576 1506 676 1546 suis.

234 1561 305 1604 Ab
324 1562 621 1614 increpatione
640 1567 715 1604 tua
732 1562 852 1604 Deus
868 1562 1004 1605 Jacob

181 1620 206 1646 *
234 1618 580 1660 dormitaverunt
610 1619 683 1671 qui
716 1618 1006 1662 ascenderunt

182 1688 331 1728 equos

232 1732 302 1774 Tu
325 1732 531 1774 terribilis
556 1745 618 1782 es,
644 1737 687 1774 et
712 1732 808 1785 quis
832 1734 1006 1774 resistet

180 1788 282 1831 tibi?
300 1789 324 1815 *
344 1802 398 1831 ex
417 1794 522 1831 tunc
539 1789 605 1830 ira
622 1794 707 1830 tua.

232 1845 301 1887 De
329 1845 443 1887 coelo
471 1845 667 1887 auditum
695 1845 835 1888 fecisti
860 1846 1004 1898 judici-

180 1915 254 1943 um
262 1918 274 1942 ι·
288 1902 312 1928 *
330 1907 447 1958 terra
464 1902 640 1943 tremuit
660 1906 703 1943 et
724 1902 898 1953 quievit,

233 1958 343 2000 Cum
363 1961 617 2009 exsurgeret
636 1958 679 1999 in
698 1958 903 2010 judicium
921 1959 1004 2001 De-

181 2027 244 2065 us,
262 2015 287 2043 *
303 2019 353 2056 ut
370 2014 515 2056 salvos
535 2014 699 2057 faceret
717 2027 870 2057 omnes
887 2029 1004 2057 man-

182 2071 331 2112 suetos
349 2074 491 2112 terrae.

234 2127 450 2177 Queniam
471 2127 678 2177 cogitatio
697 2126 884 2168 heminis
905 2139 1004 2168 con-

181 2183 374 2224 fitebitur
397 2182 489 2224 tibi:
511 2183 535 2208 *
558 2187 601 2224 et
624 2182 818 2235 reliquiae
843 2183 1003 2234 cogita-

180 2240 313 2281 tienis
334 2239 449 2280 diem
467 2239 627 2280 festum
645 2243 775 2290 agent
792 2238 883 2280 tibi.

232 2296 422 2345 Vovete‚
446 2300 489 2337 et
509 2294 679 2336 reddite
698 2295 886 2336 Domino
906 2295 1003 2337 Deo

181 2357 345 2394 vestro:
363 2352 387 2378 *
403 2364 554 2394 omnes
570 2352 644 2404 qui
657 2352 702 2392 in
717 2351 899 2393 circuitu
914 2352 1003 2403 ejus

182 2408 343 2450 affertis
362 2411 551 2450 munera.

232 2464 437 2506 Terribili
465 2469 509 2506 et
539 2465 578 2505 ei
606 2464 681 2516 qui
712 2464 851 2505 aufert
882 2463 1002 2516 spiri-

181 2526 275 2563 tum
310 2521 572 2573 principum,
609 2523 633 2548 *
668 2520 850 2562 terribili
886 2518 1004 2572 apud

182 2590 306 2629 reges
329 2582 469 2618 terrae.

234 2642 331 2682 Ant.
366 2642 545 2691 Vulnus,
578 2646 622 2683 et
648 2641 773 2689 livor,
806 2645 849 2681 et
875 2639 1003 2692 plaga

181 2703 352 2739 tumens
376 2711 463 2740 non
494 2703 560 2739 est
584 2697 895 2747 circumligata,
922 2708 1003 2737 nec

182 2756 331 2796 curata
340 2754 787 2806 medicamine,neque
795 2753 886 2794 fota
894 2752 1003 2793 oleo.

1795 230 1886 274 [317]

1115 324 1163 376 V.
1188 330 1305 371 Vere
1335 330 1567 381 languores
1589 335 1766 371 nostros
1791 330 1886 382 ipse

1062 385 1172 427 tulit.
1218 388 1267 438 R.
1299 387 1355 429 Et
1383 386 1560 428 dolores
1589 392 1764 428 nostros
1792 387 1886 439 ipse

1060 443 1266 494 portavit.

1135 518 1200 558 De
1219 515 1426 557 Sermone
1447 516 1583 557 sancti
1604 516 1813 558 Bernardi

1375 572 1573 614 Abbatis.

1186 640 1264 675 Lib.
1285 641 1330 675 dc
1349 642 1454 676 Pass.
1473 642 1591 681 Dom„
1610 655 1691 687 cap.
1708 646 1759 678 41.

1361 699 1509 739 Lectio
1532 701 1582 739 iv.

1065 761 1305 818 ,zffffssaptus
1334 768 1438 806 ergo
1467 757 1491 796 J
1495 769 1593 797 esus
1622 762 1723 809 post
1756 757 1885 809 pluri-

1087 811 1089 814 ’
1103 806 1171 852 l
1188 827 1281 854 mas
1295 813 1519 854 illusic'mes
1534 817 1623 854 tam
1634 814 1657 853 J
1659 813 1886 854 udaeorum

1190 883 1319 922 quam
1344 869 1564 919 Gentium,
1592 875 1694 922 post
1718 870 1885 920 sangui-

1060 928 1126 968 nis
1146 927 1295 980 plures
1315 925 1564 975 effusiOnes,
1594 926 1727 967 clavis
1750 926 1884 966 immi-

1060 984 1177 1026 tibus
1214 982 1414 1025 manibus
1456 982 1583 1023 simul
1620 987 1663 1023 et
1699 982 1885 1035 pedibus

1059 1041 1323 1094 perforatur,
1343 1044 1386 1080 et
1407 1039 1638 1090 configitur
1656 1038 1773 1089 ligno
1794 1052 1885 1080 cru-

1060 1098 1121 1138 cis
1146 1096 1347 1138 Salvator
1372 1100 1521 1137 noster
1546 1096 1798 1136 mitissimus
1818 1096 1842 1135 J
1845 1109 1885 1136 e-

1061 1167 1145 1194 sus.
1172 1154 1357 1202 Intuere,
1379 1157 1422 1193 et
1441 1152 1609 1204 respice
1627 1165 1772 1193 rosam
1788 1165 1884 1204 pas-

1060 1210 1194 1250 sienis
1215 1211 1479 1260 sanguineae,
1510 1207 1732 1259 quemodo
1759 1207 1886 1250 rubet

1058 1266 1101 1306 in
1120 1265 1326 1307 indicium
1347 1264 1662 1306 ardentissimae
1682 1264 1885 1305 caritatis.

1060 1321 1338 1364 Contendunt
1362 1321 1509 1374 passio
1536 1326 1579 1362 et
1604 1320 1776 1361 caritas:
1801 1320 1884 1370 illa,

1058 1384 1105 1420 ut
1125 1379 1224 1431 plus
1245 1377 1410 1428 ardeat;
1428 1378 1521 1427 ista,
1541 1382 1588 1418 ut
1604 1376 1703 1429 plus
1719 1376 1884 1418 rubeat.

1110 1447 1160 1497 R.
1192 1444 1276 1485 Per
1305 1448 1492 1484 mortem
1516 1442 1731 1484 destruxit
1757 1442 1781 1482 J
1784 1455 1883 1483 esus

1058 1513 1157 1541 eum
1177 1500 1251 1551 qui
1268 1500 1421 1541 mortis
1439 1498 1630 1540 habebat
1644 1498 1883 1550 imperium,

1058 1562 1079 1584 *
1101 1558 1158 1599 Ut
1177 1556 1381 1598 liberaret
1401 1568 1477 1596 eos
1499 1555 1573 1606 qui
1596 1555 1752 1596 timore
1772 1567 1881 1595 mor-

1056 1614 1112 1655 tis
1132 1612 1311 1654 obnoxii
1335 1617 1457 1653 erant
1482 1611 1689 1652 servituti.
1721 1611 1769 1661 V.
1797 1611 1881 1652 Un-

1057 1670 1112 1712 de
1139 1669 1290 1711 debuit
1314 1681 1392 1721 per
1418 1669 1562 1709 omnia
1587 1667 1793 1708 fratribus
1818 1681 1880 1708 as-

1057 1726 1244 1776 similari,
1265 1730 1313 1766 ut
1330 1724 1578 1766 misericors
1598 1724 1732 1765 fieret.
1760 1723 1829 1765 Ut.

1365 1794 1513 1834 Lectio
1535 1808 1571 1831 v.

1148 1851 1219 1893 ide
1253 1849 1477 1902 quomodo
1508 1849 1594 1890 hoc
1627 1849 1734 1890 flore
1765 1861 1878 1890 rosae

1159 1907 1355 1949 floruerit
1389 1906 1554 1959 Optima
1586 1905 1686 1947 vitis
1718 1910 1878 1954 nostra,

1056 1964 1322 2006 rubicundus
1337 1963 1362 2004 J
1365 1976 1475 2004 esus.
1502 1961 1618 2003 Vide
1637 1966 1778 2003 totum
1795 1973 1879 2002 cor-

1055 2034 1149 2073 pus,
1169 2019 1307 2062 sicubi
1326 2032 1439 2060 rosae
1460 2021 1706 2069 sanguineae
1726 2018 1878 2058 florem

1055 2089 1143 2118 non
1156 2076 1358 2117 invenias.
1378 2075 1550 2128 Inspice
1565 2087 1740 2115 manum
1750 2086 1878 2114 unam

1056 2138 1099 2174 et
1119 2133 1317 2183 alteram,
1347 2132 1383 2173 si
1407 2132 1559 2172 florem
1580 2142 1693 2171 rosae
1712 2141 1799 2170 non
1819 2129 1877 2169 in-

1055 2189 1203 2230 venias
1226 2189 1269 2229 in
1295 2190 1491 2239 utraque.
1527 2186 1698 2238 Inspice
1718 2185 1878 2238 pedem

1054 2240 1187 2286 unum
1207 2250 1250 2286 et
1270 2244 1466 2286 alterum:
1484 2240 1694 2293 numquid
1708 2254 1796 2283 non
1810 2243 1877 2282 ro-

1055 2301 1139 2343 sei?
1158 2301 1332 2353 Inspice
1342 2299 1489 2341 lateris
1501 2301 1760 2351 aperturam,
1777 2298 1878 2349 quia

1053 2371 1134 2399 nec
1161 2357 1234 2398 illa
1262 2362 1380 2399 caret
1407 2368 1523 2404 rosa,
1558 2354 1754 2406 quamvis
1781 2354 1877 2406 ipsa

1054 2413 1273 2456 subrubea
1309 2413 1383 2463 sit,
1428 2416 1608 2464 propter
1644 2410 1877 2451 mixturam

1054 2482 1195 2522 aquae,
1216 2470 1332 2522 quia,
1356 2469 1467 2509 sicut
1485 2471 1631 2507 narrat
1649 2466 1875 2517 Evangeli-

1054 2531 1132 2576 sta,
1152 2539 1250 2567 cum
1269 2538 1378 2566 unus
1396 2523 1580 2565 militum
1598 2522 1749 2563 lancea
1764 2522 1876 2564 latus

1055 2583 1144 2634 ejus
1168 2582 1450 2635 perforasset,
1479 2579 1611 2621 exivit
1634 2579 1809 2630 sanguis
1834 2584 1876 2620 et

1054 2651 1177 2690 aqua.

1108 2697 1158 2747 151.
1194 2695 1277 2735 Per
1308 2693 1527 2734 hominem
1555 2705 1689 2741 mom,
1724 2696 1767 2733 et
1798 2704 1876 2743 per

1053 2751 1273 2793 hominem
1299 2749 1560 2791 resurrectio
1588 2750 1873 2790 mortuorum:
