2028 2892
174 176 241 212 434
549 174 616 207 I)ic
641 176 670 207 2.
698 174 853 216 Aprilis.

901 176 935 207 S.
964 174 1155 208 Francisei
1183 175 1228 208 dc
1256 174 1374 208 Paula
1401 175 1508 208 Cous.

228 276 272 309 Et
298 276 336 309 fit
362 286 556 309 commem.
585 276 714 310 Feriae.

231 328 262 365 A
271 335 325 367 nt.
347 326 741 379 Appropinquabat
751 333 898 370 autem
908 327 1004 370 dies

175 382 311 423 festus
346 380 621 424 Judaeorum:
662 388 706 425 et
747 384 1004 436 quaerebant

174 438 395 491 principes
444 439 726 481 sacerdetum
777 439 1002 492 quomodo

173 495 198 536 J
201 508 324 536 esum
348 495 656 546 interficerent,
684 496 764 539 sed
792 497 1003 539 timebant

173 551 359 606 plebem.

228 609 274 655 δ”.
313 609 447 662 Eripe
481 622 550 651 me
584 609 639 652 de
673 610 858 652 inimicis
894 610 1003 651 meis

172 665 294 706 Deus
322 678 456 707 meus.
506 666 553 718 lx‘g.
580 667 636 708 Et
663 666 718 708 ab
746 666 1003 717 insurgenti-

172 721 256 763 bus
274 722 317 763 in
336 734 406 763 me
425 722 563 765 libera
581 735 662 765 me.

510 783 672 825 Oratio.

248 839 428 881 erdibus
443 841 615 892 nostris,
626 842 878 894 quaesumus
894 841 1002 892 Dfie,

272 896 458 947 gratiam
483 902 604 939 tuam
628 897 841 949 benignus
865 898 1002 939 infun-

173 951 243 993 de:
266 958 314 994 ut
336 956 519 1005 peccata
544 960 694 997 nostra
713 955 1000 1006 castigatiene

172 1009 417 1051 voluntaria
445 1010 716 1061 cohibentes,
752 1011 1001 1064 temporali-

170 1070 239 1107 ter
249 1067 396 1119 p6tius
412 1069 693 1118 maceremur,
706 1081 837 1120 quam
848 1068 1003 1121 suppli-

173 1122 251 1164 ciis
271 1122 532 1177 deputemur
552 1125 737 1166 aeternis.
769 1126 855 1167 Per
876 1125 1002 1166 Dfim.

446 1198 513 1234 Ad
537 1198 737 1235 Primam.

232 1258 273 1295 ln
308 1258 353 1308 lxffa
380 1256 441 1297 br.
476 1255 524 1304 V.
558 1255 642 1305 Qui
667 1268 824 1308 passus
851 1268 898 1297 es
921 1267 1002 1308 pro

171 1308 359 1352 humine.

445 1370 512 1407 Ad
533 1371 736 1408 Tertiam.

229 1428 323 1466 Ant.
355 1427 552 1470 Dilectus
570 1441 706 1470 meus.

227 1487 259 1527 C
263 1487 362 1538 apit.
394 1488 501 1535 Quis
530 1488 727 1532 credidit.
754 1490 848 1531 433.

228 1550 275 1589 R·
305 1548 364 1589 br.
402 1549 557 1591 Posuit
584 1562 654 1591 me
682 1549 1003 1592 *Desolatam

171 1604 337 1647 Posuit.
372 1599 418 1650 Y.
446 1606 564 1648 Tota
590 1605 660 1648 die
685 1609 878 1650 moerere
902 1620 1003 1649 con-

173 1661 342 1759 {ectam
383 1663 651 1704 Desolatam.
694 1664 728 1701 (i
737 1663 847 1706 loria
874 1664 1004 1706 Patri.

213 1718 458 1820 &Juissacoes
483 1789 581 1818 mea
607 1777 812 1818 intumuit
837 1790 862 1818 a
888 1777 1004 1819 fletu.

177 1832 225 1883 Rg.
244 1831 302 1874 Et
319 1832 547 1886 palpebrae
566 1846 677 1875 meae
697 1833 1005 1885 caligaverunt.

453 1906 521 1943 Ad
544 1906 732 1944 Sextam.

230 1962 327 2001 Ant.
358 1962 452 2009 Quo
473 1959 589 2002 abiit.

229 2021 485 2071 Capitulum.
692 2021 813 2060 Isaiae
831 2021 894 2059 523.
912 2020 949 2058 b.

222 2094 303 2136 pse
334 2081 586 2124 vulneratus
620 2087 686 2124 est
717 2087 903 2135 propter
930 2082 1004 2123 ini-

249 2139 441 2191 quitates
486 2144 676 2188 nostras,
721 2141 893 2180 attritus
939 2145 1005 2182 est

175 2201 360 2249 propter
384 2195 551 2237 scelera
570 2200 732 2237 nostra.
763 2195 1006 2248 Disciplina

175 2253 298 2305 pacis
317 2257 482 2294 nostrae
502 2264 635 2305 super
654 2264 770 2302 eum,
799 2258 842 2294 et
866 2252 1005 2295 livore
1028 2267 1033 2308 Ι

177 2310 267 2361 ejus
287 2309 428 2351 sanati
447 2322 607 2351 sumus.

232 2372 278 2421 Κ.
299 2370 359 2411 br.
389 2371 544 2413 Facies
571 2384 668 2413 mea
692 2373 711 2392 '⁸
742 2371 955 2413 Intumuit
981 2384 1005 2412 a

178 2427 294 2468 fletu.
321 2427 475 2470 Facies
492 2440 602 2470 mea.
631 2421 678 2473 V.
702 2428 759 2470 Et
777 2426 1005 2481 palpebrae

176 2496 287 2524 meae
307 2483 614 2535 caligaverunt
646 2485 868 2527 Intumuit.
905 2483 1004 2526 Glo-

177 2539 241 2581 ria
258 2540 388 2580 Patri.
416 2540 569 2583 Facies
587 2554 696 2583 mea.

232 2592 279 2642 Y'.
302 2596 422 2638 Deus
441 2597 575 2639 vitam
593 2611 737 2640 meam
756 2596 1006 2639 annuntiavi

177 2651 268 2694 tibi.
314 2655 358 2704 R„
381 2653 575 2696 Posuisti
598 2654 800 2697 lacrimas
823 2665 945 2695 meas
964 2653 1006 2693 in

179 2697 421 2763 conspectu
439 2715 527 2752 tuo·

1332 275 1400 312 Ad
1423 276 1608 312 Nonam.

1113 333 1211 372 Ant.
1240 328 1404 371 Fulcite
1423 341 1494 370 me
1514 327 1707 371 fleribus.

1111 392 1370 443 Capitulum.
1579 395 1701 435 lsaiae
1718 396 1784 435 53.
1800 408 1833 436 c.

1139 454 1435 497 eneratienem
1467 456 1558 507 ejus
1587 454 1684 507 quis
1713 457 1883 496 enarra-

1156 510 1241 553 bit?
1261 511 1363 563 quia
1379 511 1599 554 abscissus
1614 516 1682 553 est
1696 511 1751 553 de
1766 516 1883 553 terra

1055 567 1308 618 viventium
1338 573 1523 621 propter
1555 567 1698 610 scelus
1729 568 1883 621 populi

1054 637 1139 667 me1
1157 624 1356 678 percussi
1376 637 1485 666 eum.

1114 688 1161 739 Rg.
1188 687 1248 727 br.
1280 685 1402 727 Deus
1427 685 1561 727 vitam
1582 697 1726 727 meam
1751 691 1774 715 *
1795 686 1882 727 An-

1054 742 1250 784 nuntiavi
1268 741 1359 784 tibi.
1386 742 1518 783 Deus
1552 738 1599 791 V.
1611 741 1804 784 Posuisti
1823 742 1882 784 la-

1055 798 1212 840 crimas
1231 811 1351 839 meas
1369 798 1413 839 in
1428 799 1669 851 conspectu
1683 803 1771 840 tuo.
1796 799 1882 839 An-

1053 855 1259 897 nuntiavi.
1291 854 1439 896 Gloria
1457 855 1587 896 Patri.
1615 854 1747 896 Deus.

1111 907 1161 959 V.
1183 911 1272 952 Ora
1296 924 1378 964 pro
1402 910 1528 953 nobis
1547 910 1685 962 Virgo
1706 910 1880 953 doloro-

1055 968 1236 1009 sissima.
1303 971 1349 1021 Ra
1389 968 1449 1010 Ut
1485 966 1604 1019 digni
1641 967 1884 1010 efficiamur

1053 1024 1421 1077 promissit'mibus
1441 1024 1614 1066 Christi.

1261 1102 1322 1142 In
1344 1102 1406 1142 11.
1430 1100 1683 1152 vesperis.

1112 1163 1247 1197 Omnia
1274 1164 1453 1197 dicuntur
1477 1171 1516 1198 ut
1541 1165 1578 1198 in
1604 1165 1629 1198 I.
1654 1165 1770 1208 Vcsp.
1786 1163 1861 1199 424.

1112 1219 1178 1260 Ad
1208 1220 1378 1269 Magnis.
1423 1221 1518 1262 Ant.
1562 1222 1671 1261 Cum
1703 1219 1884 1262 vidisset

1055 1276 1079 1316 J
1082 1288 1183 1317 esus
1210 1280 1396 1317 matrem
1430 1279 1618 1317 stantem
1644 1276 1763 1328 juxta
1791 1289 1883 1318 cru-

1057 1344 1168 1383 cem,
1200 1337 1244 1374 et
1276 1331 1540 1385 discipulum
1573 1345 1703 1384 quem
1736 1331 1884 1384 dilige-

1055 1388 1146 1440 bat,
1175 1387 1281 1431 dicit
1299 1389 1428 1431 matri
1448 1401 1554 1430 suae:
1582 1389 1756 1439 Mulier,
1782 1401 1886 1432 ecce

1055 1444 1170 1486 filius
1189 1450 1301 1487 tuus.
1333 1444 1503 1487 Deinde
1528 1444 1634 1487 dicit
1653 1444 1886 1499 discipulo:

1055 1503 1171 1544 Ecce
1189 1507 1328 1544 mater
1346 1507 1432 1545 tua.

1113 1560 1156 1593 let
1182 1561 1221 1593 iit
1247 1570 1442 1594 commem.
1468 1560 1600 1595 Feriae.

1190 1705 1762 1804 FESTA—gffilzlffls.

1301 1829 1386 1871 Die
1403 1830 1442 1871 2.
1461 1829 1640 1882 Aprilis.

1109 1899 1152 1940 S.
1171 1897 1425 1940 Francisci
1444 1897 1505 1939 de
1524 1897 1685 1940 Paula
1712 1897 1834 1939 Conf.

1389 1959 1552 2003 Duplex.

1112 2017 1248 2050 Omnia
1281 2016 1327 2050 de
1361 2015 1505 2050 Comm.
1535 2015 1643 2050 Conf.
1675 2027 1750 2051 non
1778 2016 1885 2052 I'ont.

1057 2065 1129 2110 [84]
1159 2072 1298 2108 praeter
1322 2075 1428 2108 sequ.

1397 2118 1558 2158 Oratio.

1148 2186 1227 2216 eus
1267 2172 1494 2215 humilium
1530 2173 1766 2224 celsitudo,
1812 2173 1886 2227 qui

1159 2230 1339 2272 beatum
1357 2230 1638 2272 Franciscum
1656 2230 1886 2272 Confesso-

1057 2300 1150 2330 rem
1169 2289 1421 2329 sancterum
1439 2289 1615 2330 tuorum
1633 2287 1772 2339 gleria
1787 2286 1885 2330 sub-

1057 2344 1231 2385 limasti:
1257 2343 1402 2385 tribue
1427 2346 1694 2396 quaesumus3
1722 2348 1771 2386 ut
1795 2344 1886 2396 ejus

1057 2400 1223 2442 meritis
1242 2404 1286 2441 et
1300 2401 1555 2449 imitatiene,
1573 2402 1792 2453 promissa
1811 2399 1885 2441 hu-

1057 2456 1231 2499 milibus
1249 2457 1433 2510 praemia
1448 2456 1633 2499 feliciter
1648 2458 1886 2509 consequa-

1057 2526 1165 2555 mur.
1196 2513 1282 2555 Per
1299 2513 1549 2554 Dominum.

1113 2577 1152 2610 In
1179 2576 1369 2618 Quadrag.
1396 2585 1591 2610 commem.
1619 2574 1749 2608 Fcrizc.

1112 2626 1150 2658 ln
1176 2625 1326 2658 1.Noet.
1353 2624 1553 2658 Lectiones
1579 2622 1722 2656 Beatus
1744 2621 1814 2656 vir.
1839 2622 1885 2656 dc

1061 2673 1195 2708 codem
1221 2673 1422 2707 Communi
1447 2674 1476 2705 2.
1503 2672 1599 2705 loeo.
1627 2669 1698 2712 [94]

1112 2722 1227 2758 Extra
1255 2721 1445 2762 Quadrati.
1472 2720 1517 2754 dc
1544 2719 1679 2762 Script.
1706 2728 1850 2752 occurr.
