2066 2904
302 148 410 181 Dom.
427 145 490 180 III.
507 147 596 189 post
610 142 769 177 Pascha.
795 141 1004 175 Patrocinii
1021 140 1056 174 S.
1071 138 1220 182 Joscph
1237 137 1356 179 Conf.‚
1371 136 1512 179 sponsi
1526 135 1567 169 Β.
1581 135 1627 168 M.
1642 135 1684 167 V.

478 234 641 278 Oratio.
939 263 941 267 ,

240 308 333 346 eus,
365 293 440 347 qui
464 290 672 334 ineffabili
697 288 970 343 providentia

254 351 431 394 beatum
474 349 499 390 J
501 347 641 401 oseph
686 345 970 388 sanctissimae

151 406 383 451 Genitricis
425 410 513 448 tuae
558 415 767 457 sponsum
811 401 971 452 eligere

151 466 353 518 dignatus
369 475 432 506 es:
449 466 623 516 praesta,
641 461 904 512 quaesumus3
922 461 971 498 ut

151 534 280 575 quem
311 521 610 573 protectorem
640 518 898 559 veneramur
928 514 971 554 in

149 577 291 628 terris,
326 576 659 619 intercessorem
689 572 851 615 habere
884 583 970 612 me-

149 637 321 677 reamur
338 633 382 674 in
401 632 538 675 coelis:
557 630 640 681 Qui
657 630 778 672 vivis

202 701 247 734 Et
274 701 313 734 fit
337 708 532 733 commem.
556 697 706 731 Domin.

203 753 302 793 Ant.
331 749 567 799 Modicum,
595 753 638 791 et
662 759 750 789 non
768 744 971 788 videbitis

150 823 237 861 me,
268 808 372 851 dicit
395 805 625 848 Dominus:
654 807 813 846 iterum
835 801 972 844 modi-

151 880 261 916 cum,
280 870 323 907 et
337 862 542 906 videbitis
559 874 644 903 me:
665 861 765 914 quia
781 858 896 901 vado
915 857 972 900 ad

149 924 335 972 Patrem,
355 919 534 971 alleluja,
554 918 735 970 alleluja.

203 976 252 1028 V.
279 979 331 1020 In
355 975 674 1019 resurrectione
697 980 772 1016 tua
791 973 973 1022 Christe,

153 1035 334 1087 alleluja.
361 1035 410 1086 R.
431 1031 543 1074 Coeli
562 1037 606 1074 et
623 1036 742 1074 terra
760 1031 972 1079 laetentur,

151 1092 331 1143 alleluja.

152 1187 333 1295 DeuS,
358 1190 431 1244 qui
450 1135 710 1238 eggffissus,
733 1192 781 1230 ut
798 1187 842 1228 in
859 1187 974 1228 viam

258 1248 431 1302 possint
447 1246 591 1288 redire
610 1244 799 1298 justitiae,
819 1243 973 1285 verita-

152 1305 209 1347 tis
227 1309 315 1347 tuae
333 1304 479 1345 lumen
498 1300 707 1345 ostendis:
730 1300 787 1342 da
809 1299 975 1342 cunctis

156 1361 229 1414 qui
252 1361 487 1403 christiana
508 1358 782 1413 professione
802 1357 975 1398 censen-

154 1423 239 1468 tur,
265 1422 309 1459 et
326 1416 401 1458 illa
418 1419 641 1468 respuere,
667 1426 766 1466 quae
784 1413 884 1454 huic
902 1412 976 1453 ini-

154 1475 267 1516 mica
285 1477 385 1515 sunt
406 1472 584 1522 nomini,
610 1475 654 1512 et
678 1482 730 1512 ea
756 1482 854 1522 quae
878 1472 978 1510 sunt

156 1535 268 1583 apta,
287 1529 457 1572 sectari.
484 1529 570 1570 Per
586 1526 833 1569 Dominum.

426 1597 494 1634 Ad
516 1595 717 1633 Tertiam.

209 1653 305 1693 Ant.
334 1650 493 1692 Missus
512 1654 589 1692 est.
643 1653 646 1656 ’

209 1712 344 1764 Capit.
374 1709 721 1753 Benedictiones
740 1709 833 1750 474.

206 1769 256 1820 Ra.
282 1768 342 1809 br.
375 1767 611 1810 Constituit
635 1779 734 1808 eum
757 1765 980 1808 dominum

160 1824 315 1868 domus
351 1837 460 1875 suae,
492 1828 514 1851 *
553 1823 756 1876 Alleluia,
800 1821 981 1874 alleluia.

161 1882 406 1924 Constituit.
431 1880 480 1932 V.
504 1881 560 1923 Et
577 1880 823 1934 principem
841 1879 981 1921 omnis

159 1938 450 1991 possessionis
464 1950 567 1979 suae.
589 1936 786 1988 Alleluia,
801 1935 982 1987 alleluja.

164 1994 314 2036 Gloria
330 1994 460 2036 Patri.
487 1993 732 2035 Constituit.

212 2045 261 2097 V.
298 2050 550 2092 Confitebor
574 2049 738 2091 nomini
761 2054 856 2098 tuo,
883 2047 982 2090 alle-

163 2108 259 2160 luja.
280 2108 330 2158 Ru
355 2107 570 2157 Quoniam
588 2105 760 2158 a’diutOr
779 2110 822 2147 et
839 2106 982 2158 prote-

163 2169 258 2206 ctor
276 2164 415 2206 factus
435 2176 481 2205 es
498 2163 615 2213 mihi,
634 2162 813 2214 alleluja.

439 2232 507 2269 Ad
530 2232 714 2269 Sextam.

215 2287 314 2336 Ant.
343 2283 555 2327 Ascendit
573 2288 728 2326 autem.

264 2347 519 2400 Capitulum.
641 2347 745 2388 Gen.
761 2347 826 2387 49.
843 2359 876 2386 c.

165 2397 329 2503 Deus
346 2401 485 2455 patris
502 2402 566 2443 tui
585 2400 666 2443 erit
683 2398 855 2452 adiutor
873 2405 986 2450 tuus,

271 2463 315 2500 et
338 2458 625 2510 Omnipotens
650 2456 881 2499 benedicet
906 2455 987 2497 tibi

167 2513 541 2556 benedictionibus
562 2513 662 2555 coeli
680 2513 877 2566 desuper.

1780 126 1845 161 475

1072 231 1124 283 R.
1141 229 1203 272 br.
1235 226 1488 270 Confitebor
1512 224 1675 267 nomini
1700 229 1796 274 tuo,
1819 227 1841 250 *

1022 285 1218 338 Alleluia,
1233 283 1342 326 allel.
1371 281 1634 325 Confitebor.
1659 279 1710 332 V.
1732 281 1845 331 Quo-

1022 344 1138 386 niam
1168 340 1341 394 adjutor
1372 345 1416 383 et
1448 340 1675 393 protector
1706 338 1846 379 factus

1024 414 1070 443 es
1093 398 1207 441 mihi.
1248 397 1450 450 Alleluia,
1473 395 1655 448 alleluja.
1695 394 1847 436 (iloria

1022 456 1151 499 Patri.
1178 453 1444 497 Confitebor.

1076 515 1125 566 V,
1168 512 1192 553 J
1194 516 1318 553 ustus
1355 508 1615 562 germinabit
1652 509 1764 550 sicut
1801 507 1847 548 li*

1023 570 1142 620 lium,
1166 567 1349 621 alleluja.
1382 575 1430 625 15¹„
1456 566 1514 608 Et
1538 565 1712 607 florebit
1730 565 1774 606 in
1793 577 1847 606 ae-

1023 629 1194 669 temum
1212 629 1312 667 ante
1330 623 1579 673 Dominum,
1599 622 1778 675 alleluia.

1300 694 1367 730 Ad
1390 694 1573 730 Nonam.

1078 757 1175 796 Ant.
1203 755 1259 794 Et
1280 750 1375 803 ipse
1393 750 1531 791 Jesus.

1131 816 1387 868 Capitulum.
1509 816 1614 855 (ien.
1631 815 1695 851 45).
1713 826 1745 853 c.

1107 868 1205 910 ilius
1237 869 1490 910 accrescens
1521 864 1705 918 Joseph,
1737 864 1851 905 filius

1113 926 1378 974 accrescenS,
1394 928 1439 966 et
1453 923 1639 965 decorus
1655 924 1851 975 aspectu:

1026 983 1127 1024 filiae
1147 982 1445 1024 discurrerunt
1463 992 1596 1032 super
1614 992 1797 1020 murum.

1079 1047 1129 1098 R.
1158 1045 1218 1086 br.
1262 1043 1411 1084 Justus
1449 1040 1707 1094 germinabit
1741 1039 1852 1081 sicut

1026 1099 1179 1150 lilium,
1200 1103 1221 1125 *
1242 1098 1445 1150 Alleluia,
1473 1097 1654 1149 alleluja.
1690 1096 1711 1137 J
1716 1101 1851 1138 ustus.

1028 1157 1076 1206 V.
1095 1156 1153 1198 Et
1170 1154 1346 1197 florebit
1363 1154 1407 1195 in
1422 1156 1634 1196 aeternum
1650 1157 1749 1194 ante
1765 1152 1851 1194 Do-

1028 1213 1202 1254 minum.
1242 1211 1443 1264 Alleluia,
1471 1210 1650 1262 alleluja.
1701 1209 1852 1251 Gloria

1027 1269 1157 1311 Patri.
1185 1269 1210 1310 J
1211 1274 1344 1310 ustus.

1080 1322 1129 1373 V.
1170 1325 1396 1367 Plantatus
1428 1325 1472 1365 in
1505 1323 1638 1366 domo
1666 1323 1853 1372 Domini,

1029 1382 1211 1434 alleluja.
1236 1383 1284 1434 R».
1307 1382 1359 1422 In
1377 1381 1496 1423 atriis
1512 1380 1667 1422 domus
1681 1379 1765 1421 Dei
1779 1391 1853 1421 no-

1031 1439 1118 1489 stri,
1138 1438 1319 1491 alleluja.

1235 1528 1296 1569 In
1318 1528 1380 1569 11.
1400 1527 1648 1578 vesperis.

1086 1604 1220 1637 Omnia
1246 1607 1285 1636 ut
1312 1603 1347 1635 in
1373 1602 1398 1635 Ι.
1423 1600 1616 1643 Vesperis.
1639 1594 1713 1628 466.

1082 1658 1131 1709 V.
1159 1656 1248 1698 Sub
1268 1656 1422 1698 umbra
1440 1656 1568 1706 illius,
1598 1668 1727 1708 quem
1747 1655 1856 1697 desi-

1032 1714 1302 1764 deraveram,
1340 1712 1448 1762 sedi,
1484 1713 1665 1765 alleluja.
1715 1715 1762 1765 Ra
1802 1713 1857 1753 Et

1032 1771 1197 1812 fructus
1235 1771 1324 1822 ejus
1364 1769 1503 1812 dulcis
1541 1770 1707 1821 gutturi
1742 1781 1857 1819 meo,

1033 1827 1213 1879 alleluja.

1084 1887 1154 1928 Ad
1175 1887 1345 1934 Magnis.
1383 1886 1477 1925 Ant.
1512 1883 1607 1933 Fili,
1633 1882 1738 1935 quid
1758 1882 1857 1924 feci-

1035 1940 1090 1982 sti
1112 1939 1241 1982 nobis
1269 1938 1353 1982 sic?
1390 1940 1506 1982 Ecce
1534 1944 1660 1993 pater
1686 1945 1787 1981 tuus
1816 1944 1859 1980 et

1035 2010 1117 2048 ego
1137 1995 1337 2039 dolentes
1356 1996 1660 2050 quaerebamus
1679 2001 1734 2045 te,
1750 1996 1859 2037 allel.

1084 2064 1131 2098 Et
1155 2064 1193 2098 fit
1219 2074 1412 2098 commem.
1437 2062 1587 2097 Domin.

1088 2115 1185 2156 Ant.
1208 2115 1348 2156 Amen
1366 2114 1466 2156 dico
1485 2114 1624 2164 vobis,
1646 2114 1746 2166 quia
1763 2113 1854 2166 plo-

1037 2170 1189 2213 rabitis
1213 2175 1257 2212 et
1281 2170 1440 2213 flebitis
1459 2183 1553 2212 vos:
1578 2168 1765 2211 mundus
1789 2182 1860 2210 au-

1036 2233 1126 2269 tem
1150 2227 1373 2279 gaudebit,
1401 2240 1480 2269 vos
1505 2239 1610 2268 vero
1636 2226 1861 2268 contrista-

1037 2283 1200 2326 bimini:
1224 2283 1303 2326 sed
1325 2283 1501 2326 tristitia
1519 2287 1665 2325 vestra
1685 2295 1861 2324 conver-

1038 2342 1153 2382 tetur
1171 2340 1215 2381 in
1232 2340 1458 2391 gaudium,
1470 2339 1650 2391 alleluja.

1085 2399 1136 2445 V.
1161 2395 1288 2438 Mane
1308 2396 1535 2439 nobiscum
1554 2396 1662 2445 Dfie,
1682 2394 1862 2447 alleluja.

1036 2455 1085 2506 R.
1106 2452 1319 2502 Quoniam
1335 2452 1671 2505 advesperascit,
1682 2451 1863 2504 alleluia.

1087 2510 1238 2552 Oratio
1268 2516 1313 2551 ut
1341 2522 1482 2560 supra.

758 2626 1269 2671 ψ-
