2028 2892
723 167 835 201 Feria
859 179 892 202 v.
918 169 956 202 in
983 170 1103 203 Coena
1127 170 1292 204 Domini.
1362 209 1370 216 ⁸

210 262 527 303 Verumtamen
551 265 735 314 propter
759 261 888 303 dolos
911 276 987 315 po-

161 318 286 359 suisti
305 318 382 359 eis:
401 317 425 343 *
445 316 641 368 dejecisti
666 329 742 358 eos
766 317 870 359 dum
889 319 988 360 alle-

159 375 376 415 varentur.

212 427 448 481 Quomodo
481 429 584 470 facti
616 434 717 470 sunt
748 430 792 470 in
821 430 988 472 desola-

157 486 340 535 tionem,
368 485 516 526 subito
545 484 813 526 defecerunt:
840 486 864 511 *
892 499 987 538 per-

158 542 302 583 ierunt
319 545 504 593 propter
522 541 796 593 iniquitatem
816 555 949 582 suam.

209 597 345 639 Velut
369 597 587 638 somnium
612 598 882 647 surgentium
900 598 988 639 Do-

157 653 291 703 mine,
318 653 343 679 *
370 653 414 693 in
442 652 618 694 civitate
652 657 727 693 tua
754 653 988 704 imaginem

156 708 355 761 ipsorum
373 708 430 749 ad
447 707 631 749 nihilum
649 708 834 759 rediges.

210 765 322 815 Quia
352 765 669 805 inflammatum
702 770 770 806 est
797 777 875 806 cor
900 778 987 806 me-

156 833 248 870 um,
273 826 318 863 et
342 833 471 862 renes
493 820 581 861 mei
599 821 856 861 commutati
875 826 988 862 sunt:

156 877 180 903 *
200 881 244 918 et
265 889 348 927 ego
373 876 430 917 ad
454 876 635 917 nihilum
655 876 861 918 redactus
881 890 987 926 sum,

157 937 201 974 et
219 933 396 974 nescivi.
727 940 730 942 ’

207 988 268 1030 Ut
298 989 539 1040 jumentum
570 988 712 1029 factus
743 1001 841 1029 sum
869 988 988 1040 apud

155 1048 214 1086 te:
233 1045 257 1072 *
277 1049 321 1086 et
340 1057 421 1096 ego
441 1056 617 1096 semper
635 1048 792 1085 tecum.

207 1100 408 1142 Tenuisti
434 1113 612 1140 manum
645 1099 872 1141 daxteram
899 1113 985 1141 me-

156 1168 241 1197 am:
270 1161 314 1198 et
339 1156 384 1196 in
410 1156 635 1197 voluntate
663 1160 740 1196 tua
766 1155 987 1197 deduxisti

154 1225 236 1262 me,
255 1212 279 1238 *
299 1217 344 1254 et
367 1225 467 1253 cum
489 1211 629 1262 gloria
654 1212 887 1263 suscepisti
905 1225 986 1253 me.

207 1267 323 1318 Quid
342 1267 459 1309 enim
476 1267 583 1307 mihi
602 1272 669 1308 est
686 1268 730 1307 in
750 1267 888 1308 coelo?
903 1269 927 1294 *
943 1273 987 1309 et

156 1336 182 1364 a
198 1328 244 1365 te
264 1323 370 1375 quid
387 1323 506 1364 volui
525 1335 658 1375 super
675 1323 860 1364 terram?

205 1379 380 1420 Defecit
398 1391 502 1420 caro
521 1391 634 1428 mea,
659 1383 703 1420 et
727 1391 804 1420 cor
822 1392 982 1420 meum:

154 1435 178 1461 *
209 1435 332 1476 Deus
364 1434 510 1476 cordis
541 1434 643 1484 mei,
678 1439 722 1476 et
750 1447 855 1486 pars
887 1448 984 1476 mea

153 1491 276 1532 Deus
294 1491 340 1531 in
358 1492 581 1532 aeternum.

143 1591 147 1594 ,
208 1547 320 1597 Quia
339 1559 460 1596 ecce,
486 1546 560 1598 qui
584 1545 789 1596 elongant
813 1559 860 1587 se
884 1559 910 1587 a
928 1551 984 1595 te,

154 1602 374 1655 peribunt:
400 1602 424 1628 *
450 1601 684 1655 perdidisti
710 1614 881 1652 omnes,
910 1603 984 1654 qui

154 1658 424 1700 fornicantur
441 1658 522 1700 abs
540 1662 596 1699 te.

205 1713 313 1755 Mihi
344 1718 492 1756 autem
523 1713 750 1755 adhaerere
778 1713 875 1755 Deo
907 1713 982 1755 bo-

152 1783 257 1811 num
280 1775 361 1813 est:
379 1771 404 1797 *
421 1772 587 1823 ponere
610 1770 655 1810 in
673 1770 865 1811 Domino
883 1770 981 1811 Deo

154 1839 280 1879 spem
298 1839 456 1868 meam:
698 1862 703 1866 .

204 1882 264 1924 Ut
298 1882 551 1924 annuntiem
582 1893 735 1923 omnes
770 1880 982 1933 praedica-

153 1938 296 1980 ti6nes
314 1942 424 1988 tuas,
442 1938 528 1978 *in
546 1937 685 1990 portis
703 1937 806 1978 fih’ae
825 1937 939 1979 Sion.

204 2003 305 2045 Ant.
336 2003 651 2054 Cogitaverunt
682 2001 818 2054 impii,
851 2006 895 2043 et
920 2002 981 2043 lo-

153 2059 245 2099 cuti
263 2063 365 2100 sunt
379 2059 632 2110 nequitiam:
650 2058 924 2109 iniquitatem
937 2059 981 2098 in

153 2114 329 2156 excelso
347 2114 484 2156 locuti
502 2119 613 2156 sunt.

204 2182 301 2222 Ant.
330 2182 532 2230 Exsurge
550 2179 753 2228 D6mine,
776 2182 819 2219 et
838 2177 980 2228 judica

153 2246 330 2276 causam
347 2248 502 2277 meam.

428 2316 627 2355 Psalmus
645 2315 708 2354 73.

243 2391 263 2428 t
282 2386 388 2439 quid
405 2387 527 2428 Deus
551 2385 752 2438 repulisti
772 2384 816 2425 in
834 2383 979 2424 finem:

254 2442 280 2468 *
305 2443 444 2484 iratus
476 2446 543 2484 est
570 2442 692 2483 furor
718 2445 819 2482 tuus
847 2451 979 2491 super

153 2510 259 2540 oves
277 2500 455 2551 pascuae
474 2497 586 2540 tuae?

202 2554 373 2596 Memor
392 2558 487 2596 esto
512 2551 860 2604 congregationis
878 2555 978 2598 tuae,

150 2609 175 2635 *
195 2622 327 2661 quam
344 2609 584 2662 possedisti
602 2608 657 2650 ab
676 2608 810 2649 initio.

203 2665 450 2707 Redemisti
492 2665 661 2716 virgam
709 2661 978 2704 haereditatis

1038 268 1141 304 tuae:
1159 265 1184 291 *
1203 276 1330 304 mons
1350 264 1468 315 Sion,
1490 265 1532 305 in
1553 278 1639 317 quo
1659 266 1865 308 habitasti

1038 333 1082 359 m
1101 332 1166 361 eo.

1089 375 1210 416 Leva
1241 388 1394 433 manus
1427 381 1524 417 tuas
1561 377 1604 417 in
1637 378 1864 429 superbias

1040 433 1190 472 eorum
1208 432 1252 472 in
1271 431 1418 472 finem:
1437 432 1460 457 *
1481 438 1641 483 quanta
1660 433 1864 483 maligna-

1038 492 1109 528 tus
1129 492 1197 528 est
1215 488 1414 527 inimicus
1433 487 1475 527 in
1496 488 1663 529 sancto!

1091 544 1148 585 Et
1172 543 1346 593 gloriati
1371 548 1471 584 sunt
1497 544 1570 594 qui
1598 544 1783 586 oderunt
1805 549 1864 586 te:

1038 599 1062 624 *
1080 600 1124 639 in
1142 599 1287 640 medio
1308 598 1592 640 solemnitatis
1612 604 1710 640 tuae.

1090 656 1336 696 Posuerunt
1360 655 1482 705 signa
1506 668 1600 704 sua,
1624 656 1758 705 signa:
1777 657 1800 682 *
1821 661 1864 697 et

1038 723 1126 752 non
1147 712 1449 761 cognoverunt
1468 711 1579 751 sicut
1598 711 1641 751 in
1662 712 1778 752 exitu
1798 725 1863 752 su-

1038 780 1118 819 per
1137 780 1364 807 summum.

1090 823 1225 873 Quasi
1252 823 1295 863 in
1324 823 1433 863 silva
1464 822 1681 872 lignorum
1708 824 1863 864 securi-

1038 879 1121 920 bus
1150 879 1406 920 exciderunt
1437 880 1585 930 januas
1614 879 1704 929 ejus
1732 879 1775 919 in
1803 879 1864 920 id-

1037 937 1196 987 ipsum:
1215 937 1239 960 *
1258 935 1301 974 in
1325 935 1468 975 securi
1493 939 1536 975 et
1560 935 1678 975 ascia
1701 934 1862 986 dejece-

1037 996 1139 1032 runt
1158 1004 1265 1032 eam.

1088 1047 1382 1088 Incenderunt
1429 1046 1518 1096 igni
1568 1047 1862 1087 sanctuarium

1037 1107 1174 1144 tuum:
1194 1103 1217 1128 *
1241 1103 1284 1142 in
1309 1107 1425 1143 terra
1447 1101 1698 1154 polluerunt
1721 1102 1862 1144 taber-

1037 1158 1242 1199 naculum
1261 1157 1449 1198 nominis
1468 1158 1541 1198 tui.

1089 1214 1306 1255 Dixerunt
1329 1214 1372 1253 in
1397 1213 1531 1254 corde
1556 1226 1634 1254 suo
1660 1215 1862 1264 cognatio

1038 1272 1191 1311 ectum
1227 1269 1370 1311 simul:
1407 1269 1431 1295 *
1467 1269 1699 1319 Quiescere
1735 1270 1861 1310 facia-

1037 1339 1133 1366 mus
1153 1338 1304 1367 omnes
1324 1325 1418 1367 dies
1438 1325 1574 1366 festos
1591 1326 1675 1366 Dei
1691 1338 1717 1366 a
1734 1331 1861 1367 terra.

1088 1382 1221 1433 Signa
1249 1386 1400 1421 nostra
1426 1393 1513 1421 non
1538 1380 1740 1430 vidimus,
1777 1382 1861 1432 jam

1035 1449 1122 1478 non
1159 1442 1225 1478 est
1260 1436 1493 1488 propheta:
1525 1437 1548 1461 *
1585 1440 1628 1477 et
1663 1448 1743 1476 nos
1774 1449 1860 1476 non

1037 1495 1275 1544 cogn6scet
1294 1491 1491 1544 amplius.

1086 1549 1328 1599 Usquequo
1373 1547 1493 1588 Deus
1542 1547 1859 1599 improperabit

1035 1604 1249 1645 inimicus:
1272 1604 1296 1629 *
1320 1603 1462 1644 irritat
1486 1602 1761 1644 adversarius
1785 1616 1859 1644 no-

1034 1673 1135 1701 men
1153 1664 1277 1701 tuum
1294 1659 1337 1699 in
1355 1657 1508 1699 finem?

1086 1716 1146 1757 Ut
1166 1715 1272 1767 quid
1291 1714 1452 1755 avertis
1471 1726 1646 1754 manum
1664 1719 1794 1763 tuam,
1817 1719 1860 1755 et

1035 1772 1263 1814 dexteram
1289 1775 1425 1819 tuam,
1450 1770 1474 1796 *
1499 1769 1554 1811 de
1585 1770 1732 1811 medio
1763 1770 1858 1810 sinu

1034 1832 1111 1870 tuo
1130 1828 1174 1868 in
1192 1826 1347 1868 finem?

1085 1884 1207 1924 Deus
1227 1887 1373 1924 autem
1396 1894 1473 1923 rex
1492 1885 1642 1922 noster
1661 1886 1760 1922 ante
1780 1883 1856 1921 sae-

1034 1939 1147 1980 cula:
1161 1940 1185 1966 *
1200 1940 1409 1990 operatus
1429 1941 1496 1978 est
1515 1937 1700 1978 salutem
1714 1937 1758 1977 in
1771 1938 1856 1977 me-

1033 1994 1107 2035 dio
1126 1999 1266 2036 terrae.

1085 2050 1154 2091 Tu
1195 2048 1465 2091 confirmasti
1505 2048 1550 2088 in
1586 2048 1746 2089 virtute
1781 2052 1855 2088 tua

1031 2118 1166 2147 mare:
1194 2106 1218 2133 *
1247 2104 1552 2146 contribulasti
1585 2103 1728 2155 capita
1761 2102 1854 2143 dra-

1032 2163 1192 2203 cossum
1211 2161 1255 2202 in
1274 2161 1410 2212 aquis.

1083 2218 1153 2258 Tu
1186 2215 1438 2266 confregisti
1466 2214 1610 2266 capita
1637 2212 1854 2254 dra06nis:

1031 2273 1056 2299 *
1083 2272 1244 2314 dedisti
1277 2285 1376 2314 eum
1404 2282 1548 2312 escam
1574 2267 1750 2320 populis
1778 2269 1851 2309 AE-

1030 2328 1243 2381 thiopum.

1082 2384 1152 2424 Tu
1171 2382 1373 2434 dirupisti
1391 2381 1544 2428 fontes,
1564 2383 1608 2419 et
1623 2380 1853 2420 torrentes:

1031 2440 1055 2466 *
1072 2443 1122 2480 tu
1141 2438 1314 2480 siccasti
1333 2436 1489 2477 fluvios
1508 2434 1662 2475 Ethan.

1083 2495 1206 2535 Tuus
1229 2498 1295 2535 est
1320 2491 1427 2541 dies,
1453 2495 1496 2531 et
1520 2495 1595 2531 tua
1618 2494 1684 2531 est
1707 2502 1810 2531 nox:
1829 2490 1852 2516 *

1030 2555 1079 2592 tu
1097 2549 1332 2591 fabricatus
1353 2559 1399 2587 es
1418 2548 1621 2586 auroram
1642 2550 1684 2587 et
1703 2545 1852 2587 solem.

1081 2605 1150 2645 Tu
1164 2603 1303 2645 fecisti
1319 2614 1469 2643 omnes
1484 2601 1692 2642 terminos
1708 2606 1852 2642 terrae:

1030 2662 1054 2688 *
1073 2662 1272 2701 aestatem
1292 2662 1335 2699 et
1352 2669 1429 2698 ver
1446 2662 1494 2698 tu
1511 2656 1739 2709 plasmasti
1758 2668 1819 2697 ea.
