2066 2956
219 191 284 226 26*

221 286 458 335 caritatem,
480 292 667 339 prosunt
687 287 847 329 omnia:
867 286 1048 329 detrahe

221 343 459 392 caritatem,
478 343 585 383 nihil
604 349 790 396 prosunt
809 345 965 385 cetera.

276 402 323 451 Rg.
350 399 471 440 Stola
490 399 781 451 jucunditatis.

433 460 624 503 Tempore
651 460 840 495 Paschali.

276 514 324 564 Rg.
350 510 473 551 Filiae
492 510 747 552 Jerusalem.

447 588 496 626 In
514 586 584 625 ΙΙΙ.
604 586 826 626 Nocturno.

225 647 375 689 Lectio
396 650 533 691 sancti
556 650 782 701 Evangelii
807 652 1047 693 secundum

523 706 547 746 J
550 709 746 748 oannem.

324 763 474 804 Lectio
496 764 563 804 vii.
763 764 865 816 Cap.
885 766 942 805 16.

219 815 296 922 In
316 820 390 861 illo
411 823 627 874 tempore:
646 824 769 865 Dixit
783 825 808 865 J
812 838 912 866 esus
930 824 1049 866 disci-

285 877 399 928 pulis
414 878 517 919 suis:
538 879 689 930 Amen,
709 894 835 922 amen
856 881 955 923 dico
973 894 1045 923 vo-

220 933 306 982 bis,
333 934 433 985 quia
459 934 691 987 plorabitis
715 943 758 979 et
777 937 937 980 flebitis
958 951 1048 989 vos,

219 989 410 1085 {nundus
447 996 593 1033 autem
629 993 847 1044 gaudebit.
900 995 957 1036 Et
984 997 1046 1036 re-

236 1059 349 1098 iqua.

311 1126 375 1165 l)e
400 1125 591 1167 Homilia
617 1128 755 1169 sancti
780 1129 960 1171 Joannis

479 1181 793 1234 Chrysostomi.

413 1244 553 1278 I-Iomil.
578 1243 632 1278 78.
658 1244 695 1277 in
720 1243 857 1277 Joann.

254 1298 324 1353 15⁵3*st
402 1298 654 1340 ostenderet
687 1305 791 1352 post
825 1302 1045 1345 tristitiam

222 1368 236 1411 i>
260 1343 343 1404 ”xis
365 1353 574 1403 gandium
611 1360 879 1408 secuturum,
925 1366 1045 1402 natu-

231 1431 248 1462 s
363 1410 454 1452 rale
474 1411 655 1453 adducit
670 1415 929 1467 exemplum.
955 1416 1046 1458 Mu—

218 1463 314 1515 lier,
346 1479 444 1507 cum
479 1468 609 1520 parit,
647 1470 866 1512 tristitiam
898 1472 1046 1524 habet3

219 1533 304 1572 qua
323 1523 535 1575 parabola
553 1525 596 1565 in
612 1525 932 1570 calamitatibus
947 1543 1045 1582 pro-

217 1577 363 1629 phetae
383 1580 449 1620 usi
468 1586 582 1631 sunt;
611 1583 734 1634 quasi
755 1583 885 1626 dicat:
911 1585 1045 1627 Dolo-

218 1646 287 1674 res
308 1636 499 1688 capietis,
519 1638 598 1679 sed
619 1639 770 1691 quales
789 1646 952 1692 partus,
973 1643 1047 1695 qui

218 1689 383 1733 laetitiae
401 1705 533 1735 causa
552 1701 662 1737 sunt.
689 1696 825 1738 Simul
844 1703 888 1739 et
907 1712 1046 1741 resur-

218 1748 456 1790 rectionem
482 1751 725 1802 confirmat,
751 1754 947 1796 indicans
971 1756 1045 1799 ob-

218 1802 327 1844 itum
355 1818 481 1847 suum
510 1808 691 1859 perinde
720 1822 833 1860 esse,
862 1824 913 1852 ac
936 1813 972 1853 si
993 1825 1045 1854 ex

219 1861 345 1901 utero
390 1864 540 1904 matris
586 1864 629 1905 in
671 1865 813 1908 lucem
849 1868 1046 1920 prodeat,

220 1917 343 1967 quasi
363 1917 495 1960 dicat:
515 1920 663 1963 Nolite
679 1922 894 1974 admirari,
915 1925 950 1966 si
969 1939 1048 1978 per

221 1971 332 2014 hanc
358 1975 579 2017 tristitiam
604 1978 659 2019 ad
685 1980 851 2032 optima
869 1994 950 2023 vos
970 1982 1045 2023 du-

220 2041 330 2079 cam,
350 2044 450 2073 nam
470 2039 513 2074 et
530 2039 670 2076 mater
689 2035 731 2076 in
751 2037 963 2089 pariendo
984 2039 1047 2080 sic

219 2098 298 2137 per
316 2087 538 2130 tristitiam
556 2091 721 2133 transit.

273 2143 323 2194 Ru
363 2144 537 2187 Corona
573 2150 706 2189 aurea
743 2161 876 2202 super
913 2156 1045 2204 caput

221 2199 327 2249 ejus,
349 2201 371 2224 *
397 2201 619 2254 Expressa
643 2204 767 2255 signo
792 2207 1046 2257 sanctitatis

219 2254 358 2318 gloria
374 2256 553 2300 honoris
573 2265 617 2302 et
637 2273 748 2314 opus
768 2262 1046 2306 fortitudinis.

221 2312 270 2357 V.
292 2312 507 2362 Quoniam
525 2319 777 2368 praevenisti
797 2332 895 2361 eum
915 2320 959 2360 in
974 2320 1045 2362 be-

220 2367 541 2430 nedictionibus
569 2371 829 2426 dulcedinis,
859 2378 1046 2429 posuisti

221 2437 264 2463 m
292 2426 436 2477 eapite
464 2428 554 2479 ejus
584 2432 792 2472 coronam
818 2432 873 2474 de
899 2432 1046 2486 lapide

221 2481 427 2532 pretioso.
454 2483 686 2537 Expressa.

432 2542 622 2586 Tempore
647 2544 836 2578 Paschali.

274 2590 323 2642 Rl·
349 2594 444 2645 Ego
479 2610 574 2639 sum
606 2599 707 2640 vitis
741 2613 860 2650 vera,
892 2606 936 2643 et
966 2614 1046 2643 vos

220 2649 440 2701 palmites:
464 2649 485 2672 *
515 2655 597 2704 Qui
630 2663 777 2698 manet
808 2657 851 2698 in
882 2670 967 2707 me,
1004 2665 1047 2700 et

220 2718 302 2757 ego
322 2707 365 2748 in
385 2720 449 2758 eo,
469 2709 538 2751 hic
552 2711 635 2753 fert
651 2712 838 2755 fructum
853 2714 1047 2764 multum,

614 194 684 227 Dic
714 194 760 227 17.
789 194 944 237 Aprilis
992 196 1026 228 S.
1054 194 1204 228 Aniceti
1233 194 1348 238 Papae
1374 202 1409 229 ct
1433 195 1538 230 Mart.

1101 286 1287 338 alleluja⁷
1322 286 1504 338 alleluia.
1550 281 1600 334 ils.
1627 286 1750 328 Sicut
1777 285 1929 328 dilexit

1100 356 1169 384 me
1186 344 1327 392 Pater,
1347 348 1390 385 et
1409 355 1492 394 ego
1512 343 1646 386 dilexi
1665 355 1757 385 vos.
1785 342 1881 393 Qui.

1389 403 1538 445 Lectio
1562 403 1642 443 viii.

1104 453 1366 561 Significat
1402 459 1548 497 autem
1583 455 1655 497 hic
1691 461 1736 498 et
1769 458 1927 508 myste-

1195 512 1306 553 rium
1340 511 1581 565 quoddam,
1621 511 1740 564 quod
1772 512 1927 554 mortis

1100 568 1279 610 dolores
1306 569 1503 618 solverit,
1532 574 1575 610 et
1602 581 1764 610 novum
1790 568 1927 610 homi-

1100 638 1198 666 nem
1218 625 1466 676 regenerAri
1491 624 1653 667 fecerit.
1686 625 1843 677 Neque
1866 624 1928 667 di-

1100 682 1164 723 xit
1192 686 1361 723 tantum
1388 681 1610 723 tristitiam
1632 682 1928 732 transituram,

1091 737 1179 779 >sed
1198 737 1494 788 magnitudine
1513 737 1679 779 laetitiae
1695 737 1928 780 succeden-

1100 799 1160 844 te,
1186 793 1291 834 nihil
1316 795 1406 846 ejus
1426 794 1599 847 penitus
1618 797 1929 836 remansurum.

1100 851 1166 892 Ita
1200 851 1280 892 erit
1312 851 1485 892 sanctis.
1541 850 1677 903 Atqui
1709 863 1798 892 non
1828 864 1929 904 pro·

1100 908 1253 959 pterea
1280 905 1444 957 gaudet
1470 906 1644 957 mulier,
1677 907 1779 959 quia
1810 908 1930 950 venit

1100 963 1233 1004 homo
1252 963 1295 1003 in
1314 962 1535 1013 mundum,
1555 962 1634 1005 sed
1655 962 1775 1016 quod
1793 963 1930 1006 filium

1100 1024 1285 1125 {5552ss
1310 1018 1930 1129 {?1¹31¹1‚⁵¹2332{⁵⁸13331¹¹¹1¹2¹3¹r11312‘'t‚

1101 1131 1197 1172 aliis
1215 1131 1487 1185 parientibus
1506 1131 1758 1182 gauderent.

1153 1190 1203 1240 R.
1229 1188 1315 1229 Hic
1339 1193 1407 1230 est
1425 1201 1528 1230 vere
1547 1188 1728 1240 Martyr,
1754 1188 1828 1240 qui
1845 1191 1927 1241 p'ro

1102 1243 1265 1286 Christi
1303 1245 1477 1286 nomine
1511 1244 1766 1296 sanguinem
1802 1257 1929 1286 suum

1101 1299 1225 1342 fudit:
1247 1302 1270 1327 *
1288 1301 1372 1351 Qui
1395 1301 1534 1342 minas
1558 1299 1748 1353 judicum
1771 1313 1860 1342 non
1879 1303 1928 1342 ti-

1100 1357 1224 1407 muit,
1257 1370 1338 1399 nec
1369 1359 1555 1399 terrenae
1589 1356 1811 1408 dignitatis
1838 1357 1927 1409 glo-

1100 1413 1209 1454 riam
1228 1415 1446 1466 quaesivit,
1474 1413 1554 1456 sed
1573 1412 1630 1456 ad
1649 1413 1846 1456 coelestia
1863 1426 1927 1457 re-

1100 1483 1184 1521 gna
1211 1471 1421 1523 pervenit.
1464 1467 1514 1519 V.
1540 1471 1712 1512 Justum
1745 1469 1930 1513 deduxit

1098 1526 1314 1568 Dominus
1333 1541 1412 1580 per
1434 1527 1527 1569 vias
1546 1532 1701 1577 rectas,
1721 1532 1766 1569 et
1785 1529 1927 1570 osten-

1100 1582 1163 1624 dit
1194 1583 1256 1624 illi
1287 1597 1470 1635 regnum
1501 1584 1595 1626 Dei.
1640 1583 1734 1634 Qui.
1776 1583 1929 1626 Gloria

1100 1641 1229 1682 Patri.
1257 1641 1351 1691 Qui.

1311 1703 1502 1747 Tempore
1527 1702 1718 1737 Paschali.

1151 1758 1201 1809 Rz.
1240 1751 1427 1794 Candidi
1459 1752 1562 1795 facti
1594 1757 1695 1795 sunt
1726 1753 1930 1796 Nazaraei

1100 1811 1206 1862 ejus,
1225 1809 1410 1861 alleluia:
1434 1809 1716 1862 splendorem
1734 1810 1831 1852 Deo
1856 1810 1927 1853 de-

1101 1867 1274 1916 derunt,
1298 1866 1485 1918 alleluia:
1504 1869 1526 1892 *
1546 1866 1603 1909 Et
1626 1867 1740 1909 sicut
1762 1866 1830 1909 lac
1856 1880 1927 1910 co-

1102 1923 1265 1974 agulati
1279 1927 1389 1973 sunt,
1409 1923 1592 1975 alleluja,
1612 1923 1723 1965 allel.
1749 1917 1799 1970 ill.
1821 1924 1928 1966 Can-

1101 1980 1295 2022 didiores
1314 1980 1431 2030 nive,
1458 1979 1686 2022 nitidiores
1703 1980 1833 2031 lacte,
1861 1993 1928 2023 ru-

1099 2036 1380 2079 bicundiores
1417 2037 1551 2079 ebore
1588 2039 1786 2090 antiquo,
1831 2050 1928 2091 sap-

1098 2093 1227 2146 phiro
1246 2093 1531 2146 pulchriores.
1554 2094 1612 2137 Et
1630 2094 1753 2136 sicut.
1774 2094 1928 2136 Gloria

1098 2151 1228 2192 Patri.
1256 2150 1313 2192 Et
1332 2150 1455 2192 sicut.

1401 2209 1553 2250 Lectio
1572 2210 1625 2249 ix.

1102 2242 1240 2366 Qua
1265 2275 1370 2313 ergo
1394 2263 1536 2314 gratia
1556 2263 1619 2305 sic
1637 2262 1798 2316 inquit?
1827 2263 1928 2316 quia

1215 2319 1272 2360 ad
1296 2319 1382 2361 hoc
1406 2319 1548 2361 solum
1574 2318 1758 2361 adduxit
1784 2321 1926 2362 exem-

1098 2376 1236 2428 plum,
1274 2381 1324 2417 ut
1359 2381 1463 2429 post
1493 2376 1674 2418 brevem
1705 2376 1938 2418 tristitiam,

1098 2435 1360 2485 perpetuum
1375 2432 1584 2484 gandium
1603 2436 1864 2483 secuturum,
1885 2438 1928 2475 et

1099 2502 1146 2530 se
1166 2489 1224 2530 ad
1242 2490 1376 2531 vitam
1395 2489 1637 2539 transferri,
1660 2495 1704 2531 et
1722 2502 1927 2540 magnum

1098 2546 1314 2587 malorum
1349 2546 1517 2588 lucrum
1555 2545 1818 2588 ostenderet.
1870 2546 1927 2588 Et

1099 2615 1187 2644 non
1207 2601 1333 2652 dixit,
1358 2604 1531 2656 peperit
1549 2603 1702 2644 filium:
1727 2601 1806 2644 sed
1826 2602 1926 2655 quia

1100 2660 1218 2702 venit
1237 2659 1371 2702 homo
1395 2661 1438 2700 in
1457 2658 1681 2710 mundum,
1705 2659 1780 2701 ubi
1803 2672 1926 2701 suam

1099 2715 1316 2767 significat
1346 2716 1730 2766 resurrectionem,
1763 2722 1807 2758 et
1838 2728 1924 2757 non
