2028 2892
177 195 243 230 332

178 292 263 333 mel
283 290 475 333 radicem
493 291 682 341 fixerint,
702 290 896 341 irrigatio
917 303 1006 332 ces-

179 348 303 390 sabit.
341 348 455 389 Hinc
474 354 541 390 est
561 348 685 398 enirn,
707 346 828 400 quod
845 347 1006 388 Paulus

179 404 300 447 dicit:
327 404 509 455 Linguae
534 404 576 445 in
601 404 771 455 signum
795 409 895 446 sunt
918 416 1004 444 non

178 460 392 511 fidelibus,
413 459 491 502 sed
510 459 769 503 infidelibus.

234 526 281 576 R„
308 518 404 569 Ego
424 516 604 568 rogabo.
632 517 726 558 325.

384 596 390 601 ·
464 585 613 626 Lectio
635 585 718 625 viii.

274 634 455 677 abemus
469 633 524 676 de
539 633 606 675 his
627 633 760 684 signis
780 639 911 685 atque
925 633 1007 674 vir-

291 691 476 741 tutibus,
510 703 608 742 quae
637 688 780 731 adhuc
806 689 1006 732 subtilius

180 746 459 790 considerare
526 746 776 789 debeamus.
849 747 1007 788 Sancta

180 805 344 858 quippe
363 804 561 846 Ecclesia
586 802 781 855 quotidie
806 803 1006 856 spiritali-

178 867 245 904 ter
264 861 377 911 facit,
401 859 521 913 quod
539 866 643 902 tunc
662 872 742 913 per
762 859 1007 913 Apostolos

180 917 467 971 corporaliter
491 916 691 959 faciebat.
727 917 841 958 Nam
866 929 1006 958 sacer-

180 974 307 1017 dotes
327 975 418 1027 ejus
442 987 539 1016 cum
558 987 638 1027 per
659 974 892 1015 exorcismi
911 976 1007 1025 gra-

178 1031 283 1073 tiam
326 1044 501 1072 manum
546 1029 825 1072 credentibus
871 1030 1008 1084 impo-

178 1093 295 1138 nunt,
318 1093 361 1129 et
379 1087 577 1130 habitare
596 1086 809 1138 malignos
829 1087 1007 1140 spiritus

178 1144 222 1185 in
239 1146 390 1186 eorum
405 1149 551 1186 mente
568 1142 881 1194 contradicunt,
903 1142 1008 1196 quid

180 1199 299 1242 aliud
327 1200 507 1250 faciunt,
541 1199 623 1241 nisi
651 1198 867 1242 daemonia
897 1200 1008 1252 ejici-

179 1255 281 1299 unt?
334 1257 390 1299 Et
422 1255 576 1298 fideles
608 1256 788 1308 quique,
824 1256 899 1308 qui
924 1257 1009 1309 jam

163 1314 283 1355 ‘vitae
317 1313 478 1356 veteris
511 1313 738 1355 saecularia
769 1313 905 1356 verba
936 1312 1009 1355 de-

179 1370 439 1422 relinquunt,
464 1376 614 1412 sancta
637 1375 782 1412 autem
803 1370 1010 1423 mysteria

179 1429 399 1478 insonant,
429 1426 669 1469 conditoris
695 1427 761 1468 sui
787 1426 940 1469 laudes
967 1432 1010 1469 et

180 1484 445 1537 potentiam,
501 1489 710 1536 quantum
757 1483 1010 1537 praevalent,

180 1546 374 1583 narrant:
412 1539 517 1593 quid
554 1539 672 1582 aliud
708 1540 891 1591 faciunt,
926 1540 1010 1581 nisi

181 1597 307 1639 novis
329 1597 487 1649 linguis
509 1595 773 1649 loquuntur?
802 1597 886 1648 Qui
907 1595 1011 1639 dum

182 1653 309 1695 bonis
350 1654 439 1695 suis
478 1653 855 1696 exhortationibus
892 1652 1012 1694 mali-

182 1709 287 1752 tiam
311 1709 365 1752 de
391 1710 542 1751 alienis
568 1708 775 1752 cordibus
800 1710 1010 1760 auferunt,

184 1768 410 1819 serpentes
428 1765 599 1808 tollunt.

234 1829 284 1879 R,
311 1822 444 1864 Ponis
462 1822 633 1865 nubem.
660 1822 755 1863 325.

483 1884 631 1925 Lectio
652 1885 705 1924 ix.

265 1941 284 1978 t
307 1935 411 1979 dum
433 1935 664 1989 pestiferas
690 1935 915 1977 suasiones
940 1938 1026 1982 au-,

279 1991 417 2043 diunt,
442 1991 522 2034 sed
545 1997 691 2034 tamen
715 1990 772 2033 ad
796 1992 1012 2044 operatio-

183 2063 283 2093 nem
300 2062 482 2103 pravam
498 2049 672 2090 minime
690 2047 1011 2101 pertrahuntur,

182 2106 454 2149 mortiferum
490 2103 667 2158 quidem
700 2110 767 2146 est
800 2103 920 2156 quod
951 2104 1012 2146 bi-

183 2163 302 2213 bunt,
322 2161 401 2206 sed
415 2175 503 2204 non
517 2162 579 2204 eis
593 2160 780 2203 nocebit.
808 2161 891 2211 Qui
907 2163 1011 2212 quo-

182 2219 265 2262 ties
286 2219 514 2273 proximos
538 2230 642 2259 suos
666 2218 708 2258 in
733 2217 852 2259 bono
877 2220 1011 2270 opere

183 2276 390 2317 infirmari
410 2275 696 2328 conspiciunt,
716 2273 821 2316 dum
837 2273 899 2315 eis
918 2279 1012 2316 tota

183 2333 344 2375 virtute
358 2335 633 2381 concurrunt,
645 2337 688 2373 et
702 2331 904 2383 exemplo
920 2344 1011 2372 suae

186 2389 452 2442 operationis
462 2388 637 2431 illorum
647 2388 781 2430 vitam
791 2387 1012 2438 roborant,

187 2445 261 2496 qui
298 2446 341 2486 in
378 2445 559 2499 propria
600 2444 770 2487 actione
807 2443 1012 2486 titubant:

188 2500 293 2552 quid
326 2501 444 2543 aliud
472 2502 654 2552 faciunt,
685 2501 769 2542 nisi
796 2513 929 2553 super
957 2513 1012 2541 ae-

185 2569 289 2608 gros
329 2571 482 2599 manus
523 2559 772 2611 imponunt,
811 2562 860 2599 ut
900 2556 1012 2599 bene

185 2612 398 2655 habeant?
442 2616 549 2665 Quae
577 2615 779 2656 nimirum
804 2613 1013 2655 miracula

185 2674 307 2711 tanto
329 2671 491 2722 majora
516 2677 630 2721 sunt,
656 2675 820 2723 quanto
845 2669 1013 2723 spirita-

186 2725 259 2768 lia:
286 2731 407 2769 tanto
427 2728 591 2779 majora
612 2733 727 2778 sunt,
751 2732 914 2780 quanto
934 2739 1013 2780 per

733 202 830 235 Infra
857 202 1038 235 Octavam
1067 198 1329 233 Asccnsionis.

1056 289 1154 331 haec
1174 303 1263 332 non
1287 293 1490 344 corpora,
1514 289 1594 332 sed
1615 290 1771 332 animae
1791 299 1883 332 sus-

1058 346 1255 389 citantur.
1300 351 1365 391 Te
1383 347 1525 389 Deum
1544 345 1784 389 laudamus.
1802 347 1863 390 15.

1289 423 1368 464 Ad
1388 424 1650 476 Vesper-as.

1137 493 1394 544 Capitulum.
1533 493 1562 531 1.
1578 491 1692 532 Petri
1715 492 1751 530 4.
1766 489 1805 530 b.

1060 547 1340 657 Carissimi:
1372 547 1527 590 Estote
1554 546 1808 601 prudenteS‚
1843 553 1887 591 et

1157 604 1334 655 vigilate
1363 604 1406 645 in
1435 604 1716 647 orationibus.
1770 605 1885 647 Ante

1059 660 1203 702 omnia
1240 666 1403 710 autem,
1440 664 1635 703 mutuam
1667 661 1711 701 in
1742 660 1886 703 vobis-

1058 717 1256 770 metipsis
1285 717 1510 759 caritatem
1538 719 1788 759 continuam
1811 716 1885 759 ha-

1059 773 1229 816 bentes:
1261 774 1361 826 quia
1389 774 1548 816 caritas
1577 774 1721 828 operit
1746 774 1887 816 multi·

1058 829 1256 872 tudinem
1274 833 1567 884 peccatorum.

1110 896 1320 947 Hymnus.
1348 890 1510 933 Salutis
1528 890 1742 933 humanae.
1761 891 1855 932 326.

1111 954 1161 1006 V.
1201 953 1416 995 Dominus
1452 953 1497 994 in
1532 952 1665 1004 coelo,
1704 951 1888 1006 alleluja.

1058 1018 1109 1069 R,
1135 1010 1312 1052 Paravit
1331 1008 1482 1052 sedem
1499 1023 1633 1060 suam,
1653 1008 1835 1062 alleluJa.

1111 1077 1182 1119 Ad
1215 1076 1390 1127 Magnis.
1430 1077 1527 1117 Ant.
1574 1074 1685 1115 Cum
1719 1070 1888 1113 venerit

1058 1128 1311 1180 Paraclitus,
1332 1130 1356 1156 *
1377 1140 1508 1180 quem
1526 1140 1609 1179 ego
1627 1127 1797 1169 mittam
1814 1140 1888 1170 vo-

1060 1185 1128 1228 bis
1147 1185 1356 1238 Spiritum
1380 1183 1593 1234 veritatis,
1619 1183 1694 1236 qui
1717 1196 1743 1225 a
1759 1183 1890 1225 Patre

1060 1241 1272 1295 procedit,
1290 1241 1362 1283 ille
1378 1240 1676 1283 testimonium
1691 1239 1891 1294 perhibe-

1060 1298 1126 1342 bit
1144 1297 1200 1341 de
1218 1310 1299 1349 me,
1323 1297 1505 1350 alleluja.

1395 1364 1559 1406 Oratio.

1063 1416 1393 1525 Omnipotens
1406 1414 1670 1468 sempiterne
1680 1414 1812 1464 Deus,
1823 1414 1893 1456 fac

1165 1485 1247 1515 nos
1282 1471 1363 1515 tibi
1401 1483 1576 1524 semper
1610 1475 1654 1513 et
1686 1469 1893 1513 devotam

1062 1532 1214 1582 gerere
1257 1528 1547 1579 voluntatem,
1592 1532 1637 1570 et
1678 1527 1893 1580 majestati

1062 1593 1150 1630 tuae
1192 1587 1362 1629 sincero
1402 1584 1538 1627 corde
1578 1586 1755 1627 servire.
1807 1584 1892 1626 Per

1062 1644 1299 1686 Dominum
1324 1647 1534 1685 nosm.

1113 1708 1158 1742 Et
1183 1708 1222 1741 fit
1248 1717 1443 1741 commem.
1468 1707 1733 1742 Ascensionis.

1115 1758 1213 1799 Ant.
1243 1757 1280 1798 O
1303 1755 1402 1796 Rex
1425 1754 1577 1805 gloriae
1597 1753 1787 1795 Domine
1810 1752 1893 1794 vir-

1062 1815 1221 1862 tutum,
1248 1811 1323 1863 qui
1347 1810 1641 1864 triumphator
1662 1808 1796 1852 hodie
1823 1822 1892 1851 su-

1063 1882 1143 1922 per
1179 1881 1331 1911 omnes
1366 1867 1505 1910 coelos
1542 1865 1797 1916 ascendisti,
1838 1879 1892 1908 ne

1064 1925 1343 1978 derelinquas
1386 1937 1468 1966 nos
1518 1923 1764 1977 orphanos:
1812 1921 1893 1965 sed

1063 1983 1187 2025 mitte
1227 1984 1494 2036 promissum
1531 1980 1674 2022 Patris
1716 1980 1760 2021 in
1798 1992 1892 2030 nos,

1064 2039 1273 2093 Spiritum
1298 2038 1506 2088 veritatis,
1534 2037 1717 2089 alleluja.

1115 2094 1165 2145 V.
1194 2094 1406 2138 Ascendit
1424 2095 1545 2136 Deus
1567 2094 1611 2135 in
1630 2092 1892 2146 jubilatione,

1065 2153 1246 2206 alleluja.
1288 2154 1338 2204 Ιῖι.
1376 2152 1433 2194 Et
1461 2151 1676 2193 Dominus
1706 2150 1751 2190 in
1782 2161 1893 2191 voce

1064 2210 1195 2260 tubae,
1223 2209 1404 2262 alleluja.

1399 2265 1561 2306 Oratio.

1066 2317 1308 2428 Concede
1337 2324 1588 2374 quaesumus
1614 2321 1894 2372 omnipotens

1155 2379 1291 2421 Deus:
1313 2384 1361 2421 ut
1381 2379 1454 2431 qui
1473 2376 1685 2419 hodierna
1703 2374 1775 2417 die
1793 2375 1894 2418 Uni-

1066 2437 1260 2489 genitum
1290 2441 1413 2478 tuum
1443 2433 1788 2486 Redemptorem
1817 2445 1893 2473 no-

1066 2499 1205 2536 strum
1243 2491 1300 2534 ad.
1340 2491 1478 2534 coelos
1519 2488 1769 2531 ascendisse
1806 2490 1894 2530 cre-

1067 2550 1225 2600 dimus,
1253 2549 1339 2603 ipsi
1365 2559 1542 2600 quoque
1566 2550 1712 2588 mente
1738 2545 1782 2586 in
1809 2557 1894 2586 coe-

1066 2607 1248 2650 lestibus
1278 2605 1534 2648 habitemus.
1578 2603 1663 2644 Per
1691 2600 1893 2644 eumdem

1066 2665 1303 2707 Dominum
1329 2667 1538 2704 nostrum.

1272 2735 1686 2762 -ῥ-ο-φ-ο-..ήῖκ
