<?xml version="1.0" encoding="UTF-8"?>
<!DOCTYPE html PUBLIC "-//W3C//DTD XHTML 1.0 Transitional//EN"
    "http://www.w3.org/TR/xhtml1/DTD/xhtml1-transitional.dtd">
<html xmlns="http://www.w3.org/1999/xhtml" xml:lang="en" lang="en">
 <head>
  <title>
</title>
<meta http-equiv="Content-Type" content="text/html;charset=utf-8" />
  <meta name='ocr-system' content='tesseract 3.04.00' />
  <meta name='ocr-capabilities' content='ocr_page ocr_carea ocr_par ocr_line ocrx_word'/>
</head>
<body>
  <div class='ocr_page' id='page_1' title='image "./p2breviariumroma00cathuoft_0036.png"; bbox 0 0 2028 2892; ppageno 0'>
   <div class='ocr_carea' id='block_1_1' title="bbox 165 195 1268 243">
    <p class='ocr_par' dir='ltr' id='par_1_1' title="bbox 165 195 1268 243">
     <span class='ocr_line' id='line_1_1' title="bbox 165 195 1268 243; baseline -0.027 11"><span class='ocrx_word' id='word_1_1' title='bbox 165 210 190 243; x_wconf 70' lang='lat'>8</span> <span class='ocrx_word' id='word_1_2' title='bbox 741 203 934 238; x_wconf 68' lang='lat' dir='ltr'>Dominicu</span> <span class='ocrx_word' id='word_1_3' title='bbox 964 200 1008 233; x_wconf 70' lang='lat' dir='ltr'>ud</span> <span class='ocrx_word' id='word_1_4' title='bbox 1037 195 1268 230; x_wconf 65' lang='lat' dir='ltr'>Matutinum.</span> 
     </span>
    </p>
   </div>
   <div class='ocr_carea' id='block_1_2' title="bbox 516 241 1854 269">
    <p class='ocr_par' dir='ltr' id='par_1_2' title="bbox 516 241 1854 269">
     <span class='ocr_line' id='line_1_2' title="bbox 516 241 1854 269; baseline -0.016 -3"><span class='ocrx_word' id='word_1_5' title='bbox 516 241 1854 269; x_wconf 48' lang='lat' dir='ltr'><em>ff</em></span> 
     </span>
    </p>
   </div>
   <div class='ocr_carea' id='block_1_3' title="bbox 220 291 981 354">
    <p class='ocr_par' dir='ltr' id='par_1_3' title="bbox 220 291 981 354">
     <span class='ocr_line' id='line_1_3' title="bbox 220 291 981 354; baseline -0.02 -9"><span class='ocrx_word' id='word_1_6' title='bbox 220 302 430 354; x_wconf 82' lang='lat' dir='ltr'>Quoniam</span> <span class='ocrx_word' id='word_1_7' title='bbox 451 300 584 350; x_wconf 88' lang='lat' dir='ltr'>justus</span> <span class='ocrx_word' id='word_1_8' title='bbox 604 295 832 341; x_wconf 85' lang='lat' dir='ltr'>Dominus,</span> <span class='ocrx_word' id='word_1_9' title='bbox 857 296 900 332; x_wconf 84' lang='lat' dir='ltr'>et</span> <span class='ocrx_word' id='word_1_10' title='bbox 925 291 981 341; x_wconf 91' lang='lat' dir='ltr'>ju—</span> 
     </span>
    </p>
   </div>
   <div class='ocr_carea' id='block_1_4' title="bbox 169 346 983 404">
    <p class='ocr_par' dir='ltr' id='par_1_4' title="bbox 169 346 983 404">
     <span class='ocr_line' id='line_1_4' title="bbox 169 346 983 404; baseline -0.02 -2"><span class='ocrx_word' id='word_1_11' title='bbox 169 360 306 402; x_wconf 82' lang='lat' dir='ltr'>stitias</span> <span class='ocrx_word' id='word_1_12' title='bbox 339 356 503 399; x_wconf 79' lang='lat' dir='ltr'>dilexit:</span> <span class='ocrx_word' id='word_1_13' title='bbox 535 355 557 379; x_wconf 88' lang='lat'>*</span> <span class='ocrx_word' id='word_1_14' title='bbox 595 351 844 404; x_wconf 80' lang='lat' dir='ltr'>aequitatem</span> <span class='ocrx_word' id='word_1_15' title='bbox 876 346 983 388; x_wconf 83' lang='lat' dir='ltr'>vidit</span> 
     </span>
    </p>
   </div>
   <div class='ocr_carea' id='block_1_5' title="bbox 170 414 991 1417">
    <p class='ocr_par' dir='ltr' id='par_1_5' title="bbox 170 414 430 464">
     <span class='ocr_line' id='line_1_5' title="bbox 170 414 430 464; baseline -0.023 -6"><span class='ocrx_word' id='word_1_16' title='bbox 170 416 312 458; x_wconf 74' lang='lat' dir='ltr'>vultus</span> <span class='ocrx_word' id='word_1_17' title='bbox 331 414 430 464; x_wconf 91' lang='lat' dir='ltr'>ejus.</span> 
     </span>
    </p>

    <p class='ocr_par' dir='ltr' id='par_1_6' title="bbox 171 460 984 632">
     <span class='ocr_line' id='line_1_6' title="bbox 224 460 983 513; baseline -0.013 -4"><span class='ocrx_word' id='word_1_18' title='bbox 224 471 302 509; x_wconf 74' lang='lat' dir='ltr'>l‘cr</span> <span class='ocrx_word' id='word_1_19' title='bbox 325 469 502 507; x_wconf 64' lang='lat' dir='ltr'>Annum.</span> <span class='ocrx_word' id='word_1_20' title='bbox 529 466 620 503; x_wconf 67' lang='lat' dir='ltr'>Ant.</span> <span class='ocrx_word' id='word_1_21' title='bbox 647 465 762 504; x_wconf 76' lang='lat' dir='ltr'>Deus</span> <span class='ocrx_word' id='word_1_22' title='bbox 781 461 908 513; x_wconf 87' lang='lat' dir='ltr'>judex</span> <span class='ocrx_word' id='word_1_23' title='bbox 927 460 983 510; x_wconf 89' lang='lat' dir='ltr'>ju-</span> 
     </span>
     <span class='ocr_line' id='line_1_7' title="bbox 171 514 984 574; baseline -0.016 -6"><span class='ocrx_word' id='word_1_24' title='bbox 171 534 272 574; x_wconf 56' lang='lat' dir='ltr'>stus</span> <span class='ocrx_word' id='word_1_25' title='bbox 289 525 410 566; x_wconf 87' lang='lat' dir='ltr'>fortis</span> <span class='ocrx_word' id='word_1_26' title='bbox 426 528 469 565; x_wconf 86' lang='lat' dir='ltr'>et</span> <span class='ocrx_word' id='word_1_27' title='bbox 483 519 755 571; x_wconf 70' lang='lat' dir='ltr'>longanimis:</span> <span class='ocrx_word' id='word_1_28' title='bbox 776 514 984 568; x_wconf 91' lang='lat' dir='ltr'>numquid</span> 
     </span>
     <span class='ocr_line' id='line_1_8' title="bbox 171 572 822 632; baseline -0.014 -8"><span class='ocrx_word' id='word_1_29' title='bbox 171 584 380 624; x_wconf 87' lang='lat' dir='ltr'>irascetur</span> <span class='ocrx_word' id='word_1_30' title='bbox 399 592 476 632; x_wconf 90' lang='lat' dir='ltr'>per</span> <span class='ocrx_word' id='word_1_31' title='bbox 496 577 686 627; x_wconf 84' lang='lat' dir='ltr'>singulos</span> <span class='ocrx_word' id='word_1_32' title='bbox 706 572 822 617; x_wconf 89' lang='lat' dir='ltr'>dies?</span> 
     </span>
    </p>

    <p class='ocr_par' dir='ltr' id='par_1_7' title="bbox 229 634 620 677">
     <span class='ocr_line' id='line_1_9' title="bbox 229 634 620 677; baseline -0.008 0"><span class='ocrx_word' id='word_1_33' title='bbox 229 639 321 677; x_wconf 56' lang='lat' dir='ltr'>¹int.</span> <span class='ocrx_word' id='word_1_34' title='bbox 341 637 407 677; x_wconf 73' lang='lat' dir='ltr'>&#39;l&#39;u</span> <span class='ocrx_word' id='word_1_35' title='bbox 426 634 620 676; x_wconf 77' lang='lat' dir='ltr'>Demine.</span> 
     </span>
    </p>

    <p class='ocr_par' dir='ltr' id='par_1_8' title="bbox 174 692 986 961">
     <span class='ocr_line' id='line_1_10' title="bbox 450 692 716 733; baseline -0.023 0"><span class='ocrx_word' id='word_1_36' title='bbox 450 694 639 733; x_wconf 64' lang='lat' dir='ltr'>l’salmus</span> <span class='ocrx_word' id='word_1_37' title='bbox 672 692 716 728; x_wconf 88' lang='grc'>11.</span> 
     </span>
     <span class='ocr_line' id='line_1_11' title="bbox 243 741 985 795; baseline -0.018 -3"><span class='ocrx_word' id='word_1_38' title='bbox 243 750 385 792; x_wconf 87' lang='lat' dir='ltr'>alvum</span> <span class='ocrx_word' id='word_1_39' title='bbox 404 761 472 789; x_wconf 92' lang='lat' dir='ltr'>me</span> <span class='ocrx_word' id='word_1_40' title='bbox 493 748 558 788; x_wconf 89' lang='lat' dir='ltr'>fac</span> <span class='ocrx_word' id='word_1_41' title='bbox 572 744 767 792; x_wconf 83' lang='lat' dir='ltr'>Domine,</span> <span class='ocrx_word' id='word_1_42' title='bbox 783 741 985 795; x_wconf 84' lang='lat' dir='ltr'>quoniam</span> 
     </span>
     <span class='ocr_line' id='line_1_12' title="bbox 264 796 985 852; baseline -0.015 -5"><span class='ocrx_word' id='word_1_43' title='bbox 264 805 419 847; x_wconf 89' lang='lat' dir='ltr'>defecit</span> <span class='ocrx_word' id='word_1_44' title='bbox 442 808 629 845; x_wconf 89' lang='lat' dir='ltr'>sanctus:</span> <span class='ocrx_word' id='word_1_45' title='bbox 652 802 675 826; x_wconf 87' lang='lat'>*</span> <span class='ocrx_word' id='word_1_46' title='bbox 699 798 902 852; x_wconf 82' lang='lat' dir='ltr'>quoniam</span> <span class='ocrx_word' id='word_1_47' title='bbox 926 796 985 837; x_wconf 92' lang='lat' dir='ltr'>di-</span> 
     </span>
     <span class='ocr_line' id='line_1_13' title="bbox 174 853 986 904; baseline -0.015 0"><span class='ocrx_word' id='word_1_48' title='bbox 174 864 349 904; x_wconf 89' lang='lat' dir='ltr'>minutae</span> <span class='ocrx_word' id='word_1_49' title='bbox 377 865 475 901; x_wconf 85' lang='lat' dir='ltr'>sunt</span> <span class='ocrx_word' id='word_1_50' title='bbox 500 858 703 900; x_wconf 81' lang='lat' dir='ltr'>veritates</span> <span class='ocrx_word' id='word_1_51' title='bbox 735 869 760 897; x_wconf 94' lang='lat' dir='ltr'>a</span> <span class='ocrx_word' id='word_1_52' title='bbox 787 854 885 895; x_wconf 88' lang='lat' dir='ltr'>filiis</span> <span class='ocrx_word' id='word_1_53' title='bbox 912 853 986 893; x_wconf 83' lang='lat' dir='ltr'>ho-</span> 
     </span>
     <span class='ocr_line' id='line_1_14' title="bbox 175 920 346 961; baseline -0.018 0"><span class='ocrx_word' id='word_1_54' title='bbox 175 920 346 961; x_wconf 90' lang='lat' dir='ltr'>minum.</span> 
     </span>
    </p>

    <p class='ocr_par' dir='ltr' id='par_1_9' title="bbox 176 969 987 1128">
     <span class='ocr_line' id='line_1_15' title="bbox 226 969 987 1020; baseline -0.013 -4"><span class='ocrx_word' id='word_1_55' title='bbox 226 975 350 1016; x_wconf 90' lang='lat' dir='ltr'>Vana</span> <span class='ocrx_word' id='word_1_56' title='bbox 391 972 522 1014; x_wconf 87' lang='lat' dir='ltr'>locuti</span> <span class='ocrx_word' id='word_1_57' title='bbox 559 975 658 1011; x_wconf 91' lang='lat' dir='ltr'>sunt</span> <span class='ocrx_word' id='word_1_58' title='bbox 692 969 987 1020; x_wconf 80' lang='lat' dir='ltr'>unusquisque</span> 
     </span>
     <span class='ocr_line' id='line_1_16' title="bbox 176 1023 987 1083; baseline -0.012 -10"><span class='ocrx_word' id='word_1_59' title='bbox 176 1031 231 1073; x_wconf 92' lang='lat' dir='ltr'>ad</span> <span class='ocrx_word' id='word_1_60' title='bbox 246 1030 490 1083; x_wconf 84' lang='lat' dir='ltr'>proximum</span> <span class='ocrx_word' id='word_1_61' title='bbox 506 1040 644 1069; x_wconf 88' lang='lat' dir='ltr'>suum:</span> <span class='ocrx_word' id='word_1_62' title='bbox 658 1027 681 1051; x_wconf 76' lang='lat'>¹⁰¹</span> <span class='ocrx_word' id='word_1_63' title='bbox 696 1024 809 1066; x_wconf 83' lang='lat' dir='ltr'>labia</span> <span class='ocrx_word' id='word_1_64' title='bbox 825 1023 987 1071; x_wconf 81' lang='lat' dir='ltr'>dolosa,</span> 
     </span>
     <span class='ocr_line' id='line_1_17' title="bbox 177 1082 861 1128; baseline -0.013 1"><span class='ocrx_word' id='word_1_65' title='bbox 177 1088 218 1128; x_wconf 90' lang='lat' dir='ltr'>in</span> <span class='ocrx_word' id='word_1_66' title='bbox 238 1086 369 1128; x_wconf 91' lang='lat' dir='ltr'>corde</span> <span class='ocrx_word' id='word_1_67' title='bbox 389 1091 432 1127; x_wconf 91' lang='lat' dir='ltr'>et</span> <span class='ocrx_word' id='word_1_68' title='bbox 451 1083 582 1126; x_wconf 92' lang='lat' dir='ltr'>corde</span> <span class='ocrx_word' id='word_1_69' title='bbox 601 1082 732 1123; x_wconf 90' lang='lat' dir='ltr'>locuti</span> <span class='ocrx_word' id='word_1_70' title='bbox 752 1085 861 1122; x_wconf 89' lang='lat' dir='ltr'>sunt.</span> 
     </span>
    </p>

    <p class='ocr_par' dir='ltr' id='par_1_10' title="bbox 178 1135 989 1308">
     <span class='ocr_line' id='line_1_18' title="bbox 228 1135 988 1195; baseline -0.012 -11"><span class='ocrx_word' id='word_1_71' title='bbox 228 1140 462 1195; x_wconf 87' lang='lat' dir='ltr'>Disperdat</span> <span class='ocrx_word' id='word_1_72' title='bbox 481 1140 691 1181; x_wconf 85' lang='lat' dir='ltr'>Dominus</span> <span class='ocrx_word' id='word_1_73' title='bbox 715 1137 913 1178; x_wconf 86' lang='lat' dir='ltr'>universa</span> <span class='ocrx_word' id='word_1_74' title='bbox 931 1135 988 1175; x_wconf 78' lang='lat' dir='ltr'>la-</span> 
     </span>
     <span class='ocr_line' id='line_1_19' title="bbox 178 1191 989 1247; baseline -0.011 -7"><span class='ocrx_word' id='word_1_75' title='bbox 178 1199 248 1241; x_wconf 89' lang='lat' dir='ltr'>bia</span> <span class='ocrx_word' id='word_1_76' title='bbox 267 1198 434 1247; x_wconf 82' lang='lat' dir='ltr'>dolosa,</span> <span class='ocrx_word' id='word_1_77' title='bbox 462 1198 485 1222; x_wconf 85' lang='grc'>*</span> <span class='ocrx_word' id='word_1_78' title='bbox 513 1202 556 1238; x_wconf 90' lang='lat' dir='ltr'>et</span> <span class='ocrx_word' id='word_1_79' title='bbox 580 1195 767 1245; x_wconf 89' lang='lat' dir='ltr'>linguam</span> <span class='ocrx_word' id='word_1_80' title='bbox 786 1191 989 1243; x_wconf 90' lang='lat' dir='ltr'>magnilo-</span> 
     </span>
     <span class='ocr_line' id='line_1_20' title="bbox 181 1268 319 1308; baseline -0.022 -11"><span class='ocrx_word' id='word_1_81' title='bbox 181 1268 319 1308; x_wconf 91' lang='lat' dir='ltr'>quam.</span> 
     </span>
    </p>

    <p class='ocr_par' dir='ltr' id='par_1_11' title="bbox 179 1308 991 1417">
     <span class='ocr_line' id='line_1_21' title="bbox 230 1308 991 1361; baseline -0.009 -10"><span class='ocrx_word' id='word_1_82' title='bbox 230 1311 312 1361; x_wconf 92' lang='lat' dir='ltr'>Qui</span> <span class='ocrx_word' id='word_1_83' title='bbox 331 1310 544 1351; x_wconf 83' lang='lat' dir='ltr'>dixerunt:</span> <span class='ocrx_word' id='word_1_84' title='bbox 568 1308 777 1359; x_wconf 84' lang='lat' dir='ltr'>Linguam</span> <span class='ocrx_word' id='word_1_85' title='bbox 800 1310 991 1347; x_wconf 90' lang='lat' dir='ltr'>nostram</span> 
     </span>
     <span class='ocr_line' id='line_1_22' title="bbox 179 1364 991 1417; baseline -0.009 -9"><span class='ocrx_word' id='word_1_86' title='bbox 179 1365 557 1417; x_wconf 81' lang='lat' dir='ltr'>magnificabimus,</span> <span class='ocrx_word' id='word_1_87' title='bbox 576 1364 689 1406; x_wconf 80' lang='lat' dir='ltr'>labia</span> <span class='ocrx_word' id='word_1_88' title='bbox 708 1367 856 1404; x_wconf 86' lang='lat' dir='ltr'>nostra</span> <span class='ocrx_word' id='word_1_89' title='bbox 875 1374 900 1402; x_wconf 91' lang='lat' dir='ltr'>a</span> <span class='ocrx_word' id='word_1_90' title='bbox 917 1373 991 1402; x_wconf 92' lang='lat' dir='ltr'>no-</span> 
     </span>
    </p>
   </div>
   <div class='ocr_carea' id='block_1_6' title="bbox 180 1418 992 1521">
    <p class='ocr_par' dir='ltr' id='par_1_12' title="bbox 180 1418 992 1521">
     <span class='ocr_line' id='line_1_23' title="bbox 180 1418 992 1508; baseline -0.009 -44"><span class='ocrx_word' id='word_1_91' title='bbox 180 1423 267 1508; x_wconf 41' lang='lat' dir='ltr'>bis?</span> <span class='ocrx_word' id='word_1_92' title='bbox 279 1427 395 1471; x_wconf 92' lang='lat' dir='ltr'>sunt,</span> <span class='ocrx_word' id='word_1_93' title='bbox 423 1422 446 1447; x_wconf 87' lang='lat'>*</span> <span class='ocrx_word' id='word_1_94' title='bbox 479 1421 573 1473; x_wconf 89' lang='lat' dir='ltr'>quis</span> <span class='ocrx_word' id='word_1_95' title='bbox 604 1425 753 1462; x_wconf 90' lang='lat' dir='ltr'>noster</span> <span class='ocrx_word' id='word_1_96' title='bbox 780 1418 992 1460; x_wconf 82' lang='lat' dir='ltr'>Dominus</span> 
     </span>
     <span class='ocr_line' id='line_1_24' title="bbox 181 1485 261 1521; baseline -0.025 0"><span class='ocrx_word' id='word_1_97' title='bbox 181 1485 261 1521; x_wconf 86' lang='lat' dir='ltr'>est.</span> 
     </span>
    </p>
   </div>
   <div class='ocr_carea' id='block_1_7' title="bbox 232 1531 1001 1587">
    <p class='ocr_par' dir='ltr' id='par_1_13' title="bbox 232 1531 1001 1587">
     <span class='ocr_line' id='line_1_25' title="bbox 232 1531 1001 1587; baseline -0.001 -12"><span class='ocrx_word' id='word_1_98' title='bbox 232 1536 414 1587; x_wconf 85' lang='lat' dir='ltr'>Propter</span> <span class='ocrx_word' id='word_1_99' title='bbox 429 1533 643 1574; x_wconf 86' lang='lat' dir='ltr'>miseriam</span> <span class='ocrx_word' id='word_1_100' title='bbox 657 1535 846 1585; x_wconf 84' lang='lat' dir='ltr'>inopum,</span> <span class='ocrx_word' id='word_1_101' title='bbox 865 1535 909 1571; x_wconf 88' lang='lat' dir='ltr'>et</span> <span class='ocrx_word' id='word_1_102' title='bbox 924 1531 1001 1580; x_wconf 83' lang='lat' dir='ltr'>ge-.</span> 
     </span>
    </p>
   </div>
   <div class='ocr_carea' id='block_1_8' title="bbox 182 1589 1014 2758">
    <p class='ocr_par' dir='ltr' id='par_1_14' title="bbox 182 1589 994 1698">
     <span class='ocr_line' id='line_1_26' title="bbox 182 1589 994 1643; baseline -0.007 -11"><span class='ocrx_word' id='word_1_103' title='bbox 182 1591 331 1632; x_wconf 87' lang='lat' dir='ltr'>mitum</span> <span class='ocrx_word' id='word_1_104' title='bbox 363 1593 619 1643; x_wconf 86' lang='lat' dir='ltr'>pauperum,</span> <span class='ocrx_word' id='word_1_105' title='bbox 650 1590 672 1614; x_wconf 84' lang='grc'>*</span> <span class='ocrx_word' id='word_1_106' title='bbox 704 1600 817 1629; x_wconf 91' lang='lat' dir='ltr'>nunc</span> <span class='ocrx_word' id='word_1_107' title='bbox 849 1589 994 1628; x_wconf 84' lang='lat' dir='ltr'>exsur-</span> 
     </span>
     <span class='ocr_line' id='line_1_27' title="bbox 183 1646 654 1698; baseline -0.006 -10"><span class='ocrx_word' id='word_1_108' title='bbox 183 1660 291 1698; x_wconf 85' lang='lat' dir='ltr'>gam,</span> <span class='ocrx_word' id='word_1_109' title='bbox 312 1646 414 1688; x_wconf 91' lang='lat' dir='ltr'>dicit</span> <span class='ocrx_word' id='word_1_110' title='bbox 432 1646 654 1686; x_wconf 79' lang='lat' dir='ltr'>Deminus.</span> 
     </span>
    </p>

    <p class='ocr_par' dir='ltr' id='par_1_15' title="bbox 185 1698 996 1809">
     <span class='ocr_line' id='line_1_28' title="bbox 235 1698 996 1743; baseline -0.007 0"><span class='ocrx_word' id='word_1_111' title='bbox 235 1703 397 1743; x_wconf 92' lang='lat' dir='ltr'>Ponam</span> <span class='ocrx_word' id='word_1_112' title='bbox 416 1701 458 1742; x_wconf 91' lang='lat' dir='ltr'>in</span> <span class='ocrx_word' id='word_1_113' title='bbox 477 1701 667 1742; x_wconf 81' lang='lat' dir='ltr'>salutari:</span> <span class='ocrx_word' id='word_1_114' title='bbox 689 1702 712 1726; x_wconf 88' lang='lat'>*</span> <span class='ocrx_word' id='word_1_115' title='bbox 740 1698 996 1742; x_wconf 84' lang='lat' dir='ltr'>fiducialiter</span> 
     </span>
     <span class='ocr_line' id='line_1_29' title="bbox 185 1770 453 1809; baseline -0.007 -9"><span class='ocrx_word' id='word_1_116' title='bbox 185 1772 310 1809; x_wconf 82' lang='lat' dir='ltr'>agam</span> <span class='ocrx_word' id='word_1_117' title='bbox 328 1772 370 1798; x_wconf 89' lang='lat' dir='ltr'>m</span> <span class='ocrx_word' id='word_1_118' title='bbox 390 1770 453 1799; x_wconf 89' lang='lat' dir='ltr'>eo.</span> 
     </span>
    </p>

    <p class='ocr_par' dir='ltr' id='par_1_16' title="bbox 188 1811 1000 1977">
     <span class='ocr_line' id='line_1_30' title="bbox 239 1811 997 1866; baseline -0.004 -11"><span class='ocrx_word' id='word_1_119' title='bbox 239 1814 420 1866; x_wconf 85' lang='lat' dir='ltr'>Eloquia</span> <span class='ocrx_word' id='word_1_120' title='bbox 435 1813 618 1863; x_wconf 78' lang='lat' dir='ltr'>Demini,</span> <span class='ocrx_word' id='word_1_121' title='bbox 639 1812 809 1865; x_wconf 81' lang='lat' dir='ltr'>eloquia</span> <span class='ocrx_word' id='word_1_122' title='bbox 829 1816 960 1853; x_wconf 88' lang='lat' dir='ltr'>casta:</span> <span class='ocrx_word' id='word_1_123' title='bbox 975 1811 997 1836; x_wconf 86' lang='lat'>*</span> 
     </span>
     <span class='ocr_line' id='line_1_31' title="bbox 188 1869 999 1920; baseline -0.005 -9"><span class='ocrx_word' id='word_1_124' title='bbox 188 1872 411 1920; x_wconf 88' lang='lat' dir='ltr'>argentum</span> <span class='ocrx_word' id='word_1_125' title='bbox 438 1869 535 1918; x_wconf 85' lang='lat' dir='ltr'>igne</span> <span class='ocrx_word' id='word_1_126' title='bbox 563 1869 870 1917; x_wconf 78' lang='lat' dir='ltr'>examinatum,</span> <span class='ocrx_word' id='word_1_127' title='bbox 901 1880 999 1920; x_wconf 88' lang='lat' dir='ltr'>pro-</span> 
     </span>
     <span class='ocr_line' id='line_1_32' title="bbox 189 1923 1000 1977; baseline -0.004 -10"><span class='ocrx_word' id='word_1_128' title='bbox 189 1926 338 1968; x_wconf 83' lang='lat' dir='ltr'>batum</span> <span class='ocrx_word' id='word_1_129' title='bbox 355 1931 483 1966; x_wconf 86' lang='lat' dir='ltr'>terrae</span> <span class='ocrx_word' id='word_1_130' title='bbox 498 1927 728 1977; x_wconf 77' lang='lat' dir='ltr'>purgatum</span> <span class='ocrx_word' id='word_1_131' title='bbox 743 1923 1000 1977; x_wconf 89' lang='lat' dir='ltr'>septuplum.</span> 
     </span>
    </p>

    <p class='ocr_par' dir='ltr' id='par_1_17' title="bbox 192 1981 1002 2135">
     <span class='ocr_line' id='line_1_33' title="bbox 241 1981 1001 2023; baseline -0.003 -1"><span class='ocrx_word' id='word_1_132' title='bbox 241 1982 308 2023; x_wconf 92' lang='lat' dir='ltr'>Tu</span> <span class='ocrx_word' id='word_1_133' title='bbox 330 1981 511 2022; x_wconf 77' lang='lat' dir='ltr'>Demine</span> <span class='ocrx_word' id='word_1_134' title='bbox 530 1981 722 2022; x_wconf 84' lang='lat' dir='ltr'>servabis</span> <span class='ocrx_word' id='word_1_135' title='bbox 741 1993 838 2022; x_wconf 89' lang='lat' dir='ltr'>nos:</span> <span class='ocrx_word' id='word_1_136' title='bbox 866 1984 909 2021; x_wconf 90' lang='lat' dir='ltr'>et</span> <span class='ocrx_word' id='word_1_137' title='bbox 933 1992 1001 2020; x_wconf 93' lang='lat' dir='ltr'>cu-</span> 
     </span>
     <span class='ocr_line' id='line_1_34' title="bbox 192 2036 1002 2087; baseline -0.005 -8"><span class='ocrx_word' id='word_1_138' title='bbox 192 2037 355 2079; x_wconf 70' lang='lat' dir='ltr'>stodies</span> <span class='ocrx_word' id='word_1_139' title='bbox 375 2049 452 2078; x_wconf 90' lang='lat' dir='ltr'>nos</span> <span class='ocrx_word' id='word_1_140' title='bbox 474 2038 497 2062; x_wconf 90' lang='lat'>*</span> <span class='ocrx_word' id='word_1_141' title='bbox 523 2050 547 2077; x_wconf 91' lang='lat' dir='ltr'>a</span> <span class='ocrx_word' id='word_1_142' title='bbox 566 2037 841 2087; x_wconf 83' lang='lat' dir='ltr'>generatione</span> <span class='ocrx_word' id='word_1_143' title='bbox 860 2036 942 2077; x_wconf 87' lang='lat' dir='ltr'>hac</span> <span class='ocrx_word' id='word_1_144' title='bbox 960 2036 1002 2075; x_wconf 94' lang='lat' dir='ltr'>in</span> 
     </span>
     <span class='ocr_line' id='line_1_35' title="bbox 193 2095 411 2135; baseline -0.009 0"><span class='ocrx_word' id='word_1_145' title='bbox 193 2095 411 2135; x_wconf 83' lang='lat' dir='ltr'>aeternum.</span> 
     </span>
    </p>

    <p class='ocr_par' dir='ltr' id='par_1_18' title="bbox 195 2148 1005 2313">
     <span class='ocr_line' id='line_1_36' title="bbox 244 2148 1004 2201; baseline -0.003 -11"><span class='ocrx_word' id='word_1_146' title='bbox 244 2151 291 2190; x_wconf 88' lang='lat' dir='ltr'>In</span> <span class='ocrx_word' id='word_1_147' title='bbox 312 2149 491 2190; x_wconf 85' lang='lat' dir='ltr'>circuitu</span> <span class='ocrx_word' id='word_1_148' title='bbox 511 2149 628 2201; x_wconf 89' lang='lat' dir='ltr'>impii</span> <span class='ocrx_word' id='word_1_149' title='bbox 648 2148 881 2190; x_wconf 80' lang='lat' dir='ltr'>ambulant:</span> <span class='ocrx_word' id='word_1_150' title='bbox 900 2150 922 2174; x_wconf 86' lang='lat'>*</span> <span class='ocrx_word' id='word_1_151' title='bbox 942 2161 1004 2189; x_wconf 89' lang='lat' dir='ltr'>se-</span> 
     </span>
     <span class='ocr_line' id='line_1_37' title="bbox 195 2204 1005 2247; baseline -0.002 0"><span class='ocrx_word' id='word_1_152' title='bbox 195 2205 381 2247; x_wconf 89' lang='lat' dir='ltr'>cundum</span> <span class='ocrx_word' id='word_1_153' title='bbox 414 2205 683 2246; x_wconf 81' lang='lat' dir='ltr'>altitudinem</span> <span class='ocrx_word' id='word_1_154' title='bbox 714 2210 832 2246; x_wconf 89' lang='lat' dir='ltr'>tuam</span> <span class='ocrx_word' id='word_1_155' title='bbox 867 2204 1005 2245; x_wconf 89' lang='lat' dir='ltr'>multi-</span> 
     </span>
     <span class='ocr_line' id='line_1_38' title="bbox 196 2260 744 2313; baseline -0.002 -11"><span class='ocrx_word' id='word_1_156' title='bbox 196 2261 363 2313; x_wconf 81' lang='lat' dir='ltr'>plicasti</span> <span class='ocrx_word' id='word_1_157' title='bbox 382 2260 494 2301; x_wconf 89' lang='lat' dir='ltr'>filios</span> <span class='ocrx_word' id='word_1_158' title='bbox 513 2260 744 2302; x_wconf 70' lang='lat' dir='ltr'>huminum.</span> 
     </span>
    </p>

    <p class='ocr_par' dir='ltr' id='par_1_19' title="bbox 200 2318 1009 2526">
     <span class='ocr_line' id='line_1_39' title="bbox 467 2318 737 2357; baseline -0.004 0"><span class='ocrx_word' id='word_1_159' title='bbox 467 2318 658 2357; x_wconf 60' lang='lat' dir='ltr'>psalmus</span> <span class='ocrx_word' id='word_1_160' title='bbox 685 2319 737 2356; x_wconf 79' lang='lat'>12.</span> 
     </span>
     <span class='ocr_line' id='line_1_40' title="bbox 287 2372 1009 2424; baseline 0.003 -12"><span class='ocrx_word' id='word_1_161' title='bbox 287 2384 479 2424; x_wconf 90' lang='lat' dir='ltr'>squequo</span> <span class='ocrx_word' id='word_1_162' title='bbox 520 2373 704 2413; x_wconf 73' lang='lat' dir='ltr'>Demine</span> <span class='ocrx_word' id='word_1_163' title='bbox 745 2372 1009 2414; x_wconf 86' lang='lat' dir='ltr'>oblivisceris</span> 
     </span>
     <span class='ocr_line' id='line_1_41' title="bbox 300 2427 1009 2481; baseline 0.004 -14"><span class='ocrx_word' id='word_1_164' title='bbox 300 2440 367 2468; x_wconf 89' lang='lat' dir='ltr'>me</span> <span class='ocrx_word' id='word_1_165' title='bbox 382 2428 423 2468; x_wconf 91' lang='lat' dir='ltr'>in</span> <span class='ocrx_word' id='word_1_166' title='bbox 440 2427 588 2470; x_wconf 87' lang='lat' dir='ltr'>finem?</span> <span class='ocrx_word' id='word_1_167' title='bbox 603 2429 625 2453; x_wconf 87' lang='lat'>*</span> <span class='ocrx_word' id='word_1_168' title='bbox 641 2428 679 2469; x_wconf 93' lang='lat' dir='ltr'><strong>U</strong></span> <span class='ocrx_word' id='word_1_169' title='bbox 682 2441 877 2481; x_wconf 88' lang='lat' dir='ltr'>squequo</span> <span class='ocrx_word' id='word_1_170' title='bbox 893 2431 1009 2470; x_wconf 83' lang='lat' dir='ltr'>aver-</span> 
     </span>
     <span class='ocr_line' id='line_1_42' title="bbox 200 2483 713 2526; baseline 0.002 -3"><span class='ocrx_word' id='word_1_171' title='bbox 200 2484 254 2524; x_wconf 87' lang='lat' dir='ltr'>tis</span> <span class='ocrx_word' id='word_1_172' title='bbox 275 2483 424 2524; x_wconf 73' lang='lat' dir='ltr'>faciem</span> <span class='ocrx_word' id='word_1_173' title='bbox 444 2490 559 2525; x_wconf 89' lang='lat' dir='ltr'>tuam</span> <span class='ocrx_word' id='word_1_174' title='bbox 579 2497 603 2525; x_wconf 87' lang='lat' dir='ltr'>a</span> <span class='ocrx_word' id='word_1_175' title='bbox 623 2483 713 2526; x_wconf 87' lang='lat' dir='ltr'>me?</span> 
     </span>
    </p>

    <p class='ocr_par' dir='ltr' id='par_1_20' title="bbox 202 2539 1012 2702">
     <span class='ocr_line' id='line_1_43' title="bbox 252 2539 1011 2592; baseline 0.003 -13"><span class='ocrx_word' id='word_1_176' title='bbox 252 2539 465 2588; x_wconf 74' lang='lat' dir='ltr'>Quamdiu</span> <span class='ocrx_word' id='word_1_177' title='bbox 490 2553 646 2592; x_wconf 82' lang='lat' dir='ltr'>ponam</span> <span class='ocrx_word' id='word_1_178' title='bbox 667 2540 845 2582; x_wconf 87' lang='lat' dir='ltr'>consilia</span> <span class='ocrx_word' id='word_1_179' title='bbox 865 2541 905 2581; x_wconf 89' lang='lat' dir='ltr'>in</span> <span class='ocrx_word' id='word_1_180' title='bbox 927 2542 1011 2582; x_wconf 72' lang='lat' dir='ltr'>uni—</span> 
     </span>
     <span class='ocr_line' id='line_1_44' title="bbox 202 2595 1012 2642; baseline 0.004 -7"><span class='ocrx_word' id='word_1_181' title='bbox 202 2608 270 2635; x_wconf 89' lang='lat' dir='ltr'>ma</span> <span class='ocrx_word' id='word_1_182' title='bbox 289 2608 403 2642; x_wconf 87' lang='lat' dir='ltr'>mea,</span> <span class='ocrx_word' id='word_1_183' title='bbox 431 2597 453 2620; x_wconf 83' lang='lat'>*</span> <span class='ocrx_word' id='word_1_184' title='bbox 483 2595 677 2638; x_wconf 82' lang='lat' dir='ltr'>dolorem</span> <span class='ocrx_word' id='word_1_185' title='bbox 701 2597 742 2637; x_wconf 91' lang='lat' dir='ltr'>in</span> <span class='ocrx_word' id='word_1_186' title='bbox 763 2596 896 2638; x_wconf 84' lang='lat' dir='ltr'>corde</span> <span class='ocrx_word' id='word_1_187' title='bbox 915 2610 1012 2638; x_wconf 88' lang='lat' dir='ltr'>meo</span> 
     </span>
     <span class='ocr_line' id='line_1_45' title="bbox 203 2649 436 2702; baseline -0.009 -10"><span class='ocrx_word' id='word_1_188' title='bbox 203 2663 280 2702; x_wconf 86' lang='lat' dir='ltr'>per</span> <span class='ocrx_word' id='word_1_189' title='bbox 301 2649 436 2691; x_wconf 84' lang='lat' dir='ltr'>diem?</span> 
     </span>
    </p>

    <p class='ocr_par' dir='ltr' id='par_1_21' title="bbox 254 2706 1014 2758">
     <span class='ocr_line' id='line_1_46' title="bbox 254 2706 1014 2758; baseline 0.005 -12"><span class='ocrx_word' id='word_1_190' title='bbox 254 2706 489 2758; x_wconf 86' lang='lat' dir='ltr'>Usquequo</span> <span class='ocrx_word' id='word_1_191' title='bbox 525 2708 781 2750; x_wconf 72' lang='lat' dir='ltr'>exaltabitur</span> <span class='ocrx_word' id='word_1_192' title='bbox 818 2709 1014 2750; x_wconf 87' lang='lat' dir='ltr'>inimicus</span> 
     </span>
    </p>
   </div>
   <div class='ocr_carea' id='block_1_9' title="bbox 1034 276 1859 565">
    <p class='ocr_par' dir='ltr' id='par_1_22' title="bbox 1034 276 1859 565">
     <span class='ocr_line' id='line_1_47' title="bbox 1034 276 1857 336; baseline -0.017 -8"><span class='ocrx_word' id='word_1_193' title='bbox 1034 298 1155 327; x_wconf 90' lang='lat' dir='ltr'>meus</span> <span class='ocrx_word' id='word_1_194' title='bbox 1179 296 1310 336; x_wconf 89' lang='lat' dir='ltr'>super</span> <span class='ocrx_word' id='word_1_195' title='bbox 1328 279 1420 322; x_wconf 85' lang='lat' dir='ltr'>me?</span> <span class='ocrx_word' id='word_1_196' title='bbox 1448 280 1471 304; x_wconf 86' lang='lat'>*</span> <span class='ocrx_word' id='word_1_197' title='bbox 1499 276 1687 330; x_wconf 79' lang='lat' dir='ltr'>respice,</span> <span class='ocrx_word' id='word_1_198' title='bbox 1715 278 1759 316; x_wconf 91' lang='lat' dir='ltr'>et</span> <span class='ocrx_word' id='word_1_199' title='bbox 1787 286 1857 315; x_wconf 82' lang='lat' dir='ltr'>ex-</span> 
     </span>
     <span class='ocr_line' id='line_1_48' title="bbox 1035 336 1722 384; baseline -0.017 0"><span class='ocrx_word' id='word_1_200' title='bbox 1035 342 1135 384; x_wconf 84' lang='lat' dir='ltr'>audi</span> <span class='ocrx_word' id='word_1_201' title='bbox 1155 353 1224 381; x_wconf 91' lang='lat' dir='ltr'>me</span> <span class='ocrx_word' id='word_1_202' title='bbox 1244 338 1430 380; x_wconf 85' lang='lat' dir='ltr'>Domine</span> <span class='ocrx_word' id='word_1_203' title='bbox 1448 336 1569 377; x_wconf 87' lang='lat' dir='ltr'>Deus</span> <span class='ocrx_word' id='word_1_204' title='bbox 1587 344 1722 374; x_wconf 87' lang='lat' dir='ltr'>meus.</span> 
     </span>
     <span class='ocr_line' id='line_1_49' title="bbox 1085 393 1858 439; baseline -0.016 1"><span class='ocrx_word' id='word_1_205' title='bbox 1085 398 1284 439; x_wconf 91' lang='lat' dir='ltr'>Illumina</span> <span class='ocrx_word' id='word_1_206' title='bbox 1325 393 1476 436; x_wconf 85' lang='lat' dir='ltr'>oculos</span> <span class='ocrx_word' id='word_1_207' title='bbox 1511 402 1636 432; x_wconf 91' lang='lat' dir='ltr'>meos</span> <span class='ocrx_word' id='word_1_208' title='bbox 1675 401 1731 430; x_wconf 88' lang='lat' dir='ltr'>ne</span> <span class='ocrx_word' id='word_1_209' title='bbox 1768 400 1858 429; x_wconf 90' lang='lat' dir='ltr'>um·</span> 
     </span>
     <span class='ocr_line' id='line_1_50' title="bbox 1037 444 1859 508; baseline -0.016 -11"><span class='ocrx_word' id='word_1_210' title='bbox 1037 468 1166 508; x_wconf 90' lang='lat' dir='ltr'>quam</span> <span class='ocrx_word' id='word_1_211' title='bbox 1199 451 1473 495; x_wconf 79' lang='lat' dir='ltr'>obdermiam</span> <span class='ocrx_word' id='word_1_212' title='bbox 1500 449 1543 489; x_wconf 90' lang='lat' dir='ltr'>in</span> <span class='ocrx_word' id='word_1_213' title='bbox 1570 450 1728 487; x_wconf 92' lang='lat' dir='ltr'>morte:</span> <span class='ocrx_word' id='word_1_214' title='bbox 1744 444 1769 471; x_wconf 84' lang='lat'>*</span> <span class='ocrx_word' id='word_1_215' title='bbox 1787 456 1859 485; x_wconf 90' lang='lat' dir='ltr'>ne-</span> 
     </span>
     <span class='ocr_line' id='line_1_51' title="bbox 1038 501 1859 565; baseline -0.017 -11"><span class='ocrx_word' id='word_1_216' title='bbox 1038 510 1212 565; x_wconf 74' lang='lat' dir='ltr'>quando</span> <span class='ocrx_word' id='word_1_217' title='bbox 1233 509 1350 551; x_wconf 90' lang='lat' dir='ltr'>dicat</span> <span class='ocrx_word' id='word_1_218' title='bbox 1367 507 1564 548; x_wconf 90' lang='lat' dir='ltr'>inimicus</span> <span class='ocrx_word' id='word_1_219' title='bbox 1583 515 1721 544; x_wconf 88' lang='lat' dir='ltr'>meus:</span> <span class='ocrx_word' id='word_1_220' title='bbox 1743 501 1859 542; x_wconf 85' lang='lat' dir='ltr'>Prae-</span> 
     </span>
    </p>
   </div>
   <div class='ocr_carea' id='block_1_10' title="bbox 1037 566 1861 671">
    <p class='ocr_par' dir='ltr' id='par_1_23' title="bbox 1037 566 1861 671">
     <span class='ocr_line' id='line_1_52' title="bbox 1037 566 1507 611; baseline -0.017 -1"><span class='ocrx_word' id='word_1_221' title='bbox 1037 568 1151 611; x_wconf 80' lang='lat' dir='ltr'>valui</span> <span class='ocrx_word' id='word_1_222' title='bbox 1170 566 1379 608; x_wconf 88' lang='lat' dir='ltr'>adversus</span> <span class='ocrx_word' id='word_1_223' title='bbox 1399 576 1507 605; x_wconf 89' lang='lat' dir='ltr'>eum.</span> 
     </span>
     <span class='ocr_line' id='line_1_53' title="bbox 1088 609 1861 671; baseline -0.014 -10"><span class='ocrx_word' id='word_1_224' title='bbox 1088 620 1171 671; x_wconf 91' lang='lat' dir='ltr'>Qui</span> <span class='ocrx_word' id='word_1_225' title='bbox 1189 617 1397 660; x_wconf 86' lang='lat' dir='ltr'>tribulant</span> <span class='ocrx_word' id='word_1_226' title='bbox 1415 627 1500 664; x_wconf 90' lang='lat' dir='ltr'>me,</span> <span class='ocrx_word' id='word_1_227' title='bbox 1526 610 1806 655; x_wconf 79' lang='lat' dir='ltr'>exsultabunt</span> <span class='ocrx_word' id='word_1_228' title='bbox 1825 609 1861 650; x_wconf 92' lang='lat' dir='ltr'>si</span> 
     </span>
    </p>
   </div>
   <div class='ocr_carea' id='block_1_11' title="bbox 1036 666 1886 2761">
    <p class='ocr_par' dir='ltr' id='par_1_24' title="bbox 1036 666 1861 782">
     <span class='ocr_line' id='line_1_54' title="bbox 1036 666 1861 722; baseline -0.015 -3"><span class='ocrx_word' id='word_1_229' title='bbox 1036 682 1180 718; x_wconf 88' lang='lat' dir='ltr'>motus</span> <span class='ocrx_word' id='word_1_230' title='bbox 1200 675 1338 716; x_wconf 90' lang='lat' dir='ltr'>fuero:</span> <span class='ocrx_word' id='word_1_231' title='bbox 1361 673 1384 698; x_wconf 88' lang='lat'>*</span> <span class='ocrx_word' id='word_1_232' title='bbox 1409 684 1490 722; x_wconf 90' lang='lat' dir='ltr'>ego</span> <span class='ocrx_word' id='word_1_233' title='bbox 1510 674 1656 711; x_wconf 92' lang='lat' dir='ltr'>autem</span> <span class='ocrx_word' id='word_1_234' title='bbox 1674 668 1718 709; x_wconf 90' lang='lat' dir='ltr'>in</span> <span class='ocrx_word' id='word_1_235' title='bbox 1735 666 1861 708; x_wconf 87' lang='lat' dir='ltr'>mise-</span> 
     </span>
     <span class='ocr_line' id='line_1_55' title="bbox 1038 727 1521 782; baseline -0.014 -7"><span class='ocrx_word' id='word_1_236' title='bbox 1038 731 1226 775; x_wconf 84' lang='lat' dir='ltr'>ricordia</span> <span class='ocrx_word' id='word_1_237' title='bbox 1243 736 1318 772; x_wconf 90' lang='lat' dir='ltr'>tua</span> <span class='ocrx_word' id='word_1_238' title='bbox 1337 727 1521 782; x_wconf 76' lang='lat' dir='ltr'>speravi.</span> 
     </span>
    </p>

    <p class='ocr_par' dir='ltr' id='par_1_25' title="bbox 1038 779 1863 1000">
     <span class='ocr_line' id='line_1_56' title="bbox 1089 779 1863 830; baseline -0.012 0"><span class='ocrx_word' id='word_1_239' title='bbox 1089 786 1335 830; x_wconf 83' lang='lat' dir='ltr'>Exsultabit</span> <span class='ocrx_word' id='word_1_240' title='bbox 1354 798 1430 827; x_wconf 93' lang='lat' dir='ltr'>cor</span> <span class='ocrx_word' id='word_1_241' title='bbox 1448 797 1594 825; x_wconf 90' lang='lat' dir='ltr'>meum</span> <span class='ocrx_word' id='word_1_242' title='bbox 1618 782 1663 824; x_wconf 88' lang='lat' dir='ltr'>in</span> <span class='ocrx_word' id='word_1_243' title='bbox 1682 779 1863 823; x_wconf 82' lang='lat' dir='ltr'>salutari</span> 
     </span>
     <span class='ocr_line' id='line_1_57' title="bbox 1038 838 1862 893; baseline -0.012 -5"><span class='ocrx_word' id='word_1_244' title='bbox 1038 852 1128 888; x_wconf 88' lang='lat' dir='ltr'>tuo:</span> <span class='ocrx_word' id='word_1_245' title='bbox 1147 843 1334 887; x_wconf 76' lang='lat' dir='ltr'>cantabo</span> <span class='ocrx_word' id='word_1_246' title='bbox 1349 841 1540 883; x_wconf 83' lang='lat' dir='ltr'>Domino</span> <span class='ocrx_word' id='word_1_247' title='bbox 1561 839 1636 893; x_wconf 93' lang='lat' dir='ltr'>qui</span> <span class='ocrx_word' id='word_1_248' title='bbox 1653 838 1772 881; x_wconf 89' lang='lat' dir='ltr'>bona</span> <span class='ocrx_word' id='word_1_249' title='bbox 1788 838 1862 879; x_wconf 88' lang='lat' dir='ltr'>tri—</span> 
     </span>
     <span class='ocr_line' id='line_1_58' title="bbox 1038 894 1862 951; baseline -0.012 -7"><span class='ocrx_word' id='word_1_250' title='bbox 1038 903 1131 945; x_wconf 89' lang='lat' dir='ltr'>buit</span> <span class='ocrx_word' id='word_1_251' title='bbox 1149 900 1267 942; x_wconf 86' lang='lat' dir='ltr'>mihi:</span> <span class='ocrx_word' id='word_1_252' title='bbox 1285 901 1308 925; x_wconf 89' lang='lat'>*</span> <span class='ocrx_word' id='word_1_253' title='bbox 1329 904 1371 941; x_wconf 91' lang='lat' dir='ltr'>et</span> <span class='ocrx_word' id='word_1_254' title='bbox 1390 897 1574 951; x_wconf 87' lang='lat' dir='ltr'>psallam</span> <span class='ocrx_word' id='word_1_255' title='bbox 1592 894 1758 937; x_wconf 82' lang='lat' dir='ltr'>nomini</span> <span class='ocrx_word' id='word_1_256' title='bbox 1773 894 1862 935; x_wconf 77' lang='lat' dir='ltr'>Do-</span> 
     </span>
     <span class='ocr_line' id='line_1_59' title="bbox 1038 956 1367 1000; baseline -0.012 0"><span class='ocrx_word' id='word_1_257' title='bbox 1038 959 1142 1000; x_wconf 91' lang='lat' dir='ltr'>mini</span> <span class='ocrx_word' id='word_1_258' title='bbox 1161 956 1367 999; x_wconf 87' lang='lat' dir='ltr'>altissimi.</span> 
     </span>
    </p>

    <p class='ocr_par' dir='ltr' id='par_1_26' title="bbox 1130 1013 1863 1169">
     <span class='ocr_line' id='line_1_60' title="bbox 1315 1013 1591 1055; baseline -0.014 0"><span class='ocrx_word' id='word_1_259' title='bbox 1315 1015 1506 1055; x_wconf 70' lang='lat' dir='ltr'>Psahnus</span> <span class='ocrx_word' id='word_1_260' title='bbox 1537 1013 1591 1051; x_wconf 75' lang='lat'>13.</span> 
     </span>
     <span class='ocr_line' id='line_1_61' title="bbox 1130 1063 1863 1122; baseline -0.008 -10"><span class='ocrx_word' id='word_1_261' title='bbox 1130 1071 1209 1112; x_wconf 77' lang='lat' dir='ltr'>ixit</span> <span class='ocrx_word' id='word_1_262' title='bbox 1239 1069 1446 1122; x_wconf 88' lang='lat' dir='ltr'>insipiens</span> <span class='ocrx_word' id='word_1_263' title='bbox 1475 1068 1519 1108; x_wconf 91' lang='lat' dir='ltr'>in</span> <span class='ocrx_word' id='word_1_264' title='bbox 1547 1065 1682 1109; x_wconf 87' lang='lat' dir='ltr'>corde</span> <span class='ocrx_word' id='word_1_265' title='bbox 1709 1077 1809 1107; x_wconf 84' lang='lat' dir='ltr'>suo:</span> <span class='ocrx_word' id='word_1_266' title='bbox 1838 1063 1863 1091; x_wconf 84' lang='lat'>*</span> 
     </span>
     <span class='ocr_line' id='line_1_62' title="bbox 1154 1126 1489 1169; baseline -0.012 0"><span class='ocrx_word' id='word_1_267' title='bbox 1154 1128 1254 1169; x_wconf 91' lang='lat' dir='ltr'>Non</span> <span class='ocrx_word' id='word_1_268' title='bbox 1274 1131 1340 1168; x_wconf 91' lang='lat' dir='ltr'>est</span> <span class='ocrx_word' id='word_1_269' title='bbox 1358 1126 1489 1167; x_wconf 89' lang='lat' dir='ltr'>Deus.</span> 
     </span>
    </p>

    <p class='ocr_par' dir='ltr' id='par_1_27' title="bbox 1042 1178 1866 1401">
     <span class='ocr_line' id='line_1_63' title="bbox 1094 1178 1864 1237; baseline -0.008 -11"><span class='ocrx_word' id='word_1_270' title='bbox 1094 1184 1298 1237; x_wconf 87' lang='lat' dir='ltr'>Corrupti</span> <span class='ocrx_word' id='word_1_271' title='bbox 1325 1186 1441 1231; x_wconf 88' lang='lat' dir='ltr'>sunt,</span> <span class='ocrx_word' id='word_1_272' title='bbox 1474 1186 1518 1223; x_wconf 89' lang='lat' dir='ltr'>et</span> <span class='ocrx_word' id='word_1_273' title='bbox 1549 1178 1864 1223; x_wconf 79' lang='lat' dir='ltr'>abominabiles</span> 
     </span>
     <span class='ocr_line' id='line_1_64' title="bbox 1042 1238 1866 1284; baseline -0.008 0"><span class='ocrx_word' id='word_1_274' title='bbox 1042 1242 1144 1284; x_wconf 84' lang='lat' dir='ltr'>facti</span> <span class='ocrx_word' id='word_1_275' title='bbox 1163 1246 1262 1283; x_wconf 85' lang='lat' dir='ltr'>sunt</span> <span class='ocrx_word' id='word_1_276' title='bbox 1279 1240 1323 1281; x_wconf 92' lang='lat' dir='ltr'>in</span> <span class='ocrx_word' id='word_1_277' title='bbox 1342 1238 1497 1281; x_wconf 90' lang='lat' dir='ltr'>studiis</span> <span class='ocrx_word' id='word_1_278' title='bbox 1517 1238 1620 1280; x_wconf 85' lang='lat' dir='ltr'>suis:</span> <span class='ocrx_word' id='word_1_279' title='bbox 1643 1238 1667 1264; x_wconf 89' lang='lat'>*</span> <span class='ocrx_word' id='word_1_280' title='bbox 1691 1248 1780 1279; x_wconf 92' lang='lat' dir='ltr'>non</span> <span class='ocrx_word' id='word_1_281' title='bbox 1798 1238 1866 1277; x_wconf 87' lang='lat' dir='ltr'>est</span> 
     </span>
     <span class='ocr_line' id='line_1_65' title="bbox 1045 1296 1866 1356; baseline -0.007 -16"><span class='ocrx_word' id='word_1_282' title='bbox 1045 1299 1117 1356; x_wconf 91' lang='lat' dir='ltr'>qui</span> <span class='ocrx_word' id='word_1_283' title='bbox 1148 1298 1278 1339; x_wconf 79' lang='lat' dir='ltr'>faciat</span> <span class='ocrx_word' id='word_1_284' title='bbox 1303 1296 1483 1345; x_wconf 92' lang='lat' dir='ltr'>bonum,</span> <span class='ocrx_word' id='word_1_285' title='bbox 1515 1308 1605 1339; x_wconf 91' lang='lat' dir='ltr'>non</span> <span class='ocrx_word' id='word_1_286' title='bbox 1632 1298 1700 1337; x_wconf 90' lang='lat' dir='ltr'>est</span> <span class='ocrx_word' id='word_1_287' title='bbox 1725 1304 1866 1346; x_wconf 87' lang='lat' dir='ltr'>usque</span> 
     </span>
     <span class='ocr_line' id='line_1_66' title="bbox 1044 1359 1262 1401; baseline -0.014 0"><span class='ocrx_word' id='word_1_288' title='bbox 1044 1359 1101 1401; x_wconf 91' lang='lat' dir='ltr'>ad</span> <span class='ocrx_word' id='word_1_289' title='bbox 1120 1372 1262 1400; x_wconf 92' lang='lat' dir='ltr'>unum.</span> 
     </span>
    </p>

    <p class='ocr_par' dir='ltr' id='par_1_28' title="bbox 1044 1407 1870 1579">
     <span class='ocr_line' id='line_1_67' title="bbox 1095 1407 1868 1464; baseline -0.013 -7"><span class='ocrx_word' id='word_1_290' title='bbox 1095 1416 1308 1457; x_wconf 85' lang='lat' dir='ltr'>Dominus</span> <span class='ocrx_word' id='word_1_291' title='bbox 1335 1413 1389 1455; x_wconf 89' lang='lat' dir='ltr'>de</span> <span class='ocrx_word' id='word_1_292' title='bbox 1411 1412 1524 1454; x_wconf 88' lang='lat' dir='ltr'>coelo</span> <span class='ocrx_word' id='word_1_293' title='bbox 1549 1407 1778 1464; x_wconf 77' lang='lat' dir='ltr'>prospexit</span> <span class='ocrx_word' id='word_1_294' title='bbox 1800 1419 1868 1448; x_wconf 86' lang='lat' dir='ltr'>su-</span> 
     </span>
     <span class='ocr_line' id='line_1_68' title="bbox 1044 1462 1870 1525; baseline -0.012 -11"><span class='ocrx_word' id='word_1_295' title='bbox 1044 1485 1123 1525; x_wconf 92' lang='lat' dir='ltr'>per</span> <span class='ocrx_word' id='word_1_296' title='bbox 1150 1472 1263 1513; x_wconf 86' lang='lat' dir='ltr'>filios</span> <span class='ocrx_word' id='word_1_297' title='bbox 1290 1470 1529 1519; x_wconf 82' lang='lat' dir='ltr'>hominum,</span> <span class='ocrx_word' id='word_1_298' title='bbox 1548 1468 1572 1494; x_wconf 88' lang='lat'>*</span> <span class='ocrx_word' id='word_1_299' title='bbox 1599 1470 1648 1508; x_wconf 87' lang='lat' dir='ltr'>ut</span> <span class='ocrx_word' id='word_1_300' title='bbox 1665 1463 1814 1507; x_wconf 84' lang='lat' dir='ltr'>videat</span> <span class='ocrx_word' id='word_1_301' title='bbox 1832 1462 1870 1504; x_wconf 86' lang='lat' dir='ltr'>si</span> 
     </span>
     <span class='ocr_line' id='line_1_69' title="bbox 1046 1522 1870 1579; baseline -0.011 -9"><span class='ocrx_word' id='word_1_302' title='bbox 1046 1534 1112 1571; x_wconf 91' lang='lat' dir='ltr'>est</span> <span class='ocrx_word' id='word_1_303' title='bbox 1126 1528 1378 1579; x_wconf 86' lang='lat' dir='ltr'>intelligens,</span> <span class='ocrx_word' id='word_1_304' title='bbox 1394 1531 1468 1567; x_wconf 93' lang='lat' dir='ltr'>aut</span> <span class='ocrx_word' id='word_1_305' title='bbox 1478 1526 1705 1578; x_wconf 87' lang='lat' dir='ltr'>requirens</span> <span class='ocrx_word' id='word_1_306' title='bbox 1714 1522 1870 1563; x_wconf 91' lang='lat' dir='ltr'>Deum.</span> 
     </span>
    </p>

    <p class='ocr_par' dir='ltr' id='par_1_29' title="bbox 1047 1577 1872 1795">
     <span class='ocr_line' id='line_1_70' title="bbox 1099 1577 1870 1631; baseline -0.013 -4"><span class='ocrx_word' id='word_1_307' title='bbox 1099 1585 1260 1627; x_wconf 91' lang='lat' dir='ltr'>Omnes</span> <span class='ocrx_word' id='word_1_308' title='bbox 1285 1583 1631 1631; x_wconf 83' lang='lat' dir='ltr'>declinaverunt,</span> <span class='ocrx_word' id='word_1_309' title='bbox 1659 1577 1788 1621; x_wconf 88' lang='lat' dir='ltr'>simul</span> <span class='ocrx_word' id='word_1_310' title='bbox 1810 1577 1870 1618; x_wconf 91' lang='lat' dir='ltr'>in-</span> 
     </span>
     <span class='ocr_line' id='line_1_71' title="bbox 1047 1633 1870 1688; baseline -0.011 -5"><span class='ocrx_word' id='word_1_311' title='bbox 1047 1641 1174 1683; x_wconf 81' lang='lat' dir='ltr'>utiles</span> <span class='ocrx_word' id='word_1_312' title='bbox 1198 1640 1299 1681; x_wconf 90' lang='lat' dir='ltr'>facti</span> <span class='ocrx_word' id='word_1_313' title='bbox 1319 1644 1433 1681; x_wconf 86' lang='lat' dir='ltr'>sunt:</span> <span class='ocrx_word' id='word_1_314' title='bbox 1460 1639 1483 1664; x_wconf 89' lang='lat'>*</span> <span class='ocrx_word' id='word_1_315' title='bbox 1510 1651 1599 1680; x_wconf 92' lang='lat' dir='ltr'>non</span> <span class='ocrx_word' id='word_1_316' title='bbox 1623 1640 1690 1679; x_wconf 89' lang='lat' dir='ltr'>est</span> <span class='ocrx_word' id='word_1_317' title='bbox 1714 1634 1789 1688; x_wconf 91' lang='lat' dir='ltr'>qui</span> <span class='ocrx_word' id='word_1_318' title='bbox 1811 1633 1870 1675; x_wconf 77' lang='lat' dir='ltr'>fa-</span> 
     </span>
     <span class='ocr_line' id='line_1_72' title="bbox 1049 1687 1872 1745; baseline -0.01 -6"><span class='ocrx_word' id='word_1_319' title='bbox 1049 1698 1134 1739; x_wconf 89' lang='lat' dir='ltr'>ciat</span> <span class='ocrx_word' id='word_1_320' title='bbox 1172 1696 1354 1745; x_wconf 89' lang='lat' dir='ltr'>bonum,</span> <span class='ocrx_word' id='word_1_321' title='bbox 1398 1707 1484 1737; x_wconf 93' lang='lat' dir='ltr'>non</span> <span class='ocrx_word' id='word_1_322' title='bbox 1526 1699 1593 1737; x_wconf 88' lang='lat' dir='ltr'>est</span> <span class='ocrx_word' id='word_1_323' title='bbox 1632 1704 1773 1745; x_wconf 90' lang='lat' dir='ltr'>usque</span> <span class='ocrx_word' id='word_1_324' title='bbox 1814 1687 1872 1731; x_wconf 90' lang='lat' dir='ltr'>ad</span> 
     </span>
     <span class='ocr_line' id='line_1_73' title="bbox 1049 1767 1191 1795; baseline -0.007 0"><span class='ocrx_word' id='word_1_325' title='bbox 1049 1767 1191 1795; x_wconf 90' lang='lat' dir='ltr'>unum.</span> 
     </span>
    </p>

    <p class='ocr_par' dir='ltr' id='par_1_30' title="bbox 1051 1807 1874 2021">
     <span class='ocr_line' id='line_1_74' title="bbox 1101 1807 1874 1863; baseline -0.01 -11"><span class='ocrx_word' id='word_1_326' title='bbox 1101 1809 1386 1863; x_wconf 86' lang='lat' dir='ltr'>Sepulchrum</span> <span class='ocrx_word' id='word_1_327' title='bbox 1430 1813 1585 1862; x_wconf 90' lang='lat' dir='ltr'>patens</span> <span class='ocrx_word' id='word_1_328' title='bbox 1622 1810 1689 1849; x_wconf 89' lang='lat' dir='ltr'>est</span> <span class='ocrx_word' id='word_1_329' title='bbox 1724 1807 1874 1856; x_wconf 90' lang='lat' dir='ltr'>guttur</span> 
     </span>
     <span class='ocr_line' id='line_1_75' title="bbox 1052 1860 1874 1917; baseline -0.009 -9"><span class='ocrx_word' id='word_1_330' title='bbox 1052 1869 1218 1908; x_wconf 85' lang='lat' dir='ltr'>eorum:</span> <span class='ocrx_word' id='word_1_331' title='bbox 1233 1866 1387 1917; x_wconf 90' lang='lat' dir='ltr'>linguis</span> <span class='ocrx_word' id='word_1_332' title='bbox 1403 1866 1491 1907; x_wconf 90' lang='lat' dir='ltr'>suis</span> <span class='ocrx_word' id='word_1_333' title='bbox 1506 1864 1660 1906; x_wconf 83' lang='lat' dir='ltr'>dolose</span> <span class='ocrx_word' id='word_1_334' title='bbox 1675 1860 1874 1913; x_wconf 82' lang='lat' dir='ltr'>agebant,</span> 
     </span>
     <span class='ocr_line' id='line_1_76' title="bbox 1051 1916 1874 1975; baseline -0.01 -10"><span class='ocrx_word' id='word_1_335' title='bbox 1051 1924 1074 1949; x_wconf 83' lang='lat'>*</span> <span class='ocrx_word' id='word_1_336' title='bbox 1119 1925 1331 1965; x_wconf 88' lang='lat' dir='ltr'>venenum</span> <span class='ocrx_word' id='word_1_337' title='bbox 1375 1921 1576 1975; x_wconf 79' lang='lat' dir='ltr'>aspidum</span> <span class='ocrx_word' id='word_1_338' title='bbox 1622 1918 1703 1961; x_wconf 90' lang='lat' dir='ltr'>sub</span> <span class='ocrx_word' id='word_1_339' title='bbox 1747 1916 1874 1959; x_wconf 76' lang='lat' dir='ltr'>labiis</span> 
     </span>
     <span class='ocr_line' id='line_1_77' title="bbox 1054 1981 1214 2021; baseline -0.006 0"><span class='ocrx_word' id='word_1_340' title='bbox 1054 1981 1214 2021; x_wconf 81' lang='lat' dir='ltr'>eorum.</span> 
     </span>
    </p>

    <p class='ocr_par' dir='ltr' id='par_1_31' title="bbox 1055 2034 1877 2255">
     <span class='ocr_line' id='line_1_78' title="bbox 1105 2034 1875 2086; baseline -0.009 -8"><span class='ocrx_word' id='word_1_341' title='bbox 1105 2037 1299 2086; x_wconf 92' lang='lat' dir='ltr'>Quorum</span> <span class='ocrx_word' id='word_1_342' title='bbox 1315 2048 1364 2077; x_wconf 93' lang='lat' dir='ltr'>os</span> <span class='ocrx_word' id='word_1_343' title='bbox 1382 2034 1688 2076; x_wconf 73' lang='lat' dir='ltr'>maledietit&#39;me</span> <span class='ocrx_word' id='word_1_344' title='bbox 1703 2036 1748 2073; x_wconf 90' lang='lat' dir='ltr'>et</span> <span class='ocrx_word' id='word_1_345' title='bbox 1762 2042 1875 2072; x_wconf 90' lang='lat' dir='ltr'>ama-</span> 
     </span>
     <span class='ocr_line' id='line_1_79' title="bbox 1055 2089 1875 2145; baseline -0.007 -11"><span class='ocrx_word' id='word_1_346' title='bbox 1055 2092 1241 2134; x_wconf 90' lang='lat' dir='ltr'>ritudine</span> <span class='ocrx_word' id='word_1_347' title='bbox 1260 2092 1436 2145; x_wconf 92' lang='lat' dir='ltr'>plenum</span> <span class='ocrx_word' id='word_1_348' title='bbox 1456 2096 1537 2133; x_wconf 89' lang='lat' dir='ltr'>est:</span> <span class='ocrx_word' id='word_1_349' title='bbox 1560 2092 1583 2116; x_wconf 86' lang='grc'>*</span> <span class='ocrx_word' id='word_1_350' title='bbox 1609 2089 1784 2132; x_wconf 82' lang='lat' dir='ltr'>veloces</span> <span class='ocrx_word' id='word_1_351' title='bbox 1803 2099 1875 2140; x_wconf 90' lang='lat' dir='ltr'>pe-</span> 
     </span>
     <span class='ocr_line' id='line_1_80' title="bbox 1056 2145 1877 2213; baseline -0.007 -23"><span class='ocrx_word' id='word_1_352' title='bbox 1056 2148 1134 2213; x_wconf 81' lang='lat' dir='ltr'>des</span> <span class='ocrx_word' id='word_1_353' title='bbox 1166 2151 1316 2190; x_wconf 75' lang='lat' dir='ltr'>eerum</span> <span class='ocrx_word' id='word_1_354' title='bbox 1353 2148 1410 2190; x_wconf 90' lang='lat' dir='ltr'>ad</span> <span class='ocrx_word' id='word_1_355' title='bbox 1441 2146 1751 2189; x_wconf 86' lang='lat' dir='ltr'>effundendum</span> <span class='ocrx_word' id='word_1_356' title='bbox 1783 2145 1877 2185; x_wconf 81' lang='lat' dir='ltr'>san-</span> 
     </span>
     <span class='ocr_line' id='line_1_81' title="bbox 1056 2218 1238 2255; baseline 0 -10"><span class='ocrx_word' id='word_1_357' title='bbox 1056 2218 1238 2255; x_wconf 83' lang='lat' dir='ltr'>gulnem.</span> 
     </span>
    </p>

    <p class='ocr_par' dir='ltr' id='par_1_32' title="bbox 1059 2259 1881 2471">
     <span class='ocr_line' id='line_1_82' title="bbox 1110 2259 1879 2302; baseline -0.004 0"><span class='ocrx_word' id='word_1_358' title='bbox 1110 2261 1322 2302; x_wconf 89' lang='lat' dir='ltr'>Contritio</span> <span class='ocrx_word' id='word_1_359' title='bbox 1343 2266 1385 2302; x_wconf 90' lang='lat' dir='ltr'>et</span> <span class='ocrx_word' id='word_1_360' title='bbox 1404 2260 1631 2302; x_wconf 86' lang='lat' dir='ltr'>infelicitas</span> <span class='ocrx_word' id='word_1_361' title='bbox 1650 2260 1693 2300; x_wconf 92' lang='lat' dir='ltr'>in</span> <span class='ocrx_word' id='word_1_362' title='bbox 1709 2259 1789 2301; x_wconf 91' lang='lat' dir='ltr'>viis</span> <span class='ocrx_word' id='word_1_363' title='bbox 1809 2259 1879 2300; x_wconf 83' lang='lat' dir='ltr'>eo-</span> 
     </span>
     <span class='ocr_line' id='line_1_83' title="bbox 1059 2316 1880 2369; baseline -0.002 -11"><span class='ocrx_word' id='word_1_364' title='bbox 1059 2331 1172 2366; x_wconf 89' lang='lat' dir='ltr'>rum,</span> <span class='ocrx_word' id='word_1_365' title='bbox 1201 2323 1244 2359; x_wconf 85' lang='lat' dir='ltr'>et</span> <span class='ocrx_word' id='word_1_366' title='bbox 1267 2318 1381 2358; x_wconf 90' lang='lat' dir='ltr'>viam</span> <span class='ocrx_word' id='word_1_367' title='bbox 1408 2317 1528 2369; x_wconf 92' lang='lat' dir='ltr'>pacis</span> <span class='ocrx_word' id='word_1_368' title='bbox 1556 2330 1643 2358; x_wconf 93' lang='lat' dir='ltr'>non</span> <span class='ocrx_word' id='word_1_369' title='bbox 1667 2316 1880 2367; x_wconf 88' lang='lat' dir='ltr'>cognove-</span> 
     </span>
     <span class='ocr_line' id='line_1_84' title="bbox 1061 2373 1881 2415; baseline -0.001 -2"><span class='ocrx_word' id='word_1_370' title='bbox 1061 2379 1173 2415; x_wconf 85' lang='lat' dir='ltr'>runt:</span> <span class='ocrx_word' id='word_1_371' title='bbox 1191 2374 1214 2399; x_wconf 90' lang='lat'>*</span> <span class='ocrx_word' id='word_1_372' title='bbox 1234 2386 1320 2415; x_wconf 92' lang='lat' dir='ltr'>non</span> <span class='ocrx_word' id='word_1_373' title='bbox 1340 2379 1406 2415; x_wconf 89' lang='lat' dir='ltr'>est</span> <span class='ocrx_word' id='word_1_374' title='bbox 1424 2374 1553 2415; x_wconf 90' lang='lat' dir='ltr'>timor</span> <span class='ocrx_word' id='word_1_375' title='bbox 1567 2373 1651 2415; x_wconf 90' lang='lat' dir='ltr'>Dei</span> <span class='ocrx_word' id='word_1_376' title='bbox 1666 2378 1766 2414; x_wconf 89' lang='lat' dir='ltr'>ante</span> <span class='ocrx_word' id='word_1_377' title='bbox 1781 2374 1881 2413; x_wconf 84' lang='lat' dir='ltr'>ocu-</span> 
     </span>
     <span class='ocr_line' id='line_1_85' title="bbox 1061 2430 1309 2471; baseline -0.004 0"><span class='ocrx_word' id='word_1_378' title='bbox 1061 2430 1126 2471; x_wconf 87' lang='lat' dir='ltr'>los</span> <span class='ocrx_word' id='word_1_379' title='bbox 1149 2431 1309 2471; x_wconf 73' lang='lat' dir='ltr'>eerum.</span> 
     </span>
    </p>

    <p class='ocr_par' dir='ltr' id='par_1_33' title="bbox 1063 2482 1885 2705">
     <span class='ocr_line' id='line_1_86' title="bbox 1112 2482 1883 2537; baseline -0.003 -10"><span class='ocrx_word' id='word_1_380' title='bbox 1112 2486 1266 2527; x_wconf 86' lang='lat' dir='ltr'>Nonne</span> <span class='ocrx_word' id='word_1_381' title='bbox 1309 2488 1575 2536; x_wconf 78' lang='lat' dir='ltr'>cognescent</span> <span class='ocrx_word' id='word_1_382' title='bbox 1616 2498 1768 2527; x_wconf 88' lang='lat' dir='ltr'>omnes</span> <span class='ocrx_word' id='word_1_383' title='bbox 1810 2482 1883 2537; x_wconf 93' lang='lat' dir='ltr'>qui</span> 
     </span>
     <span class='ocr_line' id='line_1_87' title="bbox 1063 2539 1883 2595; baseline -0.002 -12"><span class='ocrx_word' id='word_1_384' title='bbox 1063 2544 1297 2594; x_wconf 75' lang='lat' dir='ltr'>operantur</span> <span class='ocrx_word' id='word_1_385' title='bbox 1325 2542 1614 2594; x_wconf 84' lang='lat' dir='ltr'>iniquitatem,</span> <span class='ocrx_word' id='word_1_386' title='bbox 1648 2543 1671 2568; x_wconf 90' lang='lat'>*</span> <span class='ocrx_word' id='word_1_387' title='bbox 1706 2542 1780 2595; x_wconf 89' lang='lat' dir='ltr'>qui</span> <span class='ocrx_word' id='word_1_388' title='bbox 1813 2539 1883 2582; x_wconf 90' lang='lat' dir='ltr'>de-</span> 
     </span>
     <span class='ocr_line' id='line_1_88' title="bbox 1066 2598 1885 2651; baseline -0.001 -13"><span class='ocrx_word' id='word_1_389' title='bbox 1066 2604 1218 2639; x_wconf 84' lang='lat' dir='ltr'>vorant</span> <span class='ocrx_word' id='word_1_390' title='bbox 1242 2598 1415 2651; x_wconf 87' lang='lat' dir='ltr'>plebem</span> <span class='ocrx_word' id='word_1_391' title='bbox 1439 2611 1580 2640; x_wconf 85' lang='lat' dir='ltr'>meam</span> <span class='ocrx_word' id='word_1_392' title='bbox 1604 2599 1715 2640; x_wconf 88' lang='lat' dir='ltr'>sieut</span> <span class='ocrx_word' id='word_1_393' title='bbox 1739 2610 1885 2640; x_wconf 89' lang='lat' dir='ltr'>escam</span> 
     </span>
     <span class='ocr_line' id='line_1_89' title="bbox 1064 2653 1209 2705; baseline 0 -11"><span class='ocrx_word' id='word_1_394' title='bbox 1064 2653 1209 2705; x_wconf 86' lang='lat' dir='ltr'>panis?</span> 
     </span>
    </p>

    <p class='ocr_par' dir='ltr' id='par_1_34' title="bbox 1117 2710 1886 2761">
     <span class='ocr_line' id='line_1_90' title="bbox 1117 2710 1886 2761; baseline 0.005 -11"><span class='ocrx_word' id='word_1_395' title='bbox 1117 2710 1350 2750; x_wconf 80' lang='lat' dir='ltr'>Dominum</span> <span class='ocrx_word' id='word_1_396' title='bbox 1382 2722 1469 2751; x_wconf 94' lang='lat' dir='ltr'>non</span> <span class='ocrx_word' id='word_1_397' title='bbox 1500 2711 1830 2761; x_wconf 87' lang='lat' dir='ltr'>invocaverunt,</span> <span class='ocrx_word' id='word_1_398' title='bbox 1862 2710 1886 2735; x_wconf 88' lang='grc'>*</span> 
     </span>
    </p>
   </div>
  </div>
 </body>
</html>
