<?xml version="1.0" encoding="UTF-8"?>
<!DOCTYPE html PUBLIC "-//W3C//DTD XHTML 1.0 Transitional//EN"
    "http://www.w3.org/TR/xhtml1/DTD/xhtml1-transitional.dtd">
<html xmlns="http://www.w3.org/1999/xhtml" xml:lang="en" lang="en">
 <head>
  <title>
</title>
<meta http-equiv="Content-Type" content="text/html;charset=utf-8" />
  <meta name='ocr-system' content='tesseract 3.04.00' />
  <meta name='ocr-capabilities' content='ocr_page ocr_carea ocr_par ocr_line ocrx_word'/>
</head>
<body>
  <div class='ocr_page' id='page_1' title='image "./p2breviariumroma00cathuoft_0965.png"; bbox 0 0 2066 2956; ppageno 0'>
   <div class='ocr_carea' id='block_1_1' title="bbox 534 236 1434 271">
    <p class='ocr_par' dir='ltr' id='par_1_1' title="bbox 534 236 1434 271">
     <span class='ocr_line' id='line_1_1' title="bbox 534 236 1434 271; baseline 0.001 -2"><span class='ocrx_word' id='word_1_1' title='bbox 534 236 604 270; x_wconf 78' lang='lat' dir='ltr'>Die</span> <span class='ocrx_word' id='word_1_2' title='bbox 629 239 659 270; x_wconf 63' lang='grc' dir='ltr'>ἔ).</span> <span class='ocrx_word' id='word_1_3' title='bbox 685 237 800 271; x_wconf 74' lang='lat' dir='ltr'>Junii.</span> <span class='ocrx_word' id='word_1_4' title='bbox 846 238 885 271; x_wconf 76' lang='grc' dir='ltr'>Β.</span> <span class='ocrx_word' id='word_1_5' title='bbox 912 238 956 271; x_wconf 81' lang='lat' dir='ltr'>M.</span> <span class='ocrx_word' id='word_1_6' title='bbox 982 238 1024 271; x_wconf 66' lang='lat' dir='ltr'>Y.</span> <span class='ocrx_word' id='word_1_7' title='bbox 1052 238 1182 271; x_wconf 71' lang='lat' dir='ltr'>Matris</span> <span class='ocrx_word' id='word_1_8' title='bbox 1208 239 1434 271; x_wconf 66' lang='lat' dir='ltr'>Gratiarum.</span> 
     </span>
    </p>
   </div>
   <div class='ocr_carea' id='block_1_2' title="bbox 139 325 964 1055">
    <p class='ocr_par' dir='ltr' id='par_1_2' title="bbox 139 325 964 1055">
     <span class='ocr_line' id='line_1_2' title="bbox 139 325 963 376; baseline -0.001 -8"><span class='ocrx_word' id='word_1_9' title='bbox 139 340 229 368; x_wconf 93' lang='lat' dir='ltr'>non</span> <span class='ocrx_word' id='word_1_10' title='bbox 257 327 318 368; x_wconf 92' lang='lat' dir='ltr'>ita</span> <span class='ocrx_word' id='word_1_11' title='bbox 347 326 520 367; x_wconf 87' lang='lat' dir='ltr'>silentio</span> <span class='ocrx_word' id='word_1_12' title='bbox 548 325 710 367; x_wconf 78' lang='lat' dir='ltr'>tradita</span> <span class='ocrx_word' id='word_1_13' title='bbox 741 326 811 376; x_wconf 85' lang='lat' dir='ltr'>sit,</span> <span class='ocrx_word' id='word_1_14' title='bbox 843 331 892 368; x_wconf 89' lang='lat' dir='ltr'>ut</span> <span class='ocrx_word' id='word_1_15' title='bbox 919 327 963 367; x_wconf 93' lang='lat' dir='ltr'>in</span> 
     </span>
     <span class='ocr_line' id='line_1_3' title="bbox 141 379 963 434; baseline -0.001 -9"><span class='ocrx_word' id='word_1_16' title='bbox 141 385 292 425; x_wconf 93' lang='lat' dir='ltr'>eorum</span> <span class='ocrx_word' id='word_1_17' title='bbox 313 382 441 424; x_wconf 88' lang='lat' dir='ltr'>dictis</span> <span class='ocrx_word' id='word_1_18' title='bbox 457 382 665 423; x_wconf 79' lang='lat' dir='ltr'>virtutum</span> <span class='ocrx_word' id='word_1_19' title='bbox 684 379 963 434; x_wconf 76' lang='lat' dir='ltr'>ejus&#39;claritas</span> 
     </span>
     <span class='ocr_line' id='line_1_4' title="bbox 140 437 963 490; baseline -0.001 -9"><span class='ocrx_word' id='word_1_20' title='bbox 140 439 395 481; x_wconf 85' lang='lat' dir='ltr'>tenuissimo</span> <span class='ocrx_word' id='word_1_21' title='bbox 415 437 554 487; x_wconf 81' lang='lat' dir='ltr'>radio,</span> <span class='ocrx_word' id='word_1_22' title='bbox 577 438 712 480; x_wconf 89' lang='lat' dir='ltr'>veluti</span> <span class='ocrx_word' id='word_1_23' title='bbox 735 451 813 490; x_wconf 92' lang='lat' dir='ltr'>per</span> <span class='ocrx_word' id='word_1_24' title='bbox 838 451 963 490; x_wconf 92' lang='lat' dir='ltr'>quas-</span> 
     </span>
     <span class='ocr_line' id='line_1_5' title="bbox 141 493 963 544; baseline -0.002 -7"><span class='ocrx_word' id='word_1_25' title='bbox 141 495 242 537; x_wconf 91' lang='lat' dir='ltr'>dam</span> <span class='ocrx_word' id='word_1_26' title='bbox 269 493 504 536; x_wconf 91' lang='lat' dir='ltr'>verborum</span> <span class='ocrx_word' id='word_1_27' title='bbox 531 494 725 544; x_wconf 89' lang='lat' dir='ltr'>rimulas,</span> <span class='ocrx_word' id='word_1_28' title='bbox 763 507 850 536; x_wconf 91' lang='lat' dir='ltr'>non</span> <span class='ocrx_word' id='word_1_29' title='bbox 879 498 963 536; x_wconf 89' lang='lat' dir='ltr'>eni-</span> 
     </span>
     <span class='ocr_line' id='line_1_6' title="bbox 139 550 962 602; baseline -0.004 -8"><span class='ocrx_word' id='word_1_30' title='bbox 139 557 242 594; x_wconf 85' lang='lat' dir='ltr'><strong>teat.</strong></span> <span class='ocrx_word' id='word_1_31' title='bbox 268 551 356 593; x_wconf 88' lang='lat' dir='ltr'>Sed</span> <span class='ocrx_word' id='word_1_32' title='bbox 373 550 490 592; x_wconf 92' lang='lat' dir='ltr'>unde</span> <span class='ocrx_word' id='word_1_33' title='bbox 509 551 647 602; x_wconf 88' lang='lat' dir='ltr'>magis</span> <span class='ocrx_word' id='word_1_34' title='bbox 663 552 754 602; x_wconf 87' lang='lat' dir='ltr'>ejus</span> <span class='ocrx_word' id='word_1_35' title='bbox 769 550 962 601; x_wconf 87' lang='lat' dir='ltr'>gloriam,</span> 
     </span>
     <span class='ocr_line' id='line_1_7' title="bbox 139 606 962 659; baseline -0.002 -9"><span class='ocrx_word' id='word_1_36' title='bbox 139 609 332 658; x_wconf 54' lang='lat' dir='ltr'>virtutes</span> <span class='ocrx_word' id='word_1_37' title='bbox 349 606 563 659; x_wconf 88' lang='lat' dir='ltr'>dotesque</span> <span class='ocrx_word' id='word_1_38' title='bbox 579 607 709 647; x_wconf 84' lang='lat' dir='ltr'>animi</span> <span class='ocrx_word' id='word_1_39' title='bbox 722 607 962 659; x_wconf 89' lang='lat' dir='ltr'>poterimus</span> 
     </span>
     <span class='ocr_line' id='line_1_8' title="bbox 141 662 963 717; baseline -0.004 -11"><span class='ocrx_word' id='word_1_40' title='bbox 141 664 374 717; x_wconf 82' lang='lat' dir='ltr'>auspicari,</span> <span class='ocrx_word' id='word_1_41' title='bbox 414 676 544 716; x_wconf 91' lang='lat' dir='ltr'>quam</span> <span class='ocrx_word' id='word_1_42' title='bbox 582 676 636 704; x_wconf 83' lang='lat' dir='ltr'>ex</span> <span class='ocrx_word' id='word_1_43' title='bbox 672 662 747 704; x_wconf 89' lang='lat' dir='ltr'>illo</span> <span class='ocrx_word' id='word_1_44' title='bbox 781 663 963 704; x_wconf 89' lang='lat' dir='ltr'>mirifico</span> 
     </span>
     <span class='ocr_line' id='line_1_9' title="bbox 141 717 963 772; baseline -0.004 -10"><span class='ocrx_word' id='word_1_45' title='bbox 141 721 231 772; x_wconf 90' lang='lat' dir='ltr'>ejus</span> <span class='ocrx_word' id='word_1_46' title='bbox 257 725 301 762; x_wconf 91' lang='lat' dir='ltr'>et</span> <span class='ocrx_word' id='word_1_47' title='bbox 324 719 481 771; x_wconf 88' lang='lat' dir='ltr'>Angeli</span> <span class='ocrx_word' id='word_1_48' title='bbox 507 717 752 770; x_wconf 84' lang='lat' dir='ltr'>colloquio?</span> <span class='ocrx_word' id='word_1_49' title='bbox 797 720 846 759; x_wconf 92' lang='lat' dir='ltr'>In</span> <span class='ocrx_word' id='word_1_50' title='bbox 876 731 963 771; x_wconf 92' lang='lat' dir='ltr'>quo</span> 
     </span>
     <span class='ocr_line' id='line_1_10' title="bbox 140 774 963 830; baseline -0.002 -12"><span class='ocrx_word' id='word_1_51' title='bbox 140 781 301 830; x_wconf 83' lang='lat' dir='ltr'>praeter</span> <span class='ocrx_word' id='word_1_52' title='bbox 319 776 415 826; x_wconf 90' lang='lat' dir='ltr'>hoc,</span> <span class='ocrx_word' id='word_1_53' title='bbox 437 774 556 828; x_wconf 94' lang='lat' dir='ltr'>quod</span> <span class='ocrx_word' id='word_1_54' title='bbox 574 775 769 826; x_wconf 91' lang='lat' dir='ltr'>angelico</span> <span class='ocrx_word' id='word_1_55' title='bbox 790 775 963 827; x_wconf 90' lang='lat' dir='ltr'>eloquio</span> 
     </span>
     <span class='ocr_line' id='line_1_11' title="bbox 140 832 963 885; baseline -0.004 -10"><span class='ocrx_word' id='word_1_56' title='bbox 140 833 280 884; x_wconf 81' lang='lat' dir='ltr'>gratia</span> <span class='ocrx_word' id='word_1_57' title='bbox 298 833 551 885; x_wconf 87' lang='lat' dir='ltr'>plenissima</span> <span class='ocrx_word' id='word_1_58' title='bbox 575 837 618 874; x_wconf 90' lang='lat' dir='ltr'>et</span> <span class='ocrx_word' id='word_1_59' title='bbox 637 832 828 873; x_wconf 91' lang='lat' dir='ltr'>omnium</span> <span class='ocrx_word' id='word_1_60' title='bbox 846 832 963 873; x_wconf 91' lang='lat' dir='ltr'>femi-</span> 
     </span>
     <span class='ocr_line' id='line_1_12' title="bbox 140 887 964 942; baseline -0.002 -12"><span class='ocrx_word' id='word_1_61' title='bbox 140 892 293 931; x_wconf 80' lang='lat' dir='ltr'>narum</span> <span class='ocrx_word' id='word_1_62' title='bbox 323 889 464 942; x_wconf 92' lang='lat' dir='ltr'>prima</span> <span class='ocrx_word' id='word_1_63' title='bbox 499 888 655 930; x_wconf 90' lang='lat' dir='ltr'>merito</span> <span class='ocrx_word' id='word_1_64' title='bbox 687 887 964 940; x_wconf 80' lang='lat' dir='ltr'>praedicatur,</span> 
     </span>
     <span class='ocr_line' id='line_1_13' title="bbox 142 943 963 997; baseline -0.004 -10"><span class='ocrx_word' id='word_1_65' title='bbox 142 959 196 988; x_wconf 85' lang='lat' dir='ltr'>ex</span> <span class='ocrx_word' id='word_1_66' title='bbox 212 945 346 997; x_wconf 89' lang='lat' dir='ltr'>gestis</span> <span class='ocrx_word' id='word_1_67' title='bbox 366 946 456 996; x_wconf 89' lang='lat' dir='ltr'>ejus</span> <span class='ocrx_word' id='word_1_68' title='bbox 477 949 520 986; x_wconf 90' lang='lat' dir='ltr'>et</span> <span class='ocrx_word' id='word_1_69' title='bbox 539 943 666 986; x_wconf 92' lang='lat' dir='ltr'>dictis</span> <span class='ocrx_word' id='word_1_70' title='bbox 683 944 819 986; x_wconf 93' lang='lat' dir='ltr'>multa</span> <span class='ocrx_word' id='word_1_71' title='bbox 837 944 963 985; x_wconf 92' lang='lat' dir='ltr'>nimis</span> 
     </span>
     <span class='ocr_line' id='line_1_14' title="bbox 141 1001 917 1055; baseline -0.004 -11"><span class='ocrx_word' id='word_1_72' title='bbox 141 1002 462 1055; x_wconf 87' lang='lat' dir='ltr'>praeconiorum</span> <span class='ocrx_word' id='word_1_73' title='bbox 482 1002 572 1053; x_wconf 90' lang='lat' dir='ltr'>ejus</span> <span class='ocrx_word' id='word_1_74' title='bbox 592 1001 714 1053; x_wconf 87' lang='lat' dir='ltr'><strong>sylva</strong></span> <span class='ocrx_word' id='word_1_75' title='bbox 734 1002 917 1042; x_wconf 90' lang='lat' dir='ltr'>emicuit.</span> 
     </span>
    </p>
   </div>
   <div class='ocr_carea' id='block_1_3' title="bbox 140 1069 965 1394">
    <p class='ocr_par' dir='ltr' id='par_1_3' title="bbox 140 1069 965 1394">
     <span class='ocr_line' id='line_1_15' title="bbox 195 1069 964 1127; baseline -0.004 -14"><span class='ocrx_word' id='word_1_76' title='bbox 195 1075 246 1127; x_wconf 70' lang='lat' dir='ltr'>R.</span> <span class='ocrx_word' id='word_1_77' title='bbox 269 1071 389 1113; x_wconf 88' lang='lat' dir='ltr'><strong>Sicut</strong></span> <span class='ocrx_word' id='word_1_78' title='bbox 412 1070 568 1112; x_wconf 86' lang='lat' dir='ltr'>cedrus</span> <span class='ocrx_word' id='word_1_79' title='bbox 594 1069 782 1111; x_wconf 80' lang='lat' dir='ltr'>exaltata</span> <span class='ocrx_word' id='word_1_80' title='bbox 806 1083 901 1111; x_wconf 90' lang='lat' dir='ltr'>sum</span> <span class='ocrx_word' id='word_1_81' title='bbox 921 1070 964 1110; x_wconf 91' lang='lat' dir='ltr'>in</span> 
     </span>
     <span class='ocr_line' id='line_1_16' title="bbox 141 1127 962 1179; baseline -0.004 -10"><span class='ocrx_word' id='word_1_82' title='bbox 141 1127 320 1178; x_wconf 83' lang='lat' dir='ltr'>Libano,</span> <span class='ocrx_word' id='word_1_83' title='bbox 340 1131 384 1169; x_wconf 91' lang='lat' dir='ltr'>et</span> <span class='ocrx_word' id='word_1_84' title='bbox 403 1127 515 1168; x_wconf 87' lang='lat' dir='ltr'>sicut</span> <span class='ocrx_word' id='word_1_85' title='bbox 535 1127 766 1179; x_wconf 86' lang='lat' dir='ltr'>cypressus</span> <span class='ocrx_word' id='word_1_86' title='bbox 786 1127 830 1166; x_wconf 91' lang='lat' dir='ltr'>in</span> <span class='ocrx_word' id='word_1_87' title='bbox 844 1138 962 1167; x_wconf 93' lang='lat' dir='ltr'>mon-</span> 
     </span>
     <span class='ocr_line' id='line_1_17' title="bbox 140 1182 963 1236; baseline -0.004 -11"><span class='ocrx_word' id='word_1_88' title='bbox 140 1189 185 1225; x_wconf 92' lang='lat' dir='ltr'>te</span> <span class='ocrx_word' id='word_1_89' title='bbox 204 1184 322 1225; x_wconf 89' lang='lat' dir='ltr'>Sion:</span> <span class='ocrx_word' id='word_1_90' title='bbox 343 1183 468 1236; x_wconf 82' lang='lat' dir='ltr'>quasi</span> <span class='ocrx_word' id='word_1_91' title='bbox 485 1182 662 1234; x_wconf 92' lang='lat' dir='ltr'>myrrha</span> <span class='ocrx_word' id='word_1_92' title='bbox 681 1182 828 1231; x_wconf 88' lang='lat' dir='ltr'>electa,</span> <span class='ocrx_word' id='word_1_93' title='bbox 846 1184 867 1207; x_wconf 87' lang='lat'>*</span> <span class='ocrx_word' id='word_1_94' title='bbox 880 1182 963 1223; x_wconf 91' lang='lat' dir='ltr'>De-</span> 
     </span>
     <span class='ocr_line' id='line_1_18' title="bbox 143 1235 964 1289; baseline -0.004 -8"><span class='ocrx_word' id='word_1_95' title='bbox 143 1239 187 1281; x_wconf 92' lang='lat' dir='ltr'>di</span> <span class='ocrx_word' id='word_1_96' title='bbox 198 1239 458 1281; x_wconf 84' lang='lat' dir='ltr'>suavitatem</span> <span class='ocrx_word' id='word_1_97' title='bbox 469 1238 630 1288; x_wconf 87' lang='lat' dir='ltr'>odoris,</span> <span class='ocrx_word' id='word_1_98' title='bbox 647 1238 828 1289; x_wconf 83' lang='lat' dir='ltr'>alleluia.</span> <span class='ocrx_word' id='word_1_99' title='bbox 848 1235 898 1286; x_wconf 64' lang='lat' dir='ltr'>V.</span> <span class='ocrx_word' id='word_1_100' title='bbox 908 1238 964 1278; x_wconf 89' lang='lat' dir='ltr'>Et</span> 
     </span>
     <span class='ocr_line' id='line_1_19' title="bbox 142 1294 965 1338; baseline -0.004 -1"><span class='ocrx_word' id='word_1_101' title='bbox 142 1296 254 1338; x_wconf 89' lang='lat' dir='ltr'>sicut</span> <span class='ocrx_word' id='word_1_102' title='bbox 285 1296 607 1337; x_wconf 87' lang='lat' dir='ltr'>cinnamomum</span> <span class='ocrx_word' id='word_1_103' title='bbox 643 1300 686 1337; x_wconf 91' lang='lat' dir='ltr'>et</span> <span class='ocrx_word' id='word_1_104' title='bbox 722 1294 965 1336; x_wconf 81' lang='lat' dir='ltr'>balsamum</span> 
     </span>
     <span class='ocr_line' id='line_1_20' title="bbox 143 1351 596 1394; baseline -0.004 0"><span class='ocrx_word' id='word_1_105' title='bbox 143 1354 445 1394; x_wconf 86' lang='lat' dir='ltr'>aromatizans.</span> <span class='ocrx_word' id='word_1_106' title='bbox 471 1351 596 1393; x_wconf 85' lang='lat' dir='ltr'>Dedi.</span> 
     </span>
    </p>
   </div>
   <div class='ocr_carea' id='block_1_4' title="bbox 141 1435 967 2503">
    <p class='ocr_par' dir='ltr' id='par_1_4' title="bbox 452 1435 659 1476">
     <span class='ocr_line' id='line_1_21' title="bbox 452 1435 659 1476; baseline -0.014 0"><span class='ocrx_word' id='word_1_107' title='bbox 452 1435 603 1476; x_wconf 84' lang='lat' dir='ltr'>Lectio</span> <span class='ocrx_word' id='word_1_108' title='bbox 624 1448 659 1473; x_wconf 90' lang='lat' dir='ltr'>v.</span> 
     </span>
    </p>

    <p class='ocr_par' dir='ltr' id='par_1_5' title="bbox 192 1493 964 1547">
     <span class='ocr_line' id='line_1_22' title="bbox 192 1493 964 1547; baseline -0.005 -10"><span class='ocrx_word' id='word_1_109' title='bbox 192 1497 397 1547; x_wconf 83' lang='lat' dir='ltr'>ngressus</span> <span class='ocrx_word' id='word_1_110' title='bbox 415 1494 610 1545; x_wconf 85' lang='lat' dir='ltr'>Angelus</span> <span class='ocrx_word' id='word_1_111' title='bbox 630 1495 827 1543; x_wconf 80' lang='lat' dir='ltr'>ovanter,</span> <span class='ocrx_word' id='word_1_112' title='bbox 856 1493 964 1534; x_wconf 92' lang='lat' dir='ltr'>salu-</span> 
     </span>
    </p>

    <p class='ocr_par' dir='ltr' id='par_1_6' title="bbox 141 1549 967 2503">
     <span class='ocr_line' id='line_1_23' title="bbox 205 1549 964 1601; baseline -0.007 -7"><span class='ocrx_word' id='word_1_113' title='bbox 205 1552 316 1595; x_wconf 79' lang='lat' dir='ltr'>tavit</span> <span class='ocrx_word' id='word_1_114' title='bbox 351 1553 616 1593; x_wconf 78' lang='lat' dir='ltr'>reverenter:</span> <span class='ocrx_word' id='word_1_115' title='bbox 661 1550 774 1600; x_wconf 88' lang='lat' dir='ltr'>Ave,</span> <span class='ocrx_word' id='word_1_116' title='bbox 809 1549 964 1601; x_wconf 88' lang='lat' dir='ltr'>inquit,</span> 
     </span>
     <span class='ocr_line' id='line_1_24' title="bbox 141 1606 963 1661; baseline -0.005 -11"><span class='ocrx_word' id='word_1_117' title='bbox 141 1609 281 1661; x_wconf 80' lang='lat' dir='ltr'>gratia</span> <span class='ocrx_word' id='word_1_118' title='bbox 299 1608 446 1661; x_wconf 87' lang='lat' dir='ltr'>plena:</span> <span class='ocrx_word' id='word_1_119' title='bbox 463 1608 677 1649; x_wconf 88' lang='lat' dir='ltr'>Dominus</span> <span class='ocrx_word' id='word_1_120' title='bbox 696 1611 857 1648; x_wconf 90' lang='lat' dir='ltr'>tecum:</span> <span class='ocrx_word' id='word_1_121' title='bbox 875 1606 963 1658; x_wconf 90' lang='lat' dir='ltr'>ple-</span> 
     </span>
     <span class='ocr_line' id='line_1_25' title="bbox 141 1661 965 1717; baseline -0.005 -10"><span class='ocrx_word' id='word_1_122' title='bbox 141 1678 198 1707; x_wconf 88' lang='lat' dir='ltr'>na</span> <span class='ocrx_word' id='word_1_123' title='bbox 228 1666 382 1716; x_wconf 78' lang='lat' dir='ltr'>gratia,</span> <span class='ocrx_word' id='word_1_124' title='bbox 414 1663 636 1717; x_wconf 88' lang='lat' dir='ltr'>implenda</span> <span class='ocrx_word' id='word_1_125' title='bbox 666 1663 856 1712; x_wconf 78' lang='lat' dir='ltr'>Deitate‚</span> <span class='ocrx_word' id='word_1_126' title='bbox 891 1661 965 1703; x_wconf 93' lang='lat' dir='ltr'>ob-</span> 
     </span>
     <span class='ocr_line' id='line_1_26' title="bbox 142 1718 965 1772; baseline -0.006 -8"><span class='ocrx_word' id='word_1_127' title='bbox 142 1721 383 1764; x_wconf 81' lang='lat' dir='ltr'>umbranda</span> <span class='ocrx_word' id='word_1_128' title='bbox 400 1721 576 1770; x_wconf 76' lang='lat' dir='ltr'>virtute3</span> <span class='ocrx_word' id='word_1_129' title='bbox 594 1719 733 1771; x_wconf 83' lang='lat' dir='ltr'>gratia</span> <span class='ocrx_word' id='word_1_130' title='bbox 750 1718 890 1772; x_wconf 91' lang='lat' dir='ltr'>plena,</span> <span class='ocrx_word' id='word_1_131' title='bbox 911 1718 965 1759; x_wconf 92' lang='lat' dir='ltr'>de</span> 
     </span>
     <span class='ocr_line' id='line_1_27' title="bbox 143 1775 964 1831; baseline -0.007 -11"><span class='ocrx_word' id='word_1_132' title='bbox 143 1778 263 1830; x_wconf 84' lang='lat' dir='ltr'>cujus</span> <span class='ocrx_word' id='word_1_133' title='bbox 302 1775 574 1831; x_wconf 77' lang='lat' dir='ltr'>plenitudine</span> <span class='ocrx_word' id='word_1_134' title='bbox 616 1775 836 1828; x_wconf 90' lang='lat' dir='ltr'>accipiunt</span> <span class='ocrx_word' id='word_1_135' title='bbox 876 1775 964 1815; x_wconf 92' lang='lat' dir='ltr'>uni-</span> 
     </span>
     <span class='ocr_line' id='line_1_28' title="bbox 142 1830 965 1885; baseline -0.005 -9"><span class='ocrx_word' id='word_1_136' title='bbox 142 1835 273 1885; x_wconf 87' lang='lat' dir='ltr'>versi,</span> <span class='ocrx_word' id='word_1_137' title='bbox 307 1833 362 1876; x_wconf 93' lang='lat' dir='ltr'>de</span> <span class='ocrx_word' id='word_1_138' title='bbox 395 1834 515 1885; x_wconf 88' lang='lat' dir='ltr'>cujus</span> <span class='ocrx_word' id='word_1_139' title='bbox 548 1830 816 1874; x_wconf 81' lang='lat' dir='ltr'>abundantia</span> <span class='ocrx_word' id='word_1_140' title='bbox 846 1836 965 1873; x_wconf 89' lang='lat' dir='ltr'>totus</span> 
     </span>
     <span class='ocr_line' id='line_1_29' title="bbox 142 1887 966 1944; baseline -0.005 -12"><span class='ocrx_word' id='word_1_141' title='bbox 142 1890 378 1944; x_wconf 87' lang='lat' dir='ltr'>replendus</span> <span class='ocrx_word' id='word_1_142' title='bbox 398 1895 465 1932; x_wconf 85' lang='lat' dir='ltr'>est</span> <span class='ocrx_word' id='word_1_143' title='bbox 484 1889 614 1932; x_wconf 91' lang='lat' dir='ltr'>orbis.</span> <span class='ocrx_word' id='word_1_144' title='bbox 638 1889 695 1930; x_wconf 90' lang='lat' dir='ltr'>Et</span> <span class='ocrx_word' id='word_1_145' title='bbox 710 1901 812 1930; x_wconf 91' lang='lat' dir='ltr'>vere</span> <span class='ocrx_word' id='word_1_146' title='bbox 826 1887 966 1941; x_wconf 88' lang='lat' dir='ltr'>plena,</span> 
     </span>
     <span class='ocr_line' id='line_1_30' title="bbox 142 1945 965 1999; baseline -0.006 -10"><span class='ocrx_word' id='word_1_147' title='bbox 142 1948 186 1988; x_wconf 89' lang='lat' dir='ltr'>in</span> <span class='ocrx_word' id='word_1_148' title='bbox 211 1947 331 1999; x_wconf 86' lang='lat' dir='ltr'>cujus</span> <span class='ocrx_word' id='word_1_149' title='bbox 357 1947 502 1987; x_wconf 81' lang='lat' dir='ltr'>animo</span> <span class='ocrx_word' id='word_1_150' title='bbox 527 1945 670 1986; x_wconf 88' lang='lat' dir='ltr'>nullus</span> <span class='ocrx_word' id='word_1_151' title='bbox 692 1946 876 1997; x_wconf 80' lang='lat' dir='ltr'>peccato</span> <span class='ocrx_word' id='word_1_152' title='bbox 902 1956 965 1984; x_wconf 95' lang='lat' dir='ltr'>re-</span> 
     </span>
     <span class='ocr_line' id='line_1_31' title="bbox 142 1999 967 2052; baseline -0.007 -7"><span class='ocrx_word' id='word_1_153' title='bbox 142 2003 270 2045; x_wconf 86' lang='lat' dir='ltr'>lictus</span> <span class='ocrx_word' id='word_1_154' title='bbox 301 2007 368 2045; x_wconf 91' lang='lat' dir='ltr'>est</span> <span class='ocrx_word' id='word_1_155' title='bbox 398 2002 539 2051; x_wconf 80' lang='lat' dir='ltr'>locuS,</span> <span class='ocrx_word' id='word_1_156' title='bbox 574 2001 717 2042; x_wconf 92' lang='lat' dir='ltr'>nullus</span> <span class='ocrx_word' id='word_1_157' title='bbox 751 1999 967 2052; x_wconf 80' lang='lat' dir='ltr'>iniquitati</span> 
     </span>
     <span class='ocr_line' id='line_1_32' title="bbox 143 2057 966 2113; baseline -0.007 -11"><span class='ocrx_word' id='word_1_158' title='bbox 143 2059 287 2113; x_wconf 81' lang='lat' dir='ltr'>patuit</span> <span class='ocrx_word' id='word_1_159' title='bbox 315 2060 531 2100; x_wconf 77' lang='lat' dir='ltr'>accessus,</span> <span class='ocrx_word' id='word_1_160' title='bbox 570 2057 782 2099; x_wconf 91' lang='lat' dir='ltr'>Dominus</span> <span class='ocrx_word' id='word_1_161' title='bbox 811 2061 966 2097; x_wconf 88' lang='lat' dir='ltr'>tecum.</span> 
     </span>
     <span class='ocr_line' id='line_1_33' title="bbox 142 2112 967 2169; baseline -0.007 -11"><span class='ocrx_word' id='word_1_162' title='bbox 142 2117 200 2158; x_wconf 92' lang='lat' dir='ltr'>Et</span> <span class='ocrx_word' id='word_1_163' title='bbox 235 2114 459 2169; x_wconf 91' lang='lat' dir='ltr'>quomodo</span> <span class='ocrx_word' id='word_1_164' title='bbox 489 2114 656 2156; x_wconf 83' lang='lat' dir='ltr'>tecum?</span> <span class='ocrx_word' id='word_1_165' title='bbox 694 2126 781 2154; x_wconf 94' lang='lat' dir='ltr'>non</span> <span class='ocrx_word' id='word_1_166' title='bbox 814 2112 967 2163; x_wconf 81' lang='lat' dir='ltr'>utique</span> 
     </span>
     <span class='ocr_line' id='line_1_34' title="bbox 144 2168 966 2222; baseline -0.006 -8"><span class='ocrx_word' id='word_1_167' title='bbox 144 2173 256 2215; x_wconf 88' lang='lat' dir='ltr'>sicut</span> <span class='ocrx_word' id='word_1_168' title='bbox 274 2185 463 2222; x_wconf 77' lang='lat' dir='ltr'>mecum,</span> <span class='ocrx_word' id='word_1_169' title='bbox 490 2170 569 2212; x_wconf 89' lang='lat' dir='ltr'>sed</span> <span class='ocrx_word' id='word_1_170' title='bbox 588 2171 699 2212; x_wconf 93' lang='lat' dir='ltr'>sicut</span> <span class='ocrx_word' id='word_1_171' title='bbox 717 2168 885 2210; x_wconf 75' lang='lat' dir='ltr'>nnllibi:</span> <span class='ocrx_word' id='word_1_172' title='bbox 906 2173 966 2209; x_wconf 89' lang='lat' dir='ltr'>te-</span> 
     </span>
     <span class='ocr_line' id='line_1_35' title="bbox 145 2225 966 2281; baseline -0.009 -10"><span class='ocrx_word' id='word_1_173' title='bbox 145 2242 243 2271; x_wconf 90' lang='lat' dir='ltr'>cum</span> <span class='ocrx_word' id='word_1_174' title='bbox 267 2229 312 2269; x_wconf 91' lang='lat' dir='ltr'>in</span> <span class='ocrx_word' id='word_1_175' title='bbox 338 2230 541 2281; x_wconf 90' lang='lat' dir='ltr'>corpore,</span> <span class='ocrx_word' id='word_1_176' title='bbox 568 2232 714 2268; x_wconf 90' lang='lat' dir='ltr'>tecum</span> <span class='ocrx_word' id='word_1_177' title='bbox 740 2225 784 2266; x_wconf 93' lang='lat' dir='ltr'>in</span> <span class='ocrx_word' id='word_1_178' title='bbox 811 2228 966 2273; x_wconf 89' lang='lat' dir='ltr'>mente,</span> 
     </span>
     <span class='ocr_line' id='line_1_36' title="bbox 144 2280 967 2334; baseline -0.011 -6"><span class='ocrx_word' id='word_1_179' title='bbox 144 2291 290 2328; x_wconf 90' lang='lat' dir='ltr'>tecum</span> <span class='ocrx_word' id='word_1_180' title='bbox 307 2285 351 2326; x_wconf 91' lang='lat' dir='ltr'>in</span> <span class='ocrx_word' id='word_1_181' title='bbox 370 2285 530 2334; x_wconf 81' lang='lat' dir='ltr'>animo,</span> <span class='ocrx_word' id='word_1_182' title='bbox 549 2289 694 2325; x_wconf 92' lang='lat' dir='ltr'>tecum</span> <span class='ocrx_word' id='word_1_183' title='bbox 712 2282 755 2322; x_wconf 92' lang='lat' dir='ltr'>in</span> <span class='ocrx_word' id='word_1_184' title='bbox 774 2280 967 2329; x_wconf 81' lang='lat' dir='ltr'>consilio,</span> 
     </span>
     <span class='ocr_line' id='line_1_37' title="bbox 144 2335 967 2390; baseline -0.011 -6"><span class='ocrx_word' id='word_1_185' title='bbox 144 2347 290 2384; x_wconf 89' lang='lat' dir='ltr'>tecum</span> <span class='ocrx_word' id='word_1_186' title='bbox 314 2342 358 2382; x_wconf 92' lang='lat' dir='ltr'>in</span> <span class='ocrx_word' id='word_1_187' title='bbox 382 2344 526 2390; x_wconf 79' lang='lat' dir='ltr'>utero,</span> <span class='ocrx_word' id='word_1_188' title='bbox 553 2345 699 2382; x_wconf 91' lang='lat' dir='ltr'>tecum</span> <span class='ocrx_word' id='word_1_189' title='bbox 727 2338 770 2378; x_wconf 91' lang='lat' dir='ltr'>in</span> <span class='ocrx_word' id='word_1_190' title='bbox 796 2335 967 2385; x_wconf 77' lang='lat' dir='ltr'>auxilio⁷</span> 
     </span>
     <span class='ocr_line' id='line_1_38' title="bbox 144 2393 964 2447; baseline -0.01 -7"><span class='ocrx_word' id='word_1_191' title='bbox 144 2404 289 2441; x_wconf 90' lang='lat' dir='ltr'>tecum</span> <span class='ocrx_word' id='word_1_192' title='bbox 306 2398 350 2438; x_wconf 92' lang='lat' dir='ltr'>in</span> <span class='ocrx_word' id='word_1_193' title='bbox 370 2402 485 2447; x_wconf 86' lang='lat' dir='ltr'>ortu,</span> <span class='ocrx_word' id='word_1_194' title='bbox 513 2401 658 2438; x_wconf 92' lang='lat' dir='ltr'>tecum</span> <span class='ocrx_word' id='word_1_195' title='bbox 682 2395 725 2434; x_wconf 90' lang='lat' dir='ltr'>in</span> <span class='ocrx_word' id='word_1_196' title='bbox 750 2393 883 2441; x_wconf 82' lang='lat' dir='ltr'>exitu,</span> <span class='ocrx_word' id='word_1_197' title='bbox 906 2397 964 2433; x_wconf 92' lang='grc' dir='ltr'>ῖθ-</span> 
     </span>
     <span class='ocr_line' id='line_1_39' title="bbox 145 2450 810 2503; baseline -0.012 -6"><span class='ocrx_word' id='word_1_198' title='bbox 145 2469 244 2497; x_wconf 92' lang='lat' dir='ltr'>cum</span> <span class='ocrx_word' id='word_1_199' title='bbox 262 2455 305 2495; x_wconf 93' lang='lat' dir='ltr'>in</span> <span class='ocrx_word' id='word_1_200' title='bbox 324 2454 421 2503; x_wconf 91' lang='lat' dir='ltr'>fine,</span> <span class='ocrx_word' id='word_1_201' title='bbox 438 2458 584 2495; x_wconf 93' lang='lat' dir='ltr'>tecum</span> <span class='ocrx_word' id='word_1_202' title='bbox 604 2451 695 2492; x_wconf 91' lang='lat' dir='ltr'>sine</span> <span class='ocrx_word' id='word_1_203' title='bbox 714 2450 810 2490; x_wconf 89' lang='lat' dir='ltr'>fine.</span> 
     </span>
    </p>
   </div>
   <div class='ocr_carea' id='block_1_5' title="bbox 146 2517 968 2805">
    <p class='ocr_par' dir='ltr' id='par_1_7' title="bbox 146 2517 968 2805">
     <span class='ocr_line' id='line_1_40' title="bbox 202 2517 968 2579; baseline -0.012 -13"><span class='ocrx_word' id='word_1_204' title='bbox 202 2528 252 2579; x_wconf 58' lang='lat' dir='ltr'>Rt.</span> <span class='ocrx_word' id='word_1_205' title='bbox 284 2525 393 2574; x_wconf 87' lang='lat' dir='ltr'>Quae</span> <span class='ocrx_word' id='word_1_206' title='bbox 421 2527 488 2564; x_wconf 89' lang='lat' dir='ltr'>est</span> <span class='ocrx_word' id='word_1_207' title='bbox 514 2523 597 2563; x_wconf 91' lang='lat' dir='ltr'>ista</span> <span class='ocrx_word' id='word_1_208' title='bbox 627 2532 725 2572; x_wconf 81' lang='lat' dir='ltr'>quae</span> <span class='ocrx_word' id='word_1_209' title='bbox 753 2517 968 2571; x_wconf 84' lang='lat' dir='ltr'>processit</span> 
     </span>
     <span class='ocr_line' id='line_1_41' title="bbox 146 2573 967 2629; baseline -0.012 -7"><span class='ocrx_word' id='word_1_210' title='bbox 146 2581 260 2622; x_wconf 88' lang='lat' dir='ltr'>sicut</span> <span class='ocrx_word' id='word_1_211' title='bbox 280 2580 363 2629; x_wconf 88' lang='lat' dir='ltr'>sol,</span> <span class='ocrx_word' id='word_1_212' title='bbox 388 2584 432 2621; x_wconf 90' lang='lat' dir='ltr'>et</span> <span class='ocrx_word' id='word_1_213' title='bbox 449 2579 643 2620; x_wconf 91' lang='lat' dir='ltr'>formosa</span> <span class='ocrx_word' id='word_1_214' title='bbox 660 2581 882 2626; x_wconf 85' lang='lat' dir='ltr'>tamquam</span> <span class='ocrx_word' id='word_1_215' title='bbox 900 2573 925 2613; x_wconf 89' lang='lat' dir='ltr'><strong>J</strong></span> <span class='ocrx_word' id='word_1_216' title='bbox 928 2585 967 2614; x_wconf 89' lang='lat' dir='ltr'>e-</span> 
     </span>
     <span class='ocr_line' id='line_1_42' title="bbox 146 2629 965 2678; baseline -0.012 0"><span class='ocrx_word' id='word_1_217' title='bbox 146 2634 355 2678; x_wconf 81' lang='lat' dir='ltr'>rusalem?</span> <span class='ocrx_word' id='word_1_218' title='bbox 368 2635 615 2677; x_wconf 90' lang='lat' dir='ltr'>*Viderunt</span> <span class='ocrx_word' id='word_1_219' title='bbox 630 2645 725 2674; x_wconf 92' lang='lat' dir='ltr'>eam</span> <span class='ocrx_word' id='word_1_220' title='bbox 740 2630 842 2671; x_wconf 86' lang='lat' dir='ltr'>fssiae</span> <span class='ocrx_word' id='word_1_221' title='bbox 853 2629 965 2678; x_wconf 68' lang='lat' dir='ltr'>Sion,</span> 
     </span>
     <span class='ocr_line' id='line_1_43' title="bbox 147 2685 968 2738; baseline -0.013 -3"><span class='ocrx_word' id='word_1_222' title='bbox 147 2698 190 2735; x_wconf 90' lang='lat' dir='ltr'>et</span> <span class='ocrx_word' id='word_1_223' title='bbox 208 2693 383 2735; x_wconf 77' lang='lat' dir='ltr'>beatam</span> <span class='ocrx_word' id='word_1_224' title='bbox 401 2691 616 2738; x_wconf 84' lang='lat' dir='ltr'>dixerunt,</span> <span class='ocrx_word' id='word_1_225' title='bbox 637 2693 680 2729; x_wconf 91' lang='lat' dir='ltr'>et</span> <span class='ocrx_word' id='word_1_226' title='bbox 702 2688 862 2737; x_wconf 89' lang='lat' dir='ltr'>reginae</span> <span class='ocrx_word' id='word_1_227' title='bbox 881 2685 968 2725; x_wconf 90' lang='lat' dir='ltr'>lau-</span> 
     </span>
     <span class='ocr_line' id='line_1_44' title="bbox 147 2738 968 2805; baseline -0.013 -14"><span class='ocrx_word' id='word_1_228' title='bbox 147 2749 360 2805; x_wconf 86' lang='lat' dir='ltr'>daverunt</span> <span class='ocrx_word' id='word_1_229' title='bbox 378 2761 485 2798; x_wconf 84' lang='lat' dir='ltr'>eam,</span> <span class='ocrx_word' id='word_1_230' title='bbox 504 2745 684 2797; x_wconf 80' lang='lat' dir='ltr'>alleluja.</span> <span class='ocrx_word' id='word_1_231' title='bbox 714 2738 763 2789; x_wconf 64' lang='grc' dir='ltr'>ΥῙ.</span> <span class='ocrx_word' id='word_1_232' title='bbox 783 2742 839 2782; x_wconf 83' lang='grc' dir='ltr'>Εῖ</span> <span class='ocrx_word' id='word_1_233' title='bbox 857 2741 968 2781; x_wconf 91' lang='lat' dir='ltr'>sicut</span> 
     </span>
    </p>
   </div>
   <div class='ocr_carea' id='block_1_6' title="bbox 1741 231 1834 275">
    <p class='ocr_par' dir='ltr' id='par_1_8' title="bbox 1741 231 1834 275">
     <span class='ocr_line' id='line_1_45' title="bbox 1741 231 1834 275; baseline -0.011 -9"><span class='ocrx_word' id='word_1_234' title='bbox 1741 231 1834 275; x_wconf 83' lang='lat'><strong>[393]</strong></span> 
     </span>
    </p>
   </div>
   <div class='ocr_carea' id='block_1_7' title="bbox 1014 327 1839 2138">
    <p class='ocr_par' dir='ltr' id='par_1_9' title="bbox 1014 327 1833 601">
     <span class='ocr_line' id='line_1_46' title="bbox 1014 327 1833 384; baseline 0 -16"><span class='ocrx_word' id='word_1_235' title='bbox 1014 327 1107 384; x_wconf 83' lang='lat' dir='ltr'>dies</span> <span class='ocrx_word' id='word_1_236' title='bbox 1131 328 1253 369; x_wconf 90' lang='lat' dir='ltr'>verni</span> <span class='ocrx_word' id='word_1_237' title='bbox 1278 328 1607 370; x_wconf 79' lang='lat' dir='ltr'>circumdabant</span> <span class='ocrx_word' id='word_1_238' title='bbox 1635 341 1730 370; x_wconf 91' lang='lat' dir='ltr'>eam</span> <span class='ocrx_word' id='word_1_239' title='bbox 1758 328 1833 368; x_wconf 92' lang='lat' dir='ltr'>flo-</span> 
     </span>
     <span class='ocr_line' id='line_1_47' title="bbox 1015 384 1833 427; baseline 0 -3"><span class='ocrx_word' id='word_1_240' title='bbox 1015 397 1086 425; x_wconf 91' lang='lat' dir='ltr'>res</span> <span class='ocrx_word' id='word_1_241' title='bbox 1122 386 1320 426; x_wconf 80' lang='lat' dir='ltr'>rosarum</span> <span class='ocrx_word' id='word_1_242' title='bbox 1357 390 1401 426; x_wconf 90' lang='lat' dir='ltr'>et</span> <span class='ocrx_word' id='word_1_243' title='bbox 1435 385 1524 426; x_wconf 90' lang='lat' dir='ltr'>lilia</span> <span class='ocrx_word' id='word_1_244' title='bbox 1561 384 1833 427; x_wconf 75' lang='lat' dir='ltr'>convallium.</span> 
     </span>
     <span class='ocr_line' id='line_1_48' title="bbox 1014 439 1239 482; baseline -0.004 0"><span class='ocrx_word' id='word_1_245' title='bbox 1014 439 1239 482; x_wconf 91' lang='lat' dir='ltr'>Viderunt.</span> 
     </span>
     <span class='ocr_line' id='line_1_49' title="bbox 1307 503 1526 542; baseline 0 -1"><span class='ocrx_word' id='word_1_246' title='bbox 1307 503 1455 542; x_wconf 76' lang='lat' dir='ltr'>Lectio</span> <span class='ocrx_word' id='word_1_247' title='bbox 1476 504 1526 542; x_wconf 59' lang='lat' dir='ltr'>vi.</span> 
     </span>
     <span class='ocr_line' id='line_1_50' title="bbox 1214 567 1642 601; baseline 0 -1"><span class='ocrx_word' id='word_1_248' title='bbox 1214 567 1327 600; x_wconf 73' lang='lat' dir='ltr'>Cone.</span> <span class='ocrx_word' id='word_1_249' title='bbox 1351 568 1381 600; x_wconf 74' lang='lat'>2.</span> <span class='ocrx_word' id='word_1_250' title='bbox 1407 567 1452 601; x_wconf 84' lang='lat' dir='ltr'>dc</span> <span class='ocrx_word' id='word_1_251' title='bbox 1478 568 1642 600; x_wconf 74' lang='lat' dir='ltr'>Annum.</span> 
     </span>
    </p>

    <p class='ocr_par' dir='ltr' id='par_1_10' title="bbox 1094 615 1834 667">
     <span class='ocr_line' id='line_1_51' title="bbox 1094 615 1834 667; baseline -0.001 -9"><span class='ocrx_word' id='word_1_252' title='bbox 1094 616 1235 658; x_wconf 83' lang='lat' dir='ltr'>celesti</span> <span class='ocrx_word' id='word_1_253' title='bbox 1274 629 1377 667; x_wconf 88' lang='lat' dir='ltr'>ergo</span> <span class='ocrx_word' id='word_1_254' title='bbox 1414 616 1629 666; x_wconf 83' lang='lat' dir='ltr'>legatione</span> <span class='ocrx_word' id='word_1_255' title='bbox 1671 615 1834 665; x_wconf 91' lang='lat' dir='ltr'>audita,</span> 
     </span>
    </p>

    <p class='ocr_par' dir='ltr' id='par_1_11' title="bbox 1014 672 1839 2065">
     <span class='ocr_line' id='line_1_52' title="bbox 1109 672 1834 722; baseline 0.001 -9"><span class='ocrx_word' id='word_1_256' title='bbox 1109 673 1171 714; x_wconf 92' lang='lat' dir='ltr'>sic</span> <span class='ocrx_word' id='word_1_257' title='bbox 1207 672 1320 713; x_wconf 86' lang='lat' dir='ltr'>fatur</span> <span class='ocrx_word' id='word_1_258' title='bbox 1355 672 1410 713; x_wconf 91' lang='lat' dir='ltr'>ad</span> <span class='ocrx_word' id='word_1_259' title='bbox 1446 672 1674 722; x_wconf 81' lang='lat' dir='ltr'>Angelum:</span> <span class='ocrx_word' id='word_1_260' title='bbox 1718 672 1834 714; x_wconf 88' lang='lat' dir='ltr'>Ecce</span> 
     </span>
     <span class='ocr_line' id='line_1_53' title="bbox 1016 728 1833 771; baseline -0.002 -1"><span class='ocrx_word' id='word_1_261' title='bbox 1016 729 1171 771; x_wconf 90' lang='lat' dir='ltr'>ancilla</span> <span class='ocrx_word' id='word_1_262' title='bbox 1202 729 1392 769; x_wconf 84' lang='lat' dir='ltr'>Domini:</span> <span class='ocrx_word' id='word_1_263' title='bbox 1435 729 1511 769; x_wconf 91' lang='lat' dir='ltr'>fiat</span> <span class='ocrx_word' id='word_1_264' title='bbox 1549 728 1653 768; x_wconf 92' lang='lat' dir='ltr'>mihi</span> <span class='ocrx_word' id='word_1_265' title='bbox 1685 732 1833 770; x_wconf 84' lang='lat' dir='ltr'>secun-</span> 
     </span>
     <span class='ocr_line' id='line_1_54' title="bbox 1018 784 1834 835; baseline -0.002 -8"><span class='ocrx_word' id='word_1_266' title='bbox 1018 785 1121 827; x_wconf 91' lang='lat' dir='ltr'>dum</span> <span class='ocrx_word' id='word_1_267' title='bbox 1153 784 1335 826; x_wconf 91' lang='lat' dir='ltr'>verbum</span> <span class='ocrx_word' id='word_1_268' title='bbox 1364 790 1495 826; x_wconf 91' lang='lat' dir='ltr'>tuum.</span> <span class='ocrx_word' id='word_1_269' title='bbox 1538 784 1703 826; x_wconf 90' lang='lat' dir='ltr'>Grandi</span> <span class='ocrx_word' id='word_1_270' title='bbox 1730 797 1834 835; x_wconf 90' lang='lat' dir='ltr'>ergo</span> 
     </span>
     <span class='ocr_line' id='line_1_55' title="bbox 1015 840 1835 894; baseline -0.004 -11"><span class='ocrx_word' id='word_1_271' title='bbox 1015 841 1233 894; x_wconf 86' lang='lat' dir='ltr'>mysterio,</span> <span class='ocrx_word' id='word_1_272' title='bbox 1253 840 1551 891; x_wconf 89' lang='lat' dir='ltr'>altissimoque</span> <span class='ocrx_word' id='word_1_273' title='bbox 1570 841 1757 881; x_wconf 74' lang='lat' dir='ltr'>Deitatis</span> <span class='ocrx_word' id='word_1_274' title='bbox 1776 841 1835 880; x_wconf 92' lang='lat' dir='ltr'>in-</span> 
     </span>
     <span class='ocr_line' id='line_1_56' title="bbox 1017 897 1835 949; baseline -0.002 -10"><span class='ocrx_word' id='word_1_275' title='bbox 1017 901 1177 940; x_wconf 90' lang='lat' dir='ltr'>stinctu</span> <span class='ocrx_word' id='word_1_276' title='bbox 1196 900 1461 949; x_wconf 81' lang='lat' dir='ltr'>conceptura</span> <span class='ocrx_word' id='word_1_277' title='bbox 1480 898 1638 946; x_wconf 89' lang='lat' dir='ltr'>Deum,</span> <span class='ocrx_word' id='word_1_278' title='bbox 1665 897 1731 937; x_wconf 87' lang='lat' dir='ltr'>sui</span> <span class='ocrx_word' id='word_1_279' title='bbox 1750 898 1835 937; x_wconf 88' lang='lat' dir='ltr'>me-</span> 
     </span>
     <span class='ocr_line' id='line_1_57' title="bbox 1015 953 1835 1002; baseline -0.004 -7"><span class='ocrx_word' id='word_1_280' title='bbox 1015 954 1138 995; x_wconf 92' lang='lat' dir='ltr'>minit</span> <span class='ocrx_word' id='word_1_281' title='bbox 1157 953 1400 1002; x_wconf 83' lang='lat' dir='ltr'>ancillatus,</span> <span class='ocrx_word' id='word_1_282' title='bbox 1428 958 1475 994; x_wconf 94' lang='lat' dir='ltr'>ut</span> <span class='ocrx_word' id='word_1_283' title='bbox 1501 954 1712 994; x_wconf 90' lang='lat' dir='ltr'>orientem</span> <span class='ocrx_word' id='word_1_284' title='bbox 1739 965 1763 993; x_wconf 92' lang='lat' dir='ltr'>a</span> <span class='ocrx_word' id='word_1_285' title='bbox 1789 965 1835 993; x_wconf 93' lang='grc' dir='ltr'>εθ</span> 
     </span>
     <span class='ocr_line' id='line_1_58' title="bbox 1014 1008 1836 1061; baseline -0.004 -10"><span class='ocrx_word' id='word_1_286' title='bbox 1014 1011 1150 1051; x_wconf 88' lang='lat' dir='ltr'>filium</span> <span class='ocrx_word' id='word_1_287' title='bbox 1164 1008 1313 1050; x_wconf 92' lang='lat' dir='ltr'>mundi</span> <span class='ocrx_word' id='word_1_288' title='bbox 1329 1009 1541 1061; x_wconf 88' lang='lat' dir='ltr'>obsequio</span> <span class='ocrx_word' id='word_1_289' title='bbox 1555 1009 1836 1060; x_wconf 85' lang='lat' dir='ltr'>manciparet.</span> 
     </span>
     <span class='ocr_line' id='line_1_59' title="bbox 1014 1064 1836 1114; baseline -0.004 -7"><span class='ocrx_word' id='word_1_290' title='bbox 1014 1067 1112 1107; x_wconf 89' lang='lat' dir='ltr'>Fiat</span> <span class='ocrx_word' id='word_1_291' title='bbox 1134 1065 1258 1114; x_wconf 85' lang='lat' dir='ltr'>mihi,</span> <span class='ocrx_word' id='word_1_292' title='bbox 1286 1065 1362 1114; x_wconf 77' lang='lat' dir='ltr'>ait,</span> <span class='ocrx_word' id='word_1_293' title='bbox 1391 1065 1630 1106; x_wconf 70' lang='lat' dir='ltr'>secondum</span> <span class='ocrx_word' id='word_1_294' title='bbox 1654 1064 1836 1105; x_wconf 92' lang='lat' dir='ltr'>verbum</span> 
     </span>
     <span class='ocr_line' id='line_1_60' title="bbox 1016 1120 1836 1173; baseline -0.005 -9"><span class='ocrx_word' id='word_1_295' title='bbox 1016 1128 1153 1164; x_wconf 90' lang='lat' dir='ltr'>tuum:</span> <span class='ocrx_word' id='word_1_296' title='bbox 1173 1127 1215 1163; x_wconf 93' lang='lat' dir='ltr'>et</span> <span class='ocrx_word' id='word_1_297' title='bbox 1234 1120 1290 1162; x_wconf 91' lang='lat' dir='ltr'>ad</span> <span class='ocrx_word' id='word_1_298' title='bbox 1308 1121 1488 1162; x_wconf 94' lang='lat' dir='ltr'>verbum</span> <span class='ocrx_word' id='word_1_299' title='bbox 1508 1122 1607 1173; x_wconf 90' lang='lat' dir='ltr'>ejus,</span> <span class='ocrx_word' id='word_1_300' title='bbox 1629 1120 1774 1162; x_wconf 90' lang='lat' dir='ltr'>statim</span> <span class='ocrx_word' id='word_1_301' title='bbox 1794 1121 1836 1160; x_wconf 94' lang='lat' dir='ltr'>in</span> 
     </span>
     <span class='ocr_line' id='line_1_61' title="bbox 1016 1176 1834 1220; baseline -0.005 0"><span class='ocrx_word' id='word_1_302' title='bbox 1016 1183 1141 1220; x_wconf 79' lang='lat' dir='ltr'>utero</span> <span class='ocrx_word' id='word_1_303' title='bbox 1168 1179 1439 1219; x_wconf 79' lang='lat' dir='ltr'>incarnatum</span> <span class='ocrx_word' id='word_1_304' title='bbox 1462 1182 1528 1218; x_wconf 87' lang='lat' dir='ltr'>est</span> <span class='ocrx_word' id='word_1_305' title='bbox 1552 1176 1759 1218; x_wconf 89' lang='lat' dir='ltr'>Verbum.</span> <span class='ocrx_word' id='word_1_306' title='bbox 1797 1176 1834 1216; x_wconf 93' lang='grc' dir='ltr'>Ο</span> 
     </span>
     <span class='ocr_line' id='line_1_62' title="bbox 1016 1232 1837 1287; baseline -0.005 -11"><span class='ocrx_word' id='word_1_307' title='bbox 1016 1235 1092 1276; x_wconf 88' lang='lat' dir='ltr'>fiat</span> <span class='ocrx_word' id='word_1_308' title='bbox 1110 1239 1278 1287; x_wconf 83' lang='lat' dir='ltr'>potens,</span> <span class='ocrx_word' id='word_1_309' title='bbox 1299 1246 1324 1275; x_wconf 96' lang='lat' dir='ltr'>o</span> <span class='ocrx_word' id='word_1_310' title='bbox 1345 1233 1420 1274; x_wconf 91' lang='lat' dir='ltr'>fiat</span> <span class='ocrx_word' id='word_1_311' title='bbox 1439 1233 1604 1283; x_wconf 83' lang='lat' dir='ltr'>efficax,</span> <span class='ocrx_word' id='word_1_312' title='bbox 1630 1245 1655 1273; x_wconf 97' lang='lat' dir='ltr'>o</span> <span class='ocrx_word' id='word_1_313' title='bbox 1676 1232 1752 1273; x_wconf 90' lang='lat' dir='ltr'>fiat</span> <span class='ocrx_word' id='word_1_314' title='bbox 1771 1245 1837 1272; x_wconf 86' lang='lat' dir='ltr'>su-</span> 
     </span>
     <span class='ocr_line' id='line_1_63' title="bbox 1016 1288 1837 1344; baseline -0.005 -12"><span class='ocrx_word' id='word_1_315' title='bbox 1016 1304 1095 1344; x_wconf 92' lang='lat' dir='ltr'>per</span> <span class='ocrx_word' id='word_1_316' title='bbox 1133 1303 1260 1332; x_wconf 91' lang='lat' dir='ltr'>omne</span> <span class='ocrx_word' id='word_1_317' title='bbox 1296 1290 1386 1338; x_wconf 89' lang='lat' dir='ltr'>fiat,</span> <span class='ocrx_word' id='word_1_318' title='bbox 1422 1292 1637 1342; x_wconf 88' lang='lat' dir='ltr'>perpetuo</span> <span class='ocrx_word' id='word_1_319' title='bbox 1673 1288 1837 1329; x_wconf 85' lang='lat' dir='ltr'>honore</span> 
     </span>
     <span class='ocr_line' id='line_1_64' title="bbox 1016 1344 1836 1389; baseline -0.005 -1"><span class='ocrx_word' id='word_1_320' title='bbox 1016 1346 1323 1389; x_wconf 81' lang='lat' dir='ltr'>venerandum!</span> <span class='ocrx_word' id='word_1_321' title='bbox 1374 1346 1472 1386; x_wconf 92' lang='lat' dir='ltr'>Hoc</span> <span class='ocrx_word' id='word_1_322' title='bbox 1503 1344 1638 1386; x_wconf 94' lang='lat' dir='ltr'>verbo</span> <span class='ocrx_word' id='word_1_323' title='bbox 1672 1344 1747 1385; x_wconf 91' lang='lat' dir='ltr'>fiat</span> <span class='ocrx_word' id='word_1_324' title='bbox 1779 1344 1836 1384; x_wconf 87' lang='lat' dir='ltr'>fa-</span> 
     </span>
     <span class='ocr_line' id='line_1_65' title="bbox 1017 1400 1838 1445; baseline -0.006 0"><span class='ocrx_word' id='word_1_325' title='bbox 1017 1409 1112 1445; x_wconf 90' lang='lat' dir='ltr'>ctus</span> <span class='ocrx_word' id='word_1_326' title='bbox 1132 1408 1198 1444; x_wconf 89' lang='lat' dir='ltr'>est</span> <span class='ocrx_word' id='word_1_327' title='bbox 1216 1402 1413 1443; x_wconf 91' lang='lat' dir='ltr'>mundus.</span> <span class='ocrx_word' id='word_1_328' title='bbox 1441 1402 1539 1442; x_wconf 91' lang='lat' dir='ltr'>Hoc</span> <span class='ocrx_word' id='word_1_329' title='bbox 1555 1400 1689 1442; x_wconf 93' lang='lat' dir='ltr'>verbo</span> <span class='ocrx_word' id='word_1_330' title='bbox 1711 1400 1838 1441; x_wconf 87' lang='lat' dir='ltr'>coele-</span> 
     </span>
     <span class='ocr_line' id='line_1_66' title="bbox 1017 1457 1836 1510; baseline -0.006 -9"><span class='ocrx_word' id='word_1_331' title='bbox 1017 1460 1099 1501; x_wconf 93' lang='lat' dir='ltr'>stia</span> <span class='ocrx_word' id='word_1_332' title='bbox 1121 1460 1432 1510; x_wconf 87' lang='lat' dir='ltr'>terrestriaque</span> <span class='ocrx_word' id='word_1_333' title='bbox 1459 1457 1708 1499; x_wconf 88' lang='lat' dir='ltr'>Altissimus</span> <span class='ocrx_word' id='word_1_334' title='bbox 1737 1459 1836 1497; x_wconf 93' lang='lat' dir='ltr'>con-</span> 
     </span>
     <span class='ocr_line' id='line_1_67' title="bbox 1017 1512 1838 1558; baseline -0.007 0"><span class='ocrx_word' id='word_1_335' title='bbox 1017 1516 1143 1558; x_wconf 92' lang='lat' dir='ltr'>didit:</span> <span class='ocrx_word' id='word_1_336' title='bbox 1176 1515 1254 1557; x_wconf 90' lang='lat' dir='ltr'>sed</span> <span class='ocrx_word' id='word_1_337' title='bbox 1286 1514 1372 1556; x_wconf 90' lang='lat' dir='ltr'>tale</span> <span class='ocrx_word' id='word_1_338' title='bbox 1404 1514 1481 1554; x_wconf 89' lang='lat' dir='ltr'>fiat</span> <span class='ocrx_word' id='word_1_339' title='bbox 1508 1526 1595 1554; x_wconf 93' lang='lat' dir='ltr'>non</span> <span class='ocrx_word' id='word_1_340' title='bbox 1623 1513 1767 1554; x_wconf 90' lang='lat' dir='ltr'>sonuit</span> <span class='ocrx_word' id='word_1_341' title='bbox 1795 1512 1838 1552; x_wconf 94' lang='lat' dir='ltr'>in</span> 
     </span>
     <span class='ocr_line' id='line_1_68' title="bbox 1017 1568 1839 1624; baseline -0.006 -10"><span class='ocrx_word' id='word_1_342' title='bbox 1017 1572 1139 1622; x_wconf 83' lang='lat' dir='ltr'>orbe,</span> <span class='ocrx_word' id='word_1_343' title='bbox 1169 1571 1294 1624; x_wconf 92' lang='lat' dir='ltr'>quale</span> <span class='ocrx_word' id='word_1_344' title='bbox 1318 1576 1365 1611; x_wconf 94' lang='lat' dir='ltr'>tu</span> <span class='ocrx_word' id='word_1_345' title='bbox 1391 1583 1504 1611; x_wconf 92' lang='lat' dir='ltr'>nunc</span> <span class='ocrx_word' id='word_1_346' title='bbox 1527 1570 1657 1611; x_wconf 78' lang='lat' dir='ltr'>beata</span> <span class='ocrx_word' id='word_1_347' title='bbox 1682 1568 1839 1610; x_wconf 82' lang='lat' dir='ltr'>dixisti.</span> 
     </span>
     <span class='ocr_line' id='line_1_69' title="bbox 1017 1624 1837 1679; baseline -0.005 -9"><span class='ocrx_word' id='word_1_348' title='bbox 1017 1628 1131 1679; x_wconf 91' lang='lat' dir='ltr'>Quid</span> <span class='ocrx_word' id='word_1_349' title='bbox 1151 1628 1263 1669; x_wconf 89' lang='lat' dir='ltr'>enim</span> <span class='ocrx_word' id='word_1_350' title='bbox 1283 1628 1443 1668; x_wconf 90' lang='lat' dir='ltr'>factum</span> <span class='ocrx_word' id='word_1_351' title='bbox 1462 1625 1551 1667; x_wconf 89' lang='lat' dir='ltr'>est?</span> <span class='ocrx_word' id='word_1_352' title='bbox 1577 1626 1673 1677; x_wconf 87' lang='lat' dir='ltr'>quis</span> <span class='ocrx_word' id='word_1_353' title='bbox 1693 1624 1837 1666; x_wconf 83' lang='lat' dir='ltr'>dicere</span> 
     </span>
     <span class='ocr_line' id='line_1_70' title="bbox 1016 1680 1838 1739; baseline -0.007 -12"><span class='ocrx_word' id='word_1_354' title='bbox 1016 1690 1164 1739; x_wconf 89' lang='lat' dir='ltr'>potest</span> <span class='ocrx_word' id='word_1_355' title='bbox 1201 1683 1306 1736; x_wconf 90' lang='lat' dir='ltr'>quid</span> <span class='ocrx_word' id='word_1_356' title='bbox 1341 1684 1502 1724; x_wconf 89' lang='lat' dir='ltr'>factum</span> <span class='ocrx_word' id='word_1_357' title='bbox 1540 1680 1627 1723; x_wconf 87' lang='lat' dir='ltr'>est?</span> <span class='ocrx_word' id='word_1_358' title='bbox 1670 1682 1838 1722; x_wconf 83' lang='lat' dir='ltr'>Natura</span> 
     </span>
     <span class='ocr_line' id='line_1_71' title="bbox 1018 1737 1838 1794; baseline -0.006 -11"><span class='ocrx_word' id='word_1_359' title='bbox 1018 1746 1179 1794; x_wconf 87' lang='lat' dir='ltr'>stupet,</span> <span class='ocrx_word' id='word_1_360' title='bbox 1215 1739 1419 1792; x_wconf 90' lang='lat' dir='ltr'>judicium</span> <span class='ocrx_word' id='word_1_361' title='bbox 1454 1739 1607 1788; x_wconf 82' lang='lat' dir='ltr'>haeret,</span> <span class='ocrx_word' id='word_1_362' title='bbox 1642 1737 1838 1779; x_wconf 88' lang='lat' dir='ltr'>hebescit</span> 
     </span>
     <span class='ocr_line' id='line_1_72' title="bbox 1018 1793 1835 1848; baseline -0.007 -8"><span class='ocrx_word' id='word_1_363' title='bbox 1018 1811 1180 1847; x_wconf 53' lang='lat' dir='ltr'>sensus</span> <span class='ocrx_word' id='word_1_364' title='bbox 1204 1797 1349 1848; x_wconf 90' lang='lat' dir='ltr'>lingua</span> <span class='ocrx_word' id='word_1_365' title='bbox 1367 1796 1581 1844; x_wconf 88' lang='lat' dir='ltr'>mutescit,</span> <span class='ocrx_word' id='word_1_366' title='bbox 1604 1795 1713 1835; x_wconf 81' lang='lat' dir='ltr'>ratio</span> <span class='ocrx_word' id='word_1_367' title='bbox 1734 1793 1835 1835; x_wconf 89' lang='lat' dir='ltr'>defi-</span> 
     </span>
     <span class='ocr_line' id='line_1_73' title="bbox 1019 1849 1836 1904; baseline -0.007 -8"><span class='ocrx_word' id='word_1_368' title='bbox 1019 1855 1092 1904; x_wconf 87' lang='lat' dir='ltr'>cit,</span> <span class='ocrx_word' id='word_1_369' title='bbox 1120 1853 1364 1895; x_wconf 89' lang='lat' dir='ltr'>intellectus</span> <span class='ocrx_word' id='word_1_370' title='bbox 1387 1864 1474 1892; x_wconf 91' lang='lat' dir='ltr'>non</span> <span class='ocrx_word' id='word_1_371' title='bbox 1496 1852 1611 1903; x_wconf 91' lang='lat' dir='ltr'>capit</span> <span class='ocrx_word' id='word_1_372' title='bbox 1637 1849 1757 1903; x_wconf 91' lang='lat' dir='ltr'>quod</span> <span class='ocrx_word' id='word_1_373' title='bbox 1779 1849 1836 1890; x_wconf 89' lang='lat' dir='ltr'>fa-</span> 
     </span>
     <span class='ocr_line' id='line_1_74' title="bbox 1019 1907 1836 1958; baseline -0.007 -6"><span class='ocrx_word' id='word_1_374' title='bbox 1019 1915 1135 1952; x_wconf 91' lang='lat' dir='ltr'>ctum</span> <span class='ocrx_word' id='word_1_375' title='bbox 1160 1914 1226 1951; x_wconf 89' lang='lat' dir='ltr'>est</span> <span class='ocrx_word' id='word_1_376' title='bbox 1250 1910 1293 1949; x_wconf 94' lang='lat' dir='ltr'>in</span> <span class='ocrx_word' id='word_1_377' title='bbox 1312 1909 1449 1949; x_wconf 90' lang='lat' dir='ltr'>Maria</span> <span class='ocrx_word' id='word_1_378' title='bbox 1472 1920 1570 1948; x_wconf 91' lang='lat' dir='ltr'>cum</span> <span class='ocrx_word' id='word_1_379' title='bbox 1588 1907 1672 1948; x_wconf 95' lang='lat' dir='ltr'>hoc</span> <span class='ocrx_word' id='word_1_380' title='bbox 1689 1908 1836 1958; x_wconf 89' lang='lat' dir='ltr'>protu-</span> 
     </span>
     <span class='ocr_line' id='line_1_75' title="bbox 1018 1961 1838 2009; baseline -0.009 0"><span class='ocrx_word' id='word_1_381' title='bbox 1018 1967 1067 2009; x_wconf 91' lang='lat' dir='ltr'>lit</span> <span class='ocrx_word' id='word_1_382' title='bbox 1097 1966 1294 2008; x_wconf 90' lang='lat' dir='ltr'>verbum:</span> <span class='ocrx_word' id='word_1_383' title='bbox 1333 1965 1430 2005; x_wconf 89' lang='lat' dir='ltr'>Fiat</span> <span class='ocrx_word' id='word_1_384' title='bbox 1461 1963 1566 2004; x_wconf 90' lang='lat' dir='ltr'>mihi</span> <span class='ocrx_word' id='word_1_385' title='bbox 1598 1961 1838 2004; x_wconf 82' lang='lat' dir='ltr'>secundum</span> 
     </span>
     <span class='ocr_line' id='line_1_76' title="bbox 1018 2023 1352 2065; baseline -0.012 0"><span class='ocrx_word' id='word_1_386' title='bbox 1018 2023 1199 2065; x_wconf 91' lang='lat' dir='ltr'>verbum</span> <span class='ocrx_word' id='word_1_387' title='bbox 1219 2027 1352 2063; x_wconf 91' lang='lat' dir='ltr'>tuum.</span> 
     </span>
    </p>

    <p class='ocr_par' dir='ltr' id='par_1_12' title="bbox 1075 2078 1748 2138">
     <span class='ocr_line' id='line_1_77' title="bbox 1075 2078 1748 2138; baseline -0.012 -12"><span class='ocrx_word' id='word_1_388' title='bbox 1075 2088 1123 2138; x_wconf 64' lang='lat' dir='ltr'>Rg.</span> <span class='ocrx_word' id='word_1_389' title='bbox 1148 2084 1356 2125; x_wconf 83' lang='lat' dir='ltr'>Ornatam</span> <span class='ocrx_word' id='word_1_390' title='bbox 1375 2079 1619 2121; x_wconf 88' lang='lat' dir='ltr'>monilibus.</span> <span class='ocrx_word' id='word_1_391' title='bbox 1638 2078 1748 2131; x_wconf 89' lang='lat'>[160]</span> 
     </span>
    </p>
   </div>
   <div class='ocr_carea' id='block_1_8' title="bbox 1240 2162 1620 2201">
    <p class='ocr_par' dir='ltr' id='par_1_13' title="bbox 1240 2162 1620 2201">
     <span class='ocr_line' id='line_1_78' title="bbox 1240 2162 1620 2201; baseline -0.005 0"><span class='ocrx_word' id='word_1_392' title='bbox 1240 2163 1288 2201; x_wconf 89' lang='lat' dir='ltr'>In</span> <span class='ocrx_word' id='word_1_393' title='bbox 1311 2162 1381 2201; x_wconf 82' lang='lat' dir='ltr'>III.</span> <span class='ocrx_word' id='word_1_394' title='bbox 1402 2162 1436 2201; x_wconf 95' lang='lat' dir='ltr'>N</span> <span class='ocrx_word' id='word_1_395' title='bbox 1439 2162 1620 2201; x_wconf 82' lang='lat' dir='ltr'>octurno.</span> 
     </span>
    </p>
   </div>
   <div class='ocr_carea' id='block_1_9' title="bbox 1019 2220 1840 2789">
    <p class='ocr_par' dir='ltr' id='par_1_14' title="bbox 1021 2220 1839 2391">
     <span class='ocr_line' id='line_1_79' title="bbox 1021 2220 1839 2274; baseline -0.013 -2"><span class='ocrx_word' id='word_1_396' title='bbox 1021 2229 1175 2271; x_wconf 88' lang='lat' dir='ltr'>Lectio</span> <span class='ocrx_word' id='word_1_397' title='bbox 1198 2226 1336 2268; x_wconf 89' lang='lat' dir='ltr'>sancti</span> <span class='ocrx_word' id='word_1_398' title='bbox 1355 2222 1577 2274; x_wconf 87' lang='lat' dir='ltr'>Evangelii</span> <span class='ocrx_word' id='word_1_399' title='bbox 1601 2220 1839 2264; x_wconf 82' lang='lat' dir='ltr'>secundum</span> 
     </span>
     <span class='ocr_line' id='line_1_80' title="bbox 1344 2281 1518 2321; baseline -0.011 0"><span class='ocrx_word' id='word_1_400' title='bbox 1344 2281 1518 2321; x_wconf 90' lang='lat' dir='ltr'>Lucam.</span> 
     </span>
     <span class='ocr_line' id='line_1_81' title="bbox 1124 2341 1735 2391; baseline -0.008 -6"><span class='ocrx_word' id='word_1_401' title='bbox 1124 2343 1275 2385; x_wconf 90' lang='lat' dir='ltr'>Lectio</span> <span class='ocrx_word' id='word_1_402' title='bbox 1301 2342 1366 2381; x_wconf 86' lang='lat' dir='ltr'>vii.</span> <span class='ocrx_word' id='word_1_403' title='bbox 1532 2341 1632 2391; x_wconf 87' lang='lat' dir='ltr'>Cap.</span> <span class='ocrx_word' id='word_1_404' title='bbox 1654 2342 1682 2380; x_wconf 92' lang='lat'>1.</span> <span class='ocrx_word' id='word_1_405' title='bbox 1702 2354 1735 2380; x_wconf 87' lang='lat' dir='ltr'>c.</span> 
     </span>
    </p>

    <p class='ocr_par' dir='ltr' id='par_1_15' title="bbox 1067 2397 1839 2453">
     <span class='ocr_line' id='line_1_82' title="bbox 1067 2397 1839 2453; baseline -0.01 -8"><span class='ocrx_word' id='word_1_406' title='bbox 1067 2418 1095 2445; x_wconf 93' lang='lat' dir='ltr'>n</span> <span class='ocrx_word' id='word_1_407' title='bbox 1122 2403 1197 2444; x_wconf 92' lang='lat' dir='ltr'>illo</span> <span class='ocrx_word' id='word_1_408' title='bbox 1224 2403 1437 2453; x_wconf 87' lang='lat' dir='ltr'>tempore:</span> <span class='ocrx_word' id='word_1_409' title='bbox 1468 2398 1628 2439; x_wconf 87' lang='lat' dir='ltr'>Missus</span> <span class='ocrx_word' id='word_1_410' title='bbox 1660 2401 1727 2439; x_wconf 89' lang='lat' dir='ltr'>est</span> <span class='ocrx_word' id='word_1_411' title='bbox 1755 2397 1839 2438; x_wconf 80' lang='lat' dir='ltr'>Ga-</span> 
     </span>
    </p>

    <p class='ocr_par' dir='ltr' id='par_1_16' title="bbox 1019 2453 1840 2789">
     <span class='ocr_line' id='line_1_83' title="bbox 1089 2453 1838 2507; baseline -0.011 -6"><span class='ocrx_word' id='word_1_412' title='bbox 1089 2459 1199 2501; x_wconf 90' lang='lat' dir='ltr'>briel</span> <span class='ocrx_word' id='word_1_413' title='bbox 1225 2456 1418 2507; x_wconf 89' lang='lat' dir='ltr'>Angelus</span> <span class='ocrx_word' id='word_1_414' title='bbox 1446 2468 1471 2496; x_wconf 93' lang='lat' dir='ltr'>a</span> <span class='ocrx_word' id='word_1_415' title='bbox 1497 2455 1592 2495; x_wconf 92' lang='lat' dir='ltr'>Deo</span> <span class='ocrx_word' id='word_1_416' title='bbox 1619 2454 1663 2494; x_wconf 91' lang='lat' dir='ltr'>in</span> <span class='ocrx_word' id='word_1_417' title='bbox 1691 2453 1838 2495; x_wconf 78' lang='lat' dir='ltr'>civita—</span> 
     </span>
     <span class='ocr_line' id='line_1_84' title="bbox 1019 2508 1839 2562; baseline -0.011 -4"><span class='ocrx_word' id='word_1_418' title='bbox 1019 2522 1109 2558; x_wconf 90' lang='lat' dir='ltr'>tem</span> <span class='ocrx_word' id='word_1_419' title='bbox 1129 2514 1333 2562; x_wconf 82' lang='lat' dir='ltr'>Galilaeae‚</span> <span class='ocrx_word' id='word_1_420' title='bbox 1355 2512 1424 2553; x_wconf 92' lang='lat' dir='ltr'>cui</span> <span class='ocrx_word' id='word_1_421' title='bbox 1444 2522 1602 2552; x_wconf 92' lang='lat' dir='ltr'>nomen</span> <span class='ocrx_word' id='word_1_422' title='bbox 1619 2508 1839 2551; x_wconf 81' lang='lat' dir='ltr'>Nazareth</span> 
     </span>
     <span class='ocr_line' id='line_1_85' title="bbox 1021 2565 1840 2620; baseline -0.01 -7"><span class='ocrx_word' id='word_1_423' title='bbox 1021 2572 1077 2613; x_wconf 92' lang='lat' dir='ltr'>ad</span> <span class='ocrx_word' id='word_1_424' title='bbox 1112 2570 1335 2620; x_wconf 87' lang='lat' dir='ltr'>Virginem</span> <span class='ocrx_word' id='word_1_425' title='bbox 1378 2567 1689 2619; x_wconf 79' lang='lat' dir='ltr'>desponsatam</span> <span class='ocrx_word' id='word_1_426' title='bbox 1729 2565 1840 2614; x_wconf 87' lang='lat' dir='ltr'>viro,</span> 
     </span>
     <span class='ocr_line' id='line_1_86' title="bbox 1021 2620 1837 2674; baseline -0.01 -5"><span class='ocrx_word' id='word_1_427' title='bbox 1021 2628 1091 2670; x_wconf 94' lang='lat' dir='ltr'>cui</span> <span class='ocrx_word' id='word_1_428' title='bbox 1116 2638 1275 2667; x_wconf 89' lang='lat' dir='ltr'>nomen</span> <span class='ocrx_word' id='word_1_429' title='bbox 1303 2629 1396 2665; x_wconf 90' lang='lat' dir='ltr'>erat</span> <span class='ocrx_word' id='word_1_430' title='bbox 1424 2622 1589 2674; x_wconf 90' lang='lat' dir='ltr'>Joseph</span> <span class='ocrx_word' id='word_1_431' title='bbox 1622 2620 1676 2663; x_wconf 91' lang='lat' dir='ltr'>de</span> <span class='ocrx_word' id='word_1_432' title='bbox 1706 2620 1837 2662; x_wconf 91' lang='lat' dir='ltr'>domo</span> 
     </span>
     <span class='ocr_line' id='line_1_87' title="bbox 1020 2678 1837 2729; baseline -0.01 -5"><span class='ocrx_word' id='word_1_433' title='bbox 1020 2682 1176 2725; x_wconf 92' lang='lat' dir='ltr'>David:</span> <span class='ocrx_word' id='word_1_434' title='bbox 1210 2687 1252 2722; x_wconf 91' lang='lat' dir='ltr'>et</span> <span class='ocrx_word' id='word_1_435' title='bbox 1283 2693 1440 2722; x_wconf 90' lang='lat' dir='ltr'>nomen</span> <span class='ocrx_word' id='word_1_436' title='bbox 1467 2678 1660 2729; x_wconf 85' lang='lat' dir='ltr'>Virginis</span> <span class='ocrx_word' id='word_1_437' title='bbox 1692 2678 1837 2718; x_wconf 91' lang='lat' dir='ltr'>Maria.</span> 
     </span>
     <span class='ocr_line' id='line_1_88' title="bbox 1020 2738 1269 2789; baseline -0.012 -9"><span class='ocrx_word' id='word_1_438' title='bbox 1020 2740 1076 2780; x_wconf 90' lang='lat' dir='ltr'>Et</span> <span class='ocrx_word' id='word_1_439' title='bbox 1093 2738 1269 2789; x_wconf 88' lang='lat' dir='ltr'>reliqua.</span> 
     </span>
    </p>
   </div>
   <div class='ocr_carea' id='block_1_10' title="bbox 75 179 1903 2852">
    <p class='ocr_par' dir='ltr' id='par_1_17' title="bbox 75 179 1903 2852">
     <span class='ocr_line' id='line_1_89' title="bbox 75 179 1903 2852; baseline 0 0"><span class='ocrx_word' id='word_1_440' title='bbox 75 179 1903 2852; x_wconf 95' lang='lat' dir='ltr'> </span> 
     </span>
    </p>
   </div>
  </div>
 </body>
</html>
