2066 2904
854 164 1063 195 Connnunc
1093 161 1308 194 Docuffunr

227 262 389 303 imbres
428 261 574 302 mittet
611 259 786 312 eloquia
823 257 1050 311 sapientiae

227 331 337 368 suae,
378 322 422 359 et
453 317 498 358 in
535 316 734 358 oratione
771 314 1051 357 confitebitur

226 374 433 416 Domino:
467 379 511 416 et
529 374 625 427 ipse
645 373 803 424 diriget
823 370 1052 413 consilium

227 433 328 484 ejus,
356 435 400 472 et
428 430 715 483 disciplinam,
744 434 788 471 et
806 429 850 469 in
869 427 1051 469 abscon-

227 487 330 530 ditis
358 487 448 528 suis
480 486 794 528 consiliabitur.

369 554 449 591 l'r‹›
485 552 670 590 ljoetorc
706 549 923 588 l'ontifiec.

286 616 330 665 RJ.
361 614 476 655 Ecce
505 612 713 654 sacerdos
740 622 939 661 magnuS,
978 609 1051 660 qui

227 672 271 712 in
299 670 453 712 diebus
472 670 562 711 suis
581 668 747 722 placuit
767 668 882 708 Deo:
902 671 921 691 *
944 665 1052 706 Ideo

228 725 503 780 jurejurando
541 726 644 768 feeit
682 724 804 765 illum
836 722 1053 764 Dominus

228 785 426 826 crescere
453 783 498 824 in
525 781 702 836 plebem
725 793 859 822 suam.
900 776 944 827 δ”.
972 778 1053 819 Be-

227 840 524 882 nedictionem
549 838 743 880 omnium
763 836 959 887 gentium
982 834 1052 876 de—

229 897 294 938 dit
311 896 384 946 illi,
414 901 458 938 et
476 896 789 937 testamentum
809 905 935 933 suum
954 903 1051 932 con-

227 953 417 994 firmavit
436 965 568 1005 super
587 955 720 1004 caput
739 951 841 1002 ejus.
869 947 988 990 Ideo.

305 1019 385 1056 ΡΠ)
420 1018 607 1056 Duc-wrt-
641 1030 722 1055 non
756 1015 976 1054 pontifice.

286 1080 331 1129 lx’g.
365 1079 516 1120 Justus
555 1076 819 1129 germinabit
855 1075 968 1117 sicut
1006 1075 1053 1115 li·

228 1137 351 1178 lium:
392 1139 410 1159 *
447 1136 505 1176 Et
544 1133 719 1191 florebit
755 1133 800 1173 in
841 1133 1054 1173 aeternum

228 1197 329 1234 ante
365 1191 614 1234 Dominum.
659 1190 706 1235 N.
745 1188 973 1230 Plantatus
1009 1187 1054 1228 in

229 1249 362 1292 domo
382 1247 572 1297 Domini,
592 1247 636 1287 in
655 1246 777 1288 atriis
797 1245 954 1287 domus
971 1245 1054 1286 Dei

229 1305 380 1347 nostri.
407 1305 475 1346 Et.

532 1356 756 1395 I.ccth›iii

230 1414 355 1519 Ipse
371 1417 517 1470 palam
534 1416 665 1457 faciet
684 1414 962 1467 disciplinam
980 1413 1054 1465 do-

297 1477 450 1517 ctrinae
462 1486 565 1523 suae,
579 1477 622 1514 et
635 1473 679 1513 in
693 1471 790 1523 lege
803 1471 1055 1513 testamenti

229 1532 407 1574 Domini
425 1529 694 1583 gloriabitur.
731 1527 1055 1569 Collaudabunt

230 1588 355 1630 multi
373 1586 634 1640 sapientiam
653 1587 759 1638 ejus,
789 1589 833 1626 et
851 1597 991 1637 usque
1011 1584 1055 1625 in

230 1644 440 1686 saeculum
466 1655 555 1684 non
584 1641 810 1684 delebitur.
859 1641 962 1682 Non
991 1653 1054 1682 re-

230 1701 357 1743 cedet
377 1699 588 1742 memoria
609 1699 710 1750 ejus,
730 1703 774 1739 et
789 1710 948 1739 nomen
964 1698 1055 1750 ejus

229 1758 476 1810 requiretur
500 1769 525 1798 a
548 1755 832 1807 generatione
859 1754 904 1794 in
928 1766 1054 1805 gene-

229 1815 455 1855 rationem.
486 1811 756 1865 Sapientiam
774 1811 865 1863 ejus
885 1813 1054 1852 enarra-

229 1871 338 1913 bunt
360 1875 525 1921 gentes,
551 1873 594 1910 et
614 1867 790 1909 laudem
814 1868 904 1919 ejus
925 1879 1054 1908 enun-

230 1926 359 1969 tiabit
378 1925 587 1967 Ecclesia.

366 1996 447 2034 l’ro
480 1995 669 2034 Doctorc
704 1994 922 2033 l'ontiticc.

290 2057 335 2107 R.
359 2056 528 2098 Juravit
550 2055 776 2097 Dominus.
803 2053 888 2107 [69]

307 2127 389 2165 Pro
424 2127 613 2166 moerore
647 2138 728 2164 non
763 2124 982 2164 Pontificc.

290 2188 335 2237 leg.
360 2188 451 2230 Iste
479 2186 697 2238 cognovit.
725 2185 806 2238 [87]

459 2271 504 2307 In
534 2270 582 2307 II.
614 2269 834 2307 Noeturno.

239 2336 301 2376 lix
319 2334 432 2376 libro
447 2335 680 2377 Moralium
700 2333 839 2382 sancti
855 2333 1057 2384 Gregorii

572 2393 717 2445 Papae.

344 2455 490 2494 Lectio
515 2455 563 2493 ἦκ’.
659 2454 956 2504 1.ib.÷›.(1ap.‹‘›.

241 2516 408 2595 ᾗῇω
426 2518 529 2565 post
548 2513 735 2555 Orionas
753 2512 959 2565 Hyadum
983 2515 1056 2554 no—

246 2539 357 2640 &3¹
391 2569 517 2619 mine,
544 2570 628 2611 nisi
650 2570 869 2612 Doctores
894 2575 1057 2611 sanctae

391 2624 600 2667 Ecclesiae
624 2624 935 2678 designantur?
973 2627 1058 2677 Qui

237 2679 463 2722 subductis
482 2681 757 2734 Martyribus,
778 2695 831 2725 eo
849 2683 934 2735 jam
953 2684 1058 2725 tem-

1103 268 1214 308 pore
1237 255 1294 298 ad
1317 255 1469 297 mundi
1489 254 1688 296 notitiam
1704 254 1928 303 venerunt,

1105 325 1192 365 quo
1212 311 1322 354 fides
1343 312 1502 354 clarius
1519 311 1676 360 elucet,
1703 314 1747 351 et
1763 310 1929 363 repres-

1104 382 1153 411 sa
1180 369 1449 411 infidelitatis
1481 368 1643 418 hieme,
1687 366 1817 408 altius
1850 378 1931 419 per

1105 425 1242 468 corda
1267 425 1464 468 fidelium
1491 424 1558 466 sol
1583 423 1780 466 veritatis
1807 422 1929 465 calet.

1105 483 1188 534 Qui
1224 485 1395 524 remota
1427 483 1693 535 tempestate
1728 492 1930 533 persecu-

1104 540 1249 590 tionis,
1279 539 1465 592 expletis
1487 538 1630 590 longis
1648 536 1852 579 noctibus
1870 537 1930 578 in-

1105 596 1350 647 fidelitatis,
1387 601 1493 638 tunc
1525 599 1688 637 sanctae
1719 593 1930 635 Ecclesiae

1106 654 1192 696 orti
1219 659 1330 703 sunt,
1366 666 1465 695 curn
1494 652 1534 694 ei
1561 653 1645 705 jam
1671 663 1753 705 per
1779 649 1931 699 credu-

1105 711 1239 752 litatis
1266 723 1449 752 vernum
1468 708 1656 751 lucidior
1674 720 1813 749 annus
1831 719 1931 761 ape-

1106 770 1225 809 ritur.

1247 831 1328 869 l'ro
1360 830 1552 869 Doctore
1582 828 1799 868 Pontifice.

1164 893 1211 943 lxffv.
1234 888 1387 929 Inveni
1405 887 1561 938 David,
1584 900 1760 929 servum
1775 898 1931 935 meum,

1107 945 1206 987 oleo
1230 950 1383 986 sancto
1408 957 1508 986 meo
1531 944 1636 986 unxi
1661 956 1776 986 eum:
1798 947 1820 969 ¹·
1843 942 1931 984 Ma-

1106 1015 1187 1043 nus
1202 1002 1317 1044 enim
1331 1014 1429 1043 mea
1444 1000 1726 1043 auxiliabitur
1741 1000 1792 1042 ei.
1810 996 1933 1047 xiNi-

1106 1058 1165 1100 hil
1183 1058 1387 1112 proficiet
1400 1058 1600 1099 inimicus
1614 1057 1658 1099 in
1674 1070 1739 1107 eo,
1759 1060 1804 1099 et
1817 1054 1932 1097 filius

1106 1115 1347 1168 iniquitatis
1366 1127 1455 1156 non
1473 1114 1651 1157 nocebit
1669 1114 1721 1156 ei.
1748 1113 1914 1155 Manus.

1189 1189 1271 1227 Pro
1300 1188 1491 1227 Uoc-mre
1523 1199 1604 1226 non
1642 1185 1858 1226 Pontifice.

1164 1250 1211 1301 R.
1235 1249 1485 1291 Honestum
1511 1248 1616 1290 fecit
1642 1247 1764 1289 illum
1782 1246 1932 1288 Domi-

1106 1318 1199 1357 nus,
1223 1310 1268 1347 et
1286 1305 1525 1348 custodivit
1543 1317 1644 1361 eum
1662 1304 1719 1346 ab
1738 1303 1933 1354 inimicis,

1108 1367 1152 1404 et
1179 1376 1205 1404 a
1230 1361 1537 1405 seductoribus
1563 1361 1724 1404 tutavit
1747 1360 1886 1403 illum:
1913 1361 1935 1385 *

1107 1419 1164 1461 Et
1192 1419 1316 1461 dedit
1345 1419 1407 1460 illi
1435 1419 1683 1462 claritatem
1713 1419 1934 1460 aeternam.

1114 1472 1160 1524 Y.
1189 1477 1362 1518 Justum
1394 1476 1577 1519 dednxit
1608 1475 1824 1517 Dominus
1854 1486 1935 1528 per

1107 1534 1200 1575 vias
1220 1539 1374 1584 rectas,
1398 1538 1442 1576 et
1462 1533 1654 1576 ostendit
1671 1532 1734 1574 illi
1751 1544 1935 1585 regnum

1107 1591 1201 1632 Dei.
1227 1591 1295 1633 Et.

1424 1653 1570 1694 Lectio
1596 1667 1628 1692 v.

1202 1734 1254 1763 ec
1288 1721 1505 1763 immerito
1541 1720 1761 1763 Doctores
1795 1719 1935 1762 sancti
2003 1717 2009 1724 '

1211 1777 1419 1830 Hyadum
1432 1777 1757 1830 nuncupatione
1774 1776 1936 1829 signan-

1106 1839 1188 1877 tur.
1216 1834 1375 1877 Graeco
1396 1834 1559 1888 quippe
1579 1834 1755 1887 eloquio
1777 1833 1934 1887 hyetos

1107 1891 1258 1945 pluvia
1275 1893 1474 1934 vocatur:
1501 1896 1546 1934 et
1567 1890 1749 1944 Hyades
1774 1902 1935 1932 nomen

1108 1962 1134 1990 a
1166 1948 1327 2002 pluviis
1363 1949 1648 2002 acceperunt,
1690 1947 1793 2001 quia
1824 1950 1934 1988 ortae

1109 2004 1264 2058 procul
1284 2004 1420 2047 dnbio
1440 2004 1604 2047 imbres
1622 2004 1777 2046 ferunt.
1813 2003 1935 2046 Bene

1109 2074 1214 2114 ergo
1228 2061 1435 2114 Hyadum
1453 2060 1748 2115 appellatione
1769 2060 1937 2113 expres·
1960 2082 1964 2087 ·

1109 2119 1147 2160 si
1169 2123 1285 2168 sunt,
1315 2118 1389 2171 qui
1412 2117 1469 2160 ad
1493 2123 1655 2160 statum
1677 2115 1935 2159 universalis

1109 2175 1332 2225 Ecclesiae,
1357 2174 1482 2228 quasi
1502 2174 1547 2215 in
1567 2174 1669 2216 coeli
1686 2174 1844 2216 faciem
1863 2171 1935 2215 de-

1111 2231 1248 2282 ducti,
1285 2244 1417 2286 super
1444 2232 1640 2273 arentem
1669 2235 1834 2273 terram
1859 2228 1934 2271 hu-

1109 2288 1227 2330 mani
1250 2287 1444 2341 pectoris
1468 2292 1634 2329 sanctae
1656 2286 1934 2340 praedicatio-

1109 2344 1176 2386 nis
1195 2343 1359 2385 imbres
1379 2343 1595 2386 fuderunt.
1621 2342 1668 2384 Si
1689 2343 1805 2385 enim
1824 2355 1935 2396 prae-

1111 2400 1343 2443 dicationis
1364 2412 1509 2442 sermo
1530 2400 1681 2453 pluvia
1696 2412 1786 2441 non
1806 2403 1934 2448 esset,

1109 2457 1286 2510 Moyses
1313 2457 1492 2498 minime
1522 2456 1725 2498 dixisset:
1769 2456 1934 2508 Exspe-

1110 2516 1252 2556 etetur
1282 2513 1396 2554 sicut
1422 2513 1571 2566 pluvia
1599 2512 1822 2565 eloquium
1848 2525 1934 2554 me-

1110 2585 1199 2612 um:
1227 2575 1271 2612 et
1289 2571 1567 2622 nequaquam
1585 2582 1665 2623 per
1679 2570 1839 2611 Isaiam
1849 2568 1934 2611 Ve-

1110 2628 1217 2669 ritas
1255 2626 1439 2669 diceret:
1484 2626 1704 2668 Mandabo
1744 2625 1934 2668 nubibus

1110 2684 1239 2734 meis,
1279 2696 1334 2726 ne
1368 2682 1523 2736 pluant
1559 2695 1693 2736 super
1726 2695 1823 2725 eam
1858 2682 1934 2724 im-
