2028 2892
176 203 244 239 276

178 299 422 352 Stupebant
446 303 594 339 autem
620 310 788 347 omnes,
818 302 862 339 et
882 297 1009 338 mira-

179 355 355 404 bantur,
389 354 600 396 dicentes:
636 354 796 395 Nonne
831 366 935 395 ecce
966 365 1009 393 o-

178 424 301 452 mnes
329 411 420 460 isti,
449 411 523 463 qui
550 411 808 463 loquuntur,
838 409 1010 450 Galilzei

179 472 298 517 sunt,
336 472 380 508 et
407 466 632 519 quomodo
656 479 739 507 nos
765 464 1010 506 audivimus

179 525 480 575 unusquisque
505 523 698 574 linguam
724 526 938 570 nostram,
967 521 1010 561 in

180 591 266 630 qua
285 578 375 619 nati
395 578 566 619 sumus?

224 638 271 687 R.
307 634 424 676 Ecce
444 634 547 675 vicit
567 634 650 675 leo.
668 635 763 675 263.

485 693 634 731 Lectio
658 693 693 731 ii.

248 751 346 787 tans
380 751 526 787 autem
558 746 714 787 Petrus
746 757 846 786 cum
877 742 1010 783 unde-

259 803 355 852 cim,
374 802 538 843 levavit
556 815 712 843 vocem
732 813 866 849 suam,
887 803 931 840 et
950 798 1010 839 lo-

180 861 307 899 cutus
341 863 408 900 est
437 858 514 899 eis:
545 858 643 899 Viri
667 856 828 905 Judaei‚
861 860 905 897 et
938 854 1012 907 qui

180 914 388 955 habitatis
414 913 658 955 Jerusalem
685 911 891 960 universi,
926 910 1012 951 hoc

180 969 308 1011 vobis
327 975 480 1011 notum
501 970 572 1019 sit,
602 974 645 1010 et
669 968 848 1010 atiribus
873 968 1011 1020 perci-

179 1026 270 1077 pite
297 1025 431 1067 verba
455 1038 564 1066 mea.
604 1025 707 1066 Non
732 1024 865 1073 enim,
899 1023 1012 1064 sicut

180 1094 259 1122 vos
287 1082 532 1131 aestimatis,
561 1081 606 1122 hi
631 1081 741 1122 ebrii
765 1085 883 1129 sunt,
911 1091 1012 1120 cum

181 1137 236 1178 sit
268 1137 378 1178 hora
411 1137 497 1178 diei
529 1137 672 1179 tertia:
706 1136 786 1178 sed
817 1136 903 1177 hoc
933 1139 1013 1187 est,

182 1193 302 1245 quod
336 1193 502 1235 dictum
535 1198 602 1234 est
635 1206 714 1245 per
746 1192 1012 1245 prophetam

179 1249 291 1290 Joel:
318 1250 375 1290 Et
406 1250 487 1291 erit
511 1250 554 1290 in
579 1249 829 1290 novissimis
856 1247 1012 1289 diebus

180 1305 299 1354 (dicit
324 1306 555 1356 Deminus)
584 1305 805 1346 effundam
838 1304 893 1345 de
919 1304 1011 1356 Spi-

179 1361 267 1402 ritu
286 1374 385 1402 meo
407 1374 539 1413 super
559 1374 735 1402 omnem
755 1373 948 1401 carnem:
968 1365 1013 1401 et

179 1417 510 1469 prophetabunt
541 1417 619 1458 filii
647 1417 799 1466 vestri,
832 1421 875 1458 et
909 1415 1012 1457 fssiae

180 1478 358 1522 vestrae,
387 1478 431 1514 et
458 1474 637 1524 jlivenes
661 1473 797 1514 vestri
820 1472 1011 1513 visiones

179 1528 401 1578 videbunt,
421 1534 465 1570 et
478 1529 675 1570 seniores
691 1528 826 1570 vestri
842 1528 1013 1569 somnia

180 1584 472 1626 somniabunt.
499 1585 556 1626 Et
576 1584 754 1636 quidem
773 1596 907 1636 super
926 1596 1012 1625 ser-

180 1653 261 1681 vos
285 1653 428 1689 meos,
456 1645 500 1681 et
526 1653 659 1693 super
686 1640 866 1681 ancillas
892 1652 1012 1680 meas

179 1696 223 1736 in
243 1695 399 1736 diebus
423 1696 508 1736 illis
528 1696 750 1737 effiindam
775 1695 830 1736 de
848 1695 1013 1747 Spiritu

180 1764 293 1799 meo,
308 1756 351 1793 et
366 1751 707 1804 prophetabunt:
722 1755 767 1792 et
780 1750 897 1792 dabo
912 1762 1012 1802 pro-

182 1806 299 1857 digia
325 1807 369 1847 in
394 1808 510 1849 coelo
530 1821 721 1856 sursum,
750 1812 795 1848 et
821 1807 945 1857 signa
969 1807 1012 1846 in

182 1868 299 1904 terra
353 1862 577 1912 de6rsum,
636 1863 909 1914 sanguinem,
969 1867 1013 1903 et

183 1919 344 1969 ignem,
372 1924 416 1960 et
435 1921 647 1971 vaperem
670 1918 793 1960 fumi:
820 1918 889 1959 sol
913 1930 1012 1959 con-

182 1975 376 2016 vertetur
408 1975 453 2015 in
486 1974 709 2023 tenebras,
752 1978 795 2015 et
830 1973 933 2015 luna
968 1974 1012 2014 in

182 2030 454 2082 sanguinem,
482 2033 719 2082 antequam
744 2030 891 2071 veniat
920 2029 1014 2071 dies

182 2086 363 2127 Domini
381 2099 566 2137 magnus
591 2091 635 2127 et
655 2085 921 2126 manifestus.
958 2086 1014 2127 Et

183 2142 278 2183 erit:
297 2142 449 2191 omnis,
465 2142 729 2194 quicumque
744 2141 1015 2182 invocaverit

182 2210 342 2239 nomen
362 2198 551 2246 Domini,
570 2197 718 2238 salvus
739 2197 832 2238 erit.

234 2255 282 2305 Rg.
311 2254 407 2304 Ego
427 2267 534 2295 sum.
552 2254 646 2295 263.

482 2312 631 2351 Lectio
657 2311 708 2350 iii.

274 2365 323 2405 iri
339 2366 562 2415 Israelitae‚
582 2365 731 2407 audite
752 2364 885 2406 verba
905 2364 1014 2408 haec·

287 2422 310 2460 J
315 2434 437 2462 esum
456 2422 748 2470 Nazarenum,
776 2421 916 2461 virum
942 2434 1014 2473 ap-

185 2475 421 2528 probatum
447 2491 472 2518 a
491 2478 588 2519 Deo
614 2478 658 2518 in
677 2477 820 2525 vobis,
847 2477 1014 2518 virtuti-

184 2532 278 2579 bus,
299 2538 342 2573 et
362 2533 587 2584 prodigiis,
608 2539 651 2575 et
671 2533 816 2584 signis,
838 2545 937 2584 quae
957 2533 1013 2574 fe-

185 2587 244 2628 cit
262 2587 382 2628 Deus
401 2602 480 2640 per
497 2589 619 2630 illum
639 2590 682 2630 in
701 2588 847 2630 medio
868 2589 1014 2637 vestri,

186 2643 297 2683 sicut
327 2649 370 2684 et
398 2656 478 2684 vos
512 2646 649 2686 scitis:
682 2645 798 2685 hunc
831 2643 1012 2685 definito

185 2698 368 2739 consilio
397 2704 440 2740 et
463 2702 741 2751 praescientia
764 2700 850 2741 Dei
877 2699 1010 2741 tradi-

582 204 680 236 Infra
711 204 1002 236 Hebdonwdam
1032 203 1050 235 i.
1078 208 1166 244 post
1191 204 1271 236 Oct.
1298 203 1469 236 Paschae.

1060 300 1171 344 tum,
1202 308 1283 348 per
1314 307 1469 336 manus
1499 295 1751 346 iniquorum
1784 295 1891 336 affli-

1060 353 1214 403 gentes
1250 351 1547 393 interemistis:
1604 363 1736 402 quem
1770 351 1891 392 Deus

1061 407 1309 456 suscitavit,
1355 407 1512 448 solatis
1557 405 1787 448 doleribus
1830 406 1891 446 in-

1061 463 1189 512 ferni,
1214 464 1334 515 juxta
1358 462 1479 515 quod
1502 461 1779 515 impossibile
1798 466 1893 502 erat

1061 519 1201 560 teneri
1219 519 1341 560 illum
1360 519 1416 560 ab
1437 531 1501 560 eo.
1526 518 1674 559 David
1696 518 1807 559 enim
1831 517 1892 560 di-

1062 576 1121 617 cit
1139 576 1183 616 in
1203 588 1317 617 eum:
1341 574 1638 616 Providebam
1654 574 1893 615 Deminum

1062 631 1106 672 in
1142 633 1385 684 conspectu
1418 643 1518 672 meo
1556 642 1748 682 semper:
1788 631 1894 682 quo-

1061 687 1178 728 niam
1211 700 1237 728 a
1269 687 1436 728 dextris
1465 691 1532 728 est
1558 685 1667 726 mihi
1693 698 1749 727 ne
1777 698 1893 727 com-

1062 745 1255 785 movear:
1283 743 1474 796 Propter
1497 742 1584 783 hoc
1605 741 1804 783 laetatum
1827 745 1895 783 est

1063 811 1141 840 cor
1176 812 1339 849 meum,
1374 757 1436 840 pet
1473 797 1711 840 exsultavit
1747 797 1896 849 lingua

1062 867 1175 905 mea,
1203 857 1383 908 insuper
1407 860 1452 896 et
1477 866 1581 896 caro
1605 866 1704 895 mea
1726 853 1894 906 requie-

1063 916 1157 952 scet
1175 911 1219 952 in
1239 924 1332 964 spe:
1357 911 1576 961 Queniam
1597 922 1688 951 non
1709 909 1894 951 derelin—

1064 980 1173 1019 ques
1214 968 1404 1008 animam
1443 979 1588 1008 meam
1625 966 1670 1006 in
1708 965 1896 1014 inferno,

1063 1036 1145 1065 nec
1182 1023 1308 1065 dabis
1340 1023 1549 1064 Sanctum
1585 1027 1709 1063 tuum
1745 1021 1896 1063 videre

1065 1080 1406 1132 corrupti6nem.

1115 1138 1181 1177 Te
1199 1136 1344 1177 Deum
1362 1134 1604 1176 laudamus.
1623 1135 1683 1174 15.

1114 1196 1182 1237 Ad
1206 1197 1366 1237 Bened.
1399 1197 1499 1237 Ant.
1534 1193 1791 1235 Praecedam
1814 1205 1895 1234 vos

1064 1253 1087 1278 *
1121 1252 1165 1292 in
1198 1251 1443 1300 Gafilateam,
1483 1250 1544 1292 ibi
1575 1263 1647 1292 me
1677 1249 1895 1298 videbitis,

1064 1308 1177 1349 sicut
1196 1306 1287 1349 dixi
1306 1306 1445 1356 vobis,
1464 1306 1646 1358 alleluja,
1666 1305 1849 1356 alleh'ija.

1114 1370 1185 1409 Ad
1213 1370 1386 1417 Magnis.
1429 1371 1525 1409 Ant.
1563 1367 1690 1408 Mitte
1717 1378 1895 1406 manum

1063 1428 1194 1473 tuam,
1209 1425 1233 1449 *
1248 1427 1292 1465 et
1306 1425 1526 1474 cognesce
1541 1422 1641 1464 loca
1659 1421 1895 1471 clavem,

1064 1479 1254 1532 alleluja:
1292 1484 1336 1520 et
1371 1479 1463 1521 noli
1496 1491 1593 1520 esse
1626 1477 1895 1526 incredulus,

1064 1535 1145 1577 sed
1162 1535 1317 1585 fidelis,
1336 1535 1520 1587 allehiJa.

1277 1638 1435 1674 Feria
1468 1638 1683 1686 Quarta.

1159 1693 1226 1732 De
1254 1689 1440 1731 Actibus
1467 1688 1800 1742 Apostolorum.

1195 1752 1346 1792 Lectio
1368 1752 1389 1790 i.
1605 1750 1708 1801 Cap.
1727 1751 1764 1789 3.

1076 1816 1130 1855 <fx
1154 1811 1273 1847 etrus
1293 1811 1450 1855 autem,
1474 1810 1519 1847 et
1536 1805 1560 1846 J
1563 1807 1729 1846 oannes
1749 1817 1895 1846 ascen-

1076 1831 1139 1897 ΙΝ
1171 1861 1335 1903 debant
1358 1862 1402 1902 in
1425 1861 1640 1914 templum
1661 1860 1718 1902 ad
1740 1859 1896 1902 horam

1066 1918 1277 1959 oratienis
1308 1930 1481 1959 nonam.
1521 1917 1579 1958 Et
1612 1916 1791 1968 quidam
1818 1915 1896 1965 vir,

1066 1974 1141 2026 qui
1170 1978 1265 2015 erat
1293 1973 1475 2015 claudus
1504 1986 1558 2014 ex
1586 1975 1713 2014 utero
1743 1971 1896 2013 matris

1066 2043 1173 2079 suae‚
1201 2029 1490 2081 bajulabatur3
1519 2041 1651 2080 quem
1673 2027 1898 2080 ponebant

1068 2085 1264 2138 quotidie
1292 2085 1349 2126 ad
1376 2090 1551 2137 portam
1577 2084 1753 2136 templi,
1796 2095 1895 2135 quae

1067 2141 1226 2183 dicitur
1254 2141 1480 2193 Speciem,
1508 2145 1556 2181 ut
1584 2142 1759 2192 peteret
1786 2139 1895 2180 elee-

1066 2200 1296 2249 mosynam
1314 2196 1370 2238 ab
1389 2195 1710 2238 introeuntibus
1729 2195 1773 2236 in
1789 2200 1895 2236 tem-

1067 2253 1199 2305 plum.
1235 2253 1280 2293 Is
1309 2265 1408 2293 cum
1435 2251 1617 2293 vidisset
1643 2252 1823 2293 Petrum
1851 2256 1895 2292 et

1066 2310 1280 2350 Joannem
1324 2309 1583 2361 incipientes
1625 2308 1807 2348 introire
1851 2307 1894 2346 in

1066 2365 1288 2417 templum,
1307 2364 1494 2415 rogabat
1507 2369 1556 2405 ut
1571 2363 1895 2414 eleemosynam

1066 2424 1297 2474 acciperet.
1337 2421 1518 2461 Intuens
1550 2425 1698 2460 autem
1725 2419 1769 2459 in
1796 2430 1895 2459 eum

1066 2477 1223 2518 Petrus
1242 2489 1341 2517 cum
1360 2476 1384 2515 J
1387 2477 1544 2524 oanne
1562 2474 1685 2516 dixit:
1704 2473 1895 2526 Respice

1066 2533 1109 2573 in
1135 2544 1227 2573 nos.
1267 2532 1328 2572 At
1355 2531 1427 2572 ille
1454 2529 1748 2572 intendebat
1735 2542 1780 2569 m
1805 2541 1894 2577 eos,

1066 2600 1249 2640 sperans
1274 2599 1321 2628 se
1346 2585 1511 2638 aliquid
1535 2587 1819 2637 accepturum
1838 2584 1894 2626 ab

1067 2645 1140 2685 eis.
1167 2644 1324 2685 Petrus
1343 2647 1490 2683 autem
1507 2641 1629 2683 dixit:
1648 2641 1894 2691 Argentum

1067 2705 1110 2741 et
1138 2712 1291 2741 aurum
1316 2711 1405 2739 non
1433 2702 1501 2738 est
1527 2696 1647 2737 mihi:
1675 2695 1796 2748 quod
1823 2708 1894 2737 au·
