2028 2892
691 203 789 236 Infra
819 201 1112 236 llcbdomadam
1138 201 1350 234 Passionis.

158 310 341 356 propter
373 303 571 344 inimicos
604 315 728 343 meos
761 301 880 353 eripe
908 313 988 340 me.

160 361 386 410 Qu6niam.

467 409 618 448 Lectio
640 410 693 447 iii.

164 466 467 569 Friguerant
487 469 695 520 diligendi
719 469 918 517 caritate,
947 473 991 509 et

250 527 465 568 ardebant
508 525 697 567 nocendi
739 523 990 577 cupiditate.

160 584 311 634 Longe
340 583 538 630 aberant,
567 587 610 623 et
638 581 699 622 ibi
729 585 868 622 erant:
903 593 990 620 non

160 638 431 681 accedebant
463 636 704 686 credendo,
745 642 789 678 et
823 638 989 688 preme-

159 695 266 737 bant
285 693 606 747 persequendo.
634 692 900 742 Quaerebant
919 705 990 733 au-

162 751 255 793 dire
275 764 300 792 a
320 751 523 799 D6min0‚
543 750 637 800 Ego
659 762 755 790 sum
776 748 991 789 Christus:

163 813 206 848 et
239 807 426 848 fortasse
461 805 516 847 de
545 804 720 846 Christo
750 803 991 845 secundum

160 863 381 904 h6minem
426 862 666 914 sapiebant.
719 859 990 901 Praedicave-

161 924 262 960 runt
277 919 392 960 enim
406 918 637 970 prophetae
654 916 891 958 Christum:
911 915 991 957 sed

162 974 436 1016 divinitatem
455 973 615 1015 Christi
637 979 680 1014 et
699 974 742 1013 in
761 972 991 1025 prophetis

162 1035 205 1071 et
230 1031 273 1071 in
297 1031 395 1082 ipso
420 1029 660 1080 Evangelio
690 1041 771 1070 nec
794 1028 991 1069 haeretici

161 1086 423 1137 intelligunt:
458 1091 622 1137 quanto
659 1086 801 1125 minus
837 1084 990 1133 Judaei‚

163 1142 371 1194 quamdiu
407 1142 605 1183 velamen
643 1147 709 1183 est
744 1153 876 1193 super
913 1153 990 1181 cor

162 1197 335 1239 corum?

220 1259 268 1308 Rg.
283 1255 389 1304 Quis
409 1253 530 1295 dabit
549 1254 683 1306 capiti
701 1267 800 1295 meo
820 1265 990 1304 aquam,

162 1315 205 1351 et
227 1310 366 1351 oculis
385 1311 494 1351 meis
514 1310 678 1351 fontem
702 1310 990 1359 lacrimarum,

162 1366 411 1418 etplorabo
437 1366 508 1407 die
532 1379 583 1407 ac
607 1365 758 1407 nocte?
788 1367 891 1418 quia
909 1366 990 1406 fra-

162 1427 229 1463 ter
248 1424 522 1474 propinquus
542 1422 843 1474 supplantavit
861 1435 947 1472 me,
970 1423 992 1445 *

160 1478 216 1519 Et
245 1478 387 1518 omnis
414 1480 579 1519 amicus
604 1477 904 1522 fraudulenter
931 1478 990 1518 in-

162 1534 292 1575 cessit
318 1534 361 1574 in
384 1547 465 1575 me.
499 1534 548 1583 Y.
578 1534 704 1575 Fiant
729 1534 812 1575 viae
838 1536 991 1575 eorum

161 1589 356 1631 tenebrae
384 1595 428 1631 et
453 1589 686 1630 lubricum:
725 1595 768 1631 et
795 1590 991 1640 Angelus

161 1645 339 1685 Domini
358 1648 628 1698 persequens
648 1658 734 1686 eos.
763 1646 819 1687 Et
839 1646 991 1687 omnis.

167 1701 271 1753 Quis
290 1701 423 1742 dabit.

221 1763 271 1815 Y.
307 1765 440 1817 Eripe
476 1778 546 1805 mc
579 1764 634 1805 de
666 1765 850 1806 inimicis
882 1766 991 1807 meis

163 1820 284 1862 Deus
311 1833 446 1862 meus.
491 1825 541 1876 Ix‘g.
569 1821 625 1861 Et
652 1821 707 1862 ab
737 1822 991 1873 insurgenti-

162 1876 244 1917 bus
262 1877 304 1917 in
325 1890 394 1917 me
413 1876 550 1918 libera
569 1890 650 1918 me.

221 1944 289 1985 Ad
311 1944 470 1986 Bened.
496 1946 593 1985 Ant.
620 1945 734 1985 Oves
754 1955 864 1983 meae
881 1943 903 1967 *
919 1955 991 1983 vo-

164 2011 259 2039 cem
284 2011 426 2040 meam
452 1997 648 2040 audiunt:
668 2004 712 2039 et
737 2011 819 2049 ego
843 1999 991 2039 Demi-

163 2068 243 2095 nus
263 2057 454 2106 agnosco
475 2067 560 2095 cas.

504 2124 666 2164 Oratio.

232 2186 484 2227 auctificato
520 2185 604 2226 hoc
642 2184 814 2236 jejunio,
860 2184 992 2233 Deus,

245 2243 422 2282 tuorum
442 2241 577 2282 corda
602 2239 795 2280 fidelium
815 2240 992 2281 misera-

164 2303 234 2338 tor
260 2297 439 2338 illustra:
473 2302 516 2338 et
553 2296 711 2348 quibus
744 2295 991 2337 devoti6nis

164 2359 348 2404 praestas
385 2353 605 2401 affectum,
642 2351 792 2404 praebe
829 2351 991 2404 suppli-

165 2409 363 2450 cantibus
392 2410 510 2461 pium
539 2408 756 2459 benignus
784 2407 992 2448 auditum.

164 2464 247 2505 Per
266 2465 513 2506 D6minum.

223 2525 270 2573 Y.
291 2529 422 2581 Eripe
443 2543 513 2570 me
533 2528 723 2570 DOmine
742 2527 797 2568 ab
818 2526 993 2568 hcminc

165 2584 291 2625 malo.
323 2586 372 2636 lg„
388 2586 428 2625 A
448 2587 543 2626 viro
562 2586 712 2636 iniquo
733 2584 854 2636 eripe
874 2596 954 2624 me.

223 2647 289 2686 Ad
330 2649 501 2695 Magnis.
556 2651 652 2689 Ant.
706 2648 841 2689 Multa
878 2646 994 2688 bona

167 2706 301 2755 opera
320 2706 342 2730 *
368 2707 578 2756 operatus
604 2719 701 2746 sum
726 2704 867 2745 vobis:
895 2716 993 2755 pro-

1038 303 1137 351 pter
1175 298 1296 351 quod
1333 312 1445 351 opus
1482 298 1614 340 vultis
1649 310 1721 339 me
1758 298 1870 338 occi-

1039 354 1167 396 dere?

1387 401 1551 442 Oratio.

1119 458 1246 500 desto
1279 457 1675 511 supplicationibus
1707 457 1872 498 nostris

1152 518 1430 568 omnipotens
1466 514 1602 555 Deus:
1636 518 1680 554 et
1713 512 1873 565 quibus

1039 571 1247 613 fiduciam
1273 570 1505 623 sperandae
1530 569 1711 622 pietatis
1735 568 1873 610 indul-

1039 641 1129 679 ges,
1151 630 1375 669 consuetae
1394 624 1711 667 misericordiae
1729 624 1874 667 tribue

1039 683 1254 735 benignus
1277 683 1492 725 effectum.
1519 682 1605 723 Per
1623 681 1874 723 Dominum.

1253 813 1417 850 Feria
1446 811 1660 858 Quinta.

1049 875 1204 918 Le'ctio
1226 870 1613 970 sanctifflvangelii
1632 868 1875 911 secundum

1408 941 1547 970 ucam.

1154 996 1304 1037 Lectio
1327 996 1349 1035 i.
1575 995 1678 1047 Cap.
1697 995 1733 1035 7.
1754 995 1778 1035 f.

1041 1045 1119 1150 In
1147 1048 1223 1089 illo
1252 1050 1467 1099 ternpore:
1493 1041 1701 1095 Rogabat
1725 1041 1749 1082 J
1753 1053 1875 1083 esum

1106 1104 1283 1158 quidam
1304 1103 1360 1145 de
1380 1100 1610 1156 pharisaeis
1629 1103 1678 1140 ut
1695 1096 1876 1139 mandu-

1043 1164 1164 1203 caret
1196 1174 1296 1202 cum
1330 1159 1418 1201 illo.
1458 1159 1516 1199 Et
1546 1156 1770 1207 ingressus
1800 1153 1876 1195 do-

1042 1231 1162 1259 mum
1194 1215 1401 1269 pharisaei
1434 1211 1668 1256 discubuit.
1722 1210 1781 1251 Et
1811 1211 1876 1251 re-

1041 1274 1171 1326 liqua.

1098 1343 1285 1385 Homilia
1304 1341 1444 1400 sancti
1463 1337 1668 1389 Greg6rii
1685 1337 1832 1388 Papae.

1196 1410 1368 1445 llomilia
1384 1410 1437 1444 33.
1455 1410 1494 1444 in
1509 1410 1734 1453 Evangelia.

1046 1464 1312 1519 f‘ogitanti
1331 1462 1437 1504 mihi
1457 1461 1513 1502 de
1532 1459 1683 1500 Mariae
1698 1455 1876 1508 Magda-

1046 1516 1124 1566 δὲ’-Λ
1146 1520 1257 1561 lenae
1290 1518 1564 1571 poenitentia,
1599 1516 1706 1557 flere
1737 1512 1878 1564 magis

1043 1576 1165 1626 libet,
1197 1589 1328 1628 quam
1353 1574 1519 1627 aliquid
1545 1573 1704 1615 dicere.
1745 1569 1876 1621 Cujus

1045 1634 1159 1674 enim
1178 1633 1249 1675 vel
1268 1634 1451 1673 saxeum
1469 1634 1626 1683 pectus
1644 1627 1731 1669 illae
1749 1626 1876 1678 hujus

1043 1689 1303 1741 peccatricis
1328 1688 1522 1729 lacrimae
1545 1685 1603 1727 ad
1626 1682 1877 1735 exemplum

1044 1744 1287 1798 poenitendi
1319 1757 1406 1786 non
1438 1741 1684 1785 emossiant?
1727 1739 1877 1781 Consi-

1045 1801 1216 1843 deravit
1243 1814 1431 1853 namque
1458 1799 1565 1852 quid
1588 1798 1707 1848 fecit,
1736 1802 1780 1838 et
1802 1797 1877 1837 Πό-

1045 1858 1124 1899 luit
1147 1857 1369 1899 moderari
1391 1856 1498 1908 quid
1521 1856 1699 1896 faceret.
1735 1853 1877 1905 Super

1045 1915 1331 1956 convivantes
1350 1913 1546 1964 ingressa
1561 1916 1639 1961 est,
1656 1922 1745 1951 non
1759 1910 1878 1961 jussa

1045 1971 1180 2020 venit,
1208 1971 1322 2012 inter
1348 1969 1502 2022 epulas
1520 1967 1726 2009 lacrimas
1751 1964 1876 2006 obtu-

1044 2026 1104 2068 lit.
1138 2027 1306 2068 Discite
1325 2038 1412 2078 quo
1436 2024 1591 2067 dolore
1610 2021 1750 2071 ardet,
1776 2034 1876 2074 quae

1045 2083 1150 2125 flere
1171 2088 1214 2125 et
1233 2083 1346 2124 inter
1366 2081 1520 2134 epulas
1540 2092 1628 2122 non
1645 2078 1877 2121 erubescit.

1104 2145 1155 2195 R.
1174 2144 1296 2185 Deus
1320 2156 1445 2185 meus
1470 2142 1591 2194 eripe
1615 2154 1686 2182 me
1710 2138 1766 2181 de
1789 2152 1876 2181 ma-

1045 2214 1103 2241 nu
1123 2200 1389 2252 peccaturis,
1417 2205 1461 2241 et
1485 2198 1540 2240 de
1565 2211 1696 2238 manu
1722 2196 1876 2237 contra

1045 2257 1187 2308 legem
1218 2257 1404 2307 agentis,
1445 2260 1489 2297 et
1521 2254 1671 2306 iniqui:
1711 2257 1733 2279 *
1761 2253 1876 2303 Quo'-

1045 2313 1162 2353 niam
1180 2317 1228 2353 tu
1248 2325 1296 2353 es
1314 2312 1526 2364 patientia
1543 2323 1652 2352 mea.
1684 2305 1734 2356 V.
1755 2309 1876 2350 Deus

1045 2382 1169 2410 meus
1206 2381 1261 2409 ne
1299 2369 1517 2419 elongeris
1553 2380 1579 2408 a
1614 2379 1701 2407 me:
1754 2365 1877 2406 Deus

1046 2438 1168 2466 meus
1201 2425 1245 2464 in
1278 2424 1486 2465 auxilium
1518 2436 1665 2464 meum
1694 2421 1876 2473 respice.

1046 2480 1274 2530 Quoniam.

1364 2530 1515 2570 Lectio
1536 2531 1574 2570 ii.

1145 2605 1226 2633 ane
1253 2604 1376 2640 vero,
1405 2605 1537 2643 quam
1556 2591 1699 2632 Lucas
1723 2602 1877 2642 pecca-

1150 2650 1306 2690 tricem
1324 2647 1563 2696 muherem,
1581 2647 1606 2688 J
1609 2649 1773 2688 oannes
1789 2646 1877 2686 Ma-

1047 2706 1155 2745 riam
1184 2704 1393 2753 nominat,
1421 2703 1541 2744 illam
1569 2716 1666 2744 esse
1694 2702 1878 2742 Mariam
