2066 2904
780 136 989 167 Commune
1019 133 1227 174 Virgilium.

198 233 482 276 Conturbatae
509 235 610 273 sunt
630 231 815 279 Gentes,
844 234 888 270 et
915 230 975 270 in-

146 290 306 332 clinAta
333 293 433 331 sunt
460 300 608 339 regna:
627 287 650 313 *
670 285 793 328 dedit
820 298 976 327 vocem

147 359 282 395 suam,
299 350 421 387 mota
439 349 507 386 est
523 348 651 385 terra.

197 402 413 443 Dominus
440 401 650 442 virttitum
676 396 925 439 nobiscum:
951 398 975 423 *

147 459 378 510 susceptor
396 460 548 498 noster
565 455 687 496 Deus
705 452 855 494 Jacob.

198 514 373 562 Venite,
398 516 442 554 et
462 511 609 553 videte
633 513 769 563 opera
787 508 976 556 Domini,

147 582 246 621 quae
264 569 415 621 posuit
432 567 635 620 prodigia
650 578 782 618 super
795 569 976 606 terram:

146 626 170 651 ยน*
202 625 404 666 auferens
435 623 552 665 bella
583 634 724 674 usque
755 620 812 662 ad
844 620 976 661 finem

145 686 287 723 terrae.

199 737 366 778 Arcum
397 737 611 784 conteret,
653 738 696 775 et
732 732 977 783 confringet

147 806 284 833 arma:
302 793 326 818 *
346 797 390 833 et
409 796 534 832 scuta
555 789 785 831 comburet
803 788 902 839 igni.

197 849 382 897 Vacate,
410 852 455 888 et
482 845 628 888 videte
658 845 864 897 quoniam
893 857 976 894 ego

146 917 243 945 sum
257 904 394 945 Deus:
409 903 433 928 *
445 901 674 944 exaltabor
689 901 733 941 in
749 899 976 949 Gentibus,

147 964 191 1002 et
211 958 440 1001 exaltabor
458 959 503 1005 in
521 962 649 1002 terra.

197 1015 413 1057 Dominus
440 1014 652 1055 virtutum
678 1012 925 1053 nobiscum:
953 1012 976 1037 *

145 1073 377 1123 susceptor
395 1074 547 1111 noster
564 1069 687 1110 Deus
706 1067 856 1109 Jacob.

198 1135 299 1174 Ant.
328 1133 565 1186 Adjuvabit
597 1145 694 1174 eam
712 1133 835 1174 Deus
854 1131 977 1173 vultu

146 1204 242 1233 suo:
260 1191 382 1233 Deus
401 1191 445 1231 in
463 1189 611 1231 medio
631 1189 733 1240 ejus,
752 1201 840 1229 non
860 1200 975 1229 com-

145 1247 406 1289 movebitur.

196 1317 296 1356 Ant.
331 1317 468 1368 Aquae
490 1313 642 1354 multae
666 1314 690 1338 *
713 1325 800 1353 non
823 1314 975 1365 potue-

145 1378 246 1415 runt
265 1374 543 1423 exstinguere
564 1370 802 1411 caritatem.

412 1450 610 1490 Psalmus
638 1449 702 1489 47.

145 1508 389 1615 Magnus
418 1517 645 1566 Dominus,
674 1522 718 1558 et
744 1516 977 1558 laudabilis

266 1575 394 1616 nimis
413 1575 437 1600 *
456 1574 500 1614 in
527 1573 704 1614 civitate
723 1573 807 1613 Dei
827 1572 976 1621 nostri,

146 1633 191 1673 in
216 1636 367 1673 monte
395 1634 548 1672 sancto
577 1629 679 1681 ejus.

198 1686 425 1729 Fundetur
447 1684 738 1727 ex'sultatione
762 1684 977 1724 universae

147 1749 278 1786 terrae
310 1756 437 1784 mons
470 1741 590 1790 Sion,
618 1740 641 1766 *
676 1739 816 1782 latera
843 1739 976 1792 Aqui-

147 1799 276 1850 lonis,
302 1799 455 1840 civitas
481 1797 598 1848 regis
624 1796 781 1847 magni.

199 1855 322 1897 Deus
344 1855 389 1896 in
408 1852 612 1896 domibus
633 1852 724 1904 ejus
743 1854 977 1902 cognosce-

148 1917 229 1961 tur,
255 1912 280 1937 *
308 1924 408 1952 cum
436 1908 645 1961 suscipiet
673 1920 780 1949 eam.

202 1967 417 2018 Quoniam
445 1977 547 2007 ecce
574 1976 702 2014 reges
725 1968 854 2005 terrae
879 1976 978 2005 con-

150 2023 321 2074 gregati
365 2026 479 2063 sunt:
523 2021 547 2046 *
593 2021 892 2061 convenerunt
935 2020 980 2060 in

149 2092 293 2120 unum.

201 2135 294 2187 Ipsi
321 2132 520 2175 videntes
548 2131 612 2172 sic
639 2129 843 2172 admirati
869 2137 980 2180 sunt,

151 2190 400 2232 conturbati
428 2192 543 2238 sunt,
576 2187 785 2228 commoti
813 2191 929 2228 sunt:
957 2187 980 2212 *

149 2251 315 2288 tremor
342 2242 633 2298 apprehendit
660 2254 748 2284 eos.

202 2302 271 2344 Ibi
298 2301 478 2344 dolores
505 2305 553 2341 ut
579 2298 876 2351 parturientis:
894 2298 918 2323 *
937 2298 981 2338 in

151 2358 308 2411 spiritu
334 2355 582 2399 vehementi
615 2356 817 2396 conteres
846 2366 981 2395 naves

151 2413 342 2455 Tharsis.

203 2470 323 2511 Sicut
349 2468 605 2516 audivimus,
633 2466 696 2508 sic
723 2465 911 2507 vidimus
937 2467 982 2507 in

152 2525 329 2567 civitate
350 2525 529 2567 Domini
556 2523 781 2570 virtutum,
808 2522 853 2562 in
881 2523 981 2564 civi-

151 2583 243 2623 tate
275 2581 361 2623 Dei
386 2581 538 2623 nostri:
571 2580 595 2605 *
628 2578 750 2619 Deus
784 2577 983 2621 fundavit

152 2649 251 2678 eam
276 2637 321 2677 in
349 2639 571 2680 aeternum.

1078 227 1358 279 Suscepimus
1372 226 1494 267 Deus
1513 226 1860 267 misericordiam

1026 289 1158 333 tuam,
1185 283 1209 308 *
1236 283 1281 322 in
1305 282 1452 323 medio
1479 282 1633 334 templi
1660 283 1734 324 tui.

1079 337 1329 380 Secundum
1369 351 1531 380 nomen
1567 344 1691 379 tuum
1726 339 1859 387 Deus,

1028 395 1091 436 sic
1128 399 1172 436 et
1204 394 1300 435 laus
1335 399 1411 435 tua
1444 394 1488 435 in
1519 394 1630 436 fines
1663 400 1808 436 terrae:
1836 394 1860 420 *

1028 451 1189 503 justitia
1216 450 1348 502 plena
1377 455 1443 491 est
1470 450 1653 492 dextera
1679 456 1766 492 tua.

1080 507 1275 548 Laetetur
1315 519 1443 547 mons
1479 507 1603 556 Sion,
1647 512 1691 549 et
1719 507 1860 549 exsul-

1028 568 1122 605 tent
1149 562 1252 604 filiae
1275 563 1300 603 J
1302 562 1413 613 udae,
1441 564 1465 589 *
1492 568 1677 615 propter
1704 563 1862 614 judicia

1028 625 1104 661 tua
1130 619 1330 660 Domine.

1082 675 1360 717 Circumdate
1388 675 1510 725 Sion,
1539 680 1584 716 et
1610 675 1861 727 complecti-

1028 732 1134 772 mini
1170 744 1280 773 eam:
1317 731 1340 757 *
1376 733 1551 773 narrate
1587 731 1631 772 in
1667 731 1862 773 torribus

1030 789 1131 839 ejus.

1080 844 1237 885 Ponite
1272 843 1409 884 corda
1440 848 1588 885 vestra
1623 844 1666 884 in
1700 844 1862 886 virtute

1030 902 1135 952 ejus:
1162 900 1186 925 *
1215 905 1258 941 et
1293 899 1540 941 distribuite
1574 899 1732 941 domos
1760 901 1862 952 ejus,

1029 962 1077 998 ut
1105 956 1315 997 enarretis
1342 956 1385 996 in
1413 957 1624 1008 progenie
1653 956 1801 998 altera.

1082 1013 1299 1062 Quoniam
1338 1011 1408 1053 hic
1451 1017 1518 1054 est
1553 1012 1695 1062 Deus,
1740 1013 1862 1055 Deus

1028 1073 1181 1110 noster
1208 1069 1251 1108 in
1271 1070 1498 1118 aeternum,
1527 1074 1571 1110 et
1590 1069 1634 1109 in
1654 1069 1863 1110 saeculum

1029 1124 1193 1165 saeculi:
1212 1125 1236 1151 *
1254 1124 1350 1176 ipse
1376 1129 1500 1175 reget
1526 1137 1608 1166 nos
1628 1125 1673 1165 in
1691 1125 1863 1167 saecula.

1080 1190 1180 1229 Ant.
1224 1190 1361 1241 Aquae
1397 1189 1548 1230 multae
1585 1202 1674 1230 non
1710 1192 1862 1242 potue-

1029 1250 1130 1286 runt
1150 1248 1429 1297 exstinguere
1448 1246 1686 1287 caritatem.

1080 1303 1130 1354 V.
1177 1309 1418 1361 Adjuvabit
1454 1322 1551 1350 eam
1582 1310 1706 1351 Deus
1739 1311 1863 1352 vultu

1030 1378 1122 1407 suo.
1159 1365 1210 1415 R.
1240 1366 1362 1407 Deus
1390 1366 1434 1406 in
1462 1365 1608 1407 medio
1639 1367 1746 1418 ejus,
1774 1380 1863 1408 non

1030 1421 1390 1464 commovebitur.

1086 1483 1214 1524 Pater
1235 1488 1397 1524 noster.

1082 1542 1327 1583 Absolutio.
1358 1544 1501 1597 Ipsius
1523 1547 1676 1597 pietas.

1083 1595 1132 1646 V.
1158 1598 1273 1640 Jube
1297 1599 1470 1642 domne.

1083 1660 1245 1701 Bened.
1276 1660 1398 1703 Deus
1416 1662 1550 1703 Pater
1574 1664 1863 1714 omnipotens.

1047 1734 1201 1778 Sermo
1221 1737 1361 1777 sancti
1379 1735 1605 1777 Ambrosii
1623 1736 1846 1788 Episcopi.

1172 1794 1252 1827 Lib.
1272 1794 1298 1827 1.
1317 1793 1364 1827 dc
1383 1793 1499 1835 Virg..
1518 1793 1619 1827 eirca
1638 1792 1718 1826 init.

1333 1847 1486 1887 Lectio
1509 1847 1560 1885 iv.

1037 1909 1336 1977 Quoniam
1355 1908 1489 1950 hodie
1508 1909 1667 1950 natalis
1688 1914 1755 1950 est
1767 1909 1863 1950 Vir-

1071 1964 1132 2000 s
1149 1987 1155 2017 ,ยน
1174 1965 1303 2016 ginis,
1331 1965 1488 2006 invitat
1507 1978 1622 2006 nunc
1641 1965 1863 2015 integrita-

1040 2022 1057 2039 ฮถ
1082 2020 1086 2022 โ
1104 2044 1115 2045 ff
1134 2005 1155 2044 แผข]
1175 2021 1233 2062 tis
1253 2033 1388 2071 amor,
1407 2026 1456 2062 ut
1473 2021 1641 2073 aliquid
1661 2021 1716 2062 de
1736 2020 1864 2071 virgi-

1033 2077 1170 2118 nitate
1197 2077 1409 2118 dicamus:
1436 2090 1491 2119 ne
1515 2077 1651 2118 veluti
1676 2076 1865 2117 transitu

1034 2132 1228 2185 quodam
1246 2135 1498 2185 praestricta
1516 2133 1736 2182 videatur,
1764 2144 1864 2183 quae

1033 2189 1289 2241 principalis
1322 2194 1389 2230 est
1420 2189 1571 2230 virtus.
1614 2188 1718 2229 Non
1749 2188 1865 2229 enim

1034 2244 1134 2286 ideo
1163 2245 1398 2286 laudabilis
1422 2244 1666 2295 virginitas,
1696 2244 1798 2296 quia
1821 2244 1866 2284 in

1034 2300 1302 2353 Martyribus
1346 2303 1583 2353 reperitur:
1635 2299 1715 2341 sed
1762 2300 1865 2351 quia

1034 2357 1130 2409 ipsa
1153 2357 1372 2408 Martyres
1399 2356 1542 2397 faciat.
1585 2356 1694 2406 Quis
1717 2360 1865 2397 autem

1034 2412 1224 2454 humano
1253 2425 1350 2454 eam
1376 2412 1520 2464 possit
1549 2412 1724 2463 ingenio
1749 2425 1866 2454 com-

1034 2468 1325 2521 prehendere,
1346 2481 1478 2519 quam
1497 2480 1579 2509 nec
1597 2471 1755 2510 natura
1774 2468 1865 2509 suis

1034 2524 1211 2566 inclusit
1228 2522 1423 2576 legibus?
1449 2523 1540 2565 Aut
1560 2524 1657 2576 quis
1676 2524 1866 2566 naturali

1035 2593 1144 2622 voce
1164 2580 1416 2633 complecti,
1445 2579 1566 2632 quod
1584 2593 1718 2633 supra
1737 2594 1866 2622 usum

1034 2640 1203 2678 naturae
1249 2634 1332 2678 sit?
1387 2636 1425 2676 E
1467 2635 1583 2678 coelo
1621 2636 1866 2687 accersivit,
