2028 2892
577 206 673 239 ΙιῐΙί-ιι
705 206 995 238 llcbdomadum
1028 206 1060 238 ii.
1091 215 1176 247 post
1204 209 1282 240 Uet.
1313 207 1482 240 vast-hus.

176 303 340 341 statuta
360 302 573 352 tempora,
595 305 639 342 et
657 301 868 342 terminos
888 300 1006 342 habi-

175 356 352 397 tatic'mis
379 358 548 406 cerum,
578 359 778 409 quaerere
802 357 946 398 Deum
971 357 1007 397 si

174 412 287 454 forte
305 414 541 454 attrectent
555 426 665 463 eum,
685 418 760 455 aut
775 413 1006 463 inveniant,

175 469 375 520 quamvis
398 482 486 510 non
504 469 636 521 longe
659 470 715 512 sit
734 470 789 511 ab
809 472 1005 521 unoquo-

174 537 259 576 que
279 531 492 567 nostrum.

229 592 275 641 ῐζι.
302 587 418 628 Ecce
438 587 553 628 vicit.
581 589 676 628 263.

487 665 634 705 Lectio
659 666 696 703 ii.

217 738 245 765 n
273 724 370 776 ipso
400 724 514 766 enirn
546 724 752 773 vivimus,
787 730 830 766 et
858 727 1004 766 move-

232 794 344 830 mur,
369 786 412 822 et
432 794 598 822 sumus:
628 781 740 822 sicut
761 786 804 822 et
825 781 1004 833 quidam

171 839 422 878 vestrarum
440 839 675 890 poetarum
695 836 913 879 dixerunt:
934 839 1004 891 Ip-

171 895 262 934 sius
286 893 402 934 enim
425 899 468 935 et
492 906 629 945 genus
654 906 814 934 sumus.
853 895 1004 936 Genus

171 962 276 1001 ergo
297 963 396 990 cum
417 950 550 991 simus
567 949 662 998 Dei,
683 963 771 991 non
791 950 1003 992 debemus

171 1006 391 1047 aestimare
411 1019 530 1055 auro,
550 1010 625 1047 aut
641 1008 834 1057 argento,
855 1012 930 1048 aut
944 1007 1002 1048 la-

169 1061 277 1114 pidi,
303 1062 542 1114 sculpturae
563 1063 684 1111 artis,
711 1067 754 1103 et
774 1063 1002 1114 cogitatie-

169 1118 235 1158 nis
259 1118 464 1168 heminis,
492 1119 701 1160 Divinum
727 1132 823 1161 esse
850 1120 1002 1162 simile.

169 1174 225 1215 Et
245 1176 448 1227 tempora
466 1175 643 1227 quidem
658 1175 783 1227 hujus
801 1176 1002 1227 ignoran-

169 1230 242 1271 tiae
261 1230 508 1283 despiciens
523 1232 656 1282 Deus,
675 1246 790 1274 nunc
807 1234 1003 1274 anuntiat

168 1286 419 1328 hominibus
451 1292 499 1329 ut
531 1301 683 1330 omnes
715 1288 879 1341 ubique
910 1302 1002 1342 poe-

168 1343 397 1384 nitentiam
430 1349 581 1394 agant,
614 1357 667 1386 eo
698 1345 820 1397 quod
848 1346 1003 1387 statuit

169 1398 297 1449 diem,
315 1400 358 1440 in
375 1413 463 1452 quo
479 1400 748 1451 judicaturus
765 1406 832 1443 est
848 1402 1003 1444 orbem

168 1455 211 1495 in
232 1456 451 1508 aequitate,
474 1457 517 1497 in
536 1457 643 1507 viro,
667 1457 711 1498 in
732 1471 820 1510 quo
841 1459 1002 1508 statuit,

168 1511 301 1553 fidem
321 1513 525 1564 praebens
546 1513 761 1564 omnibus,
782 1515 1002 1556 suscitans

169 1581 268 1609 eum
290 1582 315 1609 a
333 1570 531 1611 mortuis.
561 1570 670 1611 Cum
688 1570 916 1612 audissent
931 1584 1002 1612 au-

168 1629 258 1665 tem
304 1627 671 1667 resurrectionem
716 1629 1001 1678 mortuarum,

169 1680 347 1732 quidam
387 1681 566 1734 quidem
605 1682 868 1732 irridebant,
910 1684 1000 1736 qui-

169 1736 270 1778 dam
299 1750 404 1779 vero
434 1737 657 1779 dixerunt:
685 1739 929 1780 Audiemus
957 1745 1001 1781 te

168 1792 224 1834 de
251 1792 337 1834 hoc
364 1796 532 1835 iterum.
578 1795 650 1836 Sic
675 1795 836 1836 Paulus
868 1795 1003 1837 exivit

168 1848 224 1890 de
242 1849 390 1891 medio
411 1852 574 1891 earum.

227 1910 275 1960 R.
297 1909 393 1960 Ego
414 1923 511 1951 sum
530 1910 641 1952 vitis.
668 1912 763 1952 263.

477 1983 626 2023 Lectio
648 1983 702 2022 iii.

174 2032 401 2154 Quidam
424 2058 529 2087 vero
550 2046 631 2087 viri
655 2046 931 2089 adhaerentes
952 2049 1001 2098 ei,

270 2100 568 2143 crediderunt:
592 2103 636 2143 in
657 2102 815 2155 quibus
836 2109 879 2145 et
899 2104 1002 2146 Dio-

168 2158 318 2208 n5⁷sius
346 2157 639 2210 Areopagita‚
672 2164 715 2200 et
742 2159 899 2201 mulier
928 2163 1001 2202 no-

169 2214 284 2255 mine
299 2214 515 2264 Damaris,
533 2220 576 2256 et
593 2215 664 2255 alii
680 2228 779 2256 cum
794 2216 868 2257 eis.
894 2217 1002 2258 Post

170 2269 267 2311 haec
282 2272 485 2321 egressus
501 2270 556 2312 ab
571 2271 769 2322 Athenis,
787 2273 907 2314 venit
921 2273 1002 2315 Co·

171 2326 381 2367 rinthum:
423 2333 466 2369 et
505 2328 729 2369 inveniens
768 2329 1002 2380 quemdam

169 2381 370 2423 Judaeum
399 2384 574 2425 nemine
602 2384 826 2436 Aquilam,
858 2386 1001 2426 Ponti-

171 2449 270 2478 cum
291 2441 467 2488 genere,
492 2440 566 2492 qui
586 2453 728 2492 nuper
746 2442 927 2483 venerat
947 2442 1001 2483 ab

171 2493 317 2543 Italia,
351 2501 394 2536 et
422 2496 666 2537 Priscillam
699 2499 882 2538 uxerem
912 2498 1002 2549 ejus

172 2550 240 2598 (eo
258 2551 378 2601 quod
393 2555 680 2605 praecepisset
693 2552 901 2595 Claudius
918 2554 1002 2595 dis-

172 2604 329 2647 cedere
350 2619 502 2649 omnes
517 2609 696 2650 Judaeos
715 2622 740 2650 a
757 2610 914 2659 Roma)
935 2623 1002 2651 ac-

173 2662 305 2702 cessit
321 2662 377 2703 ad
393 2676 481 2704 eos.
510 2665 566 2706 Et
582 2666 684 2717 quia
700 2665 893 2717 ejusdem
909 2672 1003 2707 erat

173 2718 290 2766 artis,
311 2719 517 2761 manebat
536 2722 656 2773 apud
675 2734 764 2771 eos,
789 2727 831 2763 et
851 2735 1002 2775 opera-

1059 300 1208 342 batur:
1245 303 1384 353 (erant
1412 303 1529 345 enim
1558 304 1892 346 scenofactoriae

1060 357 1192 409 artis.)
1229 358 1287 400 Et
1313 358 1568 412 disputabat
1596 361 1640 401 in
1668 362 1893 412 synagoga

1058 426 1138 465 per
1166 427 1295 456 omne
1323 415 1577 466 sabbatum,
1607 417 1892 469 interponens

1059 482 1219 512 nomen
1240 471 1418 513 Demini
1441 473 1465 513 J
1468 485 1561 522 esu,
1588 473 1892 526 suadebatque

1057 526 1081 566 J
1084 526 1223 568 udaeis
1244 533 1288 569 et
1309 528 1491 570 Graecis.

1113 589 1175 629 Te
1192 588 1337 630 Deum
1357 589 1598 631 laudamus.
1616 591 1676 631 15.

1115 654 1181 694 Ad
1209 654 1365 694 Bened.
1387 655 1485 694 Ant.
1519 656 1681 696 Eantes
1704 655 1748 696 in
1770 669 1891 696 mun·

1058 709 1174 760 dum,
1188 711 1211 735 *
1227 710 1386 752 docete
1401 724 1555 752 omnes
1566 711 1744 761 Gentes,
1759 711 1893 764 bapti-

1058 768 1208 808 zantes
1228 780 1306 808 eos
1325 768 1370 808 in
1389 767 1566 809 nemine
1586 768 1741 817 Patris,
1761 773 1805 809 et
1823 769 1890 809 Fi-

1058 822 1114 871 lii,
1137 828 1180 864 et
1198 823 1387 876 Spiritus
1406 825 1556 873 sancti,
1578 824 1762 876 alleluja.

1114 887 1181 927 Ad
1199 887 1370 935 Magnis.
1389 889 1487 928 Ant.
1508 889 1803 930 Mercenarius
1818 902 1890 930 au-

1057 949 1157 993 tem,
1173 944 1196 970 *
1211 945 1332 996 cujus
1347 958 1435 987 non
1451 950 1552 987 sunt
1565 958 1672 987 oves
1685 946 1890 999 propriae,

1057 1000 1178 1048 videt
1196 1001 1349 1054 lupum
1369 1002 1627 1052 venientem,
1647 1007 1692 1044 et
1711 1001 1892 1044 dimittit

1057 1070 1175 1107 oves,
1199 1063 1243 1099 et
1262 1058 1383 1109 fugit,
1408 1062 1452 1100 et
1469 1058 1600 1111 lupus
1619 1059 1744 1111 rapit,
1766 1063 1809 1100 et
1829 1058 1889 1100 di-

1057 1114 1223 1165 spergit
1243 1127 1361 1164 oves,
1382 1114 1564 1166 alleluja.

1238 1234 1423 1271 Feria
1463 1235 1711 1282 Quarta.

1158 1298 1220 1338 De
1248 1297 1434 1339 Actibus
1463 1296 1797 1350 Apostolerum.

1183 1366 1334 1407 Lectio
1365 1366 1388 1405 i.
1516 1367 1620 1418 Cap.
1640 1368 1710 1406 20.
1732 1367 1772 1408 d.

1114 1439 1152 1469 x
1188 1432 1341 1473 Mileto
1361 1432 1524 1473 Paulus
1548 1432 1728 1474 mittens
1746 1431 1889 1484 Ephe-

1087 1470 1156 1522 «θλ
1189 1502 1305 1538 sum,
1346 1489 1524 1530 vocavit
1561 1489 1749 1540 majores
1785 1494 1889 1531 natu

1055 1545 1278 1587 Ecclesiae.
1333 1545 1419 1595 Qui
1450 1558 1551 1586 eum
1582 1547 1806 1588 venissent
1833 1544 1891 1587 ad

1056 1614 1167 1651 eum,
1187 1606 1231 1643 et
1247 1601 1376 1642 simul
1391 1606 1552 1651 essent,
1570 1601 1682 1643 dixit
1697 1601 1776 1643 eis:
1794 1601 1890 1644 Vos

1056 1658 1178 1699 scitis
1207 1670 1231 1698 a
1259 1657 1401 1710 prima
1429 1657 1520 1708 die,
1553 1670 1640 1710 qua
1667 1658 1890 1709 ingressus

1056 1727 1153 1755 sum
1181 1715 1225 1754 in
1250 1714 1419 1763 Asiam,
1449 1713 1635 1766 qualiter
1659 1713 1891 1755 vobiscum

1056 1783 1135 1822 per
1155 1782 1284 1812 omne
1303 1774 1479 1822 tempus
1498 1769 1671 1820 fuerim,
1694 1770 1890 1812 serviens

1055 1826 1249 1867 Demino
1279 1839 1378 1867 cum
1406 1826 1525 1867 omni
1550 1825 1815 1876 humilitate,
1845 1831 1889 1868 et

1055 1881 1258 1931 lacrimis,
1283 1887 1326 1924 et
1345 1881 1673 1931 tentationibus,
1695 1894 1794 1933 quae
1814 1882 1889 1923 mi-

1055 1937 1100 1978 hi
1134 1937 1389 1979 acciderunt
1422 1950 1477 1979 ex
1512 1937 1683 1979 insidiis
1714 1937 1889 1980 Judaeo-

1056 2007 1170 2035 rum:
1204 1993 1430 2046 quemodo
1458 1993 1568 2034 nihil
1594 1993 1889 2035 subtraxerim

1055 2050 1251 2099 utilium,
1303 2050 1537 2103 queminus
1584 2050 1889 2092 annuntiarem

1056 2106 1200 2156 vobis,
1229 2111 1273 2148 et
1294 2107 1502 2148 docerem
1522 2119 1603 2147 vos
1622 2106 1816 2159 publice,
1846 2112 1890 2148 et

1056 2175 1135 2215 per
1164 2162 1339 2212 domos,
1367 2163 1610 2204 testificans
1634 2162 1800 2204 Judaeis
1827 2167 1888 2204 at-

1057 2231 1141 2271 que
1166 2218 1414 2260 Gentilibus
1438 2219 1482 2260 in
1507 2219 1651 2260 Deum
1675 2219 1888 2271 poeniten-

1055 2275 1181 2324 tiam,
1218 2279 1263 2316 et
1295 2275 1429 2316 fidem
1465 2276 1507 2316 in
1540 2275 1779 2317 Deminum
1814 2288 1888 2317 no-

1055 2336 1195 2372 strum
1222 2331 1246 2371 J
1250 2343 1372 2372 esum
1403 2331 1635 2372 Christum.
1689 2331 1747 2372 Et
1774 2344 1889 2372 nune

1057 2399 1160 2428 ecce
1186 2386 1388 2437 alligatus
1410 2400 1491 2438 ego
1514 2387 1684 2439 spiritu,
1710 2385 1824 2428 vado
1844 2387 1887 2427 in

1055 2442 1313 2484 Jerusalem:
1343 2456 1442 2495 quae
1461 2443 1503 2483 in
1525 2455 1577 2484 ea
1597 2445 1782 2483 ventura
1801 2442 1888 2483 sint

1055 2498 1176 2548 mihi,
1203 2499 1426 2549 ignerans:
1454 2499 1535 2540 nisi
1559 2497 1678 2550 quod
1700 2498 1888 2550 Spiritus

1057 2559 1234 2596 sanctus
1262 2567 1341 2606 per
1372 2568 1524 2596 omnes
1552 2554 1754 2596 civitates
1782 2553 1888 2594 mihi

1056 2613 1345 2663 protestatur,
1374 2611 1541 2653 dicens:
1569 2610 1775 2663 quoniam
1798 2612 1886 2650 vin-

1057 2667 1171 2717 cula,
1199 2672 1243 2709 et
1267 2667 1574 2708 tribulationes
1597 2667 1622 2707 J
1625 2666 1887 2718 erosolymis

1056 2736 1126 2764 me
1154 2728 1343 2764 manent.
1387 2722 1476 2764 Sed
1503 2722 1608 2763 nihil
1635 2722 1793 2763 horum
1818 2723 1887 2762 ve-
