2066 2904
542 198 752 231 (hsmnnunc
782 200 1058 241 Apostolorum
1085 205 1191 233 extra
1219 205 1369 243 tempus
1399 201 1595 235 l‘asehale.

209 299 290 335 est:
318 293 400 343 Qui
420 292 610 334 carnalia
630 305 711 345 pro
729 292 958 334 Salvatdre
978 291 1038 332 di-

208 350 390 398 miserit,
428 349 669 401 spiritualia
702 349 899 401 recipiet:
939 361 1038 400 quae

209 406 536 458 comparatio'ne
566 410 609 446 et
636 406 793 446 merito
823 406 890 446 sui
912 405 972 446 ita
998 417 1037 445 e-

207 467 316 511 runt,
338 462 462 514 quasi
482 462 518 502 si
533 474 671 514 parvo
691 465 875 503 numero
895 465 1038 502 cente-

207 518 354 559 narius
373 521 580 559 numerus
600 520 891 570 comparetur.

262 587 407 621 Deinde
426 588 566 622 dicitur
587 590 777 633 Hymnus:

263 644 322 682 Te
341 640 485 681 Deum
505 639 746 680 laudamus.
770 639 828 679 15.

472 720 551 761 Ad
573 720 770 761 Laudes

426 783 472 809 et
510 786 598 818 Der
638 777 707 810 110
726 788 817 810 ras:

261 834 358 874 Ant.
384 836 412 874 1.
449 836 544 875 lloc
564 838 631 875 est
654 835 928 886 praeceptum
949 846 1036 875 me-

205 905 295 939 um,
319 891 341 916 *
375 895 423 932 ut
456 890 645 941 diligatis
682 890 886 939 invicem,
924 890 1037 931 sicut

206 947 338 988 dilexi
367 959 456 988 vos.

261 1008 411 1048 psalm.
449 1008 660 1049 DOminus
694 1008 903 1057 regnavit.
938 1024 1037 1051 eum

206 1064 395 1115 reliquis.
423 1065 481 1104 16.

254 1128 290 1165 2.
334 1126 541 1176 Majo'rem
580 1125 807 1166 caritatem
843 1126 866 1150 *
904 1138 1033 1166 nemo

203 1180 347 1230 habet,
367 1186 414 1222 ut
435 1182 624 1222 {mimam
644 1194 767 1222 suam
784 1186 920 1233 ponat
937 1182 1034 1233 quis

201 1249 282 1289 pro
305 1238 455 1278 amieis
476 1238 576 1278 suis.

259 1300 294 1339 .3.
324 1300 412 1339 Vos
434 1298 561 1339 amici
580 1299 665 1340 mei
686 1299 803 1348 estis,
822 1299 845 1323 *
866 1298 901 1339 si
923 1298 1032 1340 fece-

200 1354 293 1394 ritis
314 1367 412 1406 quae
433 1355 643 1407 praeci'pio
663 1355 802 1403 vobis,
823 1354 929 1396 dicit
943 1355 1032 1396 Do-

199 1423 352 1451 minus.

252 1474 289 1511 4.
318 1472 439 1512 Beati
463 1472 651 1524 pacifici,
670 1472 694 1497 *
722 1472 841 1513 beeiti
865 1472 1030 1513 mundo

198 1526 347 1568 eorde:
386 1529 593 1580 queniam
620 1529 706 1581 ipsi
734 1529 878 1570 Deum
912 1528 1030 1570 vide-

198 1582 318 1624 bunt

251 1647 289 1685 5.
322 1647 368 1685 in
391 1646 602 1697 patientia
622 1651 768 1687 vestra
789 1646 812 1671 *
833 1645 1029 1698 posside-

198 1698 299 1741 bitis
320 1701 487 1743 animas
506 1707 686 1743 vestras.

283 1773 541 1823 Capitulum.
693 1775 844 1826 liphes.
862 1778 895 1815 2.
914 1776 951 1816 d.

198 1824 434 1930 Fratres:
461 1830 485 1871 J
489 1843 558 1871 am
582 1845 671 1872 non
695 1833 800 1873 estis
819 1831 1029 1884 h6spites‚

296 1891 339 1927 et
355 1886 551 1928 advenae:
578 1888 657 1929 sed
677 1888 781 1930 estis
801 1889 918 1929 cives
935 1900 1029 1928 san-

200 1943 386 1992 ct6rum,
421 1948 464 1984 et
491 1943 721 1985 domestici
748 1945 846 1986 Dei:
879 1957 1028 1997 super-

199 1997 404 2040 aedifieati
419 2012 551 2052 super
565 2000 897 2042 fundamentum
911 2002 1029 2053 Apo-

199 2054 414 2096 stolorum
455 2061 499 2097 et
535 2056 876 2109 Prophetarum,
928 2058 1028 2110 ipso

199 2115 324 2152 suffio
345 2111 541 2162 angulari
560 2112 706 2165 lapide
722 2113 897 2155 Christo
912 2114 935 2155 J
940 2127 1028 2156 esu.

253 2169 302 2220 R».
327 2168 425 2210 Deo
445 2169 621 2220 gratias.

509 2237 720 2288 Hymnus.

301 2298 465 2340 xsultet
486 2298 606 2340 orbis
626 2298 814 2350 gaudiis:

327 2354 497 2396 Coelum
518 2355 702 2396 resultet
720 2355 940 2397 laudibus:

278 2409 596 2461 Apostoldrum
614 2411 801 2462 gldriam

277 2465 425 2507 Tellus
446 2472 488 2508 et
507 2473 625 2509 astra
644 2468 892 2509 concinunt.

239 2535 321 2574 Vos
342 2535 602 2577 saeculorum
621 2536 797 2588 judices,

276 2589 332 2630 Et
350 2603 453 2631 vera
471 2592 622 2634 mundi
646 2593 820 2642 lumina,

276 2645 404 2687 Votis
423 2650 654 2698 precamur
675 2648 888 2690 cordium:

275 2700 438 2743 Audite
457 2716 590 2745 voces
612 2705 871 2757 supplicum.

1119 290 1202 341 Qui
1222 292 1388 344 templa
1407 292 1507 334 eoeli
1528 292 1742 342 clauditis,

1143 347 1362 400 Ser-‘sisque
1382 348 1520 391 verbo
1539 348 1720 398 selvitis,

1143 403 1238 445 Nos
1258 417 1283 445 a
1303 407 1427 446 reatu
1446 405 1605 446 n6xios

1143 459 1264 501 Solvi
1282 460 1438 512 jubete,
1469 463 1732 513 quaesumus.

1120 530 1347 583 l’raecepta
1368 542 1555 582 quorum
1574 531 1776 583 protinus

1168 586 1375 637 Languor
1395 586 1602 638 salusque
1621 587 1829 636 sentiunt3

1167 643 1328 684 Sanate
1347 647 1518 684 mentes
1536 642 1781 693 languidas:

1167 698 1340 750 Augete
1359 711 1440 740 nos
1460 699 1709 740 virtutibus:

1123 770 1185 818 Vt,
1214 781 1313 810 cum
1333 768 1494 810 redibit
1513 768 1677 810 arbiter

1166 825 1217 865 In
1238 825 1324 866 fine
1344 824 1544 866 Christus
1564 824 1726 874 saeculi,

1168 881 1264 923 Nos
1284 881 1539 934 sempiterni
1557 880 1706 931 gaudii

1169 937 1395 980 Concedat
1414 950 1512 979 esse
1531 939 1774 990 cempotes.

1121 1008 1245 1058 Patri,
1274 1006 1492 1059 simulque
1511 1006 1634 1056 Fflio,

1166 1064 1356 1117 Tibique
1376 1067 1528 1104 sancte
1547 1062 1746 1116 Spiritus,

1164 1121 1287 1162 Sicut
1306 1120 1395 1170 fuit,
1424 1119 1482 1161 sit
1505 1119 1661 1171 jugiter

1165 1177 1354 1219 Saeelum
1370 1189 1452 1230 per
1471 1188 1600 1218 omne
1619 1175 1770 1227 gldria.

1399 1234 1553 1275 Amen.

1144 1294 1193 1346 V·
1230 1303 1613 1344 Annuntiaverunt
1650 1303 1787 1355 (Spera
1821 1301 1919 1344 Dei.

1092 1357 1142 1408 R·-
1165 1360 1221 1401 Et
1240 1360 1356 1401 faeta
1375 1359 1467 1412 ejus
1485 1358 1807 1401 intellexerunt.

1142 1424 1214 1466 Ad
1235 1426 1397 1468 Bened.
1417 1428 1517 1467 Ant.
1542 1426 1632 1468 Vos
1653 1426 1728 1480 qui
1746 1426 1918 1480 reliqui-

1084 1486 1163 1527 stis
1195 1486 1219 1511 *
1251 1485 1413 1534 emnia,
1450 1489 1495 1526 et
1527 1484 1668 1525 secuti
1700 1484 1805 1525 estis
1836 1496 1918 1534 me,

1085 1541 1340 1594 centuplum
1363 1540 1606 1594 accipietis,
1639 1545 1684 1582 et
1702 1540 1839 1582 vitam
1863 1552 1918 1581 ae-

1082 1600 1253 1640 ternam
1271 1597 1569 1650 possidebitis.

1353 1683 1422 1720 Ad
1445 1683 1650 1720 Tertiam.

1139 1754 1238 1795 Ant.
1268 1753 1477 1804 Majdrem
1497 1752 1737 1794 caritatem.

1139 1823 1275 1875 Capit.
1314 1823 1507 1863 Fratres:
1546 1822 1571 1863 J
1573 1834 1646 1863 am
1676 1833 1765 1863 non
1798 1820 1916 1862 estis.

1087 1884 1134 1920 ut
1155 1893 1299 1931 supra.

1140 1944 1189 1995 R.
1206 1943 1268 1984 br.
1289 1945 1340 1986 In
1355 1957 1531 1986 omnem
1548 1948 1712 1986 terram
1734 1942 1916 1986 *Exivit

1081 2014 1215 2044 sonus
1235 2003 1398 2043 e6rum.
1425 2001 1478 2042 In
1501 2013 1689 2042 omnem.
1726 1994 1775 2047 V.
1794 2000 1853 2041 Et
1870 1999 1915 2040 in

1079 2059 1190 2100 fines
1234 2057 1354 2099 orbis
1396 2062 1527 2099 terrae
1571 2056 1708 2099 verba
1750 2058 1915 2098 e6rum.

1079 2115 1237 2156 Exivit.
1267 2113 1420 2155 Gloria
1437 2114 1569 2156 Patri.
1597 2115 1649 2155 In
1669 2125 1855 2155 omnem.

1139 2169 1188 2221 V.
1212 2175 1465 2218 Constitues
1490 2187 1567 2217 eos
1594 2174 1818 2227 principes
1845 2186 1912 2214 su-

1079 2245 1159 2286 per
1187 2245 1363 2274 omnem
1390 2236 1565 2274 terram.
1615 2231 1667 2282 Rz.
1692 2230 1913 2272 Memores

1079 2294 1207 2330 erunt
1225 2288 1414 2330 neminis
1432 2288 1496 2330 tui
1515 2287 1717 2329 D6mine.

1358 2373 1426 2410 Ad
1450 2373 1638 2410 Sextam.

1138 2443 1236 2483 Ant.
1257 2442 1345 2485 Vos
1364 2443 1493 2485 amici
1511 2442 1598 2484 mei
1618 2442 1734 2483 estis.

1189 2519 1448 2571 Capitulum.
1608 2518 1703 2558 Aet.
1719 2519 1756 2557 5.
1773 2517 1812 2558 b.

1161 2605 1208 2634 er
1232 2604 1387 2633 manus
1415 2594 1563 2631 autem
1588 2587 1910 2640 Apostolorum

1178 2647 1343 2690 fiebant
1357 2647 1483 2697 signa
1497 2650 1541 2687 et
1555 2644 1758 2698 prodigia
1772 2643 1910 2685 multa

1077 2706 1120 2746 in
1139 2704 1281 2758 plebe.
