2066 2956
824 192 1059 234 l‘rtcparutio

225 297 438 339 caritatem,
476 306 552 340 qua
583 306 655 331 nos
687 296 849 331 miseros
883 299 919 330 et
953 294 1048 329 indi—

223 356 321 389 gnos
346 346 402 380 sic
427 348 553 380 amare
579 346 760 390 dignatus
788 355 846 388 es,
876 349 918 379 ut
945 344 1048 379 lava-

223 407 284 431 res
308 406 380 430 nos
405 406 427 430 a
450 396 620 439 peccatis
637 395 781 431 nostris
798 395 839 429 in
854 394 1048 438 Sanguine

223 452 306 481 tuo:
331 446 426 481 doce
451 456 510 481 me
535 456 690 481 servum
711 450 819 481 tuum
839 445 1049 489 indignum,

224 507 337 541 quem
365 497 464 531 inter
492 498 617 531 cetera
647 497 749 531 dona
771 500 837 531 tua
862 495 976 530 etiam
1000 494 1050 529 ad

224 548 391 582 officium
424 547 664 582 sacerdotale
696 548 837 582 vocare
869 546 1050 589 dignatus

224 608 276 640 es,
299 597 416 631 nullis
433 597 529 631 meis
547 597 703 640 meritis,
729 597 798 631 sed
815 596 900 631 sola
918 595 1050 638 digna-

223 648 326 683 tione
344 647 621 682 misericordiae
637 651 730 690 tuae:
749 647 844 682 doce
859 655 930 688 me,
948 654 1050 688 quae-

225 708 285 747 son,
317 707 386 741 per
409 696 592 741 Spiritum
617 701 792 732 sanctum
815 700 939 737 tuum,
970 699 1051 729 tan-

224 753 303 783 tum
326 749 490 782 tractare
514 748 738 791 mysterium
767 757 811 781 ea
835 745 1051 781 reverentia

225 803 261 832 et
277 798 434 839 honere,
460 808 503 832 ea
522 798 727 833 devotione
746 801 783 832 et
797 796 944 839 timere,
969 795 1051 839 qui-

225 848 298 882 bus
323 848 474 891 opertet
497 852 533 882 et
558 847 677 882 decet.
712 847 789 881 Fac
806 856 866 881 me
883 856 952 889 per
968 846 1051 889 gra-

225 897 318 932 tiam
341 902 445 931 tuam
469 908 621 941 semper
644 897 740 932 illud
771 897 818 931 de
842 899 949 931 tanto
972 906 1051 939 my-

226 948 343 983 sterio
368 948 522 983 credere
546 952 583 983 et
602 948 832 991 intelligere,
857 946 996 981 sentire
1015 949 1052 980 et

225 998 384 1033 firmiter
399 999 537 1041 tenere,
557 998 683 1033 dicere
697 1002 734 1032 et
747 997 928 1041 cogitare,
946 996 1050 1040 quod

225 1048 296 1083 tibi
314 1049 451 1093 placet,
476 1052 512 1083 et
529 1048 686 1092 expedit
703 1048 840 1082 animae
857 1057 962 1081 meae.
992 1046 1051 1080 In-

226 1103 297 1133 tret
321 1099 478 1143 spiritus
502 1103 590 1133 tuus
614 1099 740 1133 bonus
765 1098 803 1132 in
829 1108 895 1132 cor
914 1107 1052 1139 meum,

227 1150 292 1193 qui
317 1154 427 1183 sonet
452 1149 506 1184 ibi
531 1149 613 1183 sine
639 1159 752 1189 sono,
785 1153 821 1182 et
849 1148 931 1182 sine
961 1148 1052 1181 stre-

227 1199 309 1243 pitu
338 1200 543 1234 verberum
570 1199 751 1243 loquatur
780 1209 931 1233 omnem
954 1197 1052 1232 veri-

226 1251 351 1284 tatem.
397 1249 593 1284 Profunda
628 1249 772 1293 quippe
808 1252 895 1283 sunt
926 1247 1052 1291 nimis,

227 1303 264 1334 et
286 1310 397 1334 sacro
420 1304 519 1334 tecta
543 1299 744 1334 velamine.
788 1298 951 1342 Propter
976 1308 1052 1332 ma-

227 1359 341 1392 gnam
369 1349 608 1384 clementiam
636 1353 741 1383 tuam
766 1348 933 1383 concede
957 1347 1053 1381 mihi

226 1398 429 1433 Missarum
462 1399 649 1434 solemnia
680 1398 823 1433 mundo
854 1397 986 1440 corde⁷
1017 1400 1053 1431 et

227 1459 322 1492 pura
336 1454 460 1483 mente
475 1449 677 1483 celebrare.
695 1448 833 1483 Libera
848 1458 914 1483 eor
926 1457 1053 1482 meum

227 1500 274 1533 ab
300 1499 506 1534 immundis
532 1503 568 1534 et
588 1499 781 1542 nefandis,
806 1499 918 1534 vanis
936 1502 972 1533 et
987 1498 1052 1532 ne-

226 1550 302 1583 xiis
331 1550 642 1593 cogitationibus.
694 1549 800 1584 Muni
832 1559 891 1583 me
921 1549 1051 1583 beato-

226 1610 308 1634 rum
333 1600 569 1644 Angelorum
597 1601 663 1644 pia
693 1604 729 1634 et
756 1600 833 1634 fida
865 1599 1052 1642 custodia,

227 1661 271 1685 ac
287 1651 405 1685 tutela
422 1650 646 1691 fortissima,
671 1654 711 1685 ut
733 1650 865 1684 hostes
883 1649 1053 1684 emnium

226 1701 414 1735 bonorum
444 1700 595 1735 confusi
625 1700 834 1735 discedant.
880 1700 955 1734 Per
978 1699 1052 1734 vir-

227 1752 343 1785 tutem
375 1751 471 1785 tanti
500 1751 689 1794 mysterii,
725 1755 761 1784 ct
796 1760 865 1793 per
898 1759 1053 1783 manum

229 1800 350 1834 sancti
374 1800 515 1844 Angeli
546 1800 601 1835 tui
632 1800 774 1844 repelle
806 1810 827 1834 a
856 1810 932 1842 me,
965 1804 1001 1834 et
1031 1810 1053 1833 a

228 1850 374 1884 cunctis
406 1850 530 1884 servis
558 1850 635 1884 tuis
666 1850 913 1885 durissimum
943 1850 1053 1893 spiri-

228 1904 306 1934 tum
331 1900 538 1943 superbiae,
562 1905 598 1934 et
623 1900 864 1942 cenodexiae,
894 1900 1053 1935 invidiae

228 1954 264 1984 et
280 1949 544 1993 blasphemiae,
562 1950 827 1985 fornicationis
845 1955 882 1985 01
895 1950 1053 1984 immun-

229 1999 348 2042 ditiae,
382 1999 590 2035 dubietatis
615 2004 651 2034 et
673 2000 908 2035 diffidentiae.
955 2000 1053 2035 Con-

229 2049 444 2091 fundantur,
468 2050 534 2093 qui
559 2060 630 2084 nos
651 2052 947 2094 persequuntur:
971 2051 1054 2094 per-

229 2103 315 2133 eant
340 2099 406 2143 illi,
432 2099 497 2143 qui
521 2110 592 2134 nos
617 2100 777 2144 perdere
802 2100 991 2135 festinant.

399 2198 570 2233 Feria
607 2197 885 2233 Secunda.

285 2283 332 2307 ex
348 2273 554 2317 virginum,
579 2278 615 2308 et
640 2276 787 2309 amator
807 2274 995 2309 castitatis
1018 2278 1054 2308 et

302 2323 542 2367 integritatis,
557 2325 705 2359 coelesti
720 2335 805 2359 rore
819 2324 1053 2359 benedictie-

231 2372 290 2406 nis
314 2377 390 2407 tuae
414 2374 613 2417 exstingue
642 2374 678 2409 in
705 2376 865 2419 cerpore
890 2385 976 2410 11100
1001 2375 1054 2409 fo-

232 2482 290 2506 me
314 2477 423 2507 tenor
447 2474 634 2509 castitatis
657 2475 832 2519 corporis
853 2480 889 2510 et
906 2475 1053 2510 animae.

232 2521 415 2557 Mortifica
448 2523 485 2557 in
515 2525 696 2559 membris
720 2526 816 2560 meis
840 2525 967 2560 carnis
992 2526 1054 2560 sti-

232 2572 372 2615 mulos,
402 2575 608 2618 omnesque
632 2575 864 2610 libidinosas
888 2585 1054 2610 commo-

232 2620 372 2664 tiones,
410 2627 446 2657 et
481 2623 529 2657 da
562 2624 655 2658 mihi
688 2636 820 2660 veram
853 2630 889 2660 et
920 2626 1055 2669 perpe-

232 2675 335 2706 tuam
353 2673 565 2708 castitatem
583 2685 668 2709 cum
685 2676 820 2710 ceteris
839 2676 952 2711 donis
967 2676 1054 2718 tuis,

233 2731 320 2766 quae
343 2722 414 2756 tibi
438 2722 590 2766 placent
612 2724 651 2758 in
676 2725 851 2760 veritate:
875 2730 917 2760 ut
940 2726 1055 2760 sacri-

1086 191 1133 225 ad
1158 192 1324 225 Missam.

1103 293 1234 328 ficium
1252 293 1381 328 laudis
1398 298 1506 329 casto
1525 295 1704 338 corpore,
1729 297 1766 328 et
1783 293 1930 329 mundo

1101 343 1217 378 corde
1230 344 1382 379 valeam
1397 344 1470 379 tibi
1487 344 1632 379 offerre.
1657 344 1809 385 Quanta
1826 344 1929 379 enim

1101 394 1231 428 cordis
1252 394 1481 429 contritione
1499 398 1536 429 et
1552 394 1797 430 lacrimarum
1814 394 1929 438 fonte,

1102 447 1245 487 quanta
1269 444 1483 479 reverentia
1512 449 1550 479 et
1575 446 1755 488 tremere,
1786 448 1930 489 quanta
1953 444 1958 448 '

1102 493 1277 537 corporis
1313 494 1489 529 castitate
1525 498 1562 529 et
1594 494 1733 529 animae
1762 494 1930 539 puritate

1103 544 1207 579 istud
1237 544 1409 579 divinum
1439 549 1476 580 et
1508 545 1665 580 coeleste
1697 545 1932 580 sacrificium

1103 598 1161 629 est
1185 594 1472 638 celebrandum,
1497 595 1565 630 ubi
1590 595 1691 631 Caro
1714 599 1780 631 tua
1803 596 1843 631 in
1867 606 1931 631 ve-

1102 644 1214 679 ritAte
1238 645 1415 688 sumitur,
1439 645 1507 680 ubi
1523 645 1690 689 Sanguis
1707 650 1796 681 tuus
1811 646 1851 681 in
1866 656 1932 681 ve·

1102 694 1213 729 ritate
1230 694 1384 738 bibitur,
1407 695 1475 730 ubi
1494 695 1571 730 ima
1587 695 1758 739 summis,
1781 696 1932 731 terrena

1104 744 1247 779 divinis
1263 745 1481 789 junguntur,
1498 745 1567 780 ubi
1583 745 1704 780 adest·
1712 746 1933 780 sanctemm

1102 795 1340 838 Angelerum
1360 795 1585 839 praesentia,
1608 795 1676 830 ubi
1692 799 1733 830 tu
1751 805 1792 830 es
1809 794 1932 830 Sacri-

1103 844 1234 879 ficium
1257 849 1294 879 et
1315 845 1505 880 Sacerdos
1526 845 1755 880 mirabiliter
1778 849 1815 879 et
1838 844 1932 879 inef-

1103 895 1272 930 fabiliter
1294 896 1540 931 constitutus!

1295 966 1478 1002 Feria
1514 966 1743 1002 Tertia.

1106 1030 1220 1110 Quis
1242 1030 1357 1074 digne
1381 1030 1456 1065 hoc
1473 1030 1714 1066 Sacrificium
1738 1030 1933 1065 celebrare

1179 1081 1330 1124 poterit,
1344 1082 1420 1116 nisi
1440 1086 1481 1116 tu
1494 1081 1600 1116 Deus
1617 1081 1861 1125 omnipotens
1879 1080 1933 1115 of-

1104 1130 1288 1166 ferentem
1318 1131 1455 1166 feceris
1480 1132 1659 1175 dignum?
1689 1131 1778 1166 Scio
1804 1130 1934 1166 Demi-

1105 1191 1162 1223 ne,
1183 1185 1220 1215 et
1236 1192 1326 1216 vere
1347 1182 1440 1224 scio,
1465 1186 1502 1216 et
1519 1182 1688 1226 idipsum
1704 1181 1839 1225 pietati
1856 1185 1934 1216 tuae

1105 1232 1307 1275 confiteor,
1336 1233 1428 1277 quia
1450 1243 1529 1268 non
1553 1243 1638 1267 sum
1662 1232 1803 1277 dignus
1829 1232 1934 1267 acce-

1105 1282 1195 1317 dere
1220 1283 1270 1317 ad
1293 1287 1441 1318 tantum
1462 1284 1687 1328 mysterium
1705 1286 1866 1327 propter
1881 1282 1934 1316 ni-

1104 1333 1181 1367 mia
1198 1336 1357 1377 peccata
1373 1344 1474 1377 mea,
1499 1338 1536 1369 et
1554 1334 1722 1369 infinitas
1737 1333 1935 1377 negligen-

1104 1383 1179 1418 tias
1209 1394 1325 1418 meas.
1371 1384 1449 1419 Sed
1475 1384 1573 1427 scio,
1603 1383 1858 1419 et-veraciter
1887 1393 1935 1417 ex

1105 1438 1187 1469 toto
1209 1434 1324 1469 corde
1341 1445 1427 1470 meo
1444 1435 1571 1479 credo,
1597 1439 1634 1470 et
1651 1445 1717 1470 ore
1736 1433 1934 1476 confiteor,

1109 1484 1199 1528 quia
1221 1489 1263 1519 tu
1287 1484 1398 1529 potes
1422 1496 1482 1520 me
1512 1485 1636 1521 facere
1663 1485 1838 1529 dignum,
1868 1483 1934 1528 qui

1106 1535 1213 1570 solus
1233 1540 1346 1579 potes
1367 1536 1492 1571 facere
1509 1536 1694 1571 mundum
1711 1535 1758 1570 de
1775 1535 1934 1570 immun-

1105 1584 1156 1618 do
1180 1586 1409 1629 conceptum
1433 1585 1596 1629 semine,
1629 1589 1666 1620 et
1689 1585 1737 1620 de
1759 1584 1935 1629 peccato-

1104 1634 1212 1669 ribus
1229 1635 1352 1678 justos
1370 1640 1406 1671 et
1423 1640 1589 1671 sanctos.
1610 1635 1686 1671 Per
1700 1635 1801 1670 hanc
1815 1634 1935 1670 omni-

1104 1685 1316 1728 potentiam
1344 1690 1450 1720 tuam
1477 1690 1513 1720 te
1537 1695 1651 1729 rogo,
1680 1685 1787 1720 Deus
1815 1694 1935 1727 meus,

1104 1738 1146 1769 ut
1170 1735 1361 1770 concedas
1384 1736 1481 1770 mihi
1504 1736 1700 1779 peccatori
1719 1735 1796 1769 hoc
1818 1735 1935 1769 sacri-

1106 1785 1235 1819 ficium
1270 1786 1464 1820 celebrare
1500 1796 1586 1820 cum
1620 1785 1757 1821 timore
1791 1787 1828 1819 et
1863 1787 1934 1819 tre—

1105 1835 1220 1878 mere,
1245 1845 1330 1869 cum
1356 1835 1485 1870 cordis
1509 1835 1677 1880 puritate
1701 1838 1739 1869 et
1761 1834 1936 1869 lacrima-

1106 1895 1188 1919 rum
1213 1884 1329 1928 fonte,
1355 1896 1441 1920 cum
1465 1886 1599 1921 laetitia
1622 1884 1790 1929 spiritali
1807 1887 1844 1919 et
1861 1894 1935 1918 coe-

1106 1935 1193 1969 lesti
1217 1935 1371 1978 gaudio.
1407 1935 1554 1970 Sentiat
1577 1946 1685 1970 mens
1706 1945 1791 1969 mea
1809 1934 1936 1969 dulce-

1107 1985 1236 2020 dinem
1263 1986 1500 2021 beatissimae
1527 1985 1748 2030 praesentiae
1770 1988 1866 2028 tuae,
1899 1987 1936 2019 et

1107 2035 1292 2070 excubias
1328 2037 1548 2071 sanctorum
1582 2036 1822 2079 Angelorum
1855 2034 1936 2069 tud-

1106 2096 1189 2120 rum
1214 2086 1254 2120 in
1278 2086 1439 2121 circuitu
1463 2096 1560 2121 meo.

1289 2159 1475 2196 Feria
1512 2160 1756 2207 Quarta.

1110 2233 1210 2308 Ego
1241 2226 1358 2270 enim,
1381 2226 1560 2270 Demine,
1583 2236 1730 2261 memor
1752 2226 1936 2261 veneran-

1186 2277 1247 2311 dae
1269 2276 1467 2321 passienis
1484 2281 1562 2311 tuae
1584 2276 1726 2311 accedo
1748 2276 1798 2311 ad
1816 2275 1935 2310 altare

1106 2330 1227 2370 tuum,
1259 2326 1350 2361 licet
1379 2328 1576 2370 peccator,
1606 2331 1647 2361 ut
1675 2326 1833 2361 offeram
1863 2324 1935 2360 tibi

1107 2377 1356 2420 sacrificium,
1380 2377 1487 2421 quod
1510 2381 1551 2411 tu
1575 2376 1791 2419 instituisti,
1821 2379 1859 2411 et
1881 2374 1935 2410 of-

1106 2426 1195 2460 ferri
1219 2427 1441 2470 praecepisti
1464 2427 1504 2460 in
1532 2425 1935 2461 commemoratienem

1106 2476 1176 2518 tui,
1206 2486 1277 2521 pro
1303 2477 1426 2511 salute
1451 2480 1594 2511 nostra.
1641 2476 1803 2519 Suscipe
1828 2474 1935 2517 illud,

1108 2536 1253 2570 quaeso,
1272 2537 1418 2561 summe
1434 2527 1551 2569 Deus,
1567 2536 1638 2571 pro
1657 2526 1831 2561 Ecclesia
1850 2535 1935 2559 san-

1108 2581 1167 2611 cta
1185 2581 1266 2620 tua,
1292 2582 1329 2612 et
1350 2587 1422 2621 pro
1443 2577 1606 2621 pepulo‚
1633 2586 1747 2621 quem
1769 2575 1936 2620 acquisi-

1108 2627 1198 2661 visti
1231 2627 1418 2671 sanguine
1450 2632 1527 2662 tuo.
1578 2626 1626 2661 Et
1658 2626 1841 2670 quoniam
1874 2636 1935 2660 me

1107 2678 1349 2720 peccatorem
1372 2677 1471 2712 inter
1494 2681 1531 2711 te
1556 2681 1593 2711 et
1617 2676 1794 2711 eumdem
1814 2677 1936 2721 popu-

1107 2726 1186 2761 lum
1209 2731 1315 2762 tuum
1338 2727 1506 2762 medium
1530 2737 1615 2762 esse
1640 2726 1815 2770 voluisti,
1845 2727 1937 2762 licet
