2028 2892
696 173 805 206 Furia
832 173 1001 206 secunda
1029 173 1074 206 ad
1103 173 1306 215 Vesperas.

1790 169 1850 203 111

194 273 450 314 Esurientes
478 268 679 322 implevit
702 268 849 309 bonis:
877 267 900 293 *
929 271 973 308 et

145 330 305 372 divites
334 327 501 370 dimisit
528 326 692 367 inanes.

195 388 399 442 Suscepit
416 386 555 429 Israel
582 389 769 439 puerum
787 398 929 434 suum,
949 385 973 410 *

143 446 402 489 recordatus
430 442 747 485 misericordiae
775 454 877 482 suae.

195 507 317 549 Sicut
344 506 518 547 locutus
548 508 615 545 est
643 502 700 544 ad
725 507 874 555 patres
900 514 973 543 no-

145 569 278 613 stros,
306 563 330 589 *
358 561 600 610 Abraham,
629 564 672 601 et
701 558 855 600 semini
884 559 974 610 ejus

143 622 188 662 in
217 619 390 662 saecula.

198 681 352 723 Gloria
374 678 507 720 Patri.

200 746 350 780 Deinde
376 745 448 779 dic.
474 746 560 778 Am.
591 751 625 778 ct
651 744 782 777 Oratio
810 746 976 787 propria.

402 826 575 848 ,βω

179 914 328 957 Feria
346 911 567 955 secunda
586 910 653 952 ad.
671 910 935 959 vesperas.

199 988 297 1027 Ant.
326 985 571 1029 Inclinavit.

199 1052 351 1103 Tcmp.
375 1051 583 1091 l'aschali.
612 1052 709 1090 Ant.
744 1048 935 1100 Alleluia.

414 1119 613 1160 Psalmus
637 1120 711 1158 111.

160 1198 165 1234 ἰ
264 1178 400 1228 ilexi,
427 1177 634 1230 quoniam
663 1174 869 1216 exaudiet
890 1175 977 1215 Do-

183 1254 231 1282 .
270 1287 271 1290 Ἰ
302 1235 446 1276 minus
489 1234 513 1260 *
559 1245 715 1274 vocem
765 1230 977 1272 orationis

303 1304 426 1333 meae.

1301 271 1494 311 Psalmus
1516 273 1591 311 115.

1034 330 1270 438 Credidi,
1310 335 1493 383 propter
1522 330 1642 381 quod
1677 330 1851 371 locutus

1118 401 1229 428 sum:
1256 388 1280 413 *
1310 399 1390 438 ego
1420 391 1565 427 autem
1599 386 1851 427 humiliatus

1028 457 1124 486 sum
1152 457 1292 484 n1m1s.

1078 501 1173 551 Ego
1203 500 1294 541 dixi
1321 500 1365 540 in
1395 501 1577 540 excessu
1603 511 1718 540 meo:
1745 499 1768 524 *
1797 499 1851 540 O·

1027 557 1141 597 mnis
1169 556 1301 597 homo
1329 555 1528 596 mendax.

1081 612 1198 663 Quid
1224 612 1464 654 retribuam
1490 611 1694 659 Domino,
1721 612 1744 636 *
1771 623 1852 663 pro

1029 669 1244 719 omnibus,
1273 681 1370 720 quae
1399 666 1599 709 retribuit
1627 665 1754 707 mihi?

1081 725 1273 767 Calicem
1293 724 1495 766 salutaris
1521 723 1748 775 accipiam:
1767 723 1790 748 *
1810 727 1853 764 et

1029 795 1187 823 nomen
1215 781 1393 823 Domini
1422 779 1648 822 invocabo.

1080 839 1199 880 Vota
1227 850 1325 879 mea
1352 837 1543 877 Domino
1575 835 1757 876 reddam
1784 847 1852 876 co-

1029 909 1123 936 ram
1151 894 1269 936 omni
1297 893 1464 946 populo
1493 894 1599 944 ejus:
1618 892 1641 917 *
1660 892 1854 944 pretiosa

1029 952 1074 992 in
1095 952 1337 1003 conspectu
1351 949 1529 990 Domini
1548 961 1666 989 mors
1684 949 1854 988 sancto-

1030 1021 1127 1049 rum
1156 1008 1263 1058 ejus:

1084 1064 1120 1105 O
1136 1063 1326 1104 Domine
1349 1062 1450 1114 quia
1470 1073 1550 1112 ego
1572 1073 1723 1101 servus
1739 1064 1855 1100 tuus:

1030 1121 1054 1146 *
1079 1132 1161 1171 ego
1191 1131 1343 1160 servus
1371 1123 1483 1167 tuus,
1513 1121 1555 1158 et
1583 1116 1698 1157 filius
1727 1115 1854 1156 ancil-

1030 1177 1085 1217 1ae
1110 1181 1209 1217 tuae.

1083 1231 1300 1284 Dirupisti
1322 1230 1493 1272 vincula
1516 1242 1628 1270 mea:
1648 1230 1671 1255 *
1690 1229 1771 1270 tibi
1792 1241 1854 1269 sa-

1032 1287 1240 1330 crificabo
1259 1287 1450 1328 hostiam
1465 1285 1618 1334 laudis,
1638 1290 1681 1327 et
1698 1297 1854 1326 nomen

200 1353 313 1403 Quia
366 1351 594 1393 inclinavit
648 1362 798 1391 aurem
854 1361 978 1390 suam
1030 1344 1210 1386 Domini
1229 1342 1456 1384 invocabo.

146 1409 270 1450 mihi:
299 1410 323 1435 *
357 1413 401 1450 et
437 1409 482 1448 in
519 1406 675 1448 diebus
711 1405 820 1446 meis
857 1405 977 1445 invo-

148 1465 271 1507 cabo.

201 1523 624 1568 Circumdederunt
677 1535 748 1563 me
799 1521 977 1563 dolores

147 1582 318 1624 mortis:
341 1582 365 1608 *
384 1586 428 1623 et
454 1579 650 1633 pericula
678 1578 834 1619 inferni
861 1578 977 1618 inve-

147 1641 307 1680 nerunt
333 1651 414 1680 me.

199 1698 551 1741 Tribulationem
590 1701 634 1738 et
679 1695 878 1737 dolorem
918 1694 978 1734 in-

147 1756 264 1799 veni:
283 1756 308 1790 ἓ*
328 1760 372 1797 et
390 1767 550 1796 nomen
569 1751 749 1794 Domini
765 1750 979 1793 invocavi.

201 1817 239 1858 O
254 1816 445 1858 Domine
462 1814 601 1856 libera
619 1813 807 1854 animam
820 1824 979 1852 meam:

148 1873 172 1900 *
199 1873 450 1914 misericors
483 1870 716 1919 Dominus,
751 1873 795 1910 et
829 1869 979 1920 justus,

149 1935 194 1972 et
220 1930 343 1972 Deus
370 1933 522 1971 noster
549 1927 792 1968 miseratur.

201 1989 466 2032 Custodiens
484 1986 693 2041 parvulos
707 1985 940 2026 Dominus:
955 1984 978 2010 *

148 2046 403 2088 humiliatus
423 2058 531 2094 sum,
561 2048 604 2085 et
622 2042 828 2084 liberavit
846 2053 927 2081 me.

203 2107 471 2149 Convertere
513 2104 657 2146 anima
697 2114 795 2143 mea
834 2101 878 2141 in
915 2102 978 2141 re-

151 2163 298 2216 quiem
324 2167 464 2204 tuam:
486 2162 510 2187 *
533 2160 636 2213 quia
662 2159 878 2200 Dominus
906 2156 978 2198 be-

149 2219 310 2261 nefecit
337 2218 429 2260 tibi.

202 2280 314 2331 Quia
342 2278 502 2331 eripuit
535 2277 725 2318 animam
751 2287 894 2316 meam
923 2273 978 2315 de

149 2341 307 2378 morte:
334 2336 358 2361 *
388 2334 541 2376 oculos
570 2345 693 2373 meos
722 2345 747 2373 a
770 2329 978 2379 lacrimis,

149 2392 287 2445 pedes
314 2403 438 2433 meos
466 2403 492 2431 a
518 2390 657 2441 lapsu.

200 2452 394 2494 Placebo
430 2450 623 2492 Domino
660 2449 684 2474 *
720 2448 764 2489 in
801 2446 978 2498 regione

150 2508 361 2550 vivorum.

206 2575 303 2615 Ant.
336 2571 564 2614 Inclinavit
587 2569 802 2611 Dominus
829 2579 978 2608 aurem

152 2642 276 2672 suam
302 2628 420 2670 mihi.

211 2691 307 2731 Ant.
337 2688 528 2730 sll‘&didi.

1082 1401 1203 1442 Vota
1237 1412 1334 1440 mea
1369 1398 1560 1439 Domino
1598 1396 1779 1438 reddam
1812 1397 1854 1435 in

1031 1458 1271 1508 conspectu
1313 1454 1453 1495 omnis
1496 1453 1650 1506 populi
1691 1453 1797 1504 ejus:
1830 1452 1854 1476 *

1030 1514 1074 1553 in
1102 1512 1223 1554 atriis
1252 1511 1407 1552 domus
1425 1509 1616 1558 Domini,
1644 1509 1687 1548 in
1707 1507 1853 1549 medio

1030 1569 1095 1611 tui
1122 1567 1374 1610 Jerusalem.

1089 1636 1187 1675 Ant.
1215 1630 1412 1680 Credidi,
1440 1634 1623 1682 propter
1651 1627 1769 1680 quod
1795 1627 1854 1667 lo-

1032 1692 1159 1730 cutus
1188 1701 1294 1729 sum.

1088 1757 1186 1796 Ant.
1208 1752 1418 1794 Laudate.

1304 1832 1498 1872 l’salmus
1520 1832 1595 1869 llo.

1092 1900 1253 1943 audate
1287 1898 1523 1940 Dominum
1557 1909 1707 1938 omnes
1742 1896 1853 1936 Gen-

1121 1963 1205 1999 tes:
1225 1957 1248 1983 *
1268 1954 1445 1997 laudate
1473 1966 1572 1995 eum
1600 1965 1750 1993 omnes
1777 1952 1852 2003 po-

1030 2014 1139 2067 puli:

1084 2070 1301 2121 Quoniam
1333 2067 1590 2108 confirmata
1624 2068 1690 2105 est
1722 2073 1853 2114 super

1031 2139 1112 2168 nos
1134 2123 1434 2167 misericordia
1462 2123 1568 2173 ejus:
1587 2120 1611 2146 *
1630 2124 1672 2160 et
1691 2118 1851 2160 veritas

1030 2182 1209 2224 Domini
1235 2184 1383 2221 manet
1410 2179 1454 2219 in
1480 2178 1699 2218 aeternum.

1090 2249 1186 2288 Ant.
1215 2245 1413 2286 Laudate
1439 2241 1674 2283 Dominum
1702 2250 1852 2279 omnes

1032 2304 1210 2345 Gentes.

1094 2370 1125 2408 A
1135 2375 1189 2408 nt.
1212 2363 1418 2407 Clamavi.

1302 2442 1492 2482 l'salmus
1519 2441 1592 2477 111).

1100 2513 1129 2555 d
1147 2511 1382 2553 Dominum
1401 2519 1501 2548 cum
1519 2504 1751 2546 tribularer
1769 2503 1851 2544 cla·

1132 2567 1266 2609 mavi:
1293 2566 1316 2591 *
1345 2567 1388 2605 et
1415 2560 1638 2603 exaudivit
1664 2572 1744 2600 me.

1002 2620 1006 2626 ’
1033 2635 1037 2640 ·
1081 2623 1270 2666 Domine
1297 2619 1435 2660 libera
1458 2617 1646 2658 animam
1666 2627 1807 2656 meam
1826 2625 1850 2654 a

1029 2680 1158 2722 labiis
1176 2675 1351 2728 iniquis,
1368 2674 1391 2700 *
1409 2677 1453 2715 et
1474 2685 1500 2714 a
1518 2672 1665 2723 lingua
1684 2669 1848 2712 dolosa.
