2060 2886
738 142 941 178 Dominica
967 145 1015 178 ad
1040 145 1276 180 Matutinum.

158 227 340 268 'Utamur
365 239 470 277 ergo
497 227 672 279 parcius

207 282 380 333 Verbis,
407 282 515 325 cibis
544 288 587 325 et
613 285 800 337 potibus,

207 339 387 390 Somno,
415 340 536 392 jocis,
565 345 609 382 et
635 342 796 383 arctius

207 395 459 439 Perstemus
486 398 529 438 in
553 398 762 440 custodia.

158 464 358 506 Vitemus
386 470 531 507 autem
558 466 700 515 nexia,

209 521 318 570 Quae
347 521 561 563 subruunt
586 527 754 564 mentes
782 536 929 573 vagas:

207 577 482 631 Nulhimque>
504 578 657 620 demus
686 579 830 621 callidi

207 634 360 676 Hostis
387 634 533 677 locum
560 635 787 688 tyrannidi.

154 706 402 748 Flectamus
430 708 538 748 iram
565 707 792 758 vindicem,

205 762 433 805 Ploremus
463 768 562 806 ante
590 764 787 816 judicem,

207 819 453 862 Clamemus
482 834 558 862 ore
587 821 784 874 supplici,

206 876 414 918 Dicamus
444 890 594 919 omnes
624 878 785 919 cernui:

156 944 328 987 Nostris
356 946 481 987 malis
508 945 765 988 offendimus

205 1002 347 1043 Tuam
373 1002 494 1044 Deus
523 1002 814 1044 clementiam:

203 1058 391 1101 Effi'mde
419 1059 545 1101 nobis
574 1059 780 1112 desuper,

205 1115 441 1166 Remissor,
470 1116 792 1167 indulgentiam.

150 1184 369 1226 Memento
400 1184 519 1237 quod
548 1198 696 1227 sumus
723 1186 796 1236 tui,

202 1240 327 1282 Licet
355 1241 520 1292 caduci,
548 1241 791 1294 plasmatis:

202 1297 271 1339 Ne
299 1297 378 1339 des
405 1298 618 1340 honerem
645 1299 832 1340 neminis

201 1353 296 1404 Tui,
323 1356 567 1406 precamur,
596 1355 731 1397 alteri.

149 1422 271 1462 Laxa
298 1422 460 1463 malum
489 1423 608 1475 quod
634 1423 826 1473 fecimus,

201 1478 328 1529 Auge
352 1477 517 1520 bonum
542 1479 661 1531 quod
685 1481 922 1532 pescimus:

201 1534 379 1576 Placere
408 1547 495 1587 quo
523 1535 700 1578 tandem
728 1536 806 1578 tibi

200 1591 425 1633 Possimus
452 1591 541 1643 hic,
570 1597 613 1634 et
636 1594 862 1646 perpetim.

148 1660 315 1702 Praesta
342 1659 473 1702 beata
497 1661 698 1712 Trinitas,

201 1716 404 1759 Concede
433 1718 619 1771 simplex
646 1718 810 1769 Unitas,

200 1773 258 1814 Ut
284 1773 506 1815 fructuesa
531 1774 616 1816 sint
641 1775 727 1816 tuis

198 1830 223 1871 J
226 1830 466 1882 eiunierum
492 1834 684 1873 munera.
737 1833 889 1874 Amen.

359 1903 549 1945 Tempore
576 1903 763 1937 Paschali.

198 1964 269 2006 Ad
302 1965 569 2005 Matutinum.
611 1957 832 2006 Invitator.
873 1969 971 2009 Sur-

147 2022 259 2063 rexit
286 2022 500 2064 Deminus
528 2035 647 2073 vere,
673 2023 695 2047 *
725 2023 920 2075 Alleluja.

197 2085 265 2129 ΡΞ.
302 2086 465 2137 Venite,
494 2087 768 2129 exsultemus.
791 2089 828 2129 2.

456 2173 663 2224 Hymnus.

233 2260 286 2288 ex
317 2247 580 2300 sempiterne
607 2248 812 2297 co'elitum,

267 2304 431 2345 Rerum
459 2304 642 2345 Creator
671 2305 872 2353 emnium,

199 2360 399 2412 AEquillis
427 2364 526 2401 ante
555 2361 714 2402 saecula

198 2416 379 2469 Semper
406 2417 580 2458 Parenti
608 2417 760 2458 Filius:

146 2485 364 2526 Nascente
393 2485 466 2537 qui
488 2484 651 2526 mundo
680 2484 802 2526 faber

198 2541 437 2592 Imaginem
462 2541 606 2583 vultus
634 2541 695 2582 tui

198 2597 397 2638 Tradens
426 2598 609 2648 Adamo,
638 2597 826 2638 nebilem

199 2653 324 2695 Limo
352 2655 506 2705 jugasti
534 2654 743 2706 spiritum.

1037 233 1144 273 Cum
1166 233 1278 274 livor
1306 239 1349 276 et
1375 235 1490 277 fraus
1519 237 1730 280 daemonis

1086 289 1318 332 Foedasset
1344 290 1578 334 humanum
1606 307 1760 345 genus:

1086 345 1154 386 Tu
1182 358 1310 388 earne
1338 351 1521 390 amictus
1549 350 1763 402 perditam

1085 402 1289 444 Formam
1317 404 1525 446 reformas
1555 407 1718 448 artifex.

1037 477 1123 527 Qui
1151 483 1277 520 natus
1306 479 1407 520 olim
1436 493 1459 521 e
1487 481 1680 532 Virgine,

1084 533 1210 575 Nunc
1239 548 1262 576 e
1290 536 1523 588 sepulchro
1551 540 1752 590 nasceriS,

1084 590 1336 644 Tecumque
1364 606 1444 634 nos
1472 606 1496 634 a
1523 596 1703 636 mortuis

1084 646 1218 688 Jubes
1247 649 1442 701 sepultos
1470 653 1659 700 surgere.

1035 720 1118 768 Qui
1145 726 1296 773 pastor
1324 725 1511 764 aeternus
1539 737 1714 775 gregem

1083 777 1212 829 Aqua
1239 778 1359 820 lavas
1386 779 1676 832 baptismatis:

1077 833 1187 875 Haec
1216 840 1282 876 est
1309 835 1530 877 lavacrum
1558 838 1782 879 mentium:

1082 890 1191 932 Haec
1221 896 1287 932 est
1315 892 1594 945 sepulchrum
1615 895 1849 936 eriminum.

1033 962 1169 1004 Nobis
1198 963 1271 1005 diu
1301 965 1372 1016 qui
1401 964 1559 1006 debitae

1082 1019 1353 1072 Redemptor
1381 1021 1535 1062 affixus
1563 1022 1690 1072 eruci,

1080 1076 1256 1117 Nostrae
1285 1076 1443 1119 dedisti
1470 1078 1679 1130 predigus

1080 1132 1271 1173 Pretium
1299 1133 1448 1175 salutis
1477 1135 1738 1185 sanguinem.

1032 1206 1088 1247 Ut
1117 1206 1175 1247 sis
1202 1208 1391 1258 perenne
1415 1208 1630 1249 mentibus

1079 1262 1290 1304 Paschale
1316 1263 1341 1303 J
1344 1276 1419 1304 esu
1446 1264 1662 1315 gandium,

1081 1319 1122 1359 A
1149 1324 1290 1360 morte
1319 1319 1413 1361 dira
1441 1322 1665 1362 criminum

1079 1375 1196 1416 Vitae
1224 1378 1399 1417 renatos
1427 1376 1573 1418 libera.

1032 1450 1124 1489 Deo
1152 1440 1270 1489 Patri
1298 1449 1353 1490 sit
1379 1449 1527 1499 gloria,

1077 1505 1134 1545 Et
1161 1505 1286 1555 Filio,
1316 1506 1388 1558 qui
1416 1519 1441 1546 a
1467 1506 1648 1547 mertuis

1077 1561 1283 1611 Surrexit,
1311 1575 1362 1603 ac
1388 1562 1617 1612 Paraclito,

1078 1619 1127 1658 In
1156 1619 1418 1671 sempiterna
1446 1619 1616 1660 saecula.
1660 1619 1810 1661 Amen.

1263 1715 1311 1752 In
1338 1715 1367 1752 Ι.
1396 1715 1615 1754 Nocturno.

1080 1792 1160 1832 Per
1191 1792 1373 1831 Annum.
1415 1792 1509 1831 Ant.
1540 1792 1707 1833 Servite
1735 1792 1843 1832 Dfio.

1078 1861 1227 1911 Temp.
1264 1860 1468 1899 l'aschali.
1512 1861 1606 1899 Ant.
1650 1859 1840 1910 Alleluia.

1079 1921 1296 1954 Asteriseus
1314 1930 1334 1951 *
1355 1925 1458 1954 notat
1476 1930 1634 1962 pausum
1653 1927 1784 1954 cantus
1807 1921 1840 1953 in

1026 1970 1164 2003 Chol-o.

1310 2024 1506 2064 psalmus
1536 2026 1562 2063 1.

1033 2101 1039 2136 ἶ
1059 2100 1101 2147 ,ιρςῖ
1115 2095 1258 2134 εέιῒυε
1272 2093 1348 2142 vir,
1365 2092 1438 2144 qui
1458 2105 1545 2133 non
1559 2092 1666 2134 abiit
1679 2093 1722 2133 in
1742 2105 1840 2134 eon-

1059 2154 1127 2189 π
1151 2148 1249 2189 silio
1269 2149 1512 2201 impierum,
1533 2153 1575 2190 et
1593 2149 1635 2188 in
1655 2148 1724 2189 via
1743 2161 1840 2201 pec-

1028 2203 1128 2232 f-‘ss-'ss
1151 2206 1347 2246 caterum
1381 2217 1468 2246 non
1499 2204 1632 2253 stetit,
1664 2204 1687 2230 *
1721 2210 1764 2246 et
1796 2204 1839 2244 in

1024 2260 1232 2302 cathedra
1250 2260 1509 2313 pestilentiae
1528 2272 1614 2300 non
1634 2259 1760 2302 sedit:

1074 2316 1161 2358 Sed
1175 2317 1219 2357 in
1234 2316 1328 2368 lege
1339 2316 1515 2357 Demini
1526 2315 1726 2357 voluntas
1740 2317 1840 2368 ejus,

1022 2373 1046 2399 *
1066 2377 1110 2414 et
1129 2373 1172 2413 in
1189 2372 1283 2425 lege
1299 2374 1388 2424 ejus
1406 2371 1687 2414 meditabitur
1703 2372 1773 2414 die
1788 2384 1839 2413 ac

1022 2434 1163 2470 nocte.

1073 2486 1131 2526 Et
1157 2485 1239 2526 erit
1264 2489 1486 2535 tamquam
1514 2484 1693 2534 lignum,
1721 2483 1838 2535 quod

1022 2541 1264 2593 plantatum
1275 2544 1341 2581 est
1355 2552 1481 2580 secus
1492 2539 1700 2581 decursus
1710 2542 1837 2591 aqua-

959 2608 962 2613 ·
1022 2610 1128 2646 rum,
1155 2597 1178 2621 *
1206 2595 1323 2647 quod
1352 2595 1538 2637 fructum
1567 2609 1690 2636 suum
1717 2595 1837 2636 dabit

1021 2653 1064 2694 in
1084 2654 1281 2703 tempore
1301 2663 1395 2692 suo:
