2028 2892
659 171 729 205 Dic
757 172 812 205 10.
839 172 946 206 Febr.
994 173 1029 206 S.
1054 172 1306 207 Scholastieae
1331 174 1435 215 Virg.

244 268 291 317 R:-
333 271 468 313 Posui
495 271 758 325 adjutorium
789 286 921 326 super
947 286 1024 327 po—

194 328 375 378 tentem,
418 333 462 370 et
505 328 697 371 exaltavi
740 330 929 372 electum
969 330 1025 373 de

194 382 324 436 plebe
360 397 474 427 mea:
513 383 533 405 *
580 386 736 446 Manus
772 387 887 428 enim
926 400 1025 429 mea

193 440 473 483 auxiliabitur
505 442 556 484 ei.
603 438 651 483 Y·
695 443 847 485 Inveni
879 442 1024 486 David

192 508 367 539 servum
396 511 562 549 meum,
606 499 706 542 oleo
739 505 891 542 sancto
923 513 1023 542 meo

190 554 295 595 unxi
315 567 425 597 eum.
478 555 633 598 Manus
655 557 780 598 enim.

492 614 643 654 Lectio
664 615 716 654 vi.

268 681 457 725 celestini
501 682 704 735 delegata
745 685 1021 735 auctoritzite,

284 739 479 781 Concilio
503 740 730 793 Ephesino
756 740 950 794 praefuit,
977 741 1022 782 in

192 807 280 847 quo
319 794 501 838 haeresis
540 797 806 839 Nestoriana
846 798 1020 851 penitus

188 854 439 905 proscripta
464 858 540 903 est,
567 853 799 896 damnatus
820 854 1018 897 Nestori-

188 921 240 949 us
261 914 304 950 et
327 921 353 950 a
376 922 455 950 sua
474 909 579 952 sede
603 909 814 963 dejectus,
843 924 894 952 30
914 910 1019 964 dog-

188 977 260 1005 ma
285 965 550 1007 catholicum
574 966 629 1008 de
655 980 741 1009 una
763 967 808 1008 in
833 966 1018 1019 Christo,

188 1023 330 1074 eaque
363 1021 510 1064 divina
541 1026 751 1076 persona,
797 1029 840 1066 et
872 1023 1020 1066 divina

186 1077 393 1128 gloriosae
419 1079 612 1130 Virginis
637 1080 790 1122 Mariae
817 1082 1018 1123 materni-

186 1136 278 1176 tate
310 1136 542 1187 assertum;
579 1136 817 1190 plaudente
849 1138 1018 1191 populo

185 1191 407 1243 universo,
454 1193 529 1245 qui
570 1193 814 1236 incredibili
856 1194 1018 1246 gaudio

186 1249 393 1300 gestiens,
414 1250 732 1292 collucentibus
751 1251 920 1293 facibus
941 1250 1016 1294 do-

185 1317 305 1346 mum
331 1304 514 1349 deduxit
539 1310 788 1361 episcopos.
823 1308 911 1350 Sed
933 1307 1017 1350 1130

186 1360 241 1403 (10
267 1375 399 1404 031153
425 1363 612 1414 Cyrillus
640 1364 884 1415 calumniis,
912 1365 1016 1418 inju-

185 1418 260 1459 riis
287 1424 330 1460 et
354 1420 735 1472 persecutionibus
762 1421 962 1474 plurimis
991 1435 1017 1463 a

184 1474 227 1516 N
229 1476 393 1518 estorio
414 1477 594 1530 ejusque
618 1477 862 1520 fautoribus
881 1478 1014 1531 impe-

183 1533 288 1573 titus
315 1532 410 1584 fuit;
440 1546 549 1586 quas
577 1534 672 1587 ipse
697 1535 1015 1588 patientissime

182 1587 298 1636 tulit,
325 1589 386 1630 ita
411 1594 461 1631 ut
485 1589 540 1632 de
566 1590 660 1632 sola
682 1590 770 1633 fide
791 1591 1014 1642 sollicitus,

184 1644 400 1698 quidquid
418 1645 631 1688 adversus
645 1660 746 1689 eum
761 1647 1015 1690 effutiebant

183 1713 235 1742 ac
249 1701 543 1745 moliebantur
556 1703 762 1754 haeretici,
781 1717 864 1758 pro
878 1703 1013 1746 nihilo

181 1755 375 1800 haberet.
403 1759 602 1802 Tandem
621 1773 704 1813 pro
718 1760 917 1802 Ecclesia
929 1761 1014 1803 Dei

182 1814 382 1856 maximis
397 1816 655 1869 perfunctus
672 1817 910 1864 laboribus,
929 1817 1015 1870 plu-

182 1869 391 1923 rimisque
436 1872 611 1925 scriptis
653 1872 781 1915 editis
823 1878 916 1915 tum
957 1873 1014 1915 ad

183 1925 381 1969 ethnicos
402 1933 446 1970 et
458 1928 693 1972 haereticos
709 1930 1012 1981 confutandos,

182 1988 277 2025 tum
295 1983 352 2026 ad
371 1998 519 2027 sacras
539 1986 778 2039 scripturas
802 1992 845 2029 et
864 1987 1011 2029 catho-

181 2039 264 2082 lica
293 2041 570 2094 explananda
603 2041 825 2094 dogmata,
859 2050 1011 2086 sancto

181 2096 268 2139 fine
302 2098 467 2151 quievit
495 2111 610 2140 anno
640 2100 1011 2152 quadringentesi-

179 2166 253 2196 mo
278 2154 613 2207 quadragesimo
639 2162 814 2208 quarto,
843 2157 1010 2210 episco-

180 2213 310 2262 patus
333 2212 558 2263 trigesimo
581 2213 787 2255 secundo.
821 2213 913 2255 Leo
938 2213 1010 2256 de-

181 2266 318 2309 cimus
357 2269 515 2311 tertius
550 2270 754 2311 Pontifex
793 2270 1010 2313 Maximus

180 2323 383 2366 Officium
412 2331 456 2368 et
478 2326 657 2368 Missam
685 2326 1009 2379 praeclarissimi

179 2377 303 2430 hujus
327 2381 431 2423 fidei
460 2382 688 2425 catholicae
711 2387 1007 2436 propugnato-

179 2434 238 2475 ris
267 2442 310 2478 et
334 2438 569 2481 Orientalis
598 2439 796 2481 ecclesiae
823 2439 1008 2491 himinis,

178 2490 236 2532 ad
258 2491 504 2537 Ecclesiam
528 2497 776 2538 universam
802 2495 1009 2539 extendit.

232 2549 283 2600 R.
307 2549 397 2591 Iste
418 2558 494 2594 051.
515 2553 590 2605 [71]

232 2613 274 2647 111
287 2615 349 2648 ΙΙΙ,
362 2615 470 2650 Noct.
484 2618 583 2653 Lect.
598 2619 644 2653 de
656 2618 797 2652 11011111.
812 2619 848 2652 111
860 2619 1004 2661 Evnng.

180 2661 259 2699 Vos
281 2666 385 2701 estis.
408 2664 454 2697 (10
472 2665 615 2700 Comm.
634 2666 743 2701 Doct.
763 2667 907 2715 Uoco.
935 2670 1007 2714 [81]

235 2709 364 2744 Lectio
385 2712 431 2744 ix.
456 2713 501 2746 (10
524 2714 693 2749 llomilia
716 2715 838 2749 Fcriu:
862 2725 1005 2749 occurr.

1128 269 1171 303 In
1182 269 1299 304 Laud.
1314 271 1354 304 fit
1369 273 1462 304 cmii.
1475 271 1556 304 Fer.
1572 278 1608 304 et
1620 272 1655 305 S.
1670 271 1901 314 Apolloniae.

1128 320 1228 360 Ant.
1247 318 1397 366 Simile
1415 329 1482 366 est
1495 336 1678 375 regnum
1692 322 1907 365 coelorum

1075 377 1240 420 homini
1257 381 1521 432 negotiatori
1540 380 1753 434 quaerenti
1765 379 1905 423 bonas

1075 438 1345 489 margaritas3
1376 438 1551 480 inventa
1581 450 1668 479 una
1694 437 1906 490 pretiosa,

1076 490 1199 535 dedit
1235 494 1380 536 omnia
1416 507 1510 545 sua,
1552 499 1596 537 et
1632 493 1906 547 comparavit

1076 561 1183 591 eam.

1126 603 1175 654 V.
1211 607 1383 649 Diffusa
1419 613 1488 650 est
1522 607 1664 659 gratia
1698 608 1743 649 in
1775 607 1904 650 labiis

1073 663 1172 705 tuis.
1222 664 1272 715 Rg.
1318 665 1562 718 Propterea
1599 663 1824 707 benedixit
1858 669 1904 707 te

1074 720 1196 762 Deus
1219 720 1262 761 in
1286 722 1509 763 aeternum.

1122 781 1238 863 {esp
1263 792 1283 815 a
1305 781 1398 824 Cap.
1425 781 1470 815 de
1497 791 1602 825 sequ.
1629 791 1763 816 comm.
1783 792 1898 826 praec.

1071 834 1107 863 01
1165 840 1264 863 erite.

1276 908 1360 950 Die
1379 910 1444 950 10.
1462 908 1699 951 Februarii.

1183 976 1227 1017 S.
1249 976 1572 1020 Scholasticae
1592 972 1795 1024 Virginis.

1402 1031 1566 1076 Duplex.

1122 1088 1257 1121 Omnia
1286 1087 1331 1122 (10
1354 1088 1516 1123 (3011111111
1536 1090 1639 1133 Virg.
1669 1092 1776 1137 [100]
1803 1101 1897 1135 prae-

1070 1140 1126 1169 101·
1150 1147 1254 1180 sequ.

1408 1172 1572 1213 Oratio.

1067 1222 1246 1328 Deus,
1263 1232 1336 1284 qui
1352 1232 1539 1273 animam
1553 1231 1696 1274 beatae
1706 1231 1900 1283 Virginis

1178 1294 1267 1330 tuae
1285 1288 1571 1330 Scholasticae
1589 1287 1646 1330 ad
1667 1287 1897 1330 ostenden-

1069 1343 1171 1386 dam
1192 1345 1453 1388 innocentiae
1476 1345 1592 1387 viam
1613 1344 1658 1386 in
1681 1344 1898 1387 columbae

1069 1402 1215 1455 specie
1236 1402 1396 1444 coelum
1414 1403 1647 1456 penetrAre
1666 1401 1821 1443 fecisti:
1841 1400 1900 1444 da

1067 1458 1195 1500 nobis
1224 1460 1315 1511 ejus
1342 1458 1507 1501 meritis
1536 1463 1580 1500 et
1606 1457 1812 1512 precibus
1836 1457 1900 1500 ita

1068 1514 1323 1558 innocenter
1353 1518 1516 1566 vivere3
1561 1520 1610 1558 ut
1646 1514 1703 1557 ad
1734 1515 1899 1557 aeterna

1068 1574 1313 1614 mereamur
1344 1571 1504 1624 gaudia
1533 1573 1773 1626 pervenire.
1813 1571 1899 1613 Per

1066 1628 1304 1670 Dominum
1326 1634 1535 1672 nostrum.
1587 1666 1589 1669 .

1119 1685 1268 1720 Deinde
1292 1686 1334 1721 fit
1357 1696 1553 1721 commem.
1577 1687 1742 1730 praeced.

1120 1734 1218 1776 Ant.
1241 1734 1278 1775 O
1299 1739 1470 1781 Doctor
1489 1738 1664 1792 optime,
1682 1736 1895 1780 Ecclesiae

1068 1799 1230 1836 sanctae
1252 1795 1414 1846 lumen,
1439 1795 1569 1838 beate
1588 1793 1764 1848 Cyrssle‚
1789 1793 1894 1835 divi-

1066 1864 1134 1892 nae
1148 1850 1257 1902 legis
1272 1854 1452 1903 amator,
1468 1851 1708 1905 deprecare
1721 1863 1804 1904 pro
1819 1863 1894 1892 no-

1065 1906 1133 1949 bis
1150 1908 1308 1950 Filium
1326 1909 1420 1950 Dei.

1119 1961 1168 2011 V.
1190 1965 1215 2006 J
1217 1971 1363 2007 ustum
1382 1965 1564 2008 deduxit
1581 1964 1796 2007 Dominus
1814 1976 1895 2018 per

1066 2020 1158 2062 vias
1181 2027 1334 2064 rectas.
1369 2022 1420 2074 R.
1445 2023 1502 2065 Et
1526 2021 1720 2064 ostendit
1742 2021 1804 2062 illi
1828 2033 1892 2062 re-

1065 2091 1198 2129 gnum
1216 2078 1311 2120 Dei.

1115 2138 1258 2173 Postea
1282 2139 1406 2174 Feriae
1429 2138 1676 2173 occurrentis.

1116 2195 1158 2229 In
1181 2196 1207 2230 Ι.
1227 2196 1426 2231 Nocturno
1452 2196 1666 2230 Lectiones.
1694 2194 1754 2231 De
1776 2194 1892 2239 virgi-

1063 2244 1189 2280 nibus.
1211 2245 1258 2279 de
1280 2245 1417 2279 eodem
1438 2244 1603 2279 Comuni
1627 2244 1654 2278 1.
1672 2243 1770 2277 loco.
1793 2243 1892 2287 [104]

1286 2306 1336 2345 In
1363 2307 1414 2346 II.
1442 2306 1666 2346 Nocturno.

1105 2366 1175 2408 Ex
1198 2367 1310 2410 libro
1339 2367 1534 2410 secundo
1562 2367 1849 2418 Dialogorum

1219 2425 1359 2468 sancti
1378 2424 1579 2475 Gregorii
1596 2424 1742 2477 Papae.

1167 2476 1318 2516 Lectio
1339 2476 1390 2515 iv.
1602 2476 1705 2527 Cap.
1721 2476 1784 2514 33.

1070 2541 1405 2606 ,101101351103
1445 2539 1706 2582 venerabilis
1751 2538 1889 2596 patris

1069 2590 1156 2667 ὃ
1182 2597 1411 2640 Benedicti
1430 2609 1572 2647 soror,
1598 2595 1893 2649 omnipotenti

1063 2668 1065 2675 ⁴
1088 2662 1121 2673 ’ψ
1154 2664 1155 2678 ³
1181 2654 1372 2696 Domino
1389 2653 1444 2696 ab
1460 2654 1559 2707 ipso
1574 2653 1767 2695 infantiae
1783 2654 1893 2699 teffl—²

1059 2724 1170 2764 pore
1197 2710 1415 2762 dedicata,
1444 2710 1501 2753 ad
1525 2723 1626 2752 eum
1649 2708 1785 2751 semel
1807 2721 1893 2763 per
