2028 2892
205 196 284 231 300
769 203 970 238 Dominica
996 203 1055 236 IV.

206 291 360 333 ficetur
379 291 538 333 adhuc:
565 297 609 333 et
626 296 818 341 sanctum
844 290 1030 333 sanctifi-

208 350 327 389 cetur
355 347 507 390 adhuc.
549 348 664 390 Ecce
692 349 819 390 venio
848 348 952 397 cito,
987 352 1030 388 et

206 416 372 446 merces
403 418 501 446 mea
535 417 707 446 mecum
734 410 816 454 est,
845 403 1030 446 reddere

206 461 438 514 unicuique
457 461 696 504 secundum
718 464 852 514 opera
870 473 958 502 sua.

503 534 651 575 Lectio
672 535 724 574 iii.

287 602 344 641 go
363 603 459 631 sum
474 589 604 642 alpha
619 594 663 632 et
678 591 843 641 omega,
862 590 1030 643 primus

297 651 341 688 et
376 647 654 696 novissimus,
688 646 949 699 principium
986 651 1030 688 et

206 704 314 745 finis.
348 703 489 753 Beati,
517 704 590 755 qui
609 703 756 744 lavant
775 702 910 744 stolas
929 715 1029 744 suas

206 761 250 802 in
279 760 487 811 sanguine
511 760 640 811 Agni:
673 765 720 801 ut
748 760 803 802 sit
830 761 1029 812 pote'stas

207 820 358 859 e6rum
376 817 419 857 in
437 816 555 867 ligno
575 817 691 867 vitae,
718 821 762 858 et
779 829 859 869 per
877 821 1029 869 portas

206 875 366 916 intrent
393 874 437 914 in
466 874 698 915 civitatem.
735 873 861 914 Foris
890 885 1029 923 canes,

207 935 251 973 et
269 930 468 979 venefici,
488 935 531 972 et
548 929 771 983 impudici,
791 934 835 971 et
853 929 1029 971 homici-

206 987 290 1037 dae,
319 992 363 1029 et
381 987 510 1028 idolis
531 987 788 1036 servienteS,
815 992 858 1028 et
878 987 1029 1037 omnis,

207 1045 281 1097 qui
298 1049 424 1094 amat,
445 1048 488 1085 et
506 1043 609 1085 facit
628 1043 914 1085 mendacium.
935 1043 1028 1094 Ego

205 1102 230 1142 J
232 1114 332 1143 esus
350 1101 448 1142 misi
467 1100 683 1152 Angelum
701 1113 860 1150 meum,
879 1099 1029 1141 testifi-

207 1158 297 1199 cari
324 1157 449 1199 vobis
477 1157 572 1198 haee
599 1157 642 1197 in
671 1157 888 1198 Ecclesiis.
934 1157 1029 1207 Ego

207 1227 303 1256 sum
327 1214 466 1263 radix,
496 1218 540 1255 et
562 1226 698 1265 genus
717 1212 877 1262 David,
904 1212 1030 1254 stella

207 1270 435 1324 splendida
456 1275 499 1312 et
515 1272 738 1312 matutina.
765 1270 822 1311 Et
841 1269 1030 1322 spiritus,

208 1333 251 1370 et
269 1340 432 1380 sponsa
451 1326 612 1368 dicunt:
631 1327 755 1368 Veni.
790 1327 846 1368 Et
867 1326 940 1379 qui
959 1339 1029 1367 au-

208 1384 282 1434 dit,
297 1384 427 1426 dicat:
441 1383 566 1425 Veni.
586 1383 644 1425 Et
663 1384 735 1436 qui
751 1383 853 1433 sitit,
871 1382 1031 1424 veniat:

208 1446 251 1483 et
280 1441 354 1494 qui
381 1440 488 1492 vult,
522 1440 707 1493 accipiat
734 1452 892 1492 aquam
918 1439 1030 1491 vitae,

207 1498 352 1550 gratis.
385 1497 619 1539 Contestor
640 1497 754 1539 enim
773 1496 891 1538 omni
914 1495 1031 1538 audi-

209 1555 296 1596 enti
327 1553 462 1596 verba
492 1553 737 1607 prophetiae
769 1553 868 1595 libri
891 1552 1032 1604 hujus:

208 1611 252 1653 Si
278 1610 373 1663 quis
400 1610 655 1663 apposuerit
679 1609 735 1651 ad
757 1609 869 1659 haec,
898 1610 1031 1662 appo—

208 1672 282 1709 net
303 1667 425 1708 Deus
452 1679 582 1719 super
609 1666 729 1707 illum
753 1666 906 1719 plagas
930 1665 1031 1706 scri-

208 1729 306 1777 ptas
324 1723 368 1764 in
386 1722 498 1764 libro
517 1723 613 1764 isto.
646 1723 703 1764 Et
726 1722 762 1763 si
787 1722 882 1776 quis
912 1721 1031 1763 dimi·

208 1780 352 1821 nuerit
388 1779 442 1821 de
474 1779 621 1820 verbis
656 1778 756 1820 libri
786 1779 1032 1832 prophetiae

209 1837 350 1889 hujus,
388 1836 555 1878 auferet
585 1835 706 1878 Deus
739 1841 910 1889 partem
943 1836 1032 1888 ejus

209 1893 264 1936 de
282 1893 395 1935 libro
410 1892 523 1942 vitae,
542 1897 585 1934 et
603 1891 658 1934 de
678 1892 852 1934 civitate
871 1897 1031 1942 sancta,

209 1954 253 1992 et
271 1950 325 1992 de
344 1949 422 1999 his,
443 1962 540 2002 quae
559 1949 723 2002 scripta
741 1954 841 1991 sunt
858 1950 901 1990 in
916 1949 1030 1992 libro

207 2008 304 2049 isto.
340 2006 457 2048 Dicit
477 2006 551 2059 qui
571 2006 867 2048 testimonium
890 2006 1031 2059 perhi-

208 2064 284 2106 bet
320 2063 514 2105 ist6rum.
568 2063 711 2104 Etiam
756 2063 883 2105 venio
928 2063 1031 2104 cito:

207 2121 360 2163 Amen.
391 2119 507 2162 Veni
525 2119 714 2161 Domine
732 2119 757 2160 J
760 2132 846 2161 esu.
881 2119 1030 2161 Gratia

206 2177 384 2219 Domini
420 2176 556 2218 nostri
592 2176 616 2217 J
620 2188 696 2217 esu
734 2175 893 2218 Christi
931 2189 1030 2218 cum

208 2233 408 2276 omnibus
428 2232 566 2276 vobis.
594 2232 747 2274 Amen.

434 2313 512 2354 Ad
538 2313 802 2363 vesperas.

288 2377 544 2429 Capitulum.
769 2376 788 2414 J
797 2389 856 2416 ac.
873 2377 900 2415 1.
918 2390 950 2416 c.

285 2441 481 2482 arissimi:
495 2441 634 2482 Omne
649 2439 797 2482 datum
807 2438 1029 2491 optimum,

294 2503 337 2539 et
363 2511 490 2540 omne
514 2498 678 2539 donum
696 2495 938 2549 perfectum
957 2495 1027 2537 de-

208 2558 379 2596 sursum
399 2560 475 2604 est,
494 2552 764 2596 descendens
784 2565 808 2594 a
823 2552 953 2593 Patre
966 2551 1026 2593 lu-

206 2611 385 2659 minum,
411 2611 526 2663 apud
552 2624 680 2664 quem
702 2623 789 2651 non
808 2614 874 2651 est
892 2613 1027 2651 trans-

207 2667 407 2716 mutati0‚
434 2680 514 2708 nec
541 2666 849 2709 vicissitudinis
878 2665 1026 2707 obum-

207 2723 360 2766 bratio.

1082 209 1171 245 post
1194 202 1354 236 Pascha.

1133 297 1342 349 Hymnus.
1371 292 1445 337 Ad
1463 295 1604 345 regias
1622 295 1748 346 Agni.
1765 296 1852 336 110.

1133 350 1183 403 ΥΤ.
1211 352 1340 395 Mane
1364 354 1595 397 nobiscum
1613 356 1820 406 DOmine,
1847 355 1905 398 al-

1083 408 1222 461 leluja.
1250 415 1300 466 R.
1328 411 1542 461 Qu6niam
1568 411 1905 465 advesperascit,

1084 465 1264 519 alleluia.
1517 485 1522 490 ·

1134 533 1204 574 Ad
1229 533 1404 584 Magnis.
1438 533 1536 574 Ant.
1574 529 1700 571 Vado
1725 529 1782 571 ad
1806 542 1906 572 eum

1082 585 1106 611 *
1127 584 1201 637 qui
1224 585 1341 627 misit
1362 598 1448 627 me:
1475 590 1519 628 et
1542 598 1672 628 nemo
1698 599 1752 628 ex
1778 585 1904 628 vobis

1082 641 1322 738 iliielrmgat
1340 655 1424 684 me:
1443 643 1539 693 Quo
1558 641 1704 685 vadis?
1724 641 1904 695 alleluja,

1083 710 1107 738 a
1143 710 1166 739 e
1184 698 1263 750 uja.

1416 752 1579 794 Oratio.

1082 804 1263 911 Deus,
1290 807 1363 860 qui
1381 806 1575 848 fidelium
1593 812 1761 849 mentes
1778 808 1905 848 unius

1186 863 1322 906 efficis
1354 863 1606 905 voluntatis:
1643 864 1699 906 da
1729 863 1905 916 pepulis

1082 921 1167 963 tuis
1198 920 1244 962 id
1277 922 1422 962 amare
1456 920 1577 973 quod
1606 920 1829 974 praecipis,
1859 919 1906 962 id

1083 977 1335 1019 desiderare
1363 976 1483 1030 quod
1509 977 1743 1029 promittis;
1770 981 1818 1018 ut
1844 976 1905 1017 in-

1081 1040 1148 1077 ter
1165 1033 1408 1075 mundanas
1425 1034 1659 1075 varietates
1677 1033 1737 1076 ibi
1754 1038 1906 1075 nostra

1082 1091 1169 1133 fixa
1188 1091 1275 1132 sint
1293 1090 1442 1140 corda,
1467 1090 1543 1131 ubi
1559 1103 1663 1132 vera
1682 1096 1782 1132 sunt
1803 1092 1904 1142 gasl-

1083 1147 1164 1190 dia.
1191 1148 1276 1189 Per
1293 1147 1540 1189 Deminum.

1132 1210 1337 1245 Commem.
1363 1209 1409 1243 de
1435 1208 1565 1244 Cruce.
1589 1207 1663 1243 275.

1340 1279 1535 1308 μω

1301 1353 1687 1403 DominieaIV.

1221 1429 1400 1476 post
1451 1423 1758 1465 Pascha.

1277 1488 1356 1529 Ad
1390 1487 1708 1529 Matutinum.

1132 1548 1259 1592 Invit„
1290 1547 1447 1591 Hymn.‚
1476 1548 1579 1591 Ant,
1608 1546 1670 1583 Ps.
1695 1552 1732 1583 et
1754 1542 1838 1590 VV.
1861 1553 1903 1583 ut

1082 1598 1119 1631 in
1144 1597 1262 1631 Psalt.
1286 1600 1400 1640 temp.
1425 1595 1562 1631 Pasch.
1585 1594 1616 1629 3.

1318 1666 1367 1705 In
1389 1665 1419 1705 Ι.
1443 1665 1664 1707 Noeturno.

1132 1726 1172 1762 Si
1195 1725 1398 1761 Lectiones
1422 1725 1448 1760 I.
1470 1725 1658 1760 Nocturni
1680 1726 1790 1761 lectae
1814 1730 1902 1762 sunt

1081 1775 1223 1819 pridie,
1270 1774 1425 1818 quando
1465 1774 1612 1809 scilicet
1654 1774 1693 1809 in
1731 1773 1901 1809 Sabbato

1080 1823 1314 1868 praecedenti
1347 1822 1512 1857 occurrit
1544 1822 1682 1857 festum
1711 1822 1767 1857 Ss.
1797 1822 1901 1866 Apo-

1081 1872 1267 1906 stolorum
1299 1870 1472 1914 Philippi
1506 1875 1542 1905 et
1570 1870 1724 1913 Jacobi‚
1757 1871 1797 1905 in
1826 1871 1902 1906 Do-

1080 1919 1221 1955 minica
1258 1920 1433 1963 legantur
1468 1919 1670 1955 Lectiones
1705 1918 1829 1954 Feriae
1864 1918 1901 1954 ii.

1082 1968 1287 2012 sequentis.

1121 2029 1280 2082 Incipit
1297 2027 1496 2081 Epistola
1517 2026 1731 2069 cath61ica
1748 2026 1869 2069 beati

1302 2085 1327 2126 J
1329 2084 1456 2127 acobi
1473 2083 1687 2137 Apostoli.

1184 2153 1336 2194 Lectio
1356 2153 1380 2193 i.
1649 2152 1751 2203 Cap.
1770 2152 1800 2191 1.

1101 2232 1123 2264 ἓν
1155 2227 1182 2264 '⁴6
1192 2211 1358 2253 acobus
1377 2210 1475 2260 Dei,
1502 2215 1546 2252 et
1567 2209 1745 2251 Domini
1766 2209 1905 2250 nostri

1087 2264 1123 2325 Mt
1152 2288 1176 2318 ς.
1208 2269 1233 2309 J
1235 2281 1313 2310 esu
1344 2267 1504 2309 Christi
1537 2279 1704 2316 servus,
1742 2264 1904 2308 duode-

1092 2327 1107 2342 χ
1209 2324 1293 2365 cim
1310 2323 1524 2373 tribubuS‚
1546 2335 1644 2375 quae
1663 2326 1764 2364 sunt
1781 2322 1826 2362 in
1845 2321 1904 2363 di-

1083 2381 1319 2434 spersi6ne,
1334 2379 1529 2421 salutem.
1549 2380 1688 2421 Omne
1699 2377 1904 2430 gaudium

1082 2437 1326 2480 existimate
1344 2436 1500 2477 fratres
1519 2436 1614 2484 mei,
1636 2448 1735 2477 cum
1752 2435 1796 2475 in
1814 2439 1903 2476 ten-

1081 2494 1268 2536 tationes
1286 2493 1429 2539 varias
1447 2491 1697 2533 incideritis:
1716 2490 1903 2532 scientes

1084 2550 1203 2603 quod
1222 2549 1427 2603 probatio
1446 2547 1549 2589 fidei
1564 2552 1724 2589 vestrae
1738 2546 1902 2599 patien-

1082 2608 1187 2650 tiam
1231 2607 1448 2659 operatur.
1499 2603 1714 2645 Patientia
1759 2607 1903 2644 autem

1082 2677 1192 2717 opus
1212 2663 1453 2716 perfectum
1471 2660 1617 2702 habet:
1636 2665 1683 2702 ut
1698 2659 1791 2701 sitis
1806 2672 1901 2712 per-

1081 2721 1182 2762 fecti
1201 2724 1244 2762 et
1262 2719 1418 2770 integri
1437 2718 1480 2759 in
1499 2716 1617 2759 nullo
1638 2716 1901 2758 deficientes.
