2028 2892
814 197 984 230 sabbato
1011 193 1058 227 ad
1084 191 1247 226 Laudes.

234 300 472 345 Constituit
498 297 712 341 terminos
740 295 1006 349 popularum

181 362 206 386 *
233 361 351 411 juxta
380 361 609 399 numerum
641 353 831 394 filiarum
858 350 1007 392 Israel.

231 416 339 456 Pars
385 418 532 455 autem
573 409 769 460 Domini,
815 406 1007 460 papulus

182 473 287 525 ejus:
305 472 329 498 *
343 469 480 512 Jacob
500 466 716 509 funiculus
734 463 1006 506 haereditatis

182 541 282 580 eJus.

232 583 406 625 Invenit
434 595 534 624 eum
561 581 605 621 in
632 584 750 621 terra
779 578 964 625 deserta,
983 576 1006 601 *

181 642 225 682 in
261 641 362 682 loco
399 637 612 686 horreri&
654 640 697 678 et
731 639 869 676 vastae
907 632 1006 674 soli-

181 697 365 739 tl'ldinisz

234 751 535 795 Circumduxit
564 762 679 798 eum,
712 753 756 789 et
789 746 957 789 decuit:
984 746 1007 771 ¹⁸¹

184 815 228 853 et
247 808 484 852 custodivit
509 806 634 859 quasi
660 803 872 857 pupillam
892 801 1007 844 Oculi

183 880 262 909 sui.

234 923 356 964 Sicut
389 920 535 973 aquila
565 920 812 971 prcvocans
845 915 902 957 ad
934 927 1007 956 vo-

182 979 361 1022 landum
378 977 525 1031 pullos
545 987 660 1024 suos,
676 974 700 1000 *
716 979 760 1015 et
777 985 910 1025 super
931 983 1008 1013 eos

183 1037 384 1085 velitans,

234 1091 458 1145 Expandit
473 1089 564 1131 alas
580 1101 692 1138 suas,
713 1091 757 1129 et
772 1085 1009 1137 assumpsit

185 1163 301 1199 eum,
319 1149 343 1174 *
363 1152 496 1200 atque
523 1145 717 1198 portavit
744 1144 789 1184 in
816 1141 1009 1183 humeris

186 1219 287 1248 sms.

235 1262 451 1304 Daminus
480 1259 600 1301 solus
629 1257 717 1299 dux
746 1257 836 1309 eius
864 1255 959 1296 fuit:
985 1254 1009 1280 *

186 1324 230 1361 et
247 1331 336 1360 non
356 1322 449 1359 erat
469 1329 567 1358 cum
587 1328 639 1357 eo
661 1314 769 1356 deus
788 1312 967 1354 alie'nus.

237 1374 475 1417 Constituit
503 1385 602 1415 eum
632 1383 764 1423 super
792 1368 1011 1411 excelsam

185 1437 363 1474 terram:
396 1431 420 1456 *
454 1435 502 1471 ut
546 1426 797 1470 comederet
843 1425 1010 1466 fructus

185 1490 399 1541 agr6rum,

235 1545 295 1587 Ut
310 1547 485 1596 sugeret
500 1542 587 1583 mel
602 1540 657 1583 de
667 1544 803 1593 petra,
813 1539 837 1565 *
849 1538 1010 1580 oleum-

186 1614 272 1653 que
291 1600 346 1642 de
365 1612 472 1641 saxo
493 1597 738 1640 durissimo.

236 1657 450 1709 Butyrum
474 1655 529 1697 de
554 1655 769 1702 armento,
797 1656 841 1693 et
868 1651 936 1693 lac
956 1650 1011 1692 de

188 1713 345 1755 avibus
372 1714 395 1738 *
425 1725 523 1753 cum
551 1710 682 1763 adipe
710 1710 939 1760 agnarum,
968 1712 1012 1749 et

187 1772 373 1811 arietum
391 1768 582 1810 filiarum
598 1767 759 1807 Basan:

239 1826 296 1867 Et
314 1825 462 1866 hircos
487 1837 587 1866 cum
608 1822 800 1864 medulla
818 1821 968 1872 trstici,
987 1822 1010 1847 *

191 1887 235 1924 et
262 1881 517 1934 sanguinem
550 1892 648 1921 uvae
675 1878 848 1921 biberet
875 1891 1011 1920 mera-

190 1951 423 1980 cissimum.

241 1995 518 2036 Incrassatus
547 1996 615 2034 est
643 1991 848 2041 dilectus,
877 1995 921 2033 et
949 2003 1012 2032 re-

190 2050 448 2093 calcitravit:
482 2050 505 2075 *
539 2049 822 2098 incrassatus,
858 2047 1012 2100 impin-

190 2109 358 2159 guatus,
387 2106 606 2155 dilatatus,

240 2162 487 2215 Dereliquit
521 2162 664 2203 Deum
698 2160 910 2202 factarem
946 2173 1013 2201 su-

191 2233 275 2270 um,
285 2220 309 2246 *
321 2224 364 2261 et
379 2218 562 2260 recessit
577 2218 709 2259 aDeo
726 2217 907 2258 salutari
923 2229 1014 2258 suo.

242 2276 599 2317 Provocaverunt
625 2286 724 2315 eum
742 2274 786 2314 in
809 2273 893 2315 diis
914 2273 1013 2314 alie-

191 2332 270 2382 nis,
283 2332 306 2358 *
322 2336 365 2373 et
384 2332 427 2372 in
446 2329 847 2372 abominatianibus
863 2329 921 2371 ad
934 2329 1014 2370 ira-

192 2387 395 2429 cundiam
418 2387 758 2429 concitaverunt.

243 2443 585 2485 Immolaverunt
605 2441 846 2491 daemoniis,
867 2446 910 2483 et
927 2453 1014 2482 non

191 2499 301 2549 Deo,
318 2500 342 2525 *
362 2499 456 2549 diis,
476 2512 588 2551 quos
607 2498 887 2550 ignorabant:

243 2555 357 2597 Novi
400 2558 687 2608 recentesque
723 2556 951 2605 venerunt,
991 2555 1014 2579 *

194 2624 305 2664 quos
326 2624 413 2652 non
435 2611 663 2653 coluerunt
681 2616 830 2664 patres
852 2612 1014 2652 earum.

243 2668 386 2709 Deum
405 2668 479 2719 qui
498 2673 543 2709 te
563 2668 711 2719 genuit
730 2666 1014 2718 dereliquisti,

192 2725 215 2750 *
231 2729 274 2766 ct
288 2723 451 2765 oblitus
464 2736 510 2765 es
521 2724 697 2765 Damini
715 2723 929 2765 creataris
939 2723 1014 2764 tui.

1110 291 1237 334 Vidit
1246 291 1475 341 Daminus,
1491 294 1535 331 et
1550 288 1607 331 ad
1617 287 1891 330 iracundiam

1059 349 1307 390 concitatus
1336 352 1419 390 est:
1441 347 1465 373 *
1490 346 1594 398 quia
1619 344 1890 398 provocave-

1059 410 1161 447 runt
1181 418 1282 447 eum
1301 405 1381 446 filii
1401 403 1468 445 sui
1490 407 1534 444 et
1552 402 1669 443 fssiae.

1110 463 1169 504 Et
1183 462 1263 517 aitg
1277 459 1565 503 Abscondam
1578 458 1737 500 faciem
1746 470 1891 500 meam

1059 519 1114 561 ab
1134 519 1209 569 eis,
1228 519 1252 545 *
1272 523 1316 560 et
1336 514 1629 560 considerabo
1649 514 1892 557 novissima

1060 577 1227 617 earum:

1112 631 1352 674 Generatio
1382 629 1498 672 enim
1524 629 1736 682 perversa
1764 630 1848 678 est,
1865 626 1890 653 *

1060 693 1104 730 et
1122 687 1324 730 infideles
1343 687 1434 728 filii.

1110 745 1203 798 Ipsi
1238 758 1309 786 me
1345 744 1702 797 provocaverunt
1737 741 1783 782 in
1820 752 1892 791 eo,

1061 802 1136 854 qui
1153 814 1243 843 non
1261 806 1354 843 erat
1368 801 1502 850 Deus,
1512 800 1536 826 *
1548 803 1593 842 et
1606 798 1891 840 irritaverunt

1060 859 1104 899 in
1123 857 1392 900 vanitatibus
1412 857 1521 898 suis:

1112 915 1169 957 Et
1189 927 1271 967 ego
1291 913 1549 968 provocabo
1571 925 1649 955 eos
1667 912 1713 953 in
1731 924 1796 963 eo,
1817 910 1893 963 qui

1061 984 1150 1013 non
1165 976 1233 1013 est
1247 971 1450 1024 papulus,
1460 971 1485 997 *
1497 970 1595 1012 etin
1610 973 1741 1022 gente
1756 967 1894 1011 stulta

1061 1028 1244 1070 irritabo
1265 1028 1376 1069 illos.

1112 1085 1232 1137 Ignis
1273 1086 1510 1126 succensus
1551 1087 1619 1125 est
1661 1083 1707 1124 in
1745 1081 1894 1123 furare

1061 1154 1173 1192 meo,
1192 1142 1216 1167 *
1239 1146 1282 1183 et
1303 1140 1477 1183 ardebit
1496 1152 1638 1193 usque
1660 1138 1719 1181 ad
1736 1137 1895 1180 inferni

1062 1211 1315 1240 novissima:

1114 1254 1447 1306 Devorabitque
1474 1258 1641 1296 terram
1673 1265 1775 1294 cum
1799 1252 1894 1303 ger-

1063 1311 1179 1353 mine
1215 1323 1316 1361 suo,
1350 1312 1374 1337 *
1410 1315 1454 1352 et
1489 1309 1707 1352 mentium
1741 1306 1893 1349 funda-

1062 1370 1211 1409 menta
1237 1367 1479 1409 comburet.

1115 1424 1407 1476 Congregabo
1437 1435 1571 1476 super
1599 1434 1678 1464 eos
1710 1419 1843 1470 mala,
1870 1419 1895 1446 *

1064 1485 1108 1522 et
1136 1483 1320 1532 sagittas
1348 1493 1470 1522 meas
1496 1478 1732 1532 complebo
1753 1477 1799 1518 in
1821 1475 1896 1518 eis.

1116 1537 1440 1579 Consumentur
1458 1537 1585 1587 fame,
1603 1536 1628 1562 *
1648 1539 1693 1577 et
1715 1533 1896 1576 devora-

1062 1596 1173 1636 bunt
1200 1606 1278 1636 eos
1306 1607 1411 1636 aves
1430 1605 1584 1635 morsu
1604 1589 1895 1633 amarissimo:

1115 1651 1284 1692 Dentes
1311 1649 1556 1691 bestiarum
1589 1648 1825 1689 immittam
1850 1645 1897 1686 in

1065 1720 1159 1757 eos,
1183 1707 1207 1733 *
1229 1719 1329 1748 cum
1356 1706 1505 1762 furere
1532 1702 1801 1747 trahentium
1828 1714 1897 1743 su-

1064 1777 1144 1816 per
1170 1767 1346 1812 terram,
1374 1766 1508 1814 atque
1537 1759 1819 1814 serpentium.

1115 1820 1244 1861 Foris
1280 1818 1472 1861 vastabit
1510 1830 1587 1860 eos
1624 1815 1815 1869 gladius,
1853 1818 1898 1856 et

1065 1877 1183 1918 intus
1214 1888 1370 1929 pavor,
1402 1875 1426 1902 *
1458 1876 1660 1928 juvenem
1687 1871 1819 1914 simul
1845 1883 1897 1913 ae

1066 1933 1296 1985 virginem,
1323 1932 1562 1974 lactentem
1590 1942 1691 1973 cum
1718 1928 1897 1971 hamine

1066 2002 1181 2032 sene.

1117 2046 1237 2087 Dixi:
1271 2045 1462 2087 Ubinam
1495 2042 1623 2086 sunt?
1658 2042 1683 2070 *
1721 2042 1896 2084 cessare

1066 2103 1223 2144 faciam
1261 2115 1315 2144 ex
1350 2101 1603 2144 hominibus
1638 2097 1898 2141 mem6riam

1068 2161 1231 2201 eorum.

1118 2215 1207 2257 Sed
1246 2219 1431 2268 propter
1471 2215 1581 2256 iram
1621 2212 1898 2255 inimieorum

1068 2271 1235 2313 distuli:
1253 2272 1277 2298 *
1295 2284 1351 2313 ne
1379 2272 1492 2314 forte
1521 2269 1803 2324 superbirent
1821 2267 1897 2309 ho-

1068 2332 1159 2370 stes
1181 2330 1343 2379 earum,

1119 2385 1178 2425 Et
1206 2383 1419 2426 dicerent:
1455 2383 1612 2426 Manus
1646 2388 1801 2426 nostra
1828 2394 1898 2424 ex-

1069 2440 1196 2506 celsa,
1216 2445 1260 2482 et
1278 2453 1367 2482 non
1387 2441 1612 2492 Dominus,
1631 2441 1655 2467 *
1679 2440 1784 2482 fecit
1802 2438 1899 2480 haec

1069 2509 1224 2538 omma.

1121 2553 1241 2595 Gens
1257 2553 1425 2606 absque
1440 2554 1626 2596 consilio
1644 2557 1722 2605 est,
1742 2556 1787 2595 et
1804 2551 1899 2593 sine

1069 2610 1313 2661 prudentia.
1340 2611 1365 2636 *
1393 2611 1572 2653 Utinam
1600 2612 1823 2663 saperent,
1853 2612 1896 2649 et

1068 2666 1379 2764 gitelligerenn
1410 2680 1460 2709 ac
1489 2667 1729 2709 novissima
1752 2664 1898 2718 provi-

1102 2724 1235 2765 erent.
