2028 2892
595 165 665 199 Die
692 166 748 199 10.
772 166 907 201 Martii.
954 167 1009 201 Ss.
1035 168 1295 211 Quadraginta
1320 169 1535 213 Martyrum.

548 262 709 303 Oratio.

296 323 442 370 raesta,
477 320 725 371 quaesumus
757 321 1031 371 omnipotens

302 377 436 418 Deus:
463 380 511 417 ut
538 375 612 428 qui
636 375 852 427 gloriusos
871 376 1030 428 Marty-

210 446 280 475 res
305 433 442 475 fortes
464 433 508 473 in
535 445 613 474 sua
634 432 909 474 confessiene
932 444 1029 483 cog-

210 490 425 540 nevimus,
457 490 557 543 pios
590 489 707 542 apud
739 494 781 531 te
810 489 853 530 in
880 493 1031 530 nostra

210 547 521 589 intercessiOne
536 546 784 587 sentiamus.
807 546 891 587 Per
905 546 1030 586 Dfim.

267 602 313 636 Et
336 603 377 637 fit
402 613 595 638 commem.
620 604 742 638 Fcriae
767 614 909 639 occurr.

269 658 310 692 In
327 658 353 692 Ι.
371 659 480 693 Noet.
503 659 601 693 Lcct.
624 659 791 694 Fratres:
815 659 1029 694 Debiteres.

216 706 262 740 dc
288 707 423 741 codem
448 708 659 742 Communi.
679 708 747 751 [54]

446 769 494 807 In
516 770 564 808 II.
585 769 806 807 Nocturno.

516 829 664 869 Lectio
684 830 737 869 iv.

215 894 218 932 j
256 893 456 939 <iis-holmo
481 888 761 940 imperatore,
790 892 833 929 et
851 888 1030 939 Agrico-

254 928 321 988 ÷=“'
344 945 414 986 lao
434 943 633 997 praeside,
653 944 709 985 ad
725 944 937 986 Sebasten
952 944 1030 985 Ar-

225 981 293 1027 —5'9
317 1002 320 1026 ³
344 1001 499 1042 meniae
534 1000 703 1051 urbem,
746 1000 1031 1053 quadraginta

210 1057 395 1099 militum
420 1057 530 1099 fides
555 1057 598 1097 in
622 1057 769 1098 Jesum
796 1057 1030 1107 Christum,

211 1120 254 1156 et
285 1113 496 1156 fortitudo
530 1114 573 1154 in
604 1113 865 1155 cruciatibus
892 1114 1030 1166 perfe-

211 1170 357 1212 rendis
377 1170 541 1212 enituit.
575 1170 658 1220 Qui
683 1170 843 1223 saepius
867 1170 910 1211 in
934 1170 1030 1211 hor-

211 1227 382 1268 ribilem
401 1228 621 1268 carcerem
637 1225 814 1276 detrusi,
834 1226 1031 1267 vinculis-

213 1297 297 1336 que
325 1284 566 1333 constricti,
599 1296 698 1324 cum
730 1295 807 1324 ora
836 1283 1032 1336 ipserum

210 1339 428 1393 lapidibus
452 1343 634 1381 contusa
657 1339 854 1390 fuissent,
878 1339 1032 1381 hiemis

210 1398 411 1450 tempore
456 1396 757 1447 frigidissimo,
800 1395 906 1438 nudi
951 1396 1031 1438 sub

211 1455 363 1507 aperto
388 1455 489 1495 a'ere
512 1466 646 1506 supra
669 1458 870 1505 stagnum
889 1454 1032 1505 rigens

211 1512 469 1563 pernoctare
501 1510 606 1562 jussi
637 1515 753 1560 sunt,
792 1515 840 1551 ut
871 1510 1032 1561 frigore

212 1567 429 1618 congelati
456 1568 723 1608 necarentur.
764 1567 860 1608 Una
888 1571 1033 1608 autem

213 1629 306 1665 erat
332 1623 524 1664 emnium
548 1623 704 1664 oratio:
735 1622 1032 1674 Quadraginta

212 1680 255 1720 in
288 1680 478 1721 stadium
508 1679 692 1731 ingressi
726 1692 892 1729 sumus,
931 1692 1031 1731 qua-

213 1735 411 1787 draginta
434 1736 538 1778 item
560 1736 747 1778 Demine
770 1738 934 1777 0010113
957 1735 1031 1777 do-

212 1794 377 1842 nemur,
397 1805 451 1834 ne
469 1805 554 1833 una
574 1792 750 1844 quidem
767 1792 869 1834 huic
886 1795 1032 1834 nume-

212 1861 262 1890 ro
282 1847 405 1890 desit.
432 1849 512 1890 Est
535 1848 579 1889 in
602 1848 770 1890 honere
794 1848 864 1890 hic
886 1852 1032 1890 nume-

212 1917 302 1955 rus,
331 1917 459 1956 quem
483 1910 530 1946 tu
555 1903 841 1957 quadraginta
865 1905 1033 1946 dierum

214 1961 369 2014 jejunio
389 1960 622 2011 decorasti,
641 1974 720 2014 per
741 1974 870 2014 quem
890 1961 1033 2003 divina

213 2017 284 2060 lex
314 2017 510 2069 ingressa
542 2022 608 2059 est
638 2018 681 2058 in
719 2017 871 2060 orbem
901 2020 1033 2060 terra-

213 2087 319 2115 rum.
347 2073 464 2115 Elias
490 2073 777 2127 quadraginta
795 2074 960 2116 dierum
979 2075 1033 2126 je-

213 2131 329 2183 junio
362 2130 503 2172 Deum
537 2143 754 2183 quaerenS‚
786 2132 875 2182 ejus
907 2131 1033 2172 visio-

214 2200 314 2229 nem
340 2190 600 2229 consecutus
627 2191 703 2228 est.
743 2187 800 2229 Et
823 2187 919 2229 haec
945 2188 1033 2240 qui-

216 2243 315 2285 dem
333 2243 505 2285 illerum
524 2248 616 2285 erat
633 2243 785 2285 oratio.

271 2298 318 2338 R·-
351 2300 500 2342 Sancti
532 2300 596 2341 tui
623 2300 810 2341 Dumine
837 2300 1034 2342 mirabile

216 2357 438 2399 consecuti
453 2361 552 2398 sunt
567 2356 659 2406 iter,
675 2357 913 2398 servientes
925 2370 1034 2409 11130-

218 2414 355 2465 ceptis
382 2413 485 2462 tuis,
514 2419 561 2454 ut
587 2413 883 2454 invenirentur
909 2413 1035 2454 illaesi

216 2469 259 2508 in
285 2470 407 2521 aquis
432 2469 603 2511 validis:
630 2467 652 2490 ¹⁸¹
674 2469 811 2510 Terra
834 2471 1035 2522 apparuit

218 2525 348 2574 arida,
369 2531 411 2567 et
430 2526 472 2566 in
487 2527 595 2567 Mari
615 2526 749 2568 rubro
763 2526 833 2567 via
852 2526 943 2567 sine
961 2527 1034 2567 im-

216 2580 478 2632 pedimento.
513 2575 563 2626 V.
588 2583 802 2633 Quoniam
820 2583 1036 2635 percussit

218 2641 401 2688 petram,
427 2643 470 2679 et
490 2639 705 2681 fluxerunt
723 2652 865 2691 aquae,
889 2643 931 2680 et
950 2644 1035 2680 tor·

218 2694 361 2734 rentes
381 2694 709 2738 inundaverunt.
736 2696 884 2737 Terra.

1395 266 1543 308 Lectio
1565 280 1600 306 v.

1164 319 1293 361 eteris
1309 324 1455 362 autem
1473 319 1728 362 custudibus
1749 332 1902 362 somno

1166 375 1341 426 deditis,
1365 376 1485 418 solus
1508 376 1716 428 vigilabat
1735 377 1903 428 janitor,

1084 432 1156 484 qui
1176 437 1219 474 et
1236 432 1335 475 illos
1350 435 1536 483 orantes,
1556 438 1599 475 et
1613 433 1708 475 luce
1724 434 1902 475 circum-

1083 488 1220 539 fusos,
1246 494 1289 531 et
1312 489 1525 542 quosdam
1548 503 1571 532 e
1590 490 1703 532 coelo
1724 489 1901 532 descen-

1083 545 1234 588 dentes
1259 546 1454 598 Angelos
1482 552 1705 600 tamquam
1732 559 1757 588 a
1780 547 1903 598 Rege

1082 602 1250 653 missos,
1270 603 1346 655 qui
1359 605 1543 645 00101138
1557 603 1733 655 triginta
1746 616 1903 645 novem

1082 659 1290 701 militibus
1336 659 1662 710 distribuerent,
1714 662 1903 709 intuens,

1083 716 1144 757 ita
1167 729 1314 758 secum
1337 715 1613 769 loquebatur:
1639 714 1903 767 Quadragin-

1084 777 1128 814 ta
1159 772 1203 813 hi
1234 778 1347 814 sunt:
1389 772 1709 825 quadragesimi
1741 774 1904 814 0010113

1083 828 1158 870 ubi
1178 829 1265 871 est?
1302 830 1410 880 Quae
1429 829 1533 871 dum
1553 829 1776 880 cogitaret,
1794 842 1903 871 unus

1084 898 1138 927 ex
1155 885 1229 927 illo
1249 889 1448 935 numero,
1475 886 1544 927 cui
1569 886 1736 927 animus
1760 885 1816 927 ad
1834 885 1903 926 fri-

1084 955 1163 994 gus
1184 942 1410 984 ferendum
1435 942 1671 992 defecerat,
1695 943 1739 983 in
1761 942 1904 995 proxi-

1083 1012 1202 1040 mum
1243 999 1510 1052 tepefactum
1550 999 1754 1041 balneum
1794 997 1903 1040 desi—

1083 1055 1207 1105 liens,
1234 1061 1410 1098 sanctos
1434 1056 1533 1097 illos
1557 1068 1728 1097 summo
1751 1054 1904 1097 dolore

1084 1112 1237 1154 affecit.
1273 1113 1438 1154 Verum
1464 1113 1586 1154 Deus
1611 1112 1783 1154 illerum
1810 1124 1904 1165 pre-

1085 1181 1157 1210 ces
1193 1170 1336 1210 irritas
1373 1182 1470 1211 esse
1506 1182 1594 1210 non
1634 1174 1701 1211 est
1734 1181 1906 1222 passusz

1083 1239 1184 1266 nam
1209 1226 1273 1267 rei
1307 1228 1509 1267 eventum
1537 1225 1776 1267 admiratus
1802 1225 1905 1277 jani·

1083 1287 1171 1331 tor,
1198 1295 1301 1324 mox
1329 1282 1586 1324 custudibus
1611 1295 1634 1324 e
1658 1293 1812 1323 somno
1835 1294 1905 1323 ex-

1085 1339 1244 1389 citatis,
1274 1338 1568 1391 detractisque
1595 1338 1678 1380 sibi
1700 1337 1906 1387 vestibus,

1085 1408 1136 1437 ac
1160 1408 1207 1437 se
1230 1395 1514 1437 christianum
1537 1408 1633 1437 esse
1657 1394 1775 1436 clara
1795 1406 1906 1436 voce

1084 1452 1325 1505 professus,
1347 1451 1612 1505 Martyribus
1635 1464 1682 1494 se
1702 1450 1906 1503 adjunxit.

1086 1509 1196 1550 Cum
1218 1522 1324 1550 vero
1347 1508 1548 1562 praesidis
1572 1507 1781 1550 satellites
1805 1507 1906 1560 jani·

1084 1568 1227 1608 terem
1266 1579 1440 1618 quoque
1478 1565 1770 1608 Christianum
1810 1576 1906 1606 esse

1086 1624 1411 1674 cognovissent,
1440 1621 1609 1664 bacillis
1641 1621 1907 1663 comminuta

1086 1679 1277 1720 emnium
1296 1681 1447 1720 00111111
1466 1691 1595 1720 011113
1612 1678 1843 1730 fregerunt.

1141 1735 1192 1787 Rz.
1218 1734 1416 1777 Verbera
1452 1734 1703 1776 carnificum
1736 1746 1826 1775 non
1856 1733 1906 1775 ti-

1084 1793 1285 1833 muerunt
1303 1792 1442 1833 sancti
1459 1791 1552 1841 Dei,
1570 1791 1806 1832 morientes
1823 1802 1905 1843 pro

1086 1847 1246 1890 Christi
1273 1847 1464 1898 nomine,
1487 1849 1509 1872 *
1525 1847 1584 1890 Ut
1609 1846 1807 1888 haeredes
1832 1846 1905 1887 fie-

1086 1910 1182 1946 rent
1199 1905 1243 1945 in
1263 1904 1395 1946 domo
1413 1904 1601 1946 Domini.
1632 1899 1681 1949 V.
1696 1902 1904 1945 Tradide-

1085 1966 1185 2003 runt
1217 1963 1407 2015 corpora
1439 1974 1518 2002 sua
1549 1965 1732 2014 propter
1762 1960 1906 2002 Deum

1086 2018 1142 2060 ad
1160 2018 1384 2071 supplicia.
1414 2018 1473 2060 Ut
1491 2017 1702 2058 haeredes.

1388 2075 1539 2117 Lectio
1559 2076 1610 2115 vi.

1133 2145 1160 2171 n
1199 2143 1252 2172 eo
1289 2131 1503 2184 supplicio
1537 2130 1698 2172 mortui
1729 2134 1829 2172 sunt
1861 2142 1904 2172 0-

1145 2200 1282 2237 mnes,
1309 2192 1470 2240 praeter
1492 2186 1776 2228 Melithonem
1801 2191 1906 2228 natu

1086 2244 1320 2285 minimum.
1380 2245 1519 2295 Quem
1568 2256 1668 2285 cum
1710 2255 1905 2296 praesens

1086 2305 1225 2342 mater
1244 2300 1348 2352 ejus,
1368 2300 1515 2342 fractis
1534 2299 1742 2349 cruribus,
1764 2299 1906 2341 adhuc

1087 2357 1303 2398 viventem
1341 2356 1535 2406 vidisset,
1576 2357 1640 2398 810
1677 2355 1906 2397 cohortata

1087 2418 1169 2455 est:
1211 2413 1308 2462 Fili,
1340 2413 1562 2466 paulisper
1594 2412 1770 2461 sustine;
1804 2424 1905 2453 ecce

1088 2470 1284 2511 Christus
1309 2469 1365 2511 ad
1389 2470 1561 2521 januam
1587 2473 1673 2511 stat
1697 2467 1905 2520 adiuvans

1087 2531 1141 2568 te.
1175 2526 1282 2567 Cum
1301 2538 1405 2567 vero
1429 2525 1695 2578 reliquorum
1719 2527 1906 2577 corpora

1087 2582 1291 2635 plaustris
1310 2582 1474 2635 1111110111
1493 2583 1698 2631 001110101,
1717 2581 1823 2622 utin
1838 2594 1904 2622 1ο-

1087 2653 1189 2690 gum
1220 2639 1494 2687 inferrentur,
1532 2651 1583 2679 ac
1614 2638 1749 2679 filium
1781 2651 1905 2679 suum

1087 2696 1287 2747 relinqui,
1312 2695 1431 2748 quod
1455 2697 1652 2748 speraret
1669 2694 1802 2747 impia
1818 2698 1904 2735 tur·
