2066 2904
583 148 654 182 Die
678 148 707 182 3.
733 147 831 188 Maii.
878 147 921 181 In
946 145 1170 181 Inventione
1195 145 1229 179 S.
1255 145 1399 179 Crucis.

142 247 235 290 dita
253 253 363 290 sunt.
390 248 441 288 In
460 245 663 288 eumdem
681 244 798 286 diem
814 243 967 285 incidit

143 304 274 346 beata
300 317 418 346 mors
445 302 585 344 sancti
611 302 636 343 J
638 300 834 343 uvenahs
858 300 966 341 Nar-

144 361 304 402 niensis
320 360 531 414 episcopi:
552 358 626 411 qui
641 371 740 400 cum
753 357 966 410 plurimos

143 418 187 458 in
219 430 271 460 ea
300 416 410 459 urbe
438 416 670 458 sanctitate
697 419 741 456 et
768 414 968 455 doctrina

144 473 317 516 Christo
335 474 596 537 peperisset,
620 471 762 513 clarus
784 470 967 510 miracu-

143 530 229 571 lis'
217 543 262 571 111
282 542 393 582 pace
417 529 597 582 quievit,
623 528 772 580 ibique
794 526 967 568 honori-

142 585 225 628 fice
245 585 442 638 sepultus
462 590 539 628 est.

199 649 258 689 Te
276 647 419 689 Deum
435 645 674 688 laudamus.
692 645 751 685 15.

199 710 238 745 Si
264 715 389 745 autem
413 710 487 744 hoe
510 710 665 744 Festum
687 709 836 744 venerit
855 708 966 742 Feria

146 759 191 793 ΙΙ.
217 759 365 802 Rogat„
393 759 455 793 vel
484 758 598 801 Vigil.
621 758 796 799 Aseens.‚
830 758 967 794 omitti—

147 812 208 841 tur
230 807 361 843 Lectio
390 807 437 843 de
461 806 518 842 Ss.
542 806 665 848 Mart„
693 810 729 842 et
752 806 893 849 legitur
921 806 967 839 de

147 855 287 889 Homil.
312 855 461 899 Rogat„
491 857 527 891 e't
557 856 603 891 de
627 866 678 890 ea
708 855 749 889 fit
773 864 967 889 commem.

149 903 187 936 in
210 903 328 937 Laud.
353 914 397 938 ac
421 903 477 938 Ss.
502 903 609 938 Mart.

201 954 241 988 Si
268 966 361 990 vero
389 957 641 991 transferatur
670 960 707 991 et
730 967 806 991 non
830 956 970 998 legitur

147 1003 247 1038 Leet.
265 1004 314 1038 ix.
332 1004 378 1039 de
396 1005 513 1040 Festo
532 1005 716 1048 Simplici,
740 1005 872 1039 Lectio
890 1004 968 1037 viii.

148 1051 334 1087 dividitur
357 1052 397 1087 in
421 1053 528 1096 duas,
551 1057 594 1089 ut
617 1054 655 1087 in
679 1054 790 1096 signo
811 1050 844 1094 3.

407 1122 486 1164 Ad.
510 1122 706 1164 Laudes

314 1191 338 1219 e
358 1183 375 1219 t
419 1191 448 1230 p
469 1191 492 1219 e
511 1191 533 1218 r
577 1179 620 1219 H
640 1191 666 1219 o
686 1191 707 1218 r
726 1191 750 1218 a
772 1191 802 1218 s.

201 1240 299 1281 Ant.
316 1241 343 1279 1.
369 1239 406 1280 O
425 1250 629 1289 magnum
646 1237 824 1290 pietatis
844 1249 971 1290 opus:

148 1297 173 1324 ¹⁸¹
195 1307 315 1337 mors
338 1296 513 1336 mertua
537 1298 641 1336 tunc
667 1298 751 1345 est,
782 1294 827 1334 in
852 1293 971 1344 ligno

149 1350 324 1405 quando
341 1353 515 1393 mertua
532 1351 622 1392 vita
638 1350 729 1401 fuit,
749 1349 929 1401 alleluja.

200 1413 267 1453 Ps.
295 1412 509 1453 Deminus
526 1411 733 1463 regnavit.
751 1412 811 1452 16.

205 1475 241 1514 2.
271 1472 400 1514 Salva
422 1484 504 1514 nos
526 1471 551 1498 *
577 1470 745 1513 Christe
771 1470 974 1513 Salvator

150 1542 230 1583 per
262 1529 469 1572 virtutem
490 1527 662 1580 Crucis:
695 1527 770 1580 qui
796 1527 975 1569 salvasti

149 1587 329 1628 Petrum
358 1585 403 1626 in
434 1584 559 1635 mari,
598 1584 804 1626 miserere
836 1584 974 1634 nobis,

151 1642 333 1695 alleluja.

202 1699 239 1738 3.
259 1698 373 1740 Ecce
393 1697 577 1739 Crucem
591 1697 778 1748 Demini,
797 1697 820 1723 *
839 1696 975 1748 fugite

150 1760 300 1809 partes
323 1753 538 1804 adversae,
565 1753 670 1795 vicit
687 1753 758 1795 leo
783 1753 839 1795 de
858 1753 975 1796 tribu

152 1811 276 1862 Juda,
293 1810 418 1853 radix
435 1808 590 1860 David,
609 1809 792 1862 alleluia.

206 1868 243 1906 4.
271 1866 364 1909 Nos
387 1872 533 1909 autem
555 1866 734 1917 gloriari
756 1867 780 1893 ’⁸¹
800 1868 977 1919 opertet

87 1943 89 1946 v
153 1923 198 1964 in
220 1924 359 1966 Cruce
380 1922 557 1965 Demini
579 1922 718 1964 nostri
735 1923 760 1964 J
762 1935 840 1964 esu
859 1921 976 1964 Chri-

155 1980 222 2030 sti,
241 1979 423 2032 alleluja.

208 2036 246 2076 5.
267 2035 349 2078 Per
368 2036 538 2087 signum
557 2036 708 2078 Crucis
726 2037 750 2063 *
769 2035 824 2077 de
842 2035 978 2076 inimi-

156 2093 218 2134 cis
241 2092 400 2134 nostris
417 2091 557 2134 libera
577 2105 658 2134 nos
677 2092 798 2133 Deus
816 2087 979 2142 noster,

156 2149 338 2202 alleluja.

143 2230 146 2235 ·
208 2215 464 2267 Capitulum.
688 2212 873 2265 Philipp.
887 2212 924 2252 2.

234 2284 388 2321 ratres:
412 2280 513 2321 Hoc
537 2280 651 2321 enim
668 2282 825 2322 sentite
844 2280 888 2321 in
906 2293 979 2321 vo-

246 2336 330 2387 bis,
369 2336 489 2388 quod
518 2342 561 2378 et
588 2336 632 2377 in
660 2337 833 2379 Christo
861 2337 981 2378 Jesu:

159 2392 232 2444 qui
259 2405 357 2434 cum
383 2393 427 2434 in
453 2393 594 2435 forma
618 2394 703 2435 Dei
729 2398 863 2443 esset,
893 2406 982 2435 non

157 2451 354 2501 rapinam
377 2449 613 2492 arbitratus
640 2455 707 2492 est
732 2463 828 2492 esse
853 2462 900 2491 se
926 2462 980 2491 ae-

159 2505 333 2556 qualem
354 2505 468 2548 Deo:
498 2505 578 2548 sed
603 2508 887 2559 semetipsum
911 2519 981 2547 ex-

158 2559 352 2612 inanivit,
387 2562 571 2604 formam
606 2563 721 2605 servi
751 2562 982 2614 accipiens,

159 2615 203 2656 in
231 2617 555 2660 similitudinem
580 2618 805 2661 heminum
829 2619 982 2668 factus,

161 2677 205 2714 et
221 2672 374 2716 habitu
389 2674 590 2717 inventus
608 2680 657 2717 ut
673 2675 817 2718 homo,

1326 242 1535 293 Hymnus.

1109 306 1230 343 ustra
1249 313 1327 343 sex
1346 301 1421 352 qui
1438 301 1523 352 jam
1541 297 1722 352 peregit,

1136 358 1331 411 Tempus
1349 357 1537 410 implens
1558 354 1768 408 cerporis,

1096 415 1262 467 Sponte
1280 413 1418 455 libera
1435 412 1710 464 Redemptor

1097 471 1298 512 Passieni
1317 469 1502 519 deditus,

1097 528 1249 579 Agnus
1267 527 1311 567 in
1330 526 1483 567 Crucis
1500 525 1671 567 levetur

1098 582 1397 626 Immolandus
1416 582 1576 636 stipite.

1057 650 1168 692 Felle
1186 654 1321 703 potus
1342 661 1444 691 ecce
1463 648 1655 699 languet:

1098 707 1242 759 Spina,
1262 706 1385 756 elavi,
1401 705 1556 747 lancea

1100 763 1205 805 Mite
1225 776 1385 816 eorpus
1403 762 1695 815 perforarunt:

1099 819 1228 862 Unda
1245 825 1403 870 manat,
1423 823 1467 861 et
1487 830 1629 861 cruor:

1098 877 1248 927 Terra,
1266 882 1440 930 pontus,
1460 880 1588 925 astra,
1607 871 1807 921 mundus,

1101 934 1198 984 Quo
1218 933 1418 975 lavantur
1438 930 1631 973 flumine!

1051 999 1166 1039 Crux
1183 997 1335 1048 fidelis,
1354 998 1467 1039 inter
1485 1008 1636 1038 omnes

1100 1055 1248 1097 Arbor
1265 1068 1351 1097 una
1369 1053 1543 1096 nebilis:

1099 1111 1217 1153 Silva
1234 1111 1369 1154 talem
1386 1110 1506 1152 nulla
1523 1109 1693 1163 profert

1101 1167 1286 1219 Fronde,
1307 1168 1427 1218 flore,
1447 1167 1656 1219 germine:

1099 1225 1240 1267 Dulce
1258 1225 1432 1275 ferrum,
1453 1224 1580 1266 dulce
1599 1222 1775 1274 lignum,

1100 1282 1241 1324 Dulce
1260 1282 1436 1335 pondus
1456 1281 1682 1322 sustinent.

1055 1345 1204 1389 Flecte
1222 1360 1369 1389 ramos
1389 1347 1520 1389 arbor
1540 1345 1638 1394 alta,

1102 1403 1250 1445 Tensa
1267 1404 1368 1445 laxa
1385 1406 1565 1452 viscera,

1102 1461 1160 1502 Et
1179 1461 1297 1512 rigor
1315 1461 1529 1503 lentescat
1548 1458 1631 1508 ille,

1105 1518 1245 1568 Quem
1264 1517 1386 1559 dedit
1405 1516 1625 1564 nativitas;

1103 1573 1161 1615 Et
1181 1574 1358 1626 superni
1375 1572 1574 1615 membra
1591 1571 1726 1623 Regis

1104 1630 1258 1672 Tende
1277 1630 1370 1672 miti
1391 1630 1550 1683 stipite.

1055 1694 1159 1736 Sola
1177 1694 1309 1747 digna
1327 1700 1375 1737 tu
1392 1695 1513 1736 fuisti

1105 1752 1239 1794 Ferre
1257 1751 1409 1793 mundi
1428 1751 1667 1793 victimam:

1106 1809 1255 1861 Atque
1274 1813 1452 1862 portum
1470 1810 1724 1861 praeparare

1105 1866 1224 1907 Arca
1241 1866 1405 1907 mundo
1426 1865 1650 1917 naufrago,

1109 1923 1250 1972 Quam
1269 1935 1392 1964 sacer
1412 1935 1542 1964 cruor
1559 1922 1777 1975 perunxit,

1106 1979 1248 2021 Fusus
1266 1979 1383 2031 Agni
1402 1981 1599 2032 cerpore.

1057 2043 1331 2097 Sempiterna
1350 2044 1406 2086 sit
1424 2043 1567 2086 beatae

1108 2101 1314 2143 Trinitati
1331 2101 1481 2153 gleria,

1107 2158 1256 2210 AEqua
1272 2158 1403 2208 Patri,
1421 2157 1637 2209 Filieque3

1108 2214 1194 2255 Par
1213 2213 1348 2255 decus
1366 2213 1600 2255 Paraclito:

1109 2271 1247 2312 Unius
1266 2270 1478 2322 Trinique
1496 2282 1655 2310 nomen

1109 2326 1282 2369 Laudet
1300 2326 1572 2368 universitas.
1598 2325 1751 2366 Amen.

1084 2381 1134 2432 V.
1162 2388 1416 2430 Adoramus
1439 2392 1483 2429 te
1505 2387 1695 2437 Christe,
1724 2391 1768 2428 et
1787 2386 1859 2428 be-

1033 2444 1274 2486 nedicimus
1306 2444 1403 2494 tibi,
1435 2443 1617 2495 alleluja.
1662 2440 1713 2491 Ri-
1746 2444 1858 2494 Quia

1033 2513 1111 2554 per
1136 2501 1321 2543 Crucem
1345 2505 1465 2542 tuam
1489 2499 1715 2541 redemisti
1737 2513 1857 2541 mun-

1035 2557 1149 2607 dum,
1168 2557 1349 2609 alleluja.

1086 2615 1157 2656 Ad
1187 2613 1348 2656 Bened.
1389 2615 1489 2656 Ant.
1538 2615 1679 2670 Super
1709 2617 1856 2658 emnia

1034 2674 1151 2726 ligna
1178 2674 1410 2716 cedrerum
1437 2679 1486 2716 tu
1515 2674 1610 2715 sola
1637 2673 1861 2723 excelsior,
