2028 2892
646 192 746 225 Infra
771 188 1065 224 Ilebdomadam
1089 187 1110 222 i.
1136 187 1461 229 Quadragesimzu.

259 293 309 343 ΚΕ.
335 291 395 332 br.
437 289 572 331 Scuto
607 283 894 329 circumdabit
925 287 968 324 te
1003 287 1025 310 *

202 349 376 393 Veritas
401 347 502 399 ejus.
529 345 673 386 Scuto.
707 340 758 393 V.
780 341 882 383 Non
905 339 1025 381 time-

203 407 271 449 bis
307 418 332 447 a
367 404 524 446 timore
559 403 786 443 nocturno.
839 395 1025 439 Veritas

208 462 357 504 Gloria
381 459 512 502 Patri.
555 458 701 500 Scuto.

258 524 308 575 Y.
334 524 514 577 Angelis
542 522 631 564 suis
656 522 777 563 Deus
804 515 1026 560 mandavit

204 583 259 626 de
278 589 333 626 te.
365 585 415 636 R.
430 581 490 623 Ut
505 577 754 622 custediant
771 580 815 618 te
834 575 877 616 in
893 572 1025 615 omni-

205 641 287 683 bus
307 640 389 681 viis
407 638 505 680 tuis.

405 721 467 762 In
492 719 554 761 11.
573 715 824 767 vesperis.

260 799 346 833 Ant.
372 803 407 832 ct
432 797 491 831 I‘s.
518 797 564 831 de
588 796 739 830 Domin.
763 789 843 825 107·

260 859 401 902 Capit..
442 858 578 901 Hymn.
617 862 653 891 et
684 851 729 897 Y.
764 861 803 890 ut
839 867 956 900 supra
990 856 1027 890 in

208 909 323 951 Vesp.
349 906 518 941 Sabbati.
543 903 622 938 130.

260 971 332 1013 Ad
351 971 521 1021 Magnif.
541 971 641 1010 Ant.
659 968 774 1008 Ecce
791 976 906 1005 nunc
922 967 1028 1005 tem-

206 1041 290 1082 pus
313 1027 337 1052 *
361 1024 643 1079 acceptabile,
669 1035 772 1066 ecce
796 1033 911 1062 nunc
935 1018 1028 1061 dies

208 1083 374 1127 salutis:
393 1083 437 1124 in
455 1082 522 1123 his
539 1094 642 1132 ergo
659 1079 814 1123 diebus
829 1076 1028 1119 exhibee-

207 1154 304 1183 mus
335 1141 630 1192 nosmetipsos
657 1138 769 1179 sicut
794 1134 878 1176 Dei
909 1133 1028 1175 mini-

209 1203 343 1246 stros,
382 1196 425 1237 in
461 1195 598 1237 multa
631 1192 860 1247 patientia,
895 1190 940 1231 in
975 1190 1029 1241 je-

210 1254 355 1307 juniis,
398 1252 441 1293 in
482 1252 655 1303 vigiliis,
693 1255 737 1293 et
771 1250 815 1290 in
851 1247 1030 1290 caritate

210 1323 297 1352 non
324 1309 436 1351 ficta.

260 1390 418 1435 Hymni,
448 1385 531 1431 YV.
562 1394 598 1424 et
628 1390 707 1434 RR·
736 1389 870 1424 brevia
899 1399 1031 1433 supra-

210 1440 310 1475 dicta
341 1440 518 1473 dicuntur
546 1439 583 1472 in
608 1438 823 1473 Dominicis
848 1442 884 1472 et
907 1438 1030 1472 Feriis

210 1499 331 1532 usquc
360 1488 409 1521 ad
438 1487 679 1521 Dominicum
703 1487 903 1521 Passionis
936 1487 1029 1521 cxcl.

260 1549 354 1583 Post
392 1548 587 1591 Vesperas
626 1548 703 1582 dici
744 1548 922 1582 dicuntur
959 1547 1031 1582 Ve—

210 1608 335 1641 spera,-
358 1596 642 1631 Defunctorum.

379 1718 551 1756 Feria
589 1716 867 1755 Secunda.

412 1791 491 1833 Ad
516 1789 832 1832 matutinum.

264 1858 414 1892 Invitat.
439 1857 485 1891 dc
510 1858 710 1893 Psaltcrio.
734 1856 787 1891 43.

265 1919 475 1969 Hymnus.
512 1920 580 1959 Ex
606 1930 727 1959 more
756 1916 885 1959 docti.
910 1918 947 1958 2.

263 1989 362 2030 Ant„
387 1988 447 2022 I's.
473 1994 508 2023 ct
529 1984 573 2030 Y.
599 1989 646 2023 dc
670 1989 868 2025 Psaltcrio.
897 1987 948 2022 43.

266 2050 312 2084 Et
337 2050 392 2084 sic
410 2050 550 2084 dicitur
572 2051 686 2085 ctiam
710 2052 749 2086 in
771 2053 858 2087 aliis
876 2063 1034 2096 sequen-

215 2098 318 2132 tibus
343 2098 476 2133 Feriis.

216 2175 371 2218 Lectio
393 2174 532 2217 sancti
549 2174 773 2225 Evangelii
796 2173 1036 2216 secundum

492 2230 760 2272 Matthaeum.

317 2303 468 2345 Lectio
488 2305 511 2344 i.
700 2305 801 2356 Cap.
816 2306 879 2344 25.
900 2319 933 2346 c.

216 2365 291 2472 In
323 2370 396 2412 illo
426 2372 641 2423 tempore:
675 2369 796 2411 Dixit
823 2370 845 2411 J
850 2383 950 2412 esus
978 2370 1036 2413 di-

282 2427 458 2480 scipulis
473 2427 577 2468 suis:
602 2426 710 2468 Cum
725 2427 891 2468 venerit
904 2427 1037 2469 Filius

216 2482 402 2524 hominis
421 2484 463 2524 in
478 2483 704 2535 majestate
718 2495 808 2532 sua,
828 2487 871 2524 et
886 2495 1037 2525 omnes

218 2538 374 2590 Angeli
392 2552 489 2581 cum
507 2552 572 2589 eo,
595 2544 699 2581 tunc
718 2538 888 2581 sedebit
907 2552 1038 2593 super

219 2594 369 2636 sedem
393 2596 628 2647 maiestatis
654 2609 760 2637 suae:
793 2601 836 2637 et
862 2608 1037 2647 congre-

218 2650 436 2701 gabuntur
459 2658 557 2694 ante
583 2665 682 2695 eum
699 2665 851 2695 omnes
875 2657 1038 2704 gentes.

219 2708 276 2751 Et
299 2707 474 2762 reliqua.

1185 277 1373 323 Homilia
1405 275 1543 318 sancti
1571 273 1805 325 Augustini

1345 347 1347 350 ·
1381 330 1604 386 Episcopi.

1128 413 1207 447 Lib.
1232 412 1279 446 de
1304 411 1398 445 Fide
1425 415 1461 444 ct
1486 409 1680 453 operibus
1705 420 1788 454 cap.
1814 410 1863 446 15.

1260 465 1348 495 tom.
1372 460 1402 493 4.
1427 459 1528 493 eirca
1551 457 1731 493 medium.

1082 524 1140 569 ff
1151 514 1391 558 imandzitis
1402 526 1489 555 non
1500 512 1697 562 servatiS,
1707 509 1765 553 ad.
1772 512 1908 554 vitam

1084 571 1146 621 D]
1168 573 1306 616 veniri
1330 575 1480 625 potest
1501 582 1582 623 per
1605 568 1746 610 solam
1762 567 1908 618 fidem,

1080 645 1179 685 quae
1195 630 1288 671 sine
1299 627 1506 682 operibus
1515 627 1691 668 mertua
1704 629 1787 667 est:
1800 623 1909 666 illud

1080 686 1238 731 deinde
1259 682 1482 739 quemodo
1501 695 1655 725 verum
1673 682 1766 732 erit,
1787 680 1908 734 quod

1080 747 1162 796 eis,
1205 755 1317 797 quos
1349 740 1407 783 ad
1427 740 1658 782 ,sinistram
1682 738 1908 792 positurus

1081 807 1163 852 est,
1189 799 1321 843 dicet:
1348 799 1415 840 Ite
1442 797 1487 838 in
1512 797 1660 848 ignem
1684 796 1908 846 aeternum,

1082 859 1155 912 qui
1173 859 1354 912 paratus
1374 859 1442 896 est
1460 853 1650 903 diabolo,
1675 857 1719 894 et
1742 851 1908 903 engelis

1081 916 1187 968 ejus:
1205 926 1287 956 nec
1300 915 1510 965 increpat,
1525 910 1628 963 quia
1646 910 1691 951 in
1706 922 1806 951 eum
1819 921 1909 950 non

1081 969 1375 1019 crediderunt3
1401 966 1481 1010 sed
1505 967 1608 1020 quia
1629 966 1750 1021 bona
1773 967 1910 1020 Opera

1082 1042 1169 1070 non
1200 1025 1419 1069 fecerunt?
1463 1024 1579 1066 Nam
1609 1022 1823 1077 profecto,
1853 1035 1909 1064 ne

1082 1085 1164 1128 sibi
1192 1085 1425 1137 quisquam
1457 1080 1514 1124 de
1544 1078 1653 1131 fide,
1689 1092 1788 1133 quae
1817 1079 1910 1121 sine

1082 1141 1289 1196 operibus
1333 1140 1507 1181 mertua
1550 1141 1634 1187 est,
1682 1138 1912 1190 promittat

1083 1200 1292 1240 aeternam
1317 1196 1468 1245 vitam;
1495 1195 1734 1248 propterea
1758 1204 1911 1235 omnes

1082 1259 1235 1307 gentes
1253 1254 1586 1304 segregaturum
1603 1262 1652 1292 se
1671 1249 1792 1300 dixit,
1812 1261 1911 1302 quae

1082 1313 1311 1365 permixtae
1341 1307 1508 1351 eisdem
1531 1307 1709 1362 pascuis
1731 1305 1911 1348 uteban-

1082 1374 1168 1411 tur:
1203 1371 1252 1409 ut
1279 1368 1504 1420 appareat,
1523 1377 1601 1407 eos
1618 1363 1682 1405 illi
1700 1362 1912 1406 dicturos:

1083 1425 1287 1474 Domine,
1307 1421 1486 1476 quando
1505 1426 1550 1464 te
1568 1419 1758 1463 vidimus
1775 1419 1851 1461 illa
1869 1424 1913 1461 et

1083 1482 1158 1523 illa
1183 1481 1441 1535 patientem,
1469 1483 1513 1521 et
1539 1491 1629 1520 non
1654 1476 1913 1519 ministravi-

1084 1551 1181 1580 mus
1203 1535 1306 1580 tibi?
1336 1537 1411 1590 qui
1435 1537 1479 1578 in
1504 1548 1604 1577 eum
1627 1531 1914 1582 crediderant,

1085 1594 1165 1637 sed
1188 1594 1307 1637 bona
1331 1593 1507 1647 operari
1530 1604 1620 1635 non
1643 1592 1914 1638 curAverant,

1084 1658 1310 1705 tamquam
1338 1649 1394 1693 de
1421 1650 1519 1703 ipsa
1545 1646 1633 1690 fide
1655 1649 1830 1689 mertua
1856 1644 1914 1688 ad

1086 1709 1220 1751 vitam
1238 1707 1539 1762 perveniretur
1557 1705 1777 1746 aeternam.

1139 1774 1189 1825 R.
1213 1770 1332 1811 Ecce
1349 1780 1475 1810 nunc.
1494 1767 1574 1807 131.

1398 1850 1552 1892 LectIO
1572 1850 1612 1891 ii.

1169 1932 1198 1959 n
1213 1917 1326 1960 forte
1339 1916 1465 1959 ibunt
1479 1917 1524 1958 in
1537 1916 1683 1967 ignem
1693 1915 1916 1963 aeternum,

1183 1975 1258 2028 qui
1273 1976 1411 2028 <Spera
1423 1969 1736 2015 misericerdiae
1751 1982 1841 2012 non
1856 1969 1915 2012 fe-

1088 2033 1256 2074 cerunt:
1275 2035 1319 2073 et
1337 2043 1426 2072 non
1444 2029 1579 2079 ibunt,
1598 2028 1673 2081 qui
1691 2026 1834 2068 aliena
1850 2039 1915 2068 ra-

1087 2087 1297 2141 puerunt?
1334 2087 1406 2130 vel
1433 2083 1756 2139 corrumpendo
1790 2084 1834 2125 in
1868 2095 1915 2125 se

1087 2150 1175 2186 tem
1209 2144 1300 2186 lum
1317 2144 1418 2194 Dei,
1438 2144 1482 2185 in
1501 2145 1673 2196 seipsos
1691 2140 1915 2182 immiseri-

1089 2202 1165 2242 cer
1198 2213 1246 2242 es
1265 2201 1452 2242 fuerimt:
1481 2199 1607 2252 quasi
1631 2200 1767 2252 (Spera
1789 2197 1915 2238 mise-

1089 2256 1289 2299 ricerdiae
1313 2257 1486 2311 prosint
1504 2254 1670 2309 aliquid
1694 2255 1787 2296 sine
1812 2252 1915 2295 dile-

1089 2314 1244 2363 ctione,
1263 2312 1435 2356 dicente
1449 2312 1685 2367 Apostolo:
1711 2311 1757 2353 Si
1775 2309 1915 2353 distri-

1088 2369 1220 2411 buam
1237 2370 1382 2411 emnia
1399 2383 1499 2411 mea
1512 2367 1792 2423 pauperibus,
1811 2366 1915 2408 cari-

1088 2428 1225 2467 tatem
1235 2431 1381 2468 autem
1390 2439 1478 2468 non
1488 2425 1685 2475 habeam,
1697 2423 1803 2466 nihil
1811 2422 1915 2464 mihi

1089 2480 1293 2535 prodest?
1312 2482 1403 2524 Aut
1413 2481 1564 2534 diligat
1575 2481 1807 2534 quisquam
1816 2481 1915 2533 pro-

1090 2539 1253 2579 ximum
1272 2538 1384 2580 sicut
1401 2541 1605 2592 seipsum,
1624 2538 1699 2590 qui
1716 2549 1805 2578 non
1824 2535 1915 2577 dili-

1089 2595 1151 2645 git
1170 2594 1386 2647 seipsum?
1428 2595 1512 2645 Qui
1535 2595 1651 2637 enim
1675 2592 1816 2644 diligit
1840 2592 1914 2633 ini-

1091 2651 1312 2702 quitatem,
1331 2649 1425 2692 odit
1444 2652 1634 2692 animam
1653 2662 1787 2692 suam.

1146 2712 1195 2764 Κ.
1217 2711 1268 2753 In
1287 2711 1500 2754 Omnibus.
1518 2713 1604 2753 132.
