2066 2956
548 239 616 273 I)ie
644 239 691 272 15.
717 238 831 272 Junii.
879 239 913 273 S.
940 239 1140 273 Germanae
1166 240 1307 273 Cousin
1339 240 1436 281 Virg.

141 338 246 379 Mox
277 337 334 379 ad
364 339 601 390 praetorem
631 336 825 387 adducti,
863 350 962 379 cum

142 393 423 435 christianam
459 392 592 434 fidem
627 393 835 435 acerrime
871 399 961 435 tue-

141 451 307 501 rentur,
349 449 459 491 alter
496 449 551 491 ab
588 449 726 491 altero
764 449 963 491 distracti

141 511 255 548 sunt:
283 519 334 548 ac
354 506 544 559 primum
563 506 682 547 varie
707 508 873 547 tentata
897 511 963 548 est

142 563 387 605 constantia
400 563 618 604 Feliciani.
647 562 734 604 Sed
753 575 850 604 cum
869 576 962 604 sua-

141 621 264 661 sores
308 619 546 672 impietatis
587 631 634 660 se
674 631 804 671 posse
842 619 962 670 quid-

142 688 272 727 quam
315 675 462 717 verbis
507 675 722 728 proficere
759 675 962 728 despera-

140 736 251 782 rent,
271 731 413 773 affixis
433 731 571 784 stipiti
589 730 789 773 manibus
810 732 899 783 ejus
920 736 963 773 et

139 787 345 841 pedibus,
371 788 517 841 ipsum
542 788 634 829 sine
660 788 760 829 cibo
789 792 831 829 et
853 793 964 841 potu

139 844 242 886 inde
269 845 462 886 triduum
488 844 754 896 pendentem
781 844 963 896 relique-

140 905 251 942 runt.
302 900 521 942 Postridie
560 902 649 953 ejus
683 900 767 942 diei
798 906 963 953 praetor

141 960 347 999 vocatum
366 957 422 999 ad
441 970 487 999 se
501 958 694 998 Primum
713 958 776 998 sic
795 957 963 999 affatur:

140 1013 288 1064 Vides,
304 1019 467 1066 quanto
483 1014 538 1055 sit
552 1014 819 1066 prudentior,
836 1027 965 1066 quam

140 1075 206 1120 tu,
233 1070 366 1112 frater
384 1076 501 1120 tuus,
532 1071 606 1122 qui
630 1070 865 1112 obsecutus
888 1071 963 1111 im-

140 1126 436 1180 peratoribus,
464 1127 582 1179 apud
601 1127 722 1179 ipsos
743 1132 809 1168 est
828 1127 962 1168 hono-

139 1182 281 1226 ratus?
310 1184 451 1234 Quem
475 1184 512 1224 si
535 1188 583 1224 tu
609 1196 785 1235 quoque
804 1183 964 1224 imitari

139 1239 347 1291 volaeris,
372 1240 596 1293 particeps
616 1240 700 1280 eris
721 1240 811 1291 ejus
829 1239 963 1280 hono-

139 1296 199 1338 ris
232 1302 276 1338 et
306 1296 470 1348 gratiae.
517 1296 596 1338 Cui
626 1296 812 1336 Primus:
850 1295 964 1345 Quid

140 1353 301 1395 factum
325 1353 381 1394 sit
405 1353 527 1394 fratri
552 1365 667 1402 meo,
696 1353 883 1403 cognovi
910 1366 963 1394 ex

140 1409 322 1460 Angelo.
378 1409 554 1451 Utinam
592 1407 963 1461 quemadmodum

139 1478 236 1507 sum
260 1478 359 1507 cum
383 1478 435 1507 eo
455 1465 680 1507 voluntate
705 1466 961 1517 conjunctis-

139 1522 290 1572 simus,
318 1522 381 1563 sic
407 1520 462 1563 ab
492 1521 649 1563 eedem
677 1533 730 1562 ne
756 1521 962 1573 martyrio

139 1577 372 1631 disjungar.
435 1579 531 1629 Quo
575 1578 693 1620 dicto
719 1577 963 1619 excanduit

138 1639 322 1687 praetor,
360 1639 404 1677 et
441 1634 497 1676 ad
531 1636 702 1676 ceteros
735 1634 962 1683 cruciatus,

140 1690 296 1743 quibus
327 1691 520 1732 Primum
553 1690 713 1740 affecit,
744 1693 962 1743 praesente

138 1748 222 1799 jam
235 1747 469 1798 Feliciano,
485 1748 699 1800 liquatum
713 1747 812 1798 igne
826 1746 962 1799 plum-

138 1802 243 1845 bum
261 1804 306 1845 in
324 1817 374 1846 os
394 1806 485 1856 ejus
503 1804 627 1856 iussit
649 1803 826 1844 infundi.
858 1803 963 1844 Mox

138 1863 373 1913 utrumque
397 1860 582 1913 perdaci
605 1862 791 1912 imperat
809 1859 852 1900 in
871 1858 962 1900 the-

140 1917 293 1966 atrum,
310 1917 355 1957 in
374 1919 540 1969 eesque
559 1916 732 1957 immitti
751 1915 861 1957 duos
875 1915 962 1956 leo-

139 1984 232 2013 nes:
253 1973 326 2024 qui
344 1973 556 2025 prostrati
575 1971 632 2014 ad
649 1974 798 2013 eorum
812 1973 962 2022 genua,

141 2028 285 2080 capite
313 2034 356 2071 et
384 2028 525 2071 cauda
550 2029 656 2082 ipsis
684 2027 961 2070 blandieban-

141 2088 222 2125 tur.
257 2083 330 2127 Ad
357 2084 404 2126 id
429 2084 727 2138 spectaculum
753 2097 851 2125 cum
875 2085 960 2124 am-

139 2140 253 2192 plius
296 2140 529 2183 duedecim
569 2140 703 2181 millia
738 2140 962 2181 hominum

141 2199 460 2247 convenissent,
493 2197 716 2250 quingenti
748 2209 846 2238 cum
873 2195 961 2236 suis

140 2253 314 2294 familiis
372 2253 653 2295 christianam
709 2252 962 2303 religionem

140 2311 435 2363 susceperunt.
489 2309 655 2360 Quibus
697 2308 827 2350 rebus
866 2320 960 2359 per-

139 2367 286 2407 motus
318 2371 484 2418 praetor
517 2379 593 2408 eos
623 2364 766 2406 securi
792 2362 961 2416 percuti

143 2422 274 2463 'ussit

140 2435 150 2472 l
192 2474 341 2519 Sithoc
370 2474 545 2508 Officium
580 2473 776 2508 transferri
816 2471 958 2506 contin-

141 2526 214 2564 gat,
240 2522 369 2557 Lectio
396 2523 442 2556 ix.
469 2523 539 2556 erit
564 2533 668 2565 sequ.

440 2578 589 2619 Lectio
610 2578 662 2617 ix.

313 2640 427 2674 Scrm.
452 2640 534 2673 290.
560 2639 606 2672 dc
631 2637 790 2671 Sanctis.

141 2690 335 2796 Maria
354 2710 459 2739 vero
482 2695 656 2748 quando
677 2707 700 2735 e
719 2698 872 2734 contra
890 2693 960 2740 ait,

259 2752 481 2805 quemodo
502 2753 577 2793 fiet
599 2750 731 2800 istud,
758 2748 961 2801 quoniam

1013 338 1152 379 virum
1182 351 1269 379 non
1301 340 1537 389 cognosco,
1575 338 1834 390 inquirendo

1014 393 1133 444 dixit,
1151 407 1239 435 non
1258 394 1545 447 desperando.
1573 395 1689 435 Dum
1707 395 1834 436 inter-

1013 451 1203 502 rogavit,
1222 464 1309 492 non
1329 451 1383 492 de
1402 451 1694 503 promissione
1714 451 1834 493 dubi-

1014 507 1133 548 tavit.
1162 507 1199 548 O
1219 521 1321 549 vere
1344 508 1483 558 gratia
1502 507 1645 559 plena!
1674 507 1744 549 Sic
1770 513 1836 549 est

1015 564 1129 604 enim
1149 563 1204 605 ab
1219 564 1389 615 Angelo
1409 563 1608 605 salutata:
1628 564 1722 605 Ave
1741 566 1834 615 gra-

1013 620 1074 660 tia
1091 620 1229 672 plena.
1267 621 1372 670 Quis
1395 620 1507 661 hanc
1531 620 1720 672 explicet
1742 622 1834 671 gra-

1014 676 1139 717 tiam?
1194 677 1290 729 quis
1334 677 1434 718 huic
1478 677 1629 727 gratiae
1673 676 1835 727 gratias

1015 733 1185 783 agendo
1205 732 1414 774 sufficiat?
1442 733 1513 774 Fit
1534 732 1674 782 homo,
1695 737 1738 774 et
1756 745 1836 784 per

1014 788 1197 830 lIberum
1225 789 1449 831 arbitrium
1476 789 1588 841 perit
1615 788 1764 838 homo,
1792 793 1835 830 et

1014 845 1230 887 invenitur
1260 845 1392 887 homo
1426 846 1583 894 factus,
1617 845 1690 896 qui
1721 845 1834 894 fecit,

1014 915 1068 943 ne
1092 904 1268 954 periret,
1301 915 1430 954 quem
1454 901 1566 942 fecit.
1607 901 1658 941 In
1680 901 1835 953 princiâ€”

1014 958 1088 1010 pio
1103 958 1298 999 Verbum
1312 959 1433 999 Deus
1453 957 1569 1010 apud
1586 958 1738 1006 Deum,
1757 970 1836 1009 per

1017 1014 1135 1066 quod
1168 1015 1312 1055 omnia
1339 1014 1454 1055 facta
1483 1018 1599 1063 sunt,
1637 1013 1686 1054 fit
1716 1026 1835 1054 caro:

1014 1070 1210 1112 Verbum
1235 1083 1336 1112 caro
1361 1071 1522 1121 factum
1546 1075 1629 1119 est,
1656 1074 1698 1111 et
1717 1069 1835 1111 habi-

1014 1127 1123 1168 tavit
1152 1128 1196 1167 in
1222 1127 1361 1169 nobis.
1412 1127 1524 1168 Caro
1552 1127 1602 1167 fit
1629 1125 1835 1175 Verbum,

1015 1183 1094 1224 sed
1118 1196 1219 1225 caro
1246 1183 1415 1225 accedit
1434 1183 1490 1225 ad
1508 1181 1723 1231 Verbum,
1749 1195 1836 1223 non

1014 1240 1144 1291 periit
1166 1240 1209 1280 in
1229 1253 1357 1281 carne
1376 1239 1582 1281 Verbum.
1617 1238 1654 1279 O
1679 1237 1836 1288 gratia!

1014 1301 1062 1337 ut
1081 1295 1166 1337 hoc
1184 1295 1453 1346 haberemus,
1481 1294 1585 1348 quid
1604 1293 1722 1345 digni
1743 1296 1833 1335 era-

1014 1351 1133 1393 mus?

1067 1418 1129 1458 Te
1148 1418 1289 1458 Deum
1308 1415 1545 1458 laudamus.
1564 1417 1621 1456 15.

1066 1489 1108 1523 In
1134 1490 1250 1523 Laud.
1280 1490 1319 1524 fit
1344 1500 1476 1524 comm.
1507 1490 1561 1523 Ss.
1588 1490 1691 1523 Mart.
1717 1488 1832 1522 Primi

1016 1541 1052 1570 et
1076 1538 1269 1571 Fcliciani.

1068 1604 1167 1642 Ant.
1197 1602 1318 1643 Fssiae
1337 1601 1589 1650 Jerusalem,
1612 1602 1766 1649 venite,
1790 1604 1834 1640 et

1014 1658 1158 1701 videte
1175 1659 1391 1711 Martyres
1411 1671 1509 1698 cum
1529 1657 1717 1705 coronis,
1743 1656 1831 1708 qui-

1014 1716 1096 1757 bus
1119 1715 1346 1757 coronavit
1369 1727 1445 1755 eos
1464 1714 1677 1754 Dominus
1700 1712 1743 1752 in
1763 1711 1832 1753 die

1015 1772 1300 1814 solemnitatis
1321 1777 1364 1813 et
1381 1770 1555 1819 laetitiaeâ€š
1576 1768 1755 1819 alleluja,
1775 1768 1831 1808 al-

1013 1829 1151 1880 leluJa.

1068 1893 1117 1942 V.
1127 1896 1324 1938 Pretiosa
1339 1896 1382 1936 in
1396 1896 1634 1946 conspectu
1643 1893 1831 1943 Domini,

1014 1953 1193 2005 allehija.
1232 1955 1280 2006 Ra
1305 1952 1425 1993 Mors
1453 1952 1703 1992 sanctorum
1731 1951 1830 2002 ejus,

1013 2009 1194 2062 alleluja.

1271 2141 1354 2182 Die
1375 2141 1433 2181 15.
1452 2139 1475 2179 J
1477 2138 1574 2180 unii.

1090 2219 1131 2259 S.
1154 2219 1413 2259 Germanae
1436 2213 1615 2255 Gousin
1635 2214 1674 2254 V
1679 2214 1752 2261 irg.

1058 2284 1227 2327 Duplex,
1252 2283 1319 2317 scd
1344 2282 1393 2316 ad
1414 2282 1568 2315 modum
1593 2281 1787 2325 Simplicis

1166 2335 1173 2339 â€
1297 2329 1549 2364 recolendum.

1068 2394 1137 2435 Ad
1163 2396 1191 2435 Î™,
1215 2395 1348 2446 Vesp.
1390 2394 1487 2434 Ant.
1534 2393 1639 2436 Veni
1667 2406 1828 2447 sponsa

1013 2456 1185 2505 Christi,
1205 2454 1355 2506 accipe
1371 2454 1587 2500 corenam,
1608 2463 1738 2502 quam
1751 2449 1831 2491 tibi

1011 2512 1223 2554 Dominus
1249 2508 1515 2562 praeparavit
1539 2508 1584 2547 in
1609 2508 1828 2555 aeternum,

1011 2568 1192 2619 alleluja.

1066 2632 1115 2684 V.
1145 2634 1300 2687 Specie
1331 2638 1404 2674 tua
1436 2637 1480 2673 et
1506 2629 1830 2684 pulchritudine

1010 2698 1099 2740 tua,
1120 2690 1300 2741 alleluja.
1335 2691 1385 2741 Rg.
1404 2687 1600 2736 Intende,
1619 2688 1830 2739 prospere

1010 2746 1213 2799 procede,
1234 2750 1276 2786 et
1294 2757 1437 2795 regna,
1456 2743 1636 2801 alleluja.
