2066 2904
583 161 793 196 Commune
820 162 1030 205 Martyrum
1053 167 1226 203 tempore
1253 160 1443 194 l’aschali.

211 259 429 301 Innocens
443 258 644 300 manibus
660 263 703 300 et
720 258 885 300 mundo
898 271 989 300 cor-

161 314 230 365 de,
250 316 274 342 *
295 316 368 368 qui
391 329 480 358 non
504 316 675 369 accepit
699 315 742 356 in
766 328 880 357 vano
904 316 990 356 ani-

160 385 276 413 mam
313 385 456 423 suam,
492 385 574 414 nec
610 372 768 425 juravit
804 372 849 413 in
886 371 989 414 dolo

160 429 362 480 proximo
383 442 474 471 suo.

213 486 298 527 Hic
343 486 528 539 accipiet
572 485 924 527 benedictionem
965 498 990 526 a

159 542 366 584 Domino:
381 543 405 568 *
422 547 465 584 et
482 541 831 584 misericordiam
851 555 876 583 a
891 542 988 583 Deo

159 598 338 640 salutari
357 612 448 641 suo.

210 655 320 697 Haec
349 661 416 697 est
442 656 667 707 generatio
702 656 989 708 quaerentium

161 724 277 762 eum,
315 712 338 738 *
380 713 667 764 quaerentium
707 713 864 754 faciem
904 713 989 754 Dei

157 768 305 810 Jacob.

209 825 413 867 Attollite
458 831 610 879 portas
654 826 876 879 principes
919 838 987 867 ve-

158 886 287 932 stras,
316 886 360 924 et
384 882 613 924 elevamini
638 888 782 936 portae
807 885 987 925 aetema-

157 938 235 980 les:
253 939 278 965 *
296 943 340 980 et
357 939 555 981 introibit
574 941 672 982 Rex
690 939 853 992 gloriae.

209 995 316 1045 Quis
343 1000 411 1037 est
433 996 516 1038 iste
536 997 634 1038 Rex
656 996 831 1048 gloriae?
856 997 880 1023 *
898 997 986 1038 Do-

155 1052 298 1093 minus
329 1052 454 1095 fortis
487 1058 530 1095 et
561 1058 734 1106 potens:
771 1054 986 1095 Dominus

156 1113 316 1161 potens
334 1110 379 1150 in
397 1110 563 1163 praelio.

208 1165 411 1208 Attollite
451 1172 604 1220 portas
651 1167 874 1221 principes
915 1180 985 1208 ve-

157 1226 288 1273 stras,
318 1227 361 1264 et
385 1223 613 1266 elevamini
636 1229 779 1278 portae
804 1226 985 1266 aeterna-

156 1278 234 1320 les:
254 1279 277 1305 *
298 1284 341 1321 et
359 1280 558 1323 introibit
577 1282 675 1323 Rex
695 1281 858 1333 gloriae.

209 1336 316 1386 Quis
341 1341 409 1378 est
431 1337 515 1379 iste
539 1338 637 1380 Rex
658 1337 833 1390 gloriae?
854 1338 877 1363 *
897 1338 985 1378 Do-

156 1392 298 1434 minus
323 1394 534 1436 virtutum
558 1395 654 1448 ipse
680 1399 747 1436 est
770 1395 868 1436 Rex
894 1394 985 1446 glo-

156 1461 245 1490 r1ae.

207 1518 306 1558 Ant.
341 1519 459 1558 Ecce
489 1516 712 1569 quomodo
742 1516 986 1569 computati

157 1575 258 1612 sunt
282 1571 396 1614 inter
418 1573 535 1614 filios
558 1574 654 1623 Dei,
683 1580 727 1615 et
751 1574 866 1615 inter
891 1586 984 1614 san-

157 1630 252 1668 ctos
273 1640 370 1669 sors
390 1628 565 1671 illorum
585 1635 662 1680 est,
686 1630 868 1682 alleluja.

206 1688 255 1741 V·
285 1692 382 1734 Lux
405 1697 620 1748 perpetua
638 1695 803 1737 lucebit
822 1695 984 1736 sanctis

154 1747 241 1789 tuis
260 1749 464 1801 Domine,
490 1751 673 1805 alleluja.
708 1758 758 1809 R.
785 1753 842 1793 Et
861 1753 983 1793 aeter-

154 1804 266 1846 nitas
283 1807 548 1861 temporum,
569 1808 750 1861 alleluja.

207 1868 333 1909 Pater
351 1874 512 1911 noster.

207 1928 451 1973 Absolutio.
479 1932 627 1984 Ipsius
646 1932 799 1984 pietas.

207 1983 258 2036 V.
283 1988 395 2032 Jube
423 1990 595 2034 domne.

206 2049 368 2093 Bened.
395 2053 518 2094 Deus
539 2053 670 2095 Pater
694 2055 984 2106 omnipotens.

156 2137 308 2178 Sermo
340 2139 479 2180 sancti
506 2139 730 2181 Ambrosii
760 2140 984 2194 Episcopi.

260 2219 410 2260 Lectio
432 2221 483 2261 iv.
663 2224 796 2264 Serm.
816 2224 878 2263 22.

159 2302 171 2304 ⁷·
190 2303 273 2351 ,fissa
285 2295 432 2346 ignum
459 2301 502 2338 et
526 2299 767 2349 congruum
792 2303 874 2348 est,
902 2299 983 2340 fra-

190 2350 278 2405 ’μ’-ἵζω
301 2356 410 2402 tres,
452 2358 500 2394 ut
536 2359 639 2406 post
675 2354 872 2397 laetstiam
904 2356 983 2396 Pa-

191 2403 193 2422 ἴ
300 2409 434 2459 schae,
464 2422 595 2462 quam
622 2411 665 2451 in
689 2411 889 2453 Ecclesia
917 2425 982 2454 ce-

154 2463 439 2515 lebravimus,
484 2466 644 2518 gaudia
688 2473 839 2510 nostra
885 2481 983 2510 cum

155 2521 315 2562 sanctis
334 2522 599 2575 Martyribus
621 2525 912 2567 conferamus:
941 2530 984 2567 et

154 2576 207 2617 iis
239 2579 541 2621 annuntiemus
568 2581 814 2622 Dominicae
842 2595 982 2623 resur-

154 2633 361 2675 rectionis
397 2635 597 2687 gloriam,
641 2638 714 2690 qui
754 2640 982 2680 consortes

155 2693 256 2730 sunt
302 2690 548 2734 Dominicae
602 2694 831 2746 passionis.

899 2695 983 2745 Qui
1034 2707 1038 2710 ·

1041 259 1155 300 enim
1189 260 1297 300 socii
1330 265 1430 302 sunt
1464 261 1759 311 contumeliae,
1802 260 1873 302 de-

1040 315 1146 357 bent
1165 320 1208 358 et
1225 318 1465 370 participes
1485 330 1582 359 esse
1601 318 1777 360 laetitiae.
1807 319 1874 360 Ita

1042 373 1156 414 enim
1174 372 1279 415 dicit
1296 373 1453 416 beatus
1472 375 1735 427 Apostolus:
1754 376 1875 417 Sicut

1041 429 1149 470 socii
1176 431 1431 482 passionum
1460 431 1583 481 estis,
1612 436 1656 473 et
1684 445 1873 474 resurre-

1041 486 1197 527 ctionis
1231 487 1366 528 eritis:
1406 488 1442 528 si
1473 486 1776 539 tolerabimus,
1814 490 1873 529 in-

1042 543 1146 594 quit,
1176 548 1219 584 et
1240 544 1617 596 conregnabimus.
1663 546 1747 595 Qui
1767 559 1872 597 ergo

1040 599 1340 642 toleraverunt
1380 601 1495 642 mala
1532 606 1716 655 propter
1755 602 1873 643 Chri-

1041 660 1172 706 stum,
1213 657 1376 700 debent
1413 663 1455 700 et
1490 658 1676 710 gloriam
1710 659 1873 701 habere

1042 725 1141 754 cum
1168 714 1354 756 Christo.

1092 786 1141 837 RR-
1170 784 1267 825 Lux
1291 787 1507 838 perpetua
1526 785 1690 827 lucebit
1710 786 1872 828 sanctis

1040 840 1126 881 tuis
1154 841 1360 892 Domine,
1383 846 1404 868 *
1430 843 1488 884 Et
1516 843 1739 885 aeternitas
1766 845 1872 885 tem-

1040 909 1214 949 porum,
1238 898 1424 952 alleluja,
1450 899 1632 951 alleluja.
1670 896 1721 948 Y.
1743 900 1871 941 Laeti-

1039 953 1100 994 tia
1132 956 1398 1008 sempiterna
1435 957 1517 998 erit
1554 970 1687 1010 super
1725 958 1873 1010 capita

1041 1012 1208 1052 eorum:
1232 1012 1441 1063 gaudium
1466 1018 1510 1055 et
1535 1014 1872 1056 exsultationem

1040 1066 1309 1110 obtinebunt.
1345 1069 1412 1111 Et.

1087 1138 1246 1179 Bened.
1278 1138 1478 1181 Christus
1497 1142 1736 1193 perpetuae.

1351 1231 1501 1271 Lectio
1524 1246 1559 1270 v.

1116 1313 1413 1362 nnuntiemus,
1462 1314 1660 1366 inquam,
1710 1316 1872 1356 sanctis

1142 1369 1408 1422 Martyribus
1427 1371 1672 1412 Dominicae
1687 1372 1870 1413 Paschae

1038 1426 1238 1477 gratiam:
1270 1431 1319 1467 ut
1352 1426 1456 1468 dum
1489 1428 1728 1481 sepulturae
1756 1429 1871 1471 illius

1038 1481 1333 1534 praedicamus
1361 1486 1558 1525 reserata
1588 1485 1799 1535 claustra,
1829 1490 1873 1528 et

1038 1538 1194 1580 horum
1219 1540 1452 1593 sepulchra
1476 1543 1740 1584 reserentur:
1768 1542 1872 1584 dum

1039 1608 1200 1649 corpus
1226 1596 1340 1638 illius
1364 1599 1586 1639 mortuum
1606 1598 1790 1640 dicimus
1810 1604 1870 1641 te-

1038 1653 1243 1704 pentibus
1262 1654 1385 1695 venis
1407 1654 1552 1696 subito
1573 1655 1776 1707 viguisse,
1796 1656 1871 1697 ho-

1038 1722 1134 1750 rum
1164 1723 1340 1762 quoque
1372 1710 1569 1753 membra
1602 1713 1686 1764 jam
1715 1713 1872 1765 frigida

1036 1765 1377 1808 immortalitatis
1429 1768 1575 1810 calore
1628 1769 1871 1811 foveantur.

1037 1822 1206 1864 Eadem
1234 1824 1349 1865 enim
1367 1825 1480 1866 ratio
1500 1825 1717 1878 Martyres
1737 1827 1870 1868 susci-

1036 1883 1116 1929 tat,
1150 1893 1249 1932 quae
1283 1886 1326 1922 et
1357 1880 1596 1923 Dominum
1631 1884 1869 1925 suscitavit.

1035 1935 1151 1976 Nam
1174 1937 1287 1979 sicut
1304 1938 1420 1979 viam
1443 1939 1663 1992 passionis
1687 1941 1778 1992 ejus
1799 1954 1868 1982 ex-

1037 1993 1151 2044 perti
1171 1999 1286 2044 sunt,
1310 1995 1370 2036 ita
1393 1996 1674 2048 experientur
1693 2002 1736 2038 et
1755 1998 1868 2038 vitae.

1036 2049 1256 2102 Scriptum
1275 2056 1342 2093 est
1362 2052 1477 2093 enim
1500 2053 1542 2093 in
1563 2053 1754 2094 Psalmo:
1779 2054 1867 2095 No-

1036 2110 1104 2147 tas
1123 2106 1228 2148 mihi
1246 2107 1387 2149 fecisti
1407 2109 1500 2150 vias
1519 2110 1632 2151 vitae.
1665 2111 1765 2151 Hoc
1788 2111 1867 2151 uti-

1038 2175 1123 2214 que
1158 2163 1203 2204 in
1234 2166 1557 2207 resurrectione
1590 2179 1644 2207 ex
1677 2168 1868 2219 persona

1037 2218 1194 2261 dicitur
1210 2221 1465 2263 Salvatoris:
1481 2227 1529 2264 ut
1546 2223 1628 2275 qui,
1646 2223 1751 2264 dum
1765 2229 1868 2276 post

1035 2280 1224 2318 mortem
1240 2277 1294 2319 ab
1310 2278 1460 2320 inferis
1475 2279 1588 2320 redit
1599 2278 1656 2320 ad
1669 2282 1867 2333 superos,

1035 2331 1216 2385 incipiat
1243 2339 1393 2376 notam
1420 2334 1583 2377 habere
1611 2335 1728 2377 viam
1754 2338 1866 2387 vitae,

1038 2401 1136 2440 quae
1156 2394 1257 2432 ante
1275 2390 1521 2433 habebatur
1540 2392 1700 2443 ignota.

1088 2458 1139 2498 R.
1160 2459 1211 2500 In
1231 2460 1368 2501 servis
1389 2460 1489 2509 suis,
1509 2460 1692 2524 alleluia,
1713 2458 1735 2481 *
1755 2462 1865 2504 Con-

1036 2515 1249 2557 solabitur
1263 2517 1396 2565 Deus,
1415 2516 1597 2569 alleluja.
1626 2517 1653 2564 ,W
1668 2550 1675 2556 .
1693 2518 1718 2559 J
1719 2519 1865 2561 udica-

1034 2570 1099 2613 bit
1117 2572 1333 2614 Dominus
1353 2573 1567 2625 populum
1586 2587 1727 2626 suum,
1755 2581 1799 2618 et
1821 2578 1866 2618 in

1035 2629 1174 2670 servis
1197 2629 1296 2670 suis.
1325 2629 1645 2672 Consolabitur.

1088 2698 1249 2739 Bened.
1280 2700 1431 2748 Ignem
1451 2700 1517 2740 sui
1536 2701 1709 2742 amoris.
