2066 2904
748 138 958 173 Commune
983 149 1061 173 non
1085 139 1297 182 Virginum.

223 235 321 276 Lux
353 239 450 276 orta
482 238 549 276 est
579 234 709 286 justo,
738 234 762 260 *
792 239 836 276 et
867 235 1001 276 rectis

174 291 309 333 corde
327 290 492 332 laetitia.

1792 135 1883 179 [125]

1102 232 1154 285 V,
1181 233 1327 284 Elegit
1351 247 1448 275 eam
1470 234 1609 283 Deus,
1638 237 1681 274 et
1704 232 1884 285 praeele-

1052 291 1116 341 git
1134 303 1243 331 eam.
1264 294 1316 346 R.
1334 291 1387 330 In
1405 289 1690 331 tabernaculo
1708 301 1788 330 suo
1809 287 1881 328 ha-

223 346 454 388 Laetamini
479 346 582 397 justi
608 345 653 386 in
679 346 887 386 Domino:
908 346 932 371 *
958 350 1002 387 et
1052 345 1193 387 bitare
1211 346 1316 387 facit
1335 358 1443 388 eam.

173 402 439 444 confitemini
467 401 693 444 memoriae
721 402 1000 443 sanctificati-

172 459 269 499 onis
289 459 391 508 eius.

217 527 318 569 Ant.
354 526 501 568 Trahe
526 539 597 568 me
622 530 725 579 post
743 530 804 575 te,
830 525 873 565 in
894 525 999 566 odo-

169 595 264 624 rem
299 584 523 624 curremus
555 584 878 634 unguentorum
905 584 999 622 tuo-

170 652 280 680 rum:
310 639 455 680 oleum
479 639 666 680 effusum
686 651 846 680 nomen
865 642 999 679 tuum.

218 708 318 749 Ant.
354 709 465 750 Veni
493 721 656 761 sponsa
683 708 863 757 Christi,
882 707 906 733 *
931 709 998 748 ac-

170 765 268 818 cipe
288 767 509 815 coronam,
532 778 663 817 quam
682 764 763 806 tibi
781 764 998 806 Dominus

168 821 437 874 praeparavit
459 821 503 861 in
523 823 747 862 aeternum.

437 903 636 945 Psalmus
656 906 720 945 97.

241 968 388 1008 antate
426 966 619 1007 Domino
664 966 882 1007 canticum
922 978 997 1007 no-

254 1036 372 1064 vum:
390 1023 414 1049 *
435 1022 538 1075 quia
555 1021 772 1063 mirabilia
790 1022 903 1063 fecit.

218 1083 413 1124 Salvavit
441 1082 525 1124 sibi
557 1082 740 1124 dextera
768 1082 874 1133 ejus:
901 1082 926 1109 *
954 1085 998 1122 et

165 1138 395 1181 brachium
414 1143 613 1180 sanctum
632 1139 733 1190 eius.

217 1199 386 1240 Notum
419 1199 524 1240 fecit
555 1199 772 1239 Dominus
806 1197 997 1239 salutare

166 1268 307 1296 suum:
326 1254 350 1280 *
369 1254 413 1295 in
437 1255 678 1307 conspectu
703 1254 910 1295 Gentium
933 1266 997 1294 re·
1058 1274 1095 1297 ,ιγ-

166 1310 328 1352 velavit
346 1310 556 1363 justitiam
578 1323 712 1351 suam.

217 1370 498 1412 Recordatus
557 1374 624 1411 est
681 1369 997 1411 misericordiae
1056 1361 1110 1406 ἐξ
1129 1368 1154 1406 fix

167 1439 274 1476 suae,
293 1427 317 1454 *
340 1430 384 1468 et
411 1426 610 1468 veritatis
639 1439 731 1467 suae
760 1425 910 1467 domui
936 1426 996 1465 Is-

168 1482 271 1524 raeL

219 1542 437 1584 Viderunt
456 1554 608 1583 omnes
628 1542 803 1583 termini
821 1546 952 1583 terrae
972 1542 996 1567 *

167 1598 358 1640 salutare
377 1598 462 1640 Dei
480 1597 632 1639 nostri.

217 1659 243 1699 J
244 1658 409 1700 ubilate
427 1659 525 1700 Deo
545 1657 686 1700 omnis
705 1662 837 1699 terra:
855 1658 880 1684 *
899 1670 996 1699 can-

165 1716 267 1764 tate,
286 1719 331 1756 et
349 1714 579 1764 exsultate,
598 1718 643 1755 et
659 1713 847 1766 psallite.

217 1774 397 1816 Psallite
427 1775 620 1816 Domino
654 1775 699 1814 in
733 1774 916 1824 cithara,
952 1774 995 1814 in

167 1829 334 1872 cithara
361 1834 406 1872 et
432 1843 543 1872 voce
569 1829 745 1883 psalmi:
764 1830 788 1856 *
806 1831 851 1870 in
877 1829 996 1871 tubis

167 1885 415 1936 ductilibus,
436 1890 479 1927 et
496 1898 608 1927 voce
626 1885 746 1927 tubae
766 1888 952 1927 corneae.

218 1945 409 1987 Jubilate
432 1946 477 1986 in
502 1947 744 1998 conspectu
769 1946 884 1996 regis
908 1946 995 1986 Do-

165 2001 285 2042 mini:
303 2002 328 2028 *
345 2003 574 2042 moveatur
593 2013 726 2050 mare,
746 2006 790 2042 et
808 2001 995 2053 plenitu-

167 2057 225 2098 do
245 2057 350 2108 ejus:
375 2056 496 2098 orbis
515 2058 748 2106 terrarum,
767 2061 812 2098 et
829 2058 904 2108 qui
922 2057 995 2098 ha-

164 2112 309 2154 bitant
326 2112 371 2153 in
391 2124 455 2153 eo.

217 2172 420 2214 Flumina
447 2172 660 2226 plaudent
687 2185 835 2223 manu,
868 2172 997 2213 simul

165 2233 340 2270 montes
379 2228 661 2270 exsultabunt
695 2241 721 2269 a
754 2230 996 2280 conspectu

166 2285 360 2326 Domini:
376 2285 400 2311 *
421 2284 629 2338 quoniam
654 2284 775 2326 venit
802 2283 996 2335 judicare

164 2344 337 2381 terram.

216 2401 240 2441 J
242 2400 437 2442 udicabit
460 2400 613 2442 orbem
636 2402 852 2442 terrarum
874 2400 918 2440 in
937 2400 995 2451 ju-

167 2456 293 2506 stitia,
313 2456 336 2482 *
357 2461 400 2498 et
419 2457 611 2509 populos
630 2457 674 2497 in
693 2456 912 2508 aequitate.

214 2520 315 2562 Ant.
337 2523 452 2566 Veni
470 2537 633 2577 sponsa
653 2524 822 2573 Christi,
843 2524 995 2576 accipe

167 2582 387 2630 coronam,
407 2593 538 2632 quam
555 2580 637 2622 tibi
649 2580 864 2622 Dominus
884 2591 994 2631 prae-

166 2635 338 2686 paravit
355 2635 399 2676 in
417 2637 639 2677 aeternum.

1103 413 1233 452 Pater
1254 414 1415 451 noster.

1103 476 1349 518 Absolutio.
1377 478 1418 518 A
1438 474 1633 515 vinculis.

1103 537 1153 589 V.
1180 539 1292 581 Jube
1312 539 1484 580 domne.

1104 607 1267 648 Bened.
1297 604 1564 656 Evangelica
1581 603 1724 644 lectio.

1053 695 1208 738 Lectio
1234 696 1375 737 sancti
1394 694 1622 746 Evangelii
1641 694 1883 735 secundum

1331 751 1601 792 Matthaeum.

1152 823 1305 864 Lectio
1327 824 1395 863 vii.
1561 824 1662 876 Cap.
1679 826 1736 864 13.
1752 825 1777 863 f.

1048 877 1126 983 In
1145 881 1220 923 illo
1239 882 1458 934 tempore:
1476 881 1599 921 Dixit
1612 880 1637 920 J
1640 893 1741 921 esus
1757 879 1883 921 disci-

1114 938 1229 990 pulis
1258 938 1347 979 suis
1376 936 1636 990 parabolam
1663 936 1790 977 hanc:
1822 936 1882 976 Si-

1048 994 1151 1035 mile
1169 998 1235 1035 est
1247 1007 1431 1045 regnum
1445 993 1659 1034 coelorum
1674 991 1883 1033 thesauro

1050 1050 1310 1092 abscondito
1330 1050 1375 1090 in
1396 1062 1512 1101 agro.
1540 1049 1597 1090 Et
1616 1048 1797 1100 reliqua.

1096 1140 1292 1183 Homih'a
1312 1140 1453 1181 sancti
1472 1139 1677 1191 Gregorii
1694 1139 1840 1191 Papae.

1246 1210 1389 1245 Homil.
1409 1210 1458 1245 11.
1477 1210 1517 1244 in
1534 1211 1678 1254 Evang.

1152 1269 1357 1311 ‘celorum
1371 1281 1564 1320 regnum,
1580 1268 1738 1309 fratres
1754 1270 1883 1308 caris-

1053 1293 1162 1365 s‘i
1185 1326 1298 1375 simi,
1332 1325 1500 1366 idcirco
1532 1324 1718 1366 terrenis
1750 1323 1883 1365 rebus

1186 1381 1325 1423 simile
1346 1381 1521 1431 dicitur,
1545 1385 1594 1421 ut
1617 1393 1671 1421 ex
1694 1379 1762 1420 his
1784 1393 1883 1432 quae

1050 1438 1219 1478 animus
1238 1437 1377 1487 novit,
1406 1441 1557 1488 surgat
1579 1436 1636 1477 ad
1660 1436 1883 1486 incognita

1051 1506 1150 1546 quae
1169 1506 1258 1535 non
1277 1493 1414 1535 novit:
1441 1495 1657 1545 quatenus
1678 1491 1882 1544 exemplo

1049 1549 1285 1591 visibilium
1313 1562 1361 1591 se
1388 1549 1445 1591 ad
1469 1548 1704 1590 invisibilia
1727 1548 1883 1601 rapiat,

1050 1610 1094 1647 et
1116 1618 1196 1658 per
1222 1619 1290 1656 ea,
1325 1618 1424 1658 quae
1450 1618 1533 1646 usu
1558 1604 1727 1655 didicit,
1758 1604 1883 1656 quasi

1050 1662 1317 1703 confricatus
1336 1661 1588 1702 incalescat:
1613 1665 1661 1702 ut
1683 1673 1764 1713 per
1786 1660 1882 1706 hoc,

1051 1718 1172 1770 quod
1191 1718 1274 1759 seit
1291 1722 1446 1759 notum
1465 1717 1657 1768 diligere,
1678 1717 1820 1758 discat
1840 1720 1883 1758 et

1048 1774 1273 1825 incognita
1304 1775 1463 1815 amare.
1503 1774 1622 1815 Ecce
1651 1773 1765 1815 enim
1795 1785 1881 1814 coe-

1048 1830 1193 1871 lorum
1228 1843 1412 1880 regnum
1452 1829 1660 1871 thesauro
1699 1829 1881 1870 abscon-

1049 1886 1143 1928 dito
1162 1886 1206 1926 in
1222 1899 1329 1937 agro
1345 1888 1641 1938 comparatur:
1662 1898 1792 1937 quem
1809 1884 1883 1936 qui

1048 1943 1214 1984 invenit
1243 1942 1394 1993 homo,
1427 1942 1676 1991 abscondit,
1714 1946 1757 1982 et
1787 1953 1881 1992 prae

1049 1998 1211 2049 gaudio
1235 1998 1350 2039 illius
1374 1998 1511 2048 vadit,
1546 2003 1589 2039 et
1614 1997 1765 2039 vendit
1790 1996 1880 2037 uni-

1048 2055 1176 2095 versa
1206 2067 1305 2107 quae
1332 2054 1482 2105 habet,
1525 2058 1568 2095 et
1595 2053 1699 2095 emit
1727 2065 1881 2103 agrum

1048 2109 1179 2151 illum.

1097 2176 1148 2228 Rz.
1184 2178 1246 2219 Os
1280 2192 1407 2220 suum
1435 2179 1607 2231 aperuit
1639 2177 1879 2230 sapientiae,

1050 2237 1093 2274 et
1127 2233 1199 2275 lex
1236 2234 1481 2276 clementiae
1517 2235 1561 2275 in
1592 2234 1740 2285 lingua
1772 2234 1880 2285 ejus:

1049 2290 1345 2332 consideravit
1376 2291 1554 2332 semitas
1586 2290 1744 2331 domus
1777 2302 1880 2338 suae,

1043 2342 1067 2366 *
1103 2346 1161 2386 Et
1193 2359 1354 2398 panem
1381 2347 1525 2387 otiosa
1555 2358 1644 2387 non
1677 2345 1879 2387 comedit.

1044 2393 1095 2445 V.
1123 2401 1329 2443 Gustavit
1357 2406 1401 2443 et
1420 2401 1530 2443 vidit
1552 2401 1654 2453 quia
1670 2401 1789 2443 bona
1813 2406 1880 2443 est

1047 2458 1286 2507 negotiatio
1320 2458 1425 2509 ejus:
1458 2471 1548 2499 non
1580 2458 1880 2508 exstinguetur

1045 2512 1091 2552 in
1118 2517 1248 2554 nocte
1275 2513 1453 2555 lucerna
1481 2514 1583 2565 ejus.
1636 2514 1694 2555 Et
1718 2526 1878 2566 panem

1048 2568 1202 2609 otiosa.

1096 2634 1258 2675 Bened.
1289 2636 1421 2688 Cujus
1443 2637 1625 2680 Festum
1648 2639 1843 2681 colimus.
