2066 2904
221 160 289 204 [74]

703 156 910 189 Commune
937 154 1182 199 (Ionl'cssoris
1207 153 1411 186 l'omificis.

221 259 392 309 emptor
431 260 598 303 noster,
649 254 722 306 qui
753 254 797 295 in
831 265 881 295 ea
913 265 1041 294 carne

223 326 351 365 quam
387 314 699 363 assumpserat,
745 309 851 351 abiit
882 309 925 350 in
958 322 1041 350 coe-

221 367 331 410 lum?
367 368 519 409 Carnis
548 367 662 409 enim
688 366 811 407 locus
838 365 1042 419 proprius

219 430 337 467 terra
361 430 440 476 est3
471 437 568 477 quae
590 424 711 475 quasi
735 422 791 464 ad
815 424 1042 475 peregrina

222 482 413 530 ducitur,
454 480 557 522 dum
588 492 668 533 per
700 478 1043 531 Redemptorem

222 543 419 579 nostrum
443 538 486 578 in
511 536 624 578 coelo
653 535 903 584 collocatur.
956 534 1043 576 Sed

221 594 353 636 homo
399 595 480 636 iste
526 595 709 646 peregre
750 591 1042 644 proficiscens,

222 651 359 692 servis
378 650 466 692 suis
485 650 601 691 bona
625 661 703 690 sua
724 647 915 697 tradidit,
944 647 1043 699 quia

222 706 424 748 fidelibus
445 707 532 747 suis
551 704 791 758 spiritualia
811 703 926 745 dona
945 716 1042 745 con-

223 764 363 805 cessit.
400 764 454 804 Et
473 762 546 804 uni
571 761 746 814 quidem
771 760 959 812 quinque
983 765 1042 802 ta-

222 819 352 869 lenta,
381 819 452 859 alii
473 818 575 867 duo,
605 817 675 859 alii
698 829 802 858 vero
829 817 1044 858 commisit

222 889 364 917 unum.
410 875 609 927 Quinque
637 874 795 915 etenim
823 878 922 914 sunt
952 875 1042 914 cor-

222 932 342 984 poris
371 944 538 980 sensus,
566 930 783 971 videlicet:
811 929 945 979 visus,
973 942 1043 971 au-

223 988 353 1037 ditus,
381 993 547 1039 gustus,
573 986 797 1036 odoratus,
827 991 871 1027 et
891 991 1043 1027 tactus.

223 1045 422 1097 Quinque
439 1057 542 1096 ergo
556 1043 740 1093 talentis,
755 1042 917 1084 donum
933 1043 1045 1095 quin-

225 1114 307 1153 que
336 1103 555 1150 sensuum‚
592 1099 636 1141 id
665 1104 746 1149 est,
781 1099 1045 1140 exterierum

223 1158 401 1199 scientia
421 1157 685 1209 exprimitur.
724 1155 908 1197 Duebus
927 1168 1044 1205 vero,

222 1213 466 1255 intellectus
491 1219 534 1255 et
558 1212 756 1266 operatio
783 1211 1043 1263 designatur.

222 1270 357 1312 Unius
377 1275 521 1311 autem
541 1269 692 1311 talenti
710 1268 894 1317 nemine,
923 1269 1043 1311 intel-

222 1326 358 1368 lectus
380 1325 682 1368 tantummodo
704 1325 966 1376 designatur.

276 1394 323 1444 Rg.
358 1391 452 1433 Sint
484 1390 618 1432 lumbi
646 1390 779 1432 vestri
809 1391 1043 1443 praecincti,

1093 252 1265 294 talentis
1301 252 1445 302 ditati,
1482 253 1748 295 intellectum
1783 258 1913 305 atque

1095 309 1393 361 operatiOnem
1428 309 1693 362 percipiunt,
1741 308 1914 351 subtilia

1095 364 1149 406 de
1167 365 1346 407 internis
1365 365 1620 416 intelligunt,
1648 365 1757 406 mira
1781 365 1824 406 in
1844 378 1913 407 ex-

1094 421 1325 463 terioribus
1354 424 1600 474 operantur.
1649 422 1843 473 Cumque
1872 426 1915 463 et

1094 477 1373 529 intelligendo
1393 483 1436 519 et
1455 478 1679 530 operando
1695 478 1789 519 aliis
1806 480 1914 531 prae-

1096 534 1259 585 dicant,
1301 535 1424 587 quasi
1457 534 1726 587 duplicatum
1757 534 1812 576 de
1843 547 1914 576 ne-

1094 592 1214 642 gatio
1241 591 1409 632 lucrum
1436 593 1671 643 reportant.

1152 657 1212 696 Te
1231 652 1373 693 Deum
1391 651 1630 693 laudamus.
1657 652 1715 692 15.

1357 732 1435 773 Ad.
1460 732 1655 774 Laudes

1323 795 1367 822 et
1403 800 1489 832 per
1521 789 1695 822 Horas.

1148 847 1245 886 Ant.
1267 848 1293 885 1.
1326 846 1437 884 Ecce
1458 841 1663 884 sacerdos
1685 855 1878 894 magnus,
1893 842 1915 867 *

1098 900 1170 952 qui
1197 900 1239 941 in
1268 899 1421 941 diebus
1447 899 1535 940 suis
1555 898 1719 951 placuit
1736 899 1845 948 Deo,
1874 903 1917 940 et

1096 957 1296 998 inventus
1317 960 1384 998 est
1404 957 1550 1008 justus.

1153 1016 1302 1055 l'salm.
1336 1012 1547 1054 Deminus
1580 1012 1786 1064 regnavit.
1820 1027 1914 1055 cum

1098 1072 1284 1124 reliquis.
1313 1071 1371 1111 16.

1150 1131 1183 1168 2.
1218 1129 1313 1168 Non
1334 1131 1399 1168 est
1418 1127 1616 1167 inventus
1634 1126 1658 1151 *
1678 1126 1827 1167 similis
1846 1125 1917 1174 illi,

1099 1184 1171 1236 qui
1190 1186 1471 1225 conservaret
1489 1182 1631 1235 legem
1649 1182 1832 1224 Excelsi.

1150 1243 1184 1280 33,
1217 1239 1318 1281 Ideo
1340 1238 1614 1292 iureiurando
1633 1239 1656 1265 *
1675 1239 1777 1281 fecit
1798 1238 1917 1280 illum

1096 1297 1309 1338 Deminus
1327 1298 1524 1337 crescere
1538 1296 1582 1336 in
1595 1295 1769 1349 plebem
1784 1308 1916 1337 suam.

1150 1355 1184 1392 4.
1218 1353 1478 1394 Sacerdotes
1506 1352 1588 1393 Dei
1618 1352 1642 1378 *
1673 1351 1918 1394 benedicite

1096 1410 1345 1451 Deminum:
1373 1409 1487 1450 servi
1511 1409 1687 1449 Demini
1711 1408 1918 1461 hymnum

223 1454 265 1490 et
300 1448 488 1490 lucernae
528 1446 729 1489 ardentes
766 1447 808 1487 in
845 1446 1043 1488 manibus
1069 1492 1072 1501 Δ
1097 1467 1226 1509 dicite
1245 1467 1352 1515 Deo!
1381 1465 1562 1517 ,memia-

222 1505 391 1547 vestris:
408 1505 429 1526 *
444 1505 500 1545 Et
519 1517 598 1545 vos
616 1503 776 1544 similes
796 1503 1042 1545 hominibus
1069 1502 1073 1564 Ι

222 1560 576 1614 exspectantibus
631 1560 855 1602 dominum
907 1573 1042 1610 suum,

223 1617 396 1670 quando
416 1619 658 1659 revertatur
678 1629 703 1657 a
721 1617 895 1669 nuptiis.
916 1612 964 1663 Y.
977 1617 1044 1658 Vi-

221 1674 353 1725 gilate
373 1686 488 1724 ergo,
519 1674 618 1726 quia
636 1673 812 1715 nescitis
833 1686 917 1725 qua
935 1673 1044 1714 hora

221 1731 434 1772 Deminus
462 1734 607 1771 vester
635 1733 843 1771 venturus
870 1730 937 1771 sit.
978 1730 1043 1772 Et.

228 1787 375 1828 Gloria
393 1787 520 1828 Patri.
548 1786 614 1828 Et.

279 1852 434 1894 Bened.
471 1852 536 1894 Ad
555 1851 820 1893 societatem.

520 1936 669 1975 Lectio
692 1936 743 1975 ix.

225 1996 349 2103 Sed
367 2005 413 2054 is,
443 2004 515 2057 qui
536 2004 724 2056 quinque
743 2003 906 2045 talenta
926 2005 1043 2045 acce-

303 2066 438 2113 perat,
455 2060 538 2101 alia
553 2060 742 2111 quinque
758 2059 949 2101 lucratus
965 2066 1044 2102 est:

225 2118 325 2170 quia
343 2122 443 2158 sunt
461 2116 666 2166 nonnulli,
687 2116 760 2168 qui
777 2116 858 2157 etsi
877 2116 1044 2158 interna

223 2187 274 2215 ac
291 2174 474 2226 mystica
489 2174 720 2226 penetrare
734 2172 942 2222 nesciunt,
962 2187 1044 2226 pro

223 2230 460 2272 intentione
487 2235 633 2272 tamen
663 2231 861 2282 supernae
889 2230 1044 2282 patriae

225 2286 383 2328 docent
398 2292 517 2328 recta
533 2298 642 2339 quos
657 2290 852 2338 possunt,
868 2285 922 2327 de
939 2287 1044 2339 ipsis

225 2342 522 2392 exterioribus,
553 2355 650 2395 quae
669 2344 941 2394 acceperunt,
970 2342 1044 2384 du-

225 2398 344 2450 plum
358 2399 567 2441 talentum
582 2403 772 2452 portant:
792 2398 982 2451 dumque
998 2412 1044 2441 se

226 2467 250 2495 a
264 2455 402 2496 carnis
416 2455 664 2508 petulantia,
679 2460 722 2497 et
737 2468 762 2496 a
776 2457 1045 2497 terrenarum

227 2523 369 2552 rerum
397 2512 574 2561 ambitu,
602 2517 733 2564 atque
761 2524 785 2553 a
813 2511 1045 2553 visibilium

228 2566 451 2619 voluptate
471 2568 731 2618 custodiunt,
753 2568 807 2610 ab
827 2567 895 2609 his
915 2568 1045 2610 etiam

229 2622 337 2664 alios
364 2623 637 2667 admonendo
669 2626 961 2678 compescunt.
989 2626 1045 2667 Et

228 2684 326 2721 sunt
361 2680 570 2730 nonnulli,
609 2682 681 2733 qui
717 2682 840 2735 quasi
873 2681 1044 2724 duobus

1150 1527 1186 1562 Γ).
1215 1524 1347 1564 Serve
1370 1522 1486 1564 bone
1506 1522 1530 1547 *
1554 1526 1597 1564 et
1617 1521 1773 1571 fidelis,
1806 1521 1918 1563 intra

1096 1580 1139 1620 in
1158 1579 1363 1630 gandium
1382 1579 1556 1619 Demini
1578 1578 1651 1619 tui.

1152 1653 1408 1705 Capitulum.
1619 1653 1746 1693 Eccli.
1758 1655 1822 1693 44.
1835 1668 1867 1693 c.

1176 1730 1251 1759 cce
1285 1716 1492 1759 sacerdos
1525 1729 1723 1768 magnus,
1765 1716 1839 1768 qui
1872 1716 1916 1757 in

1201 1773 1355 1816 diebus
1391 1774 1480 1815 suis
1517 1773 1681 1826 placuit
1716 1773 1831 1822 Deo,
1873 1777 1917 1814 et

1095 1832 1294 1872 inventus
1314 1835 1380 1873 est
1399 1831 1551 1882 justus:
1585 1834 1629 1878 et
1652 1830 1695 1870 in
1717 1830 1916 1881 tempore

1096 1886 1330 1929 iracundiae
1359 1887 1497 1928 factus
1523 1891 1590 1929 est
1612 1885 1917 1928 reconciliatio.

1409 1969 1616 2019 Hymnus.

1219 2047 1297 2076 esu
1314 2034 1586 2087 Redemptor
1606 2034 1807 2084 omnium,

1243 2092 1407 2144 Perpes
1428 2093 1590 2133 corona
1607 2090 1861 2141 Praesulum,

1199 2149 1250 2189 In
1267 2148 1350 2189 hac
1370 2147 1440 2189 die
1460 2147 1712 2189 clementius

1199 2204 1432 2256 Indulgeas
1451 2203 1742 2257 precantibus.

1156 2274 1236 2315 Tui
1254 2274 1366 2315 sacri
1387 2286 1471 2326 qua
1489 2273 1674 2314 nominis

1201 2330 1434 2371 Confessor
1452 2330 1590 2371 almus
1611 2328 1765 2371 claruit

1199 2387 1338 2438 Huius
1357 2386 1549 2428 celebrat
1567 2388 1709 2427 annua

1200 2444 1372 2484 Devota
1390 2442 1516 2495 plebs
1536 2442 1756 2491 solemnia,

1151 2513 1234 2563 Qui
1251 2512 1334 2553 rite
1353 2510 1501 2553 mundi
1523 2510 1682 2563 gaudia

1200 2570 1340 2621 Hujus
1360 2567 1525 2609 caduca
1543 2569 1764 2620 respuens,

1200 2624 1474 2667 AEternitatis
1493 2624 1676 2677 praemio

1199 2682 1369 2724 Potitur
1388 2681 1498 2723 inter
1517 2680 1721 2732 Angelos.
