2066 2904
380 164 588 198 Commune
614 163 865 206 plurimorum
892 163 1099 206 Martyrum
1126 168 1231 196 extra
1261 168 1409 205 tempus·
1439 163 1623 196 l‘usclmlc

1789 158 1858 202 [55]

146 259 248 301 Non
272 258 387 300 enim
411 257 642 310 accepistis
670 256 872 309 spiritum
890 269 976 297 ser·
1026 254 1135 297 Dei?
1171 255 1292 297 Deus
1323 256 1397 308 qui
1420 256 1638 308 justificat,
1671 255 1767 308 quis
1793 258 1860 296 est

147 315 297 357 vitutis
316 317 473 356 iterum
492 314 536 355 in
555 313 727 363 timore,
756 311 836 354 sed
855 325 975 354 acce-

147 372 273 424 pistis
293 371 494 424 spiritum
510 369 760 422 adopti6nis
775 368 974 418 filiorum,

147 428 191 469 in
226 440 312 480 quo
345 427 601 469 clamamus:
646 425 777 467 Abba
805 425 976 477 (Pater).

147 486 250 538 Ipse
290 484 404 525 enim
446 483 633 536 Spiritus
678 482 977 524 testimonium

147 540 293 583 reddit
311 540 484 593 spiritui
501 544 666 588 nostro,
689 538 809 591 quod
827 551 976 580 sumus

147 597 224 638 filii
238 597 333 638 Dei.
363 597 406 638 Si
427 602 574 638 autem
593 596 680 645 fssii,
700 600 743 637 et
761 594 977 636 haeredes:

147 653 347 695 haeredes
381 653 557 706 quidem
585 653 686 702 Dei,
721 650 977 694 cohaeredes

148 715 293 752 autem
323 710 497 751 Christi:
535 709 572 750 si
594 714 740 750 tamen
768 709 976 761 compati-

147 780 262 816 mur,
298 772 346 808 ut
374 771 418 808 et
445 765 835 817 conglorificemur.
877 765 976 806 Exi-

149 824 278 865 stimo
307 823 421 864 enim
450 822 569 875 quod
596 835 684 864 non
708 827 808 864 sunt
830 821 976 863 condi-

147 893 245 931 gnae
271 880 500 932 passiones
529 879 655 931 hujus
682 879 893 931 temporis
921 878 978 920 ad

147 937 337 978 futuram
361 935 560 987 gloriam,
591 949 689 988 quae
712 934 978 977 revelabitur

147 993 191 1034 in
220 992 358 1035 nobis.
407 992 521 1034 Nam
553 992 826 1045 exspectatio
861 1004 977 1033 crea-

146 1053 259 1091 turae
305 1049 617 1091 revelationem
663 1049 854 1090 filiorum
893 1048 977 1090 Dei

149 1108 385 1159 exspectat.

200 1164 248 1215 R.
282 1162 522 1213 Absterget
550 1163 673 1205 Deus
706 1175 882 1204 omnem
917 1161 975 1203 la-

148 1219 328 1260 crimam
359 1218 414 1261 ab
453 1219 590 1261 oculis
627 1221 898 1260 sanctorum:
934 1223 978 1260 et

147 1277 231 1328 jam
250 1288 338 1317 non
355 1276 436 1317 erit
456 1276 642 1329 amplius
660 1288 804 1328 neque
823 1275 977 1325 luctus,

147 1345 290 1384 neque
323 1332 497 1382 clamor,
531 1332 610 1374 sed
641 1345 723 1374 nec
754 1332 868 1374 ullus
902 1331 976 1373 do-

146 1389 228 1430 lor:
251 1392 272 1413 *
299 1389 514 1439 Queniam
534 1389 683 1441 priera
702 1389 977 1430 transierunt.

147 1441 197 1492 V.
242 1445 343 1487 Non
384 1445 595 1495 esurient,
642 1458 785 1497 neque
832 1445 978 1487 sitient

148 1501 346 1554 amplius,
374 1514 517 1554 neque
549 1501 678 1544 cadet
711 1514 843 1554 super
878 1501 978 1543 illos

149 1558 227 1608 sol,
246 1571 389 1611 neque
409 1558 522 1599 ullus
543 1564 688 1600 aestus.
719 1558 945 1608 Quoniam.

203 1614 364 1655 Bened.
395 1614 648 1665 Unigenitus
667 1614 751 1656 Dei
770 1614 916 1656 Filius.

454 1672 606 1713 Lectio
628 1672 665 1711 ii.

221 1728 359 1770 cimus
378 1733 524 1770 autem
540 1728 746 1780 quoniam
766 1727 976 1779 diligenti-

242 1784 325 1827 bus
343 1785 487 1827 Deum
511 1785 656 1826 omnia
681 1786 977 1837 cooperantur

147 1842 191 1882 in
214 1840 390 1892 bonum,
418 1842 480 1892 iis,
510 1841 584 1894 qui
611 1840 853 1883 secundum
875 1854 974 1894 pro-

148 1898 341 1950 positum
366 1898 512 1940 vocati
539 1903 640 1939 sunt
669 1898 818 1939 sancti.
862 1898 978 1939 Nam

150 1966 260 2007 quos
287 1955 529 2007 praescivit,
570 1959 614 1996 et
646 1953 978 2007 praedestinavit

149 2010 397 2052 conformes
424 2011 520 2053 fieri
547 2010 746 2061 imaginis
774 2011 873 2051 Filii
900 2011 977 2062 sui,

147 2071 196 2109 ut
220 2067 276 2109 sit
300 2067 396 2119 ipse
420 2067 736 2120 primogenitus
762 2067 806 2107 in
830 2067 977 2109 multis

147 2122 364 2165 fratribus.
418 2124 538 2174 Quos
571 2129 717 2165 autem
750 2123 977 2176 praedesti-

147 2180 282 2230 navit,
310 2180 391 2222 hos
417 2185 460 2222 et
483 2180 673 2222 vocavit:
702 2185 745 2222 et
770 2193 880 2232 quos
903 2193 976 2222 vo-

149 2236 280 2286 cavit,
308 2236 389 2278 hos
415 2241 459 2278 et
481 2236 746 2289 justificavit:
775 2249 886 2289 quos
906 2249 976 2278 au-

147 2297 238 2334 tem
255 2293 515 2344 justificavit,
534 2292 632 2334 illos
648 2297 691 2335 et
705 2292 976 2344 glorificavit.

149 2349 264 2399 Quid
302 2362 407 2400 ergo
444 2349 639 2391 dicemus
675 2349 732 2391 ad
767 2347 887 2391 haec?
932 2350 978 2391 Si

149 2405 268 2447 Deus
294 2418 376 2458 pro
402 2405 546 2455 nobis,
576 2406 671 2458 quis
695 2411 849 2447 contra
871 2406 976 2448 nos?

149 2462 234 2511 Qui
265 2462 394 2503 etiam
424 2463 605 2515 proprio
632 2462 743 2504 Filio
777 2475 857 2504 suo
888 2476 975 2505 non

149 2519 366 2570 pepercit,
402 2518 481 2561 sed
507 2532 589 2572 pro
617 2519 744 2561 nobis
775 2519 977 2561 omnibus

147 2573 329 2616 tradidit
343 2575 478 2616 illum:
498 2575 721 2628 quomodo
741 2588 829 2616 non
847 2576 977 2617 etiam
1035 2600 1038 2605 -

149 2642 249 2671 eum
292 2630 368 2673 illo
409 2632 555 2673 omnia
598 2631 725 2673 nobis
769 2630 974 2673 donavit?

149 2686 254 2736 Quis
294 2687 518 2730 accusabit
559 2687 769 2730 adversus
812 2687 976 2730 electos

1029 312 1103 364 qui
1137 311 1426 354 condemnet?
1488 312 1686 355 Christus
1720 313 1744 353 J
1748 325 1860 361 esus,

1029 369 1103 421 qui
1131 370 1330 410 mortuus
1364 374 1445 419 est,
1491 369 1579 410 imo
1611 369 1684 422 qui
1720 373 1763 410 et
1795 381 1859 409 re-

1029 425 1231 475 surrexit,
1264 426 1337 478 qui
1358 430 1424 467 est
1444 425 1500 467 ad
1520 425 1747 468 dexteram
1766 424 1860 474 Dei,

1031 482 1104 534 qui
1123 481 1255 523 etiam
1273 482 1523 534 interpellat
1541 495 1624 535 pro
1645 481 1783 523 nobis.

1084 542 1134 593 R.
1155 538 1252 580 Viri
1271 539 1411 580 sancti
1429 538 1671 590 gloriesum
1691 538 1860 589 sangui—

1028 607 1128 636 nem
1155 594 1362 636 fuderunt
1389 608 1471 648 pro
1500 595 1710 644 Demino,
1747 608 1861 636 ama-

1029 654 1185 693 verunt
1208 651 1428 693 Christum
1453 652 1497 692 in
1523 652 1613 693 vita
1639 665 1733 701 sua,
1770 652 1861 692 imi-

1028 709 1109 750 tati
1134 713 1235 750 sunt
1261 721 1360 750 eum
1387 709 1431 749 in
1458 714 1601 750 morte
1630 721 1724 749 sua:
1757 708 1778 730 *
1804 708 1861 749 Et

1028 764 1130 806 ideo
1159 767 1346 806 coronas
1378 764 1667 818 triumphales
1695 767 1861 806 merue-

1029 827 1139 863 runt.
1169 817 1217 868 X.
1236 822 1358 863 Unus
1379 822 1570 875 spiritus,
1591 826 1633 863 et
1650 835 1735 863 una
1751 821 1861 863 fides

1030 883 1124 920 erat
1141 879 1185 919 in
1206 879 1278 920 eis.
1306 879 1362 920 Et
1381 878 1494 920 1deo.

1084 939 1245 980 Bened.
1275 939 1459 991 Spiritus
1479 940 1618 981 sancti
1636 940 1787 990 gratia.

1333 1013 1485 1053 Lectio
1507 1014 1559 1052 iii.

1034 1056 1181 1180 Quis
1212 1088 1316 1126 ergo
1345 1088 1427 1116 nos
1453 1075 1676 1128 separabit
1704 1089 1729 1117 a
1758 1076 1863 1117 cari-

1132 1134 1224 1173 tate
1246 1130 1428 1173 Christi?
1454 1131 1691 1182 tribulatio,
1717 1145 1771 1173 an
1791 1146 1862 1173 an—

1028 1188 1187 1239 gustia,
1224 1201 1280 1229 an
1307 1188 1462 1238 fames,
1498 1202 1552 1230 an
1580 1188 1774 1238 nuditas,
1809 1202 1863 1230 an

1028 1245 1286 1298 periculum,
1316 1258 1370 1286 an
1394 1246 1665 1298 persecutio,
1694 1259 1749 1286 an
1775 1245 1863 1296 gla-

1029 1300 1150 1343 dius?
1195 1302 1322 1353 (sicut
1363 1302 1574 1354 scriptum
1617 1307 1699 1344 est:
1753 1302 1864 1353 Quia
1910 1340 1912 1342 ,

1029 1364 1212 1411 propter
1240 1363 1284 1400 te
1309 1358 1627 1400 mortificamur
1653 1364 1748 1404 tota
1775 1358 1862 1401 die:
1892 1406 1895 1410 ,

1030 1415 1234 1457 aestimati
1253 1428 1402 1456 sumus
1422 1415 1534 1456 sicut
1555 1427 1661 1456 oves
1683 1415 1862 1457 occisio-

1029 1471 1120 1522 nis.)
1162 1471 1249 1512 Sed
1280 1471 1324 1512 in
1355 1471 1422 1512 his
1456 1470 1658 1512 Omnibus
1686 1474 1863 1524 supera-

1028 1541 1124 1569 mus
1144 1532 1328 1580 propter
1349 1540 1461 1577 eum,
1501 1528 1574 1580 qui
1599 1527 1751 1570 dilexit
1771 1541 1863 1570 nos.

1031 1584 1186 1625 Certus
1205 1597 1301 1625 sum
1319 1585 1433 1625 enim
1450 1584 1551 1636 quia
1570 1597 1713 1637 neque
1731 1598 1863 1634 mors,

1031 1653 1174 1693 neque
1202 1641 1307 1691 vita,
1340 1654 1483 1694 neque
1511 1641 1687 1693 Angeli,
1720 1654 1863 1694 neque

1030 1697 1317 1750 Principatus,
1333 1710 1476 1750 neque
1490 1698 1701 1748 Virtutes,
1720 1711 1863 1750 neque

1029 1753 1246 1804 instantia,
1267 1767 1411 1807 neque
1431 1754 1586 1804 futura,
1614 1768 1758 1807 neque
1778 1755 1863 1796 for-

1029 1810 1184 1860 titudo,
1212 1824 1354 1864 neque
1374 1811 1572 1861 altitudo,
1600 1824 1743 1863 neque
1763 1825 1862 1864 pro·
1888 1815 1894 1824 ‘

1029 1867 1221 1917 fundum,
1254 1880 1397 1920 neque
1426 1871 1627 1910 creatura
1656 1868 1739 1910 alia
1767 1870 1862 1921 pot-

1031 1924 1114 1966 erit
1146 1937 1227 1966 nos
1259 1927 1467 1978 separare
1501 1937 1525 1965 a
1558 1925 1740 1966 caritate
1768 1925 1861 1974 Dei,

1032 1993 1130 2033 quae
1164 1986 1231 2023 est
1263 1981 1307 2022 in
1335 1981 1508 2023 Christo
1537 1981 1561 2022 J
1565 1994 1642 2023 esu
1669 1982 1860 2023 Demino

1029 2042 1193 2079 nostro.

1082 2102 1131 2153 R.
1153 2097 1449 2140 Tradiderunt
1465 2100 1654 2151 corpora
1669 2111 1746 2139 sua
1761 2111 1860 2150 pro-

1029 2160 1129 2208 pter
1147 2155 1291 2196 Deum
1315 2154 1371 2196 ad
1396 2154 1626 2207 supplicia:
1648 2161 1668 2182 *
1694 2155 1750 2196 Et
1774 2167 1860 2196 me-

1030 2213 1211 2253 ruerunt
1229 2210 1392 2253 habere
1409 2213 1595 2252 corenas
1612 2212 1860 2263 perpetuas.

1031 2265 1080 2317 V.
1107 2268 1186 2309 Isti
1214 2272 1315 2309 sunt
1344 2267 1418 2319 qui
1446 2269 1659 2308 venerunt
1687 2280 1742 2308 ex
1773 2281 1860 2309 ma-

1031 2337 1116 2375 gna
1133 2323 1424 2374 tribulatione,
1441 2328 1485 2365 et
1503 2323 1703 2365 laverunt
1723 2323 1860 2365 stolas

1030 2394 1130 2422 suas
1153 2381 1197 2422 in
1218 2380 1427 2431 sanguine
1447 2380 1572 2431 Agni.
1606 2380 1673 2421 Et.
1708 2379 1860 2430 Glaria

1028 2438 1158 2479 Patri.
1186 2438 1253 2478 Et.

1255 2513 1303 2550 In
1332 2513 1381 2550 ΙΙ,
1410 2512 1631 2550 Nocturno.

1082 2577 1180 2616 Ant.
1210 2575 1337 2617 Dabo
1361 2573 1524 2615 sanctis
1542 2574 1651 2616 meis
1670 2575 1693 2600 *
1712 2575 1859 2617 locum

1028 2633 1297 2674 nominatum
1335 2631 1379 2671 in
1415 2642 1551 2682 regno
1587 2631 1730 2673 Patris
1761 2633 1859 2682 mei,

1028 2689 1134 2731 dicit
1153 2689 1378 2730 Deminus.
