2028 2892
610 175 682 209 Die
705 175 757 208 21.
782 175 919 208 Martii.
967 162 1227 210 &Benedicti
1252 176 1428 209 Abbatis.

171 289 218 317 se
237 276 262 316 J
264 288 342 317 esu
361 275 535 316 Christo
560 273 701 322 daret,
729 273 786 314 ad
810 286 910 314 eum
933 274 995 314 lo-

171 345 279 381 cum,
301 331 375 383 qui
393 330 604 372 Sublacus
625 329 794 378 dicitur,
818 329 861 369 in
880 329 995 370 altis-

170 388 326 428 simam
359 385 613 438 speluncam
648 385 909 437 penetravit;
951 385 995 424 in

171 455 258 494 qua
281 443 344 483 sic
367 454 448 493 per
471 441 704 482 triennium
733 439 920 488 delituit,
947 445 996 481 ut

169 510 280 538 unus
298 497 344 538 id
360 497 491 537 sciret
504 497 731 537 Romanus
743 494 994 545 monachus,

171 565 258 604 quo
277 551 335 593 ad
348 552 450 592 vitae
468 551 775 592 necessitatem
794 551 994 591 ministro

170 607 385 649 utebatur.
425 608 542 648 Dum
572 607 703 656 igitur
734 606 775 647 ei
802 606 995 658 quodam

169 662 241 704 die
265 663 469 704 ardentes
495 661 552 704 ad
575 661 800 703 libidinem
826 662 944 703 faces
970 675 996 703 a

170 718 348 760 diabolo
368 718 698 770 subjicerentur,
724 730 771 758 se
790 717 834 757 in
854 718 993 770 vepri-

167 773 250 815 bus
265 773 432 815 tamdiu
446 773 671 823 volutavit,
687 772 791 814 dum
799 773 994 814 lacerato

169 832 372 882 corpore,
398 829 637 881 voluptatis
663 841 816 870 sensus
841 828 995 870 dolore

169 885 502 937 opprimeretur.
530 883 618 926 Sed
635 885 720 936 jam
739 886 994 936 erumpente

168 953 223 982 ex
247 940 332 981 illis
350 940 528 982 latebris
547 940 663 981 fama
682 941 773 991 ejus
793 940 994 981 sanctita-

166 996 239 1046 tis,
277 995 455 1048 quidam
482 995 686 1037 monachi
713 1008 760 1036 se
787 996 849 1036 illi
876 996 994 1036 insti-

166 1051 354 1093 tuendos
389 1051 679 1093 tradiderunt:
715 1064 902 1103 quorum
935 1052 994 1092 vi-

167 1107 297 1148 vendi
328 1107 503 1149 licentia
534 1119 634 1148 cum
672 1108 761 1158 ejus
794 1106 992 1158 objurga-

166 1163 308 1204 tiones
331 1163 445 1204 ferre
468 1175 557 1204 non
579 1168 750 1215 posset,
778 1164 993 1203 venenum

165 1218 210 1258 in
227 1218 408 1270 potione
427 1219 467 1259 ei
486 1218 591 1259 dare
609 1220 889 1258 constituunt.
908 1218 993 1258 Ve-

166 1286 261 1314 rum
280 1274 488 1325 poculum
508 1275 548 1314 ei
564 1273 877 1325 praebentibus,
899 1286 992 1314 cru-

166 1329 228 1370 cis
253 1330 377 1380 signo
402 1342 479 1370 vas
503 1329 734 1379 confregit,
763 1341 814 1369 ac
839 1329 991 1370 relicto

164 1385 431 1426 monasterio
465 1385 508 1425 in
541 1383 818 1425 solitudinem
851 1397 898 1425 se
928 1397 991 1426 re-

165 1441 291 1492 cepit.

214 1501 264 1550 R».
299 1501 546 1541 Honestum
574 1499 677 1540 fecit
701 1499 821 1540 illum
844 1500 991 1540 Domi-

164 1569 263 1606 nus,
283 1562 327 1597 et
345 1555 583 1596 custodivit
602 1567 701 1595 eum
721 1554 775 1596 ab
795 1556 991 1604 inimicis,

166 1616 210 1652 et
233 1624 257 1651 a
287 1610 592 1652 seductoribus
621 1611 780 1652 tutavit
808 1610 943 1651 illum:
967 1610 986 1630 *

163 1666 220 1708 Et
252 1665 374 1708 dedit
405 1666 467 1707 illi
501 1666 746 1707 claritatem
771 1668 990 1707 aeternam.

162 1714 213 1765 Ys-
245 1722 418 1763 Justum
450 1721 632 1763 deduxit
663 1722 879 1762 Dominus
910 1734 989 1774 per

163 1778 256 1818 vias
275 1782 432 1826 rectas,
456 1782 500 1818 et
519 1776 711 1818 ostendit
729 1777 791 1817 illi
808 1790 990 1828 regnum

163 1833 256 1874 Dei.
283 1834 340 1874 Et
359 1831 492 1874 dedit.

471 1893 623 1933 Lectio
643 1907 680 1932 v.

232 1956 288 1998 ed
314 1970 414 1998 cum
436 1957 561 1998 multi
585 1956 642 1997 ad
668 1969 767 1997 eum
793 1957 989 2008 quotidie

257 2012 460 2065 discipuli
493 2015 791 2061 convenirent,
825 2012 988 2054 duode-

163 2069 247 2109 cim
274 2069 540 2110 monasteria
568 2067 815 2118 aedificavit,
851 2070 988 2120 eaque

163 2124 446 2166 sanctissimis
487 2123 659 2175 legibus
694 2124 988 2165 communivit.

162 2181 323 2222 Postea
341 2180 568 2221 Cassinum
592 2180 810 2230 migravit,
837 2179 912 2220 ubi
935 2180 987 2220 si-

160 2236 402 2278 mulacrum
421 2235 654 2288 Apollinis,
674 2236 747 2287 qui
766 2234 910 2276 adhuc
928 2235 988 2277 ibi

162 2292 402 2341 colebatur,
429 2291 698 2342 comminuit,
725 2303 846 2331 aram
869 2293 987 2332 ever-

161 2348 230 2396 tit,
249 2353 293 2388 et
310 2347 435 2388 lucos
460 2346 700 2388 succendit:
725 2346 874 2397 ibique
894 2359 987 2386 san-

161 2403 220 2444 cti
242 2402 418 2444 Martini
446 2402 654 2443 sacellum
682 2407 726 2443 et
754 2402 893 2443 sancti
919 2402 987 2442 Jo-

161 2458 284 2499 annis
303 2458 534 2499 aediculam
554 2458 782 2498 exstruxit:
807 2456 987 2509 oppida-

160 2526 242 2554 nos
278 2514 424 2554 autem
460 2518 504 2554 et
539 2513 705 2554 incolas
740 2512 987 2553 christianis

159 2569 396 2620 praeceptis
423 2568 589 2610 imbuit.
630 2569 774 2618 Quare
803 2566 986 2617 augeba-

1046 277 1118 314 tur
1135 272 1180 313 in
1198 272 1292 314 dies
1310 274 1449 323 magis
1471 273 1617 315 divina
1636 275 1775 325 gratia
1794 275 1875 317 Be-

1046 327 1266 378 nedictus,
1291 334 1339 370 ut
1358 329 1489 369 etiam
1508 330 1772 382 prophetico
1791 334 1876 383 spi-

1047 384 1133 425 ritu
1150 387 1334 425 ventura
1352 383 1625 436 praediceret.
1654 386 1783 436 Quod
1802 387 1878 428 ubi

1048 439 1219 491 accepit
1238 439 1386 480 Totila
1411 440 1660 481 Gothorum
1684 454 1778 491 rex,
1805 455 1876 483 ex-

1046 495 1300 547 ploraturus
1320 508 1374 536 an
1394 508 1464 536 res
1479 497 1541 537 ita
1556 502 1683 546 esset,
1703 498 1876 548 spatha—

1048 551 1159 591 rium
1187 564 1313 591 suum
1340 552 1461 601 regio
1491 554 1647 593 ornatu
1675 558 1718 594 et
1746 554 1875 594 comi-

1047 608 1143 647 tatu
1162 607 1400 658 praemittit,
1421 607 1495 657 qui
1514 619 1561 648 se
1580 620 1729 657 regem
1749 609 1875 649 simu-

1047 661 1170 703 laret.
1205 663 1345 711 Quem
1368 667 1416 703 ut
1439 663 1511 703 ille
1529 662 1653 704 vidit:
1679 664 1876 716 Depone,

1048 717 1198 769 inquit,
1216 717 1288 767 fili,
1304 717 1477 770 depone
1494 718 1614 769 quod
1628 720 1757 769 geris:
1777 733 1877 761 nam

1048 777 1171 814 tuum
1189 786 1276 814 non
1298 778 1375 814 est.
1408 774 1569 815 Totilae
1588 787 1694 816 vero
1719 776 1876 828 praedi-

1048 828 1111 869 xit
1136 828 1372 869 adventum
1397 830 1488 881 ejus
1512 830 1556 870 in
1580 830 1761 881 Urbem,
1789 845 1876 872 ma-

1048 884 1106 923 ris
1126 884 1509 935 transmissionem,
1532 891 1576 928 et
1594 891 1698 938 post
1716 900 1876 928 novem

1048 951 1186 980 annos
1203 944 1401 980 mortem.

1098 998 1149 1047 Rz.
1190 996 1371 1036 Amavit
1416 1009 1515 1037 eum
1554 997 1787 1047 Dominus,
1833 1004 1877 1040 et

1048 1051 1220 1092 ornavit
1239 1064 1353 1092 eum:
1377 1052 1537 1093 stolam
1560 1053 1713 1103 gloriae
1735 1054 1877 1095 induit

1047 1118 1162 1155 eum,
1186 1110 1209 1134 *
1243 1107 1301 1148 Et
1328 1107 1385 1148 ad
1412 1113 1565 1159 portas
1592 1109 1787 1160 paradisi
1807 1123 1876 1151 co-

1046 1162 1220 1203 ronavit
1248 1175 1357 1203 eum.
1407 1161 1458 1212 V.
1485 1164 1632 1205 Induit
1661 1177 1760 1205 eum
1782 1165 1876 1206 Dns

1046 1217 1228 1258 loricam
1251 1217 1366 1267 fidei,
1391 1223 1435 1259 et
1458 1220 1630 1261 ornavit
1655 1233 1764 1261 eum.
1810 1222 1876 1262 Et.

1348 1278 1500 1318 Lectio
1523 1279 1574 1317 vi.

1047 1312 1176 1432 Qui
1200 1328 1368 1380 aliquot
1392 1329 1616 1370 mensibus
1640 1333 1875 1382 antequam

1151 1396 1175 1423 e
1194 1384 1283 1425 vita
1297 1384 1515 1434 migraret,
1533 1387 1797 1436 praemonuit
1813 1386 1874 1427 di-

1047 1439 1239 1490 scipulos
1266 1452 1353 1490 quo
1383 1439 1454 1480 die
1481 1446 1598 1481 esset
1623 1442 1875 1482 moriturus:

1046 1507 1097 1534 ac
1121 1494 1417 1546 sepulchrum,
1444 1496 1487 1535 in
1513 1508 1599 1546 quo
1627 1509 1753 1536 suum
1781 1509 1873 1537 cor-

1045 1563 1128 1601 pus
1149 1549 1278 1591 condi
1298 1550 1445 1600 vellet,
1475 1564 1551 1592 sex
1576 1551 1730 1592 diebus
1756 1555 1872 1594 ante-

1047 1617 1177 1656 quam
1200 1618 1252 1646 eo
1278 1606 1525 1655 inferretur,
1553 1608 1715 1659 aperiri
1735 1609 1873 1657 iussit:

1045 1663 1260 1712 sextoque
1287 1661 1358 1702 die
1384 1661 1542 1702 deferri
1567 1663 1706 1704 voluit
1732 1664 1775 1703 in
1805 1676 1871 1705 ec-

1044 1716 1236 1757 clesiam:
1264 1716 1354 1766 ubi,
1383 1723 1559 1770 sumpta
1586 1718 1872 1768 Eucharistia,

1043 1771 1227 1812 sublatis
1246 1772 1290 1812 in
1310 1772 1470 1813 coelum
1489 1774 1626 1814 oculis
1647 1787 1792 1824 orans,
1811 1775 1870 1814 in-

1042 1832 1110 1868 ter
1154 1840 1307 1868 manus
1353 1828 1668 1881 discipulorum
1706 1831 1872 1872 efflavit

1044 1883 1245 1924 animam:
1275 1897 1405 1935 quam
1431 1885 1519 1926 duo
1543 1886 1745 1927 monachi
1770 1890 1870 1927 eun-

1043 1944 1132 1980 tem
1156 1940 1200 1980 in
1224 1941 1383 1982 coelum
1403 1941 1621 1991 viderunt,
1649 1943 1783 1995 pallio
1805 1956 1870 1983 or-

1042 1997 1190 2036 natam
1216 1996 1552 2047 pretiosissimo,
1583 1999 1746 2039 circum
1775 2011 1871 2039 eam

1042 2051 1306 2102 fulgentibus
1332 2052 1625 2104 lampadibus,
1655 2058 1698 2094 et
1725 2053 1869 2094 claris-

1042 2106 1151 2147 sima
1183 2113 1226 2148 et
1256 2109 1514 2157 gravissima
1551 2110 1697 2161 specie
1730 2109 1871 2150 virum

1042 2167 1229 2204 stantem
1253 2176 1386 2215 supra
1411 2170 1543 2216 caput
1565 2165 1702 2216 ipsius
1727 2164 1869 2205 dicen-

1041 2223 1131 2259 tem
1158 2218 1401 2260 audierunt:
1435 2221 1545 2261 Haec
1574 2226 1641 2261 est
1668 2220 1754 2270 via,
1785 2233 1870 2272 qua

1042 2273 1228 2315 dilectus
1242 2275 1420 2316 Domini
1434 2276 1700 2317 Benedictus
1719 2276 1763 2316 in
1783 2289 1869 2317 coe-

1040 2328 1130 2369 lum
1150 2330 1357 2371 ascendit.
1407 2331 1458 2381 R.
1486 2331 1575 2372 Iste
1595 2331 1739 2372 homo.
1758 2331 1842 2383 [89]

1095 2389 1136 2422 In
1156 2390 1347 2424 111.Noet.
1374 2391 1513 2425 Homil.
1539 2391 1576 2423 in
1600 2390 1744 2433 Evang.
1769 2391 1868 2426 Ecce

1039 2445 1112 2470 nos
1143 2436 1379 2480 reliquimus.
1413 2438 1459 2471 de
1493 2437 1694 2471 Communi
1725 2438 1865 2472 Abbat.

1043 2483 1071 2516 1.
1094 2484 1191 2517 loco.
1217 2484 1288 2527 [97]

1093 2530 1137 2564 In
1166 2531 1356 2574 Quadrag.
1386 2531 1517 2566 Lectio
1542 2532 1592 2565 ix.
1622 2532 1669 2566 de
1694 2532 1865 2568 Homilia

1042 2582 1078 2612 et
1102 2588 1235 2613 comm.
1260 2579 1383 2612 Feriae
1408 2579 1447 2613 in
1470 2579 1589 2613 Laud.
1615 2584 1652 2614 et
1676 2580 1722 2614 Π.
1747 2581 1863 2625 Vcsp.

879 2653 1274 2692 ἥψω·-
